PokerStars Hand #254429990964:  Hold'em No Limit ($0.50/$1.00 USD) - 2025/01/18 12:21:56 WET [2025/01/18 7:21:56 ET]
Table 'Kalm III' 6-max Seat #5 is the button
Seat 1: janarr5 ($100 in chips) 
Seat 2: gig.gyty ($10 in chips) 
Seat 3: blistein ($100 in chips) 
Seat 5: Gaita_toien ($100 in chips) 
Seat 6: Alinyr ($100 in chips) 
Alinyr: posts small blind $0.50
janarr5: posts big blind $1
*** HOLE CARDS ***
gig.gyty: folds 
blistein: raises $1.30 to $2.30
Gaita_toien: raises $4.90 to $7.20
Alinyr: folds 
janarr5: folds 
blistein: folds 
Uncalled bet ($4.90) returned to Gaita_toien
stevoooo34 joins the table at seat #4 
stevoooo34 is disconnected 
Gaita_toien collected $6.10 from pot
Gaita_toien: doesn't show hand 
*** SUMMARY ***
Total pot $6.10 | Rake $0 
Seat 1: janarr5 (big blind) folded before Flop
Seat 2: gig.gyty folded before Flop (didn't bet)
Seat 3: blistein folded before Flop
Seat 5: Gaita_toien (button) collected ($6.10)
Seat 6: Alinyr (small blind) folded before Flop



PokerStars Hand #254429995326:  Hold'em No Limit ($0.50/$1.00 USD) - 2025/01/18 12:22:26 WET [2025/01/18 7:22:26 ET]
Table 'Kalm III' 6-max Seat #6 is the button
Seat 4: stevoooo34 ($31.15 in chips) is sitting out
Seat 1: janarr5 ($100 in chips) 
Seat 2: gig.gyty ($100 in chips) 
Seat 3: blistein ($100 in chips) 
Seat 5: Gaita_toien ($103.80 in chips) 
Seat 6: Alinyr ($100 in chips) 
janarr5: posts small blind $0.50
gig.gyty: posts big blind $1
stevoooo34: sits out 
*** HOLE CARDS ***
blistein: folds 
Gaita_toien: folds 
Alinyr: folds 
janarr5: raises $2 to $3
gig.gyty: raises $6 to $9
janarr5: folds 
Uncalled bet ($6) returned to gig.gyty
gig.gyty collected $6 from pot
gig.gyty: doesn't show hand 
*** SUMMARY ***
Total pot $6 | Rake $0 
Seat 4: stevoooo34
Seat 1: janarr5 (small blind) folded before Flop
Seat 2: gig.gyty (big blind) collected ($6)
Seat 3: blistein folded before Flop (didn't bet)
Seat 5: Gaita_toien folded before Flop (didn't bet)
Seat 6: Alinyr (button) folded before Flop (didn't bet)



PokerStars Hand #254429998868:  Hold'em No Limit ($0.50/$1.00 USD) - 2025/01/18 12:22:51 WET [2025/01/18 7:22:51 ET]
Table 'Kalm III' 6-max Seat #1 is the button
Seat 1: janarr5 ($100 in chips) 
Seat 2: gig.gyty ($103 in chips) 
Seat 3: blistein ($100 in chips) 
Seat 4: stevoooo34 ($31.15 in chips) 
Seat 5: Gaita_toien ($103.80 in chips) 
Seat 6: Alinyr ($100 in chips) 
gig.gyty: posts small blind $0.50
blistein: posts big blind $1
stevoooo34: posts big blind $1
*** HOLE CARDS ***
stevoooo34: checks 
Gaita_toien: folds 
Alinyr: folds 
janarr5: raises $2.50 to $3.50
gig.gyty: folds 
blistein: folds 
stevoooo34: calls $2.50
*** FLOP *** [Qs 2d Qh]
stevoooo34: checks 
janarr5: bets $2.67
stevoooo34: folds 
Uncalled bet ($2.67) returned to janarr5
janarr5 collected $8.08 from pot
janarr5: doesn't show hand 
*** SUMMARY ***
Total pot $8.50 | Rake $0.42 
Board [Qs 2d Qh]
Seat 1: janarr5 (button) collected ($8.08)
Seat 2: gig.gyty (small blind) folded before Flop
Seat 3: blistein (big blind) folded before Flop
Seat 4: stevoooo34 folded on the Flop
Seat 5: Gaita_toien folded before Flop (didn't bet)
Seat 6: Alinyr folded before Flop (didn't bet)



PokerStars Hand #254430003563:  Hold'em No Limit ($0.50/$1.00 USD) - 2025/01/18 12:23:23 WET [2025/01/18 7:23:23 ET]
Table 'Kalm III' 6-max Seat #2 is the button
Seat 1: janarr5 ($104.58 in chips) 
Seat 2: gig.gyty ($102.50 in chips) 
Seat 3: blistein ($100 in chips) 
Seat 4: stevoooo34 ($27.65 in chips) 
Seat 5: Gaita_toien ($103.80 in chips) 
Seat 6: Alinyr ($100 in chips) 
blistein: posts small blind $0.50
stevoooo34: posts big blind $1
*** HOLE CARDS ***
Gaita_toien: folds 
Alinyr: folds 
janarr5: raises $1.25 to $2.25
gig.gyty: folds 
blistein: calls $1.75
stevoooo34: folds 
*** FLOP *** [6d Qc 6h]
blistein: checks 
janarr5: bets $1.72
blistein: raises $4.30 to $6.02
janarr5: calls $4.30
*** TURN *** [6d Qc 6h] [Qd]
blistein: checks 
janarr5: bets $5.50
blistein: folds 
Uncalled bet ($5.50) returned to janarr5
janarr5 collected $16.66 from pot
janarr5: doesn't show hand 
*** SUMMARY ***
Total pot $17.54 | Rake $0.88 
Board [6d Qc 6h Qd]
Seat 1: janarr5 collected ($16.66)
Seat 2: gig.gyty (button) folded before Flop (didn't bet)
Seat 3: blistein (small blind) folded on the Turn
Seat 4: stevoooo34 (big blind) folded before Flop
Seat 5: Gaita_toien folded before Flop (didn't bet)
Seat 6: Alinyr folded before Flop (didn't bet)



PokerStars Hand #254430012565:  Hold'em No Limit ($0.50/$1.00 USD) - 2025/01/18 12:24:25 WET [2025/01/18 7:24:25 ET]
Table 'Kalm III' 6-max Seat #3 is the button
Seat 1: janarr5 ($112.97 in chips) 
Seat 2: gig.gyty ($102.50 in chips) 
Seat 3: blistein ($100 in chips) 
Seat 4: stevoooo34 ($26.65 in chips) 
Seat 5: Gaita_toien ($103.80 in chips) 
Seat 6: Alinyr ($100 in chips) 
stevoooo34: posts small blind $0.50
Gaita_toien: posts big blind $1
*** HOLE CARDS ***
Alinyr: folds 
janarr5: folds 
gig.gyty: folds 
blistein: folds 
stevoooo34: folds 
Uncalled bet ($0.50) returned to Gaita_toien
Gaita_toien collected $1 from pot
Gaita_toien: doesn't show hand 
*** SUMMARY ***
Total pot $1 | Rake $0 
Seat 1: janarr5 folded before Flop (didn't bet)
Seat 2: gig.gyty folded before Flop (didn't bet)
Seat 3: blistein (button) folded before Flop (didn't bet)
Seat 4: stevoooo34 (small blind) folded before Flop
Seat 5: Gaita_toien (big blind) collected ($1)
Seat 6: Alinyr folded before Flop (didn't bet)



PokerStars Hand #254430015131:  Hold'em No Limit ($0.50/$1.00 USD) - 2025/01/18 12:24:42 WET [2025/01/18 7:24:42 ET]
Table 'Kalm III' 6-max Seat #4 is the button
Seat 1: janarr5 ($112.97 in chips) 
Seat 2: gig.gyty ($102.50 in chips) 
Seat 3: blistein ($100 in chips) 
Seat 4: stevoooo34 ($26.15 in chips) 
Seat 5: Gaita_toien ($104.30 in chips) 
Seat 6: Alinyr ($100 in chips) 
Gaita_toien: posts small blind $0.50
Alinyr: posts big blind $1
*** HOLE CARDS ***
janarr5: folds 
gig.gyty: folds 
blistein: folds 
stevoooo34: folds 
Gaita_toien: raises $2 to $3
Alinyr: calls $2
*** FLOP *** [4d 5c Td]
Gaita_toien: bets $1.65
Alinyr: calls $1.65
*** TURN *** [4d 5c Td] [Tc]
Gaita_toien: bets $2.56
Alinyr: folds 
Uncalled bet ($2.56) returned to Gaita_toien
Gaita_toien collected $8.84 from pot
Gaita_toien: doesn't show hand 
*** SUMMARY ***
Total pot $9.30 | Rake $0.46 
Board [4d 5c Td Tc]
Seat 1: janarr5 folded before Flop (didn't bet)
Seat 2: gig.gyty folded before Flop (didn't bet)
Seat 3: blistein folded before Flop (didn't bet)
Seat 4: stevoooo34 (button) folded before Flop (didn't bet)
Seat 5: Gaita_toien (small blind) collected ($8.84)
Seat 6: Alinyr (big blind) folded on the Turn



PokerStars Hand #254430024008:  Hold'em No Limit ($0.50/$1.00 USD) - 2025/01/18 12:25:42 WET [2025/01/18 7:25:42 ET]
Table 'Kalm III' 6-max Seat #5 is the button
Seat 1: janarr5 ($112.97 in chips) 
Seat 2: gig.gyty ($102.50 in chips) 
Seat 3: blistein ($100 in chips) 
Seat 4: stevoooo34 ($26.15 in chips) 
Seat 5: Gaita_toien ($108.49 in chips) 
Seat 6: Alinyr ($100 in chips) 
Alinyr: posts small blind $0.50
janarr5: posts big blind $1
*** HOLE CARDS ***
gig.gyty: folds 
blistein: folds 
stevoooo34: folds 
Gaita_toien: raises $1.50 to $2.50
Alinyr: folds 
janarr5: folds 
Uncalled bet ($1.50) returned to Gaita_toien
Gaita_toien collected $2.50 from pot
Gaita_toien: doesn't show hand 
*** SUMMARY ***
Total pot $2.50 | Rake $0 
Seat 1: janarr5 (big blind) folded before Flop
Seat 2: gig.gyty folded before Flop (didn't bet)
Seat 3: blistein folded before Flop (didn't bet)
Seat 4: stevoooo34 folded before Flop (didn't bet)
Seat 5: Gaita_toien (button) collected ($2.50)
Seat 6: Alinyr (small blind) folded before Flop



PokerStars Hand #254430026857:  Hold'em No Limit ($0.50/$1.00 USD) - 2025/01/18 12:26:02 WET [2025/01/18 7:26:02 ET]
Table 'Kalm III' 6-max Seat #6 is the button
Seat 2: gig.gyty ($102.50 in chips) is sitting out
Seat 3: blistein ($100 in chips) is sitting out
Seat 1: janarr5 ($111.97 in chips) 
Seat 4: stevoooo34 ($26.15 in chips) 
Seat 5: Gaita_toien ($109.99 in chips) 
Seat 6: Alinyr ($100 in chips) 
janarr5: posts small blind $0.50
gig.gyty: is sitting out 
blistein: is sitting out 
stevoooo34: posts big blind $1
*** HOLE CARDS ***
blistein leaves the table
Gaita_toien: raises $1.20 to $2.20
Alinyr: folds 
janarr5: folds 
stevoooo34: folds 
Uncalled bet ($1.20) returned to Gaita_toien
Gaita_toien collected $2.50 from pot
Gaita_toien: doesn't show hand 
*** SUMMARY ***
Total pot $2.50 | Rake $0 
Seat 2: gig.gyty
Seat 3: blistein
Seat 1: janarr5 (small blind) folded before Flop
Seat 4: stevoooo34 (big blind) folded before Flop
Seat 5: Gaita_toien collected ($2.50)
Seat 6: Alinyr (button) folded before Flop (didn't bet)



PokerStars Hand #254430028544:  Hold'em No Limit ($0.50/$1.00 USD) - 2025/01/18 12:26:13 WET [2025/01/18 7:26:13 ET]
Table 'Kalm III' 6-max Seat #1 is the button
Seat 2: gig.gyty ($102.50 in chips) is sitting out
Seat 1: janarr5 ($111.47 in chips) 
Seat 4: stevoooo34 ($25.15 in chips) 
Seat 5: Gaita_toien ($111.49 in chips) 
Seat 6: Alinyr ($100 in chips) 
stevoooo34: posts small blind $0.50
Gaita_toien: posts big blind $1
*** HOLE CARDS ***
Alinyr: folds 
janarr5: folds 
gig.gyty leaves the table
Pon4uk.ua joins the table at seat #3 
stevoooo34 has timed out
stevoooo34: folds 
Uncalled bet ($0.50) returned to Gaita_toien
Gaita_toien collected $1 from pot
Gaita_toien: doesn't show hand 
*** SUMMARY ***
Total pot $1 | Rake $0 
Seat 2: gig.gyty
Seat 1: janarr5 (button) folded before Flop (didn't bet)
Seat 4: stevoooo34 (small blind) folded before Flop
Seat 5: Gaita_toien (big blind) collected ($1)
Seat 6: Alinyr folded before Flop (didn't bet)



PokerStars Hand #254430034056:  Hold'em No Limit ($0.50/$1.00 USD) - 2025/01/18 12:26:50 WET [2025/01/18 7:26:50 ET]
Table 'Kalm III' 6-max Seat #4 is the button
Seat 3: Pon4uk.ua ($100 in chips) is sitting out
Seat 6: Alinyr ($100 in chips) is sitting out
Seat 1: janarr5 ($111.47 in chips) 
Seat 4: stevoooo34 ($24.65 in chips) 
Seat 5: Gaita_toien ($111.99 in chips) 
Gaita_toien: posts small blind $0.50
Alinyr: is sitting out 
janarr5: posts big blind $1
Pon4uk.ua: sits out 
*** HOLE CARDS ***
stevoooo34: raises $1 to $2
Alinyr leaves the table
EyzRED joins the table at seat #6 
Gaita_toien: folds 
janarr5: calls $1
*** FLOP *** [Qh 9h 8c]
janarr5: checks 
stevoooo34: bets $4.28
janarr5: folds 
Uncalled bet ($4.28) returned to stevoooo34
janarr5 leaves the table
stevoooo34 collected $4.28 from pot
*** SUMMARY ***
Total pot $4.50 | Rake $0.22 
Board [Qh 9h 8c]
Seat 3: Pon4uk.ua
Seat 6: Alinyr
Seat 1: janarr5 (big blind) folded on the Flop
Seat 4: stevoooo34 (button) collected ($4.28)
Seat 5: Gaita_toien (small blind) folded before Flop



PokerStars Hand #254430037587:  Hold'em No Limit ($0.50/$1.00 USD) - 2025/01/18 12:27:14 WET [2025/01/18 7:27:14 ET]
Table 'Kalm III' 6-max Seat #5 is the button
Seat 3: Pon4uk.ua ($100 in chips) is sitting out
Seat 6: EyzRED ($100 in chips) is sitting out
Seat 4: stevoooo34 ($26.93 in chips) 
Seat 5: Gaita_toien ($111.49 in chips) 
Gaita_toien: posts small blind $0.50
stevoooo34: posts big blind $1
*** HOLE CARDS ***
Gaita_toien: raises $1.50 to $2.50
stevoooo34: calls $1.50
*** FLOP *** [6c 4c 6h]
stevoooo34: checks 
Pokerspieler53 joins the table at seat #1 
Gaita_toien: bets $1.38
stevoooo34: folds 
Uncalled bet ($1.38) returned to Gaita_toien
Gaita_toien collected $4.75 from pot
Gaita_toien: doesn't show hand 
*** SUMMARY ***
Total pot $5 | Rake $0.25 
Board [6c 4c 6h]
Seat 3: Pon4uk.ua
Seat 6: EyzRED
Seat 4: stevoooo34 (big blind) folded on the Flop
Seat 5: Gaita_toien (button) (small blind) collected ($4.75)



PokerStars Hand #254430042863:  Hold'em No Limit ($0.50/$1.00 USD) - 2025/01/18 12:27:49 WET [2025/01/18 7:27:49 ET]
Table 'Kalm III' 6-max Seat #4 is the button
Seat 1: Pokerspieler53 ($19 in chips) is sitting out
Seat 3: Pon4uk.ua ($100 in chips) is sitting out
Seat 4: stevoooo34 ($24.43 in chips) 
Seat 5: Gaita_toien ($113.74 in chips) 
Seat 6: EyzRED ($100 in chips) 
Gaita_toien: posts small blind $0.50
EyzRED: posts big blind $1
Pokerspieler53: sits out 
Pon4uk.ua: sits out 
*** HOLE CARDS ***
blistein joins the table at seat #2 
stevoooo34: folds 
Gaita_toien: raises $2 to $3
EyzRED: folds 
Uncalled bet ($2) returned to Gaita_toien
Gaita_toien collected $2 from pot
Gaita_toien: doesn't show hand 
*** SUMMARY ***
Total pot $2 | Rake $0 
Seat 1: Pokerspieler53
Seat 3: Pon4uk.ua
Seat 4: stevoooo34 (button) folded before Flop (didn't bet)
Seat 5: Gaita_toien (small blind) collected ($2)
Seat 6: EyzRED (big blind) folded before Flop



PokerStars Hand #254430044506:  Hold'em No Limit ($0.50/$1.00 USD) - 2025/01/18 12:28:01 WET [2025/01/18 7:28:01 ET]
Table 'Kalm III' 6-max Seat #5 is the button
Seat 2: blistein ($100 in chips) is sitting out
Seat 3: Pon4uk.ua ($100 in chips) is sitting out
Seat 1: Pokerspieler53 ($19 in chips) 
Seat 4: stevoooo34 ($24.43 in chips) 
Seat 5: Gaita_toien ($114.74 in chips) 
Seat 6: EyzRED ($100 in chips) 
EyzRED: posts small blind $0.50
Pokerspieler53: posts big blind $1
blistein: sits out 
Pon4uk.ua: sits out 
*** HOLE CARDS ***
stevoooo34: folds 
Gaita_toien: raises $1.50 to $2.50
EyzRED: folds 
Pokerspieler53: calls $1.50
*** FLOP *** [5h 6d 7d]
Pokerspieler53: bets $16.50 and is all-in
Gaita_toien: folds 
Uncalled bet ($16.50) returned to Pokerspieler53
Pokerspieler53 collected $5.22 from pot
Pokerspieler53: doesn't show hand 
*** SUMMARY ***
Total pot $5.50 | Rake $0.28 
Board [5h 6d 7d]
Seat 2: blistein
Seat 3: Pon4uk.ua
Seat 1: Pokerspieler53 (big blind) collected ($5.22)
Seat 4: stevoooo34 folded before Flop (didn't bet)
Seat 5: Gaita_toien (button) folded on the Flop
Seat 6: EyzRED (small blind) folded before Flop



PokerStars Hand #254430087235:  Hold'em No Limit ($0.50/$1.00 USD) - 2025/01/18 12:32:40 WET [2025/01/18 7:32:40 ET]
Table 'Kalm III' 6-max Seat #4 is the button
Seat 1: Pokerspieler53 ($26.02 in chips) 
Seat 2: blistein ($100 in chips) 
Seat 3: Pon4uk.ua ($100 in chips) 
Seat 4: stevoooo34 ($22.93 in chips) 
Seat 5: Gaita_toien ($136.88 in chips) 
Seat 6: EyzRED ($100 in chips) 
Gaita_toien: posts small blind $0.50
EyzRED: posts big blind $1
*** HOLE CARDS ***
Pokerspieler53: folds 
blistein: folds 
Pon4uk.ua: raises $1.50 to $2.50
stevoooo34: calls $2.50
Gaita_toien: folds 
EyzRED: raises $11 to $13.50
Pon4uk.ua: folds 
stevoooo34: folds 
Uncalled bet ($11) returned to EyzRED
EyzRED collected $8 from pot
EyzRED: doesn't show hand 
*** SUMMARY ***
Total pot $8 | Rake $0 
Seat 1: Pokerspieler53 folded before Flop (didn't bet)
Seat 2: blistein folded before Flop (didn't bet)
Seat 3: Pon4uk.ua folded before Flop
Seat 4: stevoooo34 (button) folded before Flop
Seat 5: Gaita_toien (small blind) folded before Flop
Seat 6: EyzRED (big blind) collected ($8)



PokerStars Hand #254430092276:  Hold'em No Limit ($0.50/$1.00 USD) - 2025/01/18 12:33:13 WET [2025/01/18 7:33:13 ET]
Table 'Kalm III' 6-max Seat #5 is the button
Seat 1: Pokerspieler53 ($26.02 in chips) 
Seat 2: blistein ($100 in chips) 
Seat 3: Pon4uk.ua ($100 in chips) 
Seat 4: stevoooo34 ($20.43 in chips) 
Seat 5: Gaita_toien ($136.38 in chips) 
Seat 6: EyzRED ($105.50 in chips) 
EyzRED: posts small blind $0.50
Pokerspieler53: posts big blind $1
*** HOLE CARDS ***
blistein: folds 
Pon4uk.ua: folds 
stevoooo34: folds 
Gaita_toien: raises $1.50 to $2.50
EyzRED: folds 
Pokerspieler53: calls $1.50
*** FLOP *** [8h 2h Tc]
Pokerspieler53: checks 
Gaita_toien: bets $3.50
Pokerspieler53: folds 
Uncalled bet ($3.50) returned to Gaita_toien
Gaita_toien collected $5.22 from pot
Gaita_toien: doesn't show hand 
*** SUMMARY ***
Total pot $5.50 | Rake $0.28 
Board [8h 2h Tc]
Seat 1: Pokerspieler53 (big blind) folded on the Flop
Seat 2: blistein folded before Flop (didn't bet)
Seat 3: Pon4uk.ua folded before Flop (didn't bet)
Seat 4: stevoooo34 folded before Flop (didn't bet)
Seat 5: Gaita_toien (button) collected ($5.22)
Seat 6: EyzRED (small blind) folded before Flop



PokerStars Hand #254430099063:  Hold'em No Limit ($0.50/$1.00 USD) - 2025/01/18 12:33:57 WET [2025/01/18 7:33:57 ET]
Table 'Kalm III' 6-max Seat #6 is the button
Seat 1: Pokerspieler53 ($23.52 in chips) 
Seat 2: blistein ($100 in chips) 
Seat 3: Pon4uk.ua ($100 in chips) 
Seat 4: stevoooo34 ($20.43 in chips) 
Seat 5: Gaita_toien ($139.10 in chips) 
Seat 6: EyzRED ($105 in chips) 
Pokerspieler53: posts small blind $0.50
blistein: posts big blind $1
*** HOLE CARDS ***
Pon4uk.ua: folds 
stevoooo34: folds 
Gaita_toien: folds 
EyzRED: folds 
Pokerspieler53: calls $0.50
blistein: checks 
*** FLOP *** [8s Tc 4c]
Pokerspieler53: checks 
blistein: checks 
*** TURN *** [8s Tc 4c] [9d]
Pokerspieler53: bets $3
blistein: folds 
Uncalled bet ($3) returned to Pokerspieler53
Pokerspieler53 collected $1.90 from pot
Pokerspieler53: doesn't show hand 
*** SUMMARY ***
Total pot $2 | Rake $0.10 
Board [8s Tc 4c 9d]
Seat 1: Pokerspieler53 (small blind) collected ($1.90)
Seat 2: blistein (big blind) folded on the Turn
Seat 3: Pon4uk.ua folded before Flop (didn't bet)
Seat 4: stevoooo34 folded before Flop (didn't bet)
Seat 5: Gaita_toien folded before Flop (didn't bet)
Seat 6: EyzRED (button) folded before Flop (didn't bet)



PokerStars Hand #254430104335:  Hold'em No Limit ($0.50/$1.00 USD) - 2025/01/18 12:34:31 WET [2025/01/18 7:34:31 ET]
Table 'Kalm III' 6-max Seat #1 is the button
Seat 1: Pokerspieler53 ($24.42 in chips) 
Seat 2: blistein ($100 in chips) 
Seat 3: Pon4uk.ua ($100 in chips) 
Seat 4: stevoooo34 ($20.43 in chips) 
Seat 5: Gaita_toien ($139.10 in chips) 
Seat 6: EyzRED ($105 in chips) 
blistein: posts small blind $0.50
Pon4uk.ua: posts big blind $1
*** HOLE CARDS ***
stevoooo34: folds 
Gaita_toien: folds 
EyzRED: folds 
Pokerspieler53: folds 
blistein: folds 
Uncalled bet ($0.50) returned to Pon4uk.ua
Pon4uk.ua collected $1 from pot
Pon4uk.ua: doesn't show hand 
*** SUMMARY ***
Total pot $1 | Rake $0 
Seat 1: Pokerspieler53 (button) folded before Flop (didn't bet)
Seat 2: blistein (small blind) folded before Flop
Seat 3: Pon4uk.ua (big blind) collected ($1)
Seat 4: stevoooo34 folded before Flop (didn't bet)
Seat 5: Gaita_toien folded before Flop (didn't bet)
Seat 6: EyzRED folded before Flop (didn't bet)



PokerStars Hand #254430106918:  Hold'em No Limit ($0.50/$1.00 USD) - 2025/01/18 12:34:47 WET [2025/01/18 7:34:47 ET]
Table 'Kalm III' 6-max Seat #2 is the button
Seat 1: Pokerspieler53 ($24.42 in chips) 
Seat 2: blistein ($100 in chips) 
Seat 3: Pon4uk.ua ($100.50 in chips) 
Seat 4: stevoooo34 ($20.43 in chips) 
Seat 5: Gaita_toien ($139.10 in chips) 
Seat 6: EyzRED ($105 in chips) 
Pon4uk.ua: posts small blind $0.50
stevoooo34: posts big blind $1
*** HOLE CARDS ***
Gaita_toien: folds 
EyzRED: raises $1.20 to $2.20
Pokerspieler53: folds 
blistein: folds 
Pon4uk.ua: folds 
stevoooo34: calls $1.20
*** FLOP *** [9h Ts 6h]
stevoooo34: checks 
EyzRED: bets $1.35
stevoooo34: calls $1.35
*** TURN *** [9h Ts 6h] [Kd]
stevoooo34: checks 
EyzRED: checks 
*** RIVER *** [9h Ts 6h Kd] [Ah]
stevoooo34: bets $3
EyzRED: calls $3
*** SHOW DOWN ***
stevoooo34: shows [9d Td] (two pair, Tens and Nines)
EyzRED: mucks hand 
stevoooo34 collected $12.92 from pot
*** SUMMARY ***
Total pot $13.60 | Rake $0.68 
Board [9h Ts 6h Kd Ah]
Seat 1: Pokerspieler53 folded before Flop (didn't bet)
Seat 2: blistein (button) folded before Flop (didn't bet)
Seat 3: Pon4uk.ua (small blind) folded before Flop
Seat 4: stevoooo34 (big blind) showed [9d Td] and won ($12.92) with two pair, Tens and Nines
Seat 5: Gaita_toien folded before Flop (didn't bet)
Seat 6: EyzRED mucked



PokerStars Hand #254430114878:  Hold'em No Limit ($0.50/$1.00 USD) - 2025/01/18 12:35:38 WET [2025/01/18 7:35:38 ET]
Table 'Kalm III' 6-max Seat #3 is the button
Seat 1: Pokerspieler53 ($24.42 in chips) 
Seat 2: blistein ($100 in chips) 
Seat 3: Pon4uk.ua ($100 in chips) 
Seat 4: stevoooo34 ($26.80 in chips) 
Seat 5: Gaita_toien ($139.10 in chips) 
Seat 6: EyzRED ($100 in chips) 
stevoooo34: posts small blind $0.50
Gaita_toien: posts big blind $1
*** HOLE CARDS ***
EyzRED: folds 
Pokerspieler53: calls $1
blistein: folds 
Pon4uk.ua: raises $3 to $4
stevoooo34: folds 
Gaita_toien: folds 
Pokerspieler53: calls $3
*** FLOP *** [9s 7h 5h]
Pokerspieler53: checks 
Pon4uk.ua: checks 
*** TURN *** [9s 7h 5h] [Qd]
Pokerspieler53: bets $5
Pon4uk.ua: calls $5
*** RIVER *** [9s 7h 5h Qd] [7c]
Pokerspieler53: checks 
Pon4uk.ua: bets $28.71
Pokerspieler53: folds 
Uncalled bet ($28.71) returned to Pon4uk.ua
Pon4uk.ua collected $18.52 from pot
Pon4uk.ua: doesn't show hand 
*** SUMMARY ***
Total pot $19.50 | Rake $0.98 
Board [9s 7h 5h Qd 7c]
Seat 1: Pokerspieler53 folded on the River
Seat 2: blistein folded before Flop (didn't bet)
Seat 3: Pon4uk.ua (button) collected ($18.52)
Seat 4: stevoooo34 (small blind) folded before Flop
Seat 5: Gaita_toien (big blind) folded before Flop
Seat 6: EyzRED folded before Flop (didn't bet)



PokerStars Hand #254430124907:  Hold'em No Limit ($0.50/$1.00 USD) - 2025/01/18 12:36:42 WET [2025/01/18 7:36:42 ET]
Table 'Kalm III' 6-max Seat #4 is the button
Seat 1: Pokerspieler53 ($15.42 in chips) 
Seat 2: blistein ($100 in chips) 
Seat 3: Pon4uk.ua ($109.52 in chips) 
Seat 4: stevoooo34 ($26.30 in chips) 
Seat 5: Gaita_toien ($138.10 in chips) 
Seat 6: EyzRED ($100 in chips) 
Gaita_toien: posts small blind $0.50
EyzRED: posts big blind $1
*** HOLE CARDS ***
Pokerspieler53: calls $1
blistein: raises $2.50 to $3.50
Pon4uk.ua: folds 
stevoooo34: folds 
Gaita_toien: folds 
EyzRED: folds 
Pokerspieler53: calls $2.50
*** FLOP *** [Jh 6s Qs]
Pokerspieler53: checks 
blistein: bets $2.02
Pokerspieler53: calls $2.02
*** TURN *** [Jh 6s Qs] [3s]
Pokerspieler53: checks 
blistein: bets $13.89
Pokerspieler53: folds 
Uncalled bet ($13.89) returned to blistein
blistein collected $11.91 from pot
blistein: doesn't show hand 
*** SUMMARY ***
Total pot $12.54 | Rake $0.63 
Board [Jh 6s Qs 3s]
Seat 1: Pokerspieler53 folded on the Turn
Seat 2: blistein collected ($11.91)
Seat 3: Pon4uk.ua folded before Flop (didn't bet)
Seat 4: stevoooo34 (button) folded before Flop (didn't bet)
Seat 5: Gaita_toien (small blind) folded before Flop
Seat 6: EyzRED (big blind) folded before Flop



PokerStars Hand #254430136365:  Hold'em No Limit ($0.50/$1.00 USD) - 2025/01/18 12:37:56 WET [2025/01/18 7:37:56 ET]
Table 'Kalm III' 6-max Seat #5 is the button
Seat 1: Pokerspieler53 ($9.90 in chips) 
Seat 2: blistein ($106.39 in chips) 
Seat 3: Pon4uk.ua ($109.52 in chips) 
Seat 4: stevoooo34 ($26.30 in chips) 
Seat 5: Gaita_toien ($137.60 in chips) 
Seat 6: EyzRED ($100 in chips) 
EyzRED: posts small blind $0.50
Pokerspieler53: posts big blind $1
*** HOLE CARDS ***
blistein: folds 
Pon4uk.ua: folds 
stevoooo34: folds 
Gaita_toien: raises $1.50 to $2.50
EyzRED: folds 
Pokerspieler53: calls $1.50
*** FLOP *** [4s 7h 7c]
Pokerspieler53: checks 
Gaita_toien: checks 
*** TURN *** [4s 7h 7c] [9h]
Pokerspieler53: checks 
Gaita_toien: bets $1.51
Pokerspieler53: folds 
Uncalled bet ($1.51) returned to Gaita_toien
Gaita_toien collected $5.22 from pot
Gaita_toien: doesn't show hand 
*** SUMMARY ***
Total pot $5.50 | Rake $0.28 
Board [4s 7h 7c 9h]
Seat 1: Pokerspieler53 (big blind) folded on the Turn
Seat 2: blistein folded before Flop (didn't bet)
Seat 3: Pon4uk.ua folded before Flop (didn't bet)
Seat 4: stevoooo34 folded before Flop (didn't bet)
Seat 5: Gaita_toien (button) collected ($5.22)
Seat 6: EyzRED (small blind) folded before Flop



PokerStars Hand #254430142897:  Hold'em No Limit ($0.50/$1.00 USD) - 2025/01/18 12:38:37 WET [2025/01/18 7:38:37 ET]
Table 'Kalm III' 6-max Seat #6 is the button
Seat 1: Pokerspieler53 ($7.40 in chips) 
Seat 2: blistein ($106.39 in chips) 
Seat 3: Pon4uk.ua ($109.52 in chips) 
Seat 4: stevoooo34 ($26.30 in chips) 
Seat 5: Gaita_toien ($140.32 in chips) 
Seat 6: EyzRED ($100 in chips) 
Pokerspieler53: posts small blind $0.50
blistein: posts big blind $1
*** HOLE CARDS ***
Pon4uk.ua: folds 
stevoooo34: raises $1 to $2
Gaita_toien: folds 
EyzRED: folds 
Pokerspieler53: folds 
blistein: folds 
Uncalled bet ($1) returned to stevoooo34
stevoooo34 collected $2.50 from pot
*** SUMMARY ***
Total pot $2.50 | Rake $0 
Seat 1: Pokerspieler53 (small blind) folded before Flop
Seat 2: blistein (big blind) folded before Flop
Seat 3: Pon4uk.ua folded before Flop (didn't bet)
Seat 4: stevoooo34 collected ($2.50)
Seat 5: Gaita_toien folded before Flop (didn't bet)
Seat 6: EyzRED (button) folded before Flop (didn't bet)



PokerStars Hand #254430145012:  Hold'em No Limit ($0.50/$1.00 USD) - 2025/01/18 12:38:51 WET [2025/01/18 7:38:51 ET]
Table 'Kalm III' 6-max Seat #1 is the button
Seat 1: Pokerspieler53 ($6.90 in chips) 
Seat 2: blistein ($105.39 in chips) 
Seat 3: Pon4uk.ua ($109.52 in chips) 
Seat 4: stevoooo34 ($27.80 in chips) 
Seat 5: Gaita_toien ($140.32 in chips) 
Seat 6: EyzRED ($100 in chips) 
blistein: posts small blind $0.50
Pon4uk.ua: posts big blind $1
*** HOLE CARDS ***
stevoooo34: folds 
Gaita_toien: folds 
EyzRED: folds 
Pokerspieler53: folds 
blistein: raises $2 to $3
Pon4uk.ua: folds 
Uncalled bet ($2) returned to blistein
blistein collected $2 from pot
blistein: doesn't show hand 
*** SUMMARY ***
Total pot $2 | Rake $0 
Seat 1: Pokerspieler53 (button) folded before Flop (didn't bet)
Seat 2: blistein (small blind) collected ($2)
Seat 3: Pon4uk.ua (big blind) folded before Flop
Seat 4: stevoooo34 folded before Flop (didn't bet)
Seat 5: Gaita_toien folded before Flop (didn't bet)
Seat 6: EyzRED folded before Flop (didn't bet)



PokerStars Hand #254430149097:  Hold'em No Limit ($0.50/$1.00 USD) - 2025/01/18 12:39:16 WET [2025/01/18 7:39:16 ET]
Table 'Kalm III' 6-max Seat #2 is the button
Seat 1: Pokerspieler53 ($6.90 in chips) 
Seat 2: blistein ($106.39 in chips) 
Seat 3: Pon4uk.ua ($108.52 in chips) 
Seat 4: stevoooo34 ($27.80 in chips) 
Seat 5: Gaita_toien ($140.32 in chips) 
Seat 6: EyzRED ($100 in chips) 
Pon4uk.ua: posts small blind $0.50
stevoooo34: posts big blind $1
*** HOLE CARDS ***
Gaita_toien: folds 
EyzRED: folds 
Pokerspieler53: folds 
blistein: raises $1.50 to $2.50
Pon4uk.ua: folds 
stevoooo34: folds 
Uncalled bet ($1.50) returned to blistein
blistein collected $2.50 from pot
blistein: doesn't show hand 
*** SUMMARY ***
Total pot $2.50 | Rake $0 
Seat 1: Pokerspieler53 folded before Flop (didn't bet)
Seat 2: blistein (button) collected ($2.50)
Seat 3: Pon4uk.ua (small blind) folded before Flop
Seat 4: stevoooo34 (big blind) folded before Flop
Seat 5: Gaita_toien folded before Flop (didn't bet)
Seat 6: EyzRED folded before Flop (didn't bet)



PokerStars Hand #254430154656:  Hold'em No Limit ($0.50/$1.00 USD) - 2025/01/18 12:39:52 WET [2025/01/18 7:39:52 ET]
Table 'Kalm III' 6-max Seat #3 is the button
Seat 1: Pokerspieler53 ($6.90 in chips) 
Seat 2: blistein ($107.89 in chips) 
Seat 3: Pon4uk.ua ($108.02 in chips) 
Seat 4: stevoooo34 ($26.80 in chips) 
Seat 5: Gaita_toien ($140.32 in chips) 
Seat 6: EyzRED ($100 in chips) 
stevoooo34: posts small blind $0.50
Gaita_toien: posts big blind $1
*** HOLE CARDS ***
EyzRED: folds 
Pokerspieler53: folds 
blistein: raises $1.30 to $2.30
Pon4uk.ua: folds 
stevoooo34: folds 
Gaita_toien: folds 
Uncalled bet ($1.30) returned to blistein
blistein collected $2.50 from pot
blistein: doesn't show hand 
*** SUMMARY ***
Total pot $2.50 | Rake $0 
Seat 1: Pokerspieler53 folded before Flop (didn't bet)
Seat 2: blistein collected ($2.50)
Seat 3: Pon4uk.ua (button) folded before Flop (didn't bet)
Seat 4: stevoooo34 (small blind) folded before Flop
Seat 5: Gaita_toien (big blind) folded before Flop
Seat 6: EyzRED folded before Flop (didn't bet)



PokerStars Hand #254430157171:  Hold'em No Limit ($0.50/$1.00 USD) - 2025/01/18 12:40:08 WET [2025/01/18 7:40:08 ET]
Table 'Kalm III' 6-max Seat #4 is the button
Seat 1: Pokerspieler53 ($6.90 in chips) 
Seat 2: blistein ($109.39 in chips) 
Seat 3: Pon4uk.ua ($108.02 in chips) 
Seat 4: stevoooo34 ($26.30 in chips) 
Seat 5: Gaita_toien ($139.32 in chips) 
Seat 6: EyzRED ($100 in chips) 
Gaita_toien: posts small blind $0.50
EyzRED: posts big blind $1
*** HOLE CARDS ***
Pokerspieler53: calls $1
blistein: folds 
Pon4uk.ua: folds 
stevoooo34: raises $1 to $2
Gaita_toien: folds 
EyzRED: calls $1
Pokerspieler53: raises $4.90 to $6.90 and is all-in
stevoooo34: calls $4.90
EyzRED: calls $4.90
*** FLOP *** [8s 2d Qh]
EyzRED: checks 
stevoooo34: bets $2
EyzRED: folds 
Uncalled bet ($2) returned to stevoooo34
*** TURN *** [8s 2d Qh] [4s]
*** RIVER *** [8s 2d Qh 4s] [5c]
*** SHOW DOWN ***
Pokerspieler53: shows [8c Ac] (a pair of Eights)
stevoooo34: shows [Ah Js] (high card Ace)
Pokerspieler53 collected $20.14 from pot
stevoooo34 cashed out the hand for $3.20 | Cash Out Fee $0.07
*** SUMMARY ***
Total pot $21.20 | Rake $1.06 
Board [8s 2d Qh 4s 5c]
Seat 1: Pokerspieler53 showed [8c Ac] and won ($20.14) with a pair of Eights
Seat 2: blistein folded before Flop (didn't bet)
Seat 3: Pon4uk.ua folded before Flop (didn't bet)
Seat 4: stevoooo34 (button) showed [Ah Js] and lost with high card Ace (cashed out).
Seat 5: Gaita_toien (small blind) folded before Flop
Seat 6: EyzRED (big blind) folded on the Flop



PokerStars Hand #254430171811:  Hold'em No Limit ($0.50/$1.00 USD) - 2025/01/18 12:41:38 WET [2025/01/18 7:41:38 ET]
Table 'Kalm III' 6-max Seat #5 is the button
Seat 1: Pokerspieler53 ($20.14 in chips) 
Seat 2: blistein ($109.39 in chips) 
Seat 3: Pon4uk.ua ($108.02 in chips) 
Seat 4: stevoooo34 ($22.60 in chips) 
Seat 5: Gaita_toien ($138.82 in chips) 
Seat 6: EyzRED ($100 in chips) 
EyzRED: posts small blind $0.50
Pokerspieler53: posts big blind $1
*** HOLE CARDS ***
blistein: folds 
Pon4uk.ua: folds 
stevoooo34: calls $1
Gaita_toien: raises $3 to $4
EyzRED: folds 
Pokerspieler53: calls $3
stevoooo34: folds 
*** FLOP *** [7h 8c 7d]
Pokerspieler53: checks 
Gaita_toien: bets $16.78
Pokerspieler53: calls $16.14 and is all-in
Uncalled bet ($0.64) returned to Gaita_toien
*** TURN *** [7h 8c 7d] [2s]
*** RIVER *** [7h 8c 7d 2s] [5c]
*** SHOW DOWN ***
Pokerspieler53: shows [Ad 9c] (a pair of Sevens)
Gaita_toien: shows [Ac Kc] (a pair of Sevens - Ace+King kicker)
Gaita_toien collected $39.69 from pot
Pokerspieler53 cashed out the hand for $9.61 | Cash Out Fee $0.20
*** SUMMARY ***
Total pot $41.78 | Rake $2.09 
Board [7h 8c 7d 2s 5c]
Seat 1: Pokerspieler53 (big blind) showed [Ad 9c] and lost with a pair of Sevens (cashed out).
Seat 2: blistein folded before Flop (didn't bet)
Seat 3: Pon4uk.ua folded before Flop (didn't bet)
Seat 4: stevoooo34 folded before Flop
Seat 5: Gaita_toien (button) showed [Ac Kc] and won ($39.69) with a pair of Sevens
Seat 6: EyzRED (small blind) folded before Flop



PokerStars Hand #254430179010:  Hold'em No Limit ($0.50/$1.00 USD) - 2025/01/18 12:42:22 WET [2025/01/18 7:42:22 ET]
Table 'Kalm III' 6-max Seat #6 is the button
Seat 1: Pokerspieler53 ($9.61 in chips) 
Seat 2: blistein ($109.39 in chips) 
Seat 3: Pon4uk.ua ($108.02 in chips) 
Seat 4: stevoooo34 ($21.60 in chips) 
Seat 5: Gaita_toien ($158.37 in chips) 
Seat 6: EyzRED ($100 in chips) 
Pokerspieler53: posts small blind $0.50
blistein: posts big blind $1
*** HOLE CARDS ***
Pon4uk.ua: folds 
stevoooo34: folds 
Gaita_toien: raises $1.20 to $2.20
EyzRED: calls $2.20
Pokerspieler53: calls $1.70
blistein: folds 
*** FLOP *** [Tc Ah Kc]
Pokerspieler53: checks 
Gaita_toien: bets $6.21
EyzRED: calls $6.21
Pokerspieler53: folds 
*** TURN *** [Tc Ah Kc] [4c]
Gaita_toien: bets $6.50
EyzRED: calls $6.50
*** RIVER *** [Tc Ah Kc 4c] [Qh]
Gaita_toien: checks 
EyzRED: bets $22.27
Gaita_toien: folds 
Uncalled bet ($22.27) returned to EyzRED
EyzRED collected $31.37 from pot
EyzRED: doesn't show hand 
*** SUMMARY ***
Total pot $33.02 | Rake $1.65 
Board [Tc Ah Kc 4c Qh]
Seat 1: Pokerspieler53 (small blind) folded on the Flop
Seat 2: blistein (big blind) folded before Flop
Seat 3: Pon4uk.ua folded before Flop (didn't bet)
Seat 4: stevoooo34 folded before Flop (didn't bet)
Seat 5: Gaita_toien folded on the River
Seat 6: EyzRED (button) collected ($31.37)



PokerStars Hand #254430194758:  Hold'em No Limit ($0.50/$1.00 USD) - 2025/01/18 12:43:59 WET [2025/01/18 7:43:59 ET]
Table 'Kalm III' 6-max Seat #1 is the button
Seat 1: Pokerspieler53 ($7.41 in chips) 
Seat 2: blistein ($108.39 in chips) 
Seat 3: Pon4uk.ua ($108.02 in chips) 
Seat 4: stevoooo34 ($21.60 in chips) 
Seat 5: Gaita_toien ($143.46 in chips) 
Seat 6: EyzRED ($116.46 in chips) 
blistein: posts small blind $0.50
Pon4uk.ua: posts big blind $1
*** HOLE CARDS ***
stevoooo34: folds 
Gaita_toien: raises $1.20 to $2.20
EyzRED: folds 
Pokerspieler53: folds 
blistein: folds 
Pon4uk.ua: calls $1.20
*** FLOP *** [Qc 6h 3c]
Pon4uk.ua: checks 
Gaita_toien: bets $1.35
Pon4uk.ua: raises $3.68 to $5.03
Gaita_toien: folds 
Uncalled bet ($3.68) returned to Pon4uk.ua
Pon4uk.ua collected $7.22 from pot
Pon4uk.ua: doesn't show hand 
*** SUMMARY ***
Total pot $7.60 | Rake $0.38 
Board [Qc 6h 3c]
Seat 1: Pokerspieler53 (button) folded before Flop (didn't bet)
Seat 2: blistein (small blind) folded before Flop
Seat 3: Pon4uk.ua (big blind) collected ($7.22)
Seat 4: stevoooo34 folded before Flop (didn't bet)
Seat 5: Gaita_toien folded on the Flop
Seat 6: EyzRED folded before Flop (didn't bet)



PokerStars Hand #254430202049:  Hold'em No Limit ($0.50/$1.00 USD) - 2025/01/18 12:44:43 WET [2025/01/18 7:44:43 ET]
Table 'Kalm III' 6-max Seat #2 is the button
Seat 1: Pokerspieler53 ($7.41 in chips) 
Seat 2: blistein ($107.89 in chips) 
Seat 3: Pon4uk.ua ($111.69 in chips) 
Seat 4: stevoooo34 ($21.60 in chips) 
Seat 5: Gaita_toien ($139.91 in chips) 
Seat 6: EyzRED ($116.46 in chips) 
Pon4uk.ua: posts small blind $0.50
stevoooo34: posts big blind $1
*** HOLE CARDS ***
Gaita_toien: folds 
EyzRED: folds 
Pokerspieler53: folds 
blistein: folds 
Pon4uk.ua: folds 
Uncalled bet ($0.50) returned to stevoooo34
stevoooo34 collected $1 from pot
*** SUMMARY ***
Total pot $1 | Rake $0 
Seat 1: Pokerspieler53 folded before Flop (didn't bet)
Seat 2: blistein (button) folded before Flop (didn't bet)
Seat 3: Pon4uk.ua (small blind) folded before Flop
Seat 4: stevoooo34 (big blind) collected ($1)
Seat 5: Gaita_toien folded before Flop (didn't bet)
Seat 6: EyzRED folded before Flop (didn't bet)



PokerStars Hand #254430205844:  Hold'em No Limit ($0.50/$1.00 USD) - 2025/01/18 12:45:06 WET [2025/01/18 7:45:06 ET]
Table 'Kalm III' 6-max Seat #3 is the button
Seat 1: Pokerspieler53 ($7.41 in chips) 
Seat 2: blistein ($107.89 in chips) 
Seat 3: Pon4uk.ua ($111.19 in chips) 
Seat 4: stevoooo34 ($22.10 in chips) 
Seat 5: Gaita_toien ($139.91 in chips) 
Seat 6: EyzRED ($116.46 in chips) 
stevoooo34: posts small blind $0.50
Gaita_toien: posts big blind $1
*** HOLE CARDS ***
EyzRED: folds 
Pokerspieler53: folds 
blistein: folds 
Pon4uk.ua: raises $1.50 to $2.50
stevoooo34: folds 
Gaita_toien: raises $10 to $12.50
Pon4uk.ua: folds 
Uncalled bet ($10) returned to Gaita_toien
Gaita_toien collected $5.50 from pot
Gaita_toien: doesn't show hand 
*** SUMMARY ***
Total pot $5.50 | Rake $0 
Seat 1: Pokerspieler53 folded before Flop (didn't bet)
Seat 2: blistein folded before Flop (didn't bet)
Seat 3: Pon4uk.ua (button) folded before Flop
Seat 4: stevoooo34 (small blind) folded before Flop
Seat 5: Gaita_toien (big blind) collected ($5.50)
Seat 6: EyzRED folded before Flop (didn't bet)



PokerStars Hand #254430212234:  Hold'em No Limit ($0.50/$1.00 USD) - 2025/01/18 12:45:45 WET [2025/01/18 7:45:45 ET]
Table 'Kalm III' 6-max Seat #4 is the button
Seat 1: Pokerspieler53 ($7.41 in chips) 
Seat 2: blistein ($107.89 in chips) 
Seat 3: Pon4uk.ua ($108.69 in chips) 
Seat 4: stevoooo34 ($21.60 in chips) 
Seat 5: Gaita_toien ($142.91 in chips) 
Seat 6: EyzRED ($116.46 in chips) 
Gaita_toien: posts small blind $0.50
EyzRED: posts big blind $1
*** HOLE CARDS ***
Pokerspieler53: calls $1
blistein: folds 
Pon4uk.ua: folds 
stevoooo34: folds 
Gaita_toien: folds 
EyzRED: checks 
*** FLOP *** [Qc 8d 2h]
EyzRED: checks 
Pokerspieler53: checks 
*** TURN *** [Qc 8d 2h] [Qh]
EyzRED: bets $1
Pokerspieler53: raises $5.41 to $6.41 and is all-in
EyzRED: folds 
Uncalled bet ($5.41) returned to Pokerspieler53
Pokerspieler53 collected $4.28 from pot
Pokerspieler53: doesn't show hand 
*** SUMMARY ***
Total pot $4.50 | Rake $0.22 
Board [Qc 8d 2h Qh]
Seat 1: Pokerspieler53 collected ($4.28)
Seat 2: blistein folded before Flop (didn't bet)
Seat 3: Pon4uk.ua folded before Flop (didn't bet)
Seat 4: stevoooo34 (button) folded before Flop (didn't bet)
Seat 5: Gaita_toien (small blind) folded before Flop
Seat 6: EyzRED (big blind) folded on the Turn



PokerStars Hand #254430218553:  Hold'em No Limit ($0.50/$1.00 USD) - 2025/01/18 12:46:23 WET [2025/01/18 7:46:23 ET]
Table 'Kalm III' 6-max Seat #5 is the button
Seat 1: Pokerspieler53 ($9.69 in chips) 
Seat 2: blistein ($107.89 in chips) 
Seat 3: Pon4uk.ua ($108.69 in chips) 
Seat 4: stevoooo34 ($21.60 in chips) 
Seat 5: Gaita_toien ($142.41 in chips) 
Seat 6: EyzRED ($114.46 in chips) 
EyzRED: posts small blind $0.50
Pokerspieler53: posts big blind $1
*** HOLE CARDS ***
blistein: folds 
Pon4uk.ua: raises $1 to $2
stevoooo34: folds 
Gaita_toien: folds 
EyzRED: folds 
Pokerspieler53: calls $1
*** FLOP *** [5h 9h Qd]
Pokerspieler53: bets $3
Pon4uk.ua: folds 
Uncalled bet ($3) returned to Pokerspieler53
Pokerspieler53 collected $4.28 from pot
Pokerspieler53: doesn't show hand 
*** SUMMARY ***
Total pot $4.50 | Rake $0.22 
Board [5h 9h Qd]
Seat 1: Pokerspieler53 (big blind) collected ($4.28)
Seat 2: blistein folded before Flop (didn't bet)
Seat 3: Pon4uk.ua folded on the Flop
Seat 4: stevoooo34 folded before Flop (didn't bet)
Seat 5: Gaita_toien (button) folded before Flop (didn't bet)
Seat 6: EyzRED (small blind) folded before Flop



PokerStars Hand #254430224219:  Hold'em No Limit ($0.50/$1.00 USD) - 2025/01/18 12:46:57 WET [2025/01/18 7:46:57 ET]
Table 'Kalm III' 6-max Seat #6 is the button
Seat 2: blistein ($107.89 in chips) is sitting out
Seat 1: Pokerspieler53 ($11.97 in chips) 
Seat 3: Pon4uk.ua ($106.69 in chips) 
Seat 4: stevoooo34 ($21.60 in chips) 
Seat 5: Gaita_toien ($142.41 in chips) 
Seat 6: EyzRED ($113.96 in chips) 
Pokerspieler53: posts small blind $0.50
blistein: is sitting out 
Pon4uk.ua: posts big blind $1
*** HOLE CARDS ***
stevoooo34: calls $1
Gaita_toien: folds 
EyzRED: folds 
Pokerspieler53: calls $0.50
Pon4uk.ua: checks 
*** FLOP *** [6h 7h Jd]
blistein leaves the table
Pokerspieler53: checks 
Pon4uk.ua: checks 
stevoooo34: bets $2.85
Pokerspieler53: folds 
Pon4uk.ua: folds 
Uncalled bet ($2.85) returned to stevoooo34
stevoooo34 collected $2.85 from pot
*** SUMMARY ***
Total pot $3 | Rake $0.15 
Board [6h 7h Jd]
Seat 2: blistein
Seat 1: Pokerspieler53 (small blind) folded on the Flop
Seat 3: Pon4uk.ua (big blind) folded on the Flop
Seat 4: stevoooo34 collected ($2.85)
Seat 5: Gaita_toien folded before Flop (didn't bet)
Seat 6: EyzRED (button) folded before Flop (didn't bet)



PokerStars Hand #254430231852:  Hold'em No Limit ($0.50/$1.00 USD) - 2025/01/18 12:47:43 WET [2025/01/18 7:47:43 ET]
Table 'Kalm III' 6-max Seat #1 is the button
Seat 1: Pokerspieler53 ($10.97 in chips) 
Seat 3: Pon4uk.ua ($105.69 in chips) 
Seat 4: stevoooo34 ($23.45 in chips) 
Seat 5: Gaita_toien ($142.41 in chips) 
Seat 6: EyzRED ($113.96 in chips) 
Pon4uk.ua: posts small blind $0.50
stevoooo34: posts big blind $1
*** HOLE CARDS ***
Oli3579 joins the table at seat #2 
Gaita_toien: folds 
EyzRED: folds 
Pokerspieler53: folds 
Pon4uk.ua: raises $1.75 to $2.75
stevoooo34: folds 
Uncalled bet ($1.75) returned to Pon4uk.ua
Pon4uk.ua collected $2 from pot
Pon4uk.ua: doesn't show hand 
*** SUMMARY ***
Total pot $2 | Rake $0 
Seat 1: Pokerspieler53 (button) folded before Flop (didn't bet)
Seat 3: Pon4uk.ua (small blind) collected ($2)
Seat 4: stevoooo34 (big blind) folded before Flop
Seat 5: Gaita_toien folded before Flop (didn't bet)
Seat 6: EyzRED folded before Flop (didn't bet)



PokerStars Hand #254430236423:  Hold'em No Limit ($0.50/$1.00 USD) - 2025/01/18 12:48:10 WET [2025/01/18 7:48:10 ET]
Table 'Kalm III' 6-max Seat #3 is the button
Seat 2: Oli3579 ($100 in chips) is sitting out
Seat 1: Pokerspieler53 ($10.97 in chips) 
Seat 3: Pon4uk.ua ($106.69 in chips) 
Seat 4: stevoooo34 ($22.45 in chips) 
Seat 5: Gaita_toien ($142.41 in chips) 
Seat 6: EyzRED ($113.96 in chips) 
stevoooo34: posts small blind $0.50
Gaita_toien: posts big blind $1
Oli3579: sits out 
*** HOLE CARDS ***
EyzRED: folds 
Pokerspieler53: folds 
Pon4uk.ua: folds 
stevoooo34: raises $2 to $3
Gaita_toien: folds 
Uncalled bet ($2) returned to stevoooo34
stevoooo34 collected $2 from pot
*** SUMMARY ***
Total pot $2 | Rake $0 
Seat 2: Oli3579
Seat 1: Pokerspieler53 folded before Flop (didn't bet)
Seat 3: Pon4uk.ua (button) folded before Flop (didn't bet)
Seat 4: stevoooo34 (small blind) collected ($2)
Seat 5: Gaita_toien (big blind) folded before Flop
Seat 6: EyzRED folded before Flop (didn't bet)



PokerStars Hand #254430239522:  Hold'em No Limit ($0.50/$1.00 USD) - 2025/01/18 12:48:29 WET [2025/01/18 7:48:29 ET]
Table 'Kalm III' 6-max Seat #4 is the button
Seat 2: Oli3579 ($100 in chips) is sitting out
Seat 1: Pokerspieler53 ($10.97 in chips) 
Seat 3: Pon4uk.ua ($106.69 in chips) 
Seat 4: stevoooo34 ($23.45 in chips) 
Seat 5: Gaita_toien ($141.41 in chips) 
Seat 6: EyzRED ($113.96 in chips) 
Gaita_toien: posts small blind $0.50
EyzRED: posts big blind $1
Oli3579: sits out 
*** HOLE CARDS ***
Pokerspieler53: folds 
Pon4uk.ua: raises $1.50 to $2.50
stevoooo34: calls $2.50
Gaita_toien: folds 
EyzRED: calls $1.50
*** FLOP *** [Ah 8h 9s]
EyzRED: checks 
Pon4uk.ua: bets $2.51
stevoooo34: calls $2.51
EyzRED: calls $2.51
*** TURN *** [Ah 8h 9s] [Ac]
EyzRED: checks 
Pon4uk.ua: bets $11.06
stevoooo34: folds 
EyzRED: calls $11.06
*** RIVER *** [Ah 8h 9s Ac] [Qc]
EyzRED: checks 
Pon4uk.ua: bets $26.83
EyzRED: folds 
Uncalled bet ($26.83) returned to Pon4uk.ua
Pon4uk.ua collected $35.77 from pot
Pon4uk.ua: doesn't show hand 
*** SUMMARY ***
Total pot $37.65 | Rake $1.88 
Board [Ah 8h 9s Ac Qc]
Seat 2: Oli3579
Seat 1: Pokerspieler53 folded before Flop (didn't bet)
Seat 3: Pon4uk.ua collected ($35.77)
Seat 4: stevoooo34 (button) folded on the Turn
Seat 5: Gaita_toien (small blind) folded before Flop
Seat 6: EyzRED (big blind) folded on the River



PokerStars Hand #254430259189:  Hold'em No Limit ($0.50/$1.00 USD) - 2025/01/18 12:50:27 WET [2025/01/18 7:50:27 ET]
Table 'Kalm III' 6-max Seat #5 is the button
Seat 2: Oli3579 ($100 in chips) is sitting out
Seat 1: Pokerspieler53 ($10.97 in chips) 
Seat 3: Pon4uk.ua ($126.39 in chips) 
Seat 4: stevoooo34 ($18.44 in chips) 
Seat 5: Gaita_toien ($140.91 in chips) 
Seat 6: EyzRED ($100 in chips) 
EyzRED: posts small blind $0.50
Pokerspieler53: posts big blind $1
Oli3579: sits out 
*** HOLE CARDS ***
Pon4uk.ua: folds 
stevoooo34: folds 
Gaita_toien: raises $1.50 to $2.50
EyzRED: folds 
Pokerspieler53: folds 
Uncalled bet ($1.50) returned to Gaita_toien
Gaita_toien collected $2.50 from pot
Gaita_toien: doesn't show hand 
*** SUMMARY ***
Total pot $2.50 | Rake $0 
Seat 2: Oli3579
Seat 1: Pokerspieler53 (big blind) folded before Flop
Seat 3: Pon4uk.ua folded before Flop (didn't bet)
Seat 4: stevoooo34 folded before Flop (didn't bet)
Seat 5: Gaita_toien (button) collected ($2.50)
Seat 6: EyzRED (small blind) folded before Flop



PokerStars Hand #254430267717:  Hold'em No Limit ($0.50/$1.00 USD) - 2025/01/18 12:51:17 WET [2025/01/18 7:51:17 ET]
Table 'Kalm III' 6-max Seat #6 is the button
Seat 1: Pokerspieler53 ($9.97 in chips) 
Seat 2: Oli3579 ($100 in chips) 
Seat 3: Pon4uk.ua ($126.39 in chips) 
Seat 4: stevoooo34 ($18.44 in chips) 
Seat 5: Gaita_toien ($142.41 in chips) 
Seat 6: EyzRED ($100 in chips) 
Pokerspieler53: posts small blind $0.50
Oli3579: posts big blind $1
*** HOLE CARDS ***
Pon4uk.ua has timed out
Pon4uk.ua: folds 
stevoooo34: folds 
Gaita_toien: folds 
EyzRED: raises $1.50 to $2.50
Pokerspieler53: calls $2
Oli3579: folds 
*** FLOP *** [Js Ah 2h]
Pokerspieler53: checks 
EyzRED: bets $1.65
Pokerspieler53: folds 
Uncalled bet ($1.65) returned to EyzRED
EyzRED collected $5.70 from pot
EyzRED: doesn't show hand 
*** SUMMARY ***
Total pot $6 | Rake $0.30 
Board [Js Ah 2h]
Seat 1: Pokerspieler53 (small blind) folded on the Flop
Seat 2: Oli3579 (big blind) folded before Flop
Seat 3: Pon4uk.ua folded before Flop (didn't bet)
Seat 4: stevoooo34 folded before Flop (didn't bet)
Seat 5: Gaita_toien folded before Flop (didn't bet)
Seat 6: EyzRED (button) collected ($5.70)



PokerStars Hand #254430276042:  Hold'em No Limit ($0.50/$1.00 USD) - 2025/01/18 12:52:07 WET [2025/01/18 7:52:07 ET]
Table 'Kalm III' 6-max Seat #1 is the button
Seat 1: Pokerspieler53 ($7.47 in chips) 
Seat 2: Oli3579 ($100 in chips) 
Seat 3: Pon4uk.ua ($126.39 in chips) 
Seat 4: stevoooo34 ($18.44 in chips) 
Seat 5: Gaita_toien ($142.41 in chips) 
Seat 6: EyzRED ($103.20 in chips) 
Oli3579: posts small blind $0.50
Pon4uk.ua: posts big blind $1
*** HOLE CARDS ***
stevoooo34: folds 
Gaita_toien: raises $1.20 to $2.20
EyzRED: folds 
Pokerspieler53: calls $2.20
Oli3579: folds 
Pon4uk.ua: folds 
*** FLOP *** [Ks As Ad]
Gaita_toien: checks 
Pokerspieler53: bets $5.27 and is all-in
Gaita_toien: calls $5.27
*** TURN *** [Ks As Ad] [Th]
*** RIVER *** [Ks As Ad Th] [Kh]
*** SHOW DOWN ***
Gaita_toien: shows [Ac 7c] (a full house, Aces full of Kings)
Pokerspieler53: shows [7s Js] (two pair, Aces and Kings)
Gaita_toien collected $15.62 from pot
*** SUMMARY ***
Total pot $16.44 | Rake $0.82 
Board [Ks As Ad Th Kh]
Seat 1: Pokerspieler53 (button) showed [7s Js] and lost with two pair, Aces and Kings
Seat 2: Oli3579 (small blind) folded before Flop
Seat 3: Pon4uk.ua (big blind) folded before Flop
Seat 4: stevoooo34 folded before Flop (didn't bet)
Seat 5: Gaita_toien showed [Ac 7c] and won ($15.62) with a full house, Aces full of Kings
Seat 6: EyzRED folded before Flop (didn't bet)



PokerStars Hand #254430281817:  Hold'em No Limit ($0.50/$1.00 USD) - 2025/01/18 12:52:41 WET [2025/01/18 7:52:41 ET]
Table 'Kalm III' 6-max Seat #2 is the button
Seat 1: Pokerspieler53 ($0 in chips) is sitting out
Seat 2: Oli3579 ($100 in chips) 
Seat 3: Pon4uk.ua ($125.39 in chips) 
Seat 4: stevoooo34 ($18.44 in chips) 
Seat 5: Gaita_toien ($150.56 in chips) 
Seat 6: EyzRED ($103.20 in chips) 
Pon4uk.ua: posts small blind $0.50
stevoooo34: posts big blind $1
*** HOLE CARDS ***
Gaita_toien: folds 
EyzRED: folds 
Oli3579: raises $1 to $2
Pon4uk.ua: folds 
stevoooo34: folds 
Uncalled bet ($1) returned to Oli3579
Oli3579 collected $2.50 from pot
Oli3579: doesn't show hand 
*** SUMMARY ***
Total pot $2.50 | Rake $0 
Seat 1: Pokerspieler53
Seat 2: Oli3579 (button) collected ($2.50)
Seat 3: Pon4uk.ua (small blind) folded before Flop
Seat 4: stevoooo34 (big blind) folded before Flop
Seat 5: Gaita_toien folded before Flop (didn't bet)
Seat 6: EyzRED folded before Flop (didn't bet)



PokerStars Hand #254430284789:  Hold'em No Limit ($0.50/$1.00 USD) - 2025/01/18 12:52:59 WET [2025/01/18 7:52:59 ET]
Table 'Kalm III' 6-max Seat #3 is the button
Seat 1: Pokerspieler53 ($15 in chips) 
Seat 2: Oli3579 ($101.50 in chips) 
Seat 3: Pon4uk.ua ($124.89 in chips) 
Seat 4: stevoooo34 ($17.44 in chips) 
Seat 5: Gaita_toien ($150.56 in chips) 
Seat 6: EyzRED ($103.20 in chips) 
stevoooo34: posts small blind $0.50
Gaita_toien: posts big blind $1
*** HOLE CARDS ***
EyzRED: folds 
Pokerspieler53: calls $1
Oli3579: folds 
Pon4uk.ua: folds 
stevoooo34: folds 
Gaita_toien: raises $6.50 to $7.50
Pokerspieler53: calls $6.50
*** FLOP *** [3c Kd 6c]
Gaita_toien: checks 
Pokerspieler53: checks 
*** TURN *** [3c Kd 6c] [8s]
Gaita_toien: checks 
Pokerspieler53: checks 
*** RIVER *** [3c Kd 6c 8s] [4s]
Gaita_toien: bets $12.66
Pokerspieler53: folds 
Uncalled bet ($12.66) returned to Gaita_toien
Gaita_toien collected $14.72 from pot
Gaita_toien: doesn't show hand 
*** SUMMARY ***
Total pot $15.50 | Rake $0.78 
Board [3c Kd 6c 8s 4s]
Seat 1: Pokerspieler53 folded on the River
Seat 2: Oli3579 folded before Flop (didn't bet)
Seat 3: Pon4uk.ua (button) folded before Flop (didn't bet)
Seat 4: stevoooo34 (small blind) folded before Flop
Seat 5: Gaita_toien (big blind) collected ($14.72)
Seat 6: EyzRED folded before Flop (didn't bet)



PokerStars Hand #254430296463:  Hold'em No Limit ($0.50/$1.00 USD) - 2025/01/18 12:54:09 WET [2025/01/18 7:54:09 ET]
Table 'Kalm III' 6-max Seat #4 is the button
Seat 1: Pokerspieler53 ($7.50 in chips) 
Seat 2: Oli3579 ($101.50 in chips) 
Seat 3: Pon4uk.ua ($124.89 in chips) 
Seat 4: stevoooo34 ($16.94 in chips) 
Seat 5: Gaita_toien ($157.78 in chips) 
Seat 6: EyzRED ($103.20 in chips) 
Gaita_toien: posts small blind $0.50
EyzRED: posts big blind $1
*** HOLE CARDS ***
Pokerspieler53: folds 
Oli3579: folds 
Pon4uk.ua: folds 
stevoooo34: calls $1
Gaita_toien: folds 
EyzRED: raises $102.20 to $103.20 and is all-in
stevoooo34: folds 
Uncalled bet ($102.20) returned to EyzRED
EyzRED collected $2.50 from pot
EyzRED: doesn't show hand 
*** SUMMARY ***
Total pot $2.50 | Rake $0 
Seat 1: Pokerspieler53 folded before Flop (didn't bet)
Seat 2: Oli3579 folded before Flop (didn't bet)
Seat 3: Pon4uk.ua folded before Flop (didn't bet)
Seat 4: stevoooo34 (button) folded before Flop
Seat 5: Gaita_toien (small blind) folded before Flop
Seat 6: EyzRED (big blind) collected ($2.50)



PokerStars Hand #254430299897:  Hold'em No Limit ($0.50/$1.00 USD) - 2025/01/18 12:54:29 WET [2025/01/18 7:54:29 ET]
Table 'Kalm III' 6-max Seat #5 is the button
Seat 1: Pokerspieler53 ($7.50 in chips) 
Seat 2: Oli3579 ($101.50 in chips) 
Seat 3: Pon4uk.ua ($124.89 in chips) 
Seat 4: stevoooo34 ($15.94 in chips) 
Seat 5: Gaita_toien ($157.28 in chips) 
Seat 6: EyzRED ($104.70 in chips) 
EyzRED: posts small blind $0.50
Pokerspieler53: posts big blind $1
*** HOLE CARDS ***
Oli3579: folds 
Pon4uk.ua: folds 
stevoooo34: folds 
Gaita_toien: raises $1.50 to $2.50
EyzRED: folds 
Pokerspieler53: calls $1.50
*** FLOP *** [2s 7c 2c]
Pokerspieler53: checks 
Gaita_toien: bets $1.51
Pokerspieler53: folds 
Uncalled bet ($1.51) returned to Gaita_toien
Gaita_toien collected $5.22 from pot
Gaita_toien: doesn't show hand 
*** SUMMARY ***
Total pot $5.50 | Rake $0.28 
Board [2s 7c 2c]
Seat 1: Pokerspieler53 (big blind) folded on the Flop
Seat 2: Oli3579 folded before Flop (didn't bet)
Seat 3: Pon4uk.ua folded before Flop (didn't bet)
Seat 4: stevoooo34 folded before Flop (didn't bet)
Seat 5: Gaita_toien (button) collected ($5.22)
Seat 6: EyzRED (small blind) folded before Flop



PokerStars Hand #254430307431:  Hold'em No Limit ($0.50/$1.00 USD) - 2025/01/18 12:55:17 WET [2025/01/18 7:55:17 ET]
Table 'Kalm III' 6-max Seat #6 is the button
Seat 1: Pokerspieler53 ($5 in chips) 
Seat 2: Oli3579 ($101.50 in chips) 
Seat 3: Pon4uk.ua ($124.89 in chips) 
Seat 4: stevoooo34 ($15.94 in chips) 
Seat 5: Gaita_toien ($160 in chips) 
Seat 6: EyzRED ($104.20 in chips) 
Pokerspieler53: posts small blind $0.50
Oli3579: posts big blind $1
*** HOLE CARDS ***
Pon4uk.ua: folds 
stevoooo34: folds 
Gaita_toien: raises $1.20 to $2.20
EyzRED: folds 
Pokerspieler53: raises $2.80 to $5 and is all-in
Oli3579: raises $9 to $14
Gaita_toien: folds 
Uncalled bet ($9) returned to Oli3579
*** FLOP *** [9c Ah Td]
*** TURN *** [9c Ah Td] [2s]
*** RIVER *** [9c Ah Td 2s] [8s]
*** SHOW DOWN ***
Pokerspieler53: shows [Ad 3d] (a pair of Aces)
Oli3579: shows [Qh Ac] (a pair of Aces - Queen kicker)
Oli3579 collected $11.59 from pot
*** SUMMARY ***
Total pot $12.20 | Rake $0.61 
Board [9c Ah Td 2s 8s]
Seat 1: Pokerspieler53 (small blind) showed [Ad 3d] and lost with a pair of Aces
Seat 2: Oli3579 (big blind) showed [Qh Ac] and won ($11.59) with a pair of Aces
Seat 3: Pon4uk.ua folded before Flop (didn't bet)
Seat 4: stevoooo34 folded before Flop (didn't bet)
Seat 5: Gaita_toien folded before Flop
Seat 6: EyzRED (button) folded before Flop (didn't bet)



PokerStars Hand #254430312833:  Hold'em No Limit ($0.50/$1.00 USD) - 2025/01/18 12:55:58 WET [2025/01/18 7:55:58 ET]
Table 'Kalm III' 6-max Seat #2 is the button
Seat 1: Pokerspieler53 ($0 in chips) is sitting out
Seat 2: Oli3579 ($108.09 in chips) 
Seat 3: Pon4uk.ua ($124.89 in chips) 
Seat 4: stevoooo34 ($15.94 in chips) 
Seat 5: Gaita_toien ($157.80 in chips) 
Seat 6: EyzRED ($104.20 in chips) 
Pon4uk.ua: posts small blind $0.50
stevoooo34: posts big blind $1
*** HOLE CARDS ***
Gaita_toien: folds 
EyzRED: raises $1.20 to $2.20
Oli3579: raises $5.05 to $7.25
Pon4uk.ua: raises $12.75 to $20
stevoooo34: folds 
EyzRED: folds 
Oli3579: folds 
Uncalled bet ($12.75) returned to Pon4uk.ua
Pon4uk.ua collected $17.70 from pot
Pon4uk.ua: doesn't show hand 
*** SUMMARY ***
Total pot $17.70 | Rake $0 
Seat 1: Pokerspieler53
Seat 2: Oli3579 (button) folded before Flop
Seat 3: Pon4uk.ua (small blind) collected ($17.70)
Seat 4: stevoooo34 (big blind) folded before Flop
Seat 5: Gaita_toien folded before Flop (didn't bet)
Seat 6: EyzRED folded before Flop



PokerStars Hand #254430317977:  Hold'em No Limit ($0.50/$1.00 USD) - 2025/01/18 12:56:37 WET [2025/01/18 7:56:37 ET]
Table 'Kalm III' 6-max Seat #3 is the button
Seat 1: Pokerspieler53 ($13 in chips) 
Seat 2: Oli3579 ($100.84 in chips) 
Seat 3: Pon4uk.ua ($135.34 in chips) 
Seat 4: stevoooo34 ($14.94 in chips) 
Seat 5: Gaita_toien ($157.80 in chips) 
Seat 6: EyzRED ($102 in chips) 
stevoooo34: posts small blind $0.50
Gaita_toien: posts big blind $1
*** HOLE CARDS ***
EyzRED: folds 
Pokerspieler53: folds 
Oli3579: raises $1 to $2
Pon4uk.ua: raises $5 to $7
stevoooo34: folds 
Gaita_toien: folds 
Oli3579: calls $5
*** FLOP *** [Jh 5d Ks]
stevoooo34 leaves the table
Oli3579: checks 
Evelexy1 joins the table at seat #4 
Pon4uk.ua: bets $4.86
Oli3579: raises $8.07 to $12.93
Pon4uk.ua: calls $8.07
*** TURN *** [Jh 5d Ks] [9s]
Oli3579: bets $25.93
Evelexy1 leaves the table
Pon4uk.ua: calls $25.93
*** RIVER *** [Jh 5d Ks 9s] [Qh]
Oli3579: bets $54.98 and is all-in
Pon4uk.ua: folds 
Uncalled bet ($54.98) returned to Oli3579
Oli3579 collected $90.72 from pot
Oli3579: doesn't show hand 
*** SUMMARY ***
Total pot $93.22 | Rake $2.50 
Board [Jh 5d Ks 9s Qh]
Seat 1: Pokerspieler53 folded before Flop (didn't bet)
Seat 2: Oli3579 collected ($90.72)
Seat 3: Pon4uk.ua (button) folded on the River
Seat 4: stevoooo34 (small blind) folded before Flop
Seat 5: Gaita_toien (big blind) folded before Flop
Seat 6: EyzRED folded before Flop (didn't bet)



PokerStars Hand #254430334938:  Hold'em No Limit ($0.50/$1.00 USD) - 2025/01/18 12:58:45 WET [2025/01/18 7:58:45 ET]
Table 'Kalm III' 6-max Seat #5 is the button
Seat 1: Pokerspieler53 ($13 in chips) 
Seat 2: Oli3579 ($145.70 in chips) 
Seat 3: Pon4uk.ua ($100 in chips) 
Seat 5: Gaita_toien ($156.80 in chips) 
Seat 6: EyzRED ($102 in chips) 
EyzRED: posts small blind $0.50
Pokerspieler53: posts big blind $1
*** HOLE CARDS ***
Oli3579: folds 
Pon4uk.ua: folds 
Gaita_toien: raises $1.50 to $2.50
EyzRED: folds 
Pokerspieler53: folds 
Uncalled bet ($1.50) returned to Gaita_toien
Gaita_toien collected $2.50 from pot
Gaita_toien: doesn't show hand 
*** SUMMARY ***
Total pot $2.50 | Rake $0 
Seat 1: Pokerspieler53 (big blind) folded before Flop
Seat 2: Oli3579 folded before Flop (didn't bet)
Seat 3: Pon4uk.ua folded before Flop (didn't bet)
Seat 5: Gaita_toien (button) collected ($2.50)
Seat 6: EyzRED (small blind) folded before Flop



PokerStars Hand #254430337227:  Hold'em No Limit ($0.50/$1.00 USD) - 2025/01/18 12:59:03 WET [2025/01/18 7:59:03 ET]
Table 'Kalm III' 6-max Seat #6 is the button
Seat 1: Pokerspieler53 ($12 in chips) 
Seat 2: Oli3579 ($145.70 in chips) 
Seat 3: Pon4uk.ua ($100 in chips) 
Seat 5: Gaita_toien ($158.30 in chips) 
Seat 6: EyzRED ($101.50 in chips) 
Pokerspieler53: posts small blind $0.50
Oli3579: posts big blind $1
*** HOLE CARDS ***
Pon4uk.ua: folds 
Gaita_toien: raises $1.20 to $2.20
EyzRED: folds 
Pokerspieler53: folds 
Oli3579: folds 
Uncalled bet ($1.20) returned to Gaita_toien
Gaita_toien collected $2.50 from pot
Gaita_toien: doesn't show hand 
*** SUMMARY ***
Total pot $2.50 | Rake $0 
Seat 1: Pokerspieler53 (small blind) folded before Flop
Seat 2: Oli3579 (big blind) folded before Flop
Seat 3: Pon4uk.ua folded before Flop (didn't bet)
Seat 5: Gaita_toien collected ($2.50)
Seat 6: EyzRED (button) folded before Flop (didn't bet)



PokerStars Hand #254430338809:  Hold'em No Limit ($0.50/$1.00 USD) - 2025/01/18 12:59:14 WET [2025/01/18 7:59:14 ET]
Table 'Kalm III' 6-max Seat #1 is the button
Seat 1: Pokerspieler53 ($11.50 in chips) 
Seat 2: Oli3579 ($144.70 in chips) 
Seat 3: Pon4uk.ua ($100 in chips) 
Seat 5: Gaita_toien ($159.80 in chips) 
Seat 6: EyzRED ($101.50 in chips) 
Oli3579: posts small blind $0.50
Pon4uk.ua: posts big blind $1
*** HOLE CARDS ***
Gaita_toien: raises $1.20 to $2.20
EyzRED: folds 
Pokerspieler53: calls $2.20
Oli3579: folds 
Pon4uk.ua: folds 
*** FLOP *** [4c 7s Ac]
Gaita_toien: bets $1.62
Pokerspieler53: folds 
Uncalled bet ($1.62) returned to Gaita_toien
Gaita_toien collected $5.60 from pot
Gaita_toien: doesn't show hand 
*** SUMMARY ***
Total pot $5.90 | Rake $0.30 
Board [4c 7s Ac]
Seat 1: Pokerspieler53 (button) folded on the Flop
Seat 2: Oli3579 (small blind) folded before Flop
Seat 3: Pon4uk.ua (big blind) folded before Flop
Seat 5: Gaita_toien collected ($5.60)
Seat 6: EyzRED folded before Flop (didn't bet)



PokerStars Hand #254430341646:  Hold'em No Limit ($0.50/$1.00 USD) - 2025/01/18 12:59:36 WET [2025/01/18 7:59:36 ET]
Table 'Kalm III' 6-max Seat #2 is the button
Seat 1: Pokerspieler53 ($9.30 in chips) 
Seat 2: Oli3579 ($144.20 in chips) 
Seat 3: Pon4uk.ua ($100 in chips) 
Seat 5: Gaita_toien ($163.20 in chips) 
Seat 6: EyzRED ($101.50 in chips) 
Pon4uk.ua: posts small blind $0.50
Gaita_toien: posts big blind $1
*** HOLE CARDS ***
EyzRED: folds 
Pokerspieler53: raises $1 to $2
Oli3579: raises $4 to $6
Pon4uk.ua: folds 
Gaita_toien: folds 
Pokerspieler53: raises $3.30 to $9.30 and is all-in
Oli3579: calls $3.30
*** FLOP *** [9h 2d 3d]
*** TURN *** [9h 2d 3d] [7h]
*** RIVER *** [9h 2d 3d 7h] [Ks]
*** SHOW DOWN ***
Pokerspieler53: shows [Kc Td] (a pair of Kings)
Oli3579: shows [Jd Kd] (a pair of Kings - Jack kicker)
Oli3579 collected $19.10 from pot
*** SUMMARY ***
Total pot $20.10 | Rake $1 
Board [9h 2d 3d 7h Ks]
Seat 1: Pokerspieler53 showed [Kc Td] and lost with a pair of Kings
Seat 2: Oli3579 (button) showed [Jd Kd] and won ($19.10) with a pair of Kings
Seat 3: Pon4uk.ua (small blind) folded before Flop
Seat 5: Gaita_toien (big blind) folded before Flop
Seat 6: EyzRED folded before Flop (didn't bet)



PokerStars Hand #254430347164:  Hold'em No Limit ($0.50/$1.00 USD) - 2025/01/18 13:00:17 WET [2025/01/18 8:00:17 ET]
Table 'Kalm III' 6-max Seat #3 is the button
Seat 1: Pokerspieler53 ($0 in chips) is sitting out
Seat 2: Oli3579 ($154 in chips) 
Seat 3: Pon4uk.ua ($100 in chips) 
Seat 5: Gaita_toien ($162.20 in chips) 
Seat 6: EyzRED ($101.50 in chips) 
Gaita_toien: posts small blind $0.50
EyzRED: posts big blind $1
*** HOLE CARDS ***
Oli3579: folds 
Pon4uk.ua: raises $1.50 to $2.50
Gaita_toien: raises $8.50 to $11
EyzRED: folds 
Pon4uk.ua: folds 
Uncalled bet ($8.50) returned to Gaita_toien
Gaita_toien collected $6 from pot
Gaita_toien: doesn't show hand 
*** SUMMARY ***
Total pot $6 | Rake $0 
Seat 1: Pokerspieler53
Seat 2: Oli3579 folded before Flop (didn't bet)
Seat 3: Pon4uk.ua (button) folded before Flop
Seat 5: Gaita_toien (small blind) collected ($6)
Seat 6: EyzRED (big blind) folded before Flop



PokerStars Hand #254430350817:  Hold'em No Limit ($0.50/$1.00 USD) - 2025/01/18 13:00:43 WET [2025/01/18 8:00:43 ET]
Table 'Kalm III' 6-max Seat #5 is the button
Seat 1: Pokerspieler53 ($13 in chips) 
Seat 2: Oli3579 ($154 in chips) 
Seat 3: Pon4uk.ua ($100 in chips) 
Seat 5: Gaita_toien ($165.70 in chips) 
Seat 6: EyzRED ($100.50 in chips) 
EyzRED: posts small blind $0.50
Pokerspieler53: posts big blind $1
*** HOLE CARDS ***
Oli3579: folds 
Pon4uk.ua: folds 
Gaita_toien: raises $1.50 to $2.50
EyzRED: folds 
Pokerspieler53: folds 
Uncalled bet ($1.50) returned to Gaita_toien
Gaita_toien collected $2.50 from pot
Gaita_toien: doesn't show hand 
*** SUMMARY ***
Total pot $2.50 | Rake $0 
Seat 1: Pokerspieler53 (big blind) folded before Flop
Seat 2: Oli3579 folded before Flop (didn't bet)
Seat 3: Pon4uk.ua folded before Flop (didn't bet)
Seat 5: Gaita_toien (button) collected ($2.50)
Seat 6: EyzRED (small blind) folded before Flop



PokerStars Hand #254430354097:  Hold'em No Limit ($0.50/$1.00 USD) - 2025/01/18 13:01:04 WET [2025/01/18 8:01:04 ET]
Table 'Kalm III' 6-max Seat #6 is the button
Seat 1: Pokerspieler53 ($12 in chips) 
Seat 2: Oli3579 ($154 in chips) 
Seat 3: Pon4uk.ua ($100 in chips) 
Seat 5: Gaita_toien ($167.20 in chips) 
Seat 6: EyzRED ($100 in chips) 
Pokerspieler53: posts small blind $0.50
Oli3579: posts big blind $1
*** HOLE CARDS ***
Pon4uk.ua: folds 
Gaita_toien: folds 
EyzRED: raises $1.50 to $2.50
Pokerspieler53: calls $2
Oli3579: folds 
*** FLOP *** [7c 5d 4s]
Pokerspieler53: checks 
EyzRED: checks 
*** TURN *** [7c 5d 4s] [8d]
Pokerspieler53: bets $4
EyzRED: calls $4
*** RIVER *** [7c 5d 4s 8d] [8s]
Pokerspieler53: bets $5.50 and is all-in
EyzRED: calls $5.50
*** SHOW DOWN ***
Pokerspieler53: shows [Ad 2c] (a pair of Eights)
EyzRED: shows [Kc 8c] (three of a kind, Eights)
EyzRED collected $23.75 from pot
*** SUMMARY ***
Total pot $25 | Rake $1.25 
Board [7c 5d 4s 8d 8s]
Seat 1: Pokerspieler53 (small blind) showed [Ad 2c] and lost with a pair of Eights
Seat 2: Oli3579 (big blind) folded before Flop
Seat 3: Pon4uk.ua folded before Flop (didn't bet)
Seat 5: Gaita_toien folded before Flop (didn't bet)
Seat 6: EyzRED (button) showed [Kc 8c] and won ($23.75) with three of a kind, Eights



PokerStars Hand #254430361455:  Hold'em No Limit ($0.50/$1.00 USD) - 2025/01/18 13:01:48 WET [2025/01/18 8:01:48 ET]
Table 'Kalm III' 6-max Seat #2 is the button
Seat 1: Pokerspieler53 ($0 in chips) is sitting out
Seat 2: Oli3579 ($153 in chips) 
Seat 3: Pon4uk.ua ($100 in chips) 
Seat 5: Gaita_toien ($167.20 in chips) 
Seat 6: EyzRED ($111.75 in chips) 
Pon4uk.ua: posts small blind $0.50
Gaita_toien: posts big blind $1
*** HOLE CARDS ***
EyzRED: folds 
Oli3579: folds 
Pon4uk.ua: folds 
Uncalled bet ($0.50) returned to Gaita_toien
Gaita_toien collected $1 from pot
Gaita_toien: doesn't show hand 
*** SUMMARY ***
Total pot $1 | Rake $0 
Seat 1: Pokerspieler53
Seat 2: Oli3579 (button) folded before Flop (didn't bet)
Seat 3: Pon4uk.ua (small blind) folded before Flop
Seat 5: Gaita_toien (big blind) collected ($1)
Seat 6: EyzRED folded before Flop (didn't bet)



PokerStars Hand #254430362664:  Hold'em No Limit ($0.50/$1.00 USD) - 2025/01/18 13:01:56 WET [2025/01/18 8:01:56 ET]
Table 'Kalm III' 6-max Seat #3 is the button
Seat 1: Pokerspieler53 ($13 in chips) 
Seat 2: Oli3579 ($153 in chips) 
Seat 3: Pon4uk.ua ($100 in chips) 
Seat 5: Gaita_toien ($167.70 in chips) 
Seat 6: EyzRED ($111.75 in chips) 
Gaita_toien: posts small blind $0.50
EyzRED: posts big blind $1
*** HOLE CARDS ***
Pokerspieler53: calls $1
Oli3579: folds 
Pon4uk.ua: folds 
Gaita_toien: folds 
EyzRED: checks 
*** FLOP *** [Qs 2c Ac]
EyzRED: checks 
Pokerspieler53: checks 
*** TURN *** [Qs 2c Ac] [4h]
EyzRED: checks 
Pokerspieler53: checks 
*** RIVER *** [Qs 2c Ac 4h] [5c]
EyzRED: checks 
Pokerspieler53: checks 
*** SHOW DOWN ***
EyzRED: shows [Kd 3s] (a straight, Ace to Five)
Pokerspieler53: mucks hand 
EyzRED collected $2.38 from pot
*** SUMMARY ***
Total pot $2.50 | Rake $0.12 
Board [Qs 2c Ac 4h 5c]
Seat 1: Pokerspieler53 mucked
Seat 2: Oli3579 folded before Flop (didn't bet)
Seat 3: Pon4uk.ua (button) folded before Flop (didn't bet)
Seat 5: Gaita_toien (small blind) folded before Flop
Seat 6: EyzRED (big blind) showed [Kd 3s] and won ($2.38) with a straight, Ace to Five



PokerStars Hand #254430371574:  Hold'em No Limit ($0.50/$1.00 USD) - 2025/01/18 13:02:47 WET [2025/01/18 8:02:47 ET]
Table 'Kalm III' 6-max Seat #5 is the button
Seat 1: Pokerspieler53 ($12 in chips) 
Seat 2: Oli3579 ($153 in chips) 
Seat 3: Pon4uk.ua ($100 in chips) 
Seat 5: Gaita_toien ($167.20 in chips) 
Seat 6: EyzRED ($113.13 in chips) 
EyzRED: posts small blind $0.50
Pokerspieler53: posts big blind $1
*** HOLE CARDS ***
Oli3579: folds 
Pon4uk.ua: folds 
Gaita_toien: raises $1.50 to $2.50
EyzRED: folds 
Pokerspieler53: folds 
Uncalled bet ($1.50) returned to Gaita_toien
Gaita_toien collected $2.50 from pot
Gaita_toien: doesn't show hand 
*** SUMMARY ***
Total pot $2.50 | Rake $0 
Seat 1: Pokerspieler53 (big blind) folded before Flop
Seat 2: Oli3579 folded before Flop (didn't bet)
Seat 3: Pon4uk.ua folded before Flop (didn't bet)
Seat 5: Gaita_toien (button) collected ($2.50)
Seat 6: EyzRED (small blind) folded before Flop



PokerStars Hand #254430374461:  Hold'em No Limit ($0.50/$1.00 USD) - 2025/01/18 13:03:04 WET [2025/01/18 8:03:04 ET]
Table 'Kalm III' 6-max Seat #6 is the button
Seat 1: Pokerspieler53 ($11 in chips) 
Seat 2: Oli3579 ($153 in chips) 
Seat 3: Pon4uk.ua ($100 in chips) 
Seat 5: Gaita_toien ($168.70 in chips) 
Seat 6: EyzRED ($112.63 in chips) 
Pokerspieler53: posts small blind $0.50
Oli3579: posts big blind $1
*** HOLE CARDS ***
Pon4uk.ua: folds 
Gaita_toien: folds 
EyzRED: folds 
Pokerspieler53: calls $0.50
Oli3579: raises $2.50 to $3.50
Pokerspieler53: folds 
Uncalled bet ($2.50) returned to Oli3579
Oli3579 collected $2 from pot
Oli3579: doesn't show hand 
*** SUMMARY ***
Total pot $2 | Rake $0 
Seat 1: Pokerspieler53 (small blind) folded before Flop
Seat 2: Oli3579 (big blind) collected ($2)
Seat 3: Pon4uk.ua folded before Flop (didn't bet)
Seat 5: Gaita_toien folded before Flop (didn't bet)
Seat 6: EyzRED (button) folded before Flop (didn't bet)



PokerStars Hand #254430377249:  Hold'em No Limit ($0.50/$1.00 USD) - 2025/01/18 13:03:21 WET [2025/01/18 8:03:21 ET]
Table 'Kalm III' 6-max Seat #1 is the button
Seat 1: Pokerspieler53 ($10 in chips) 
Seat 2: Oli3579 ($154 in chips) 
Seat 3: Pon4uk.ua ($100 in chips) 
Seat 5: Gaita_toien ($168.70 in chips) 
Seat 6: EyzRED ($112.63 in chips) 
Oli3579: posts small blind $0.50
Pon4uk.ua: posts big blind $1
*** HOLE CARDS ***
Gaita_toien: folds 
EyzRED: folds 
Pokerspieler53: folds 
Oli3579: raises $2 to $3
Pon4uk.ua: raises $6 to $9
Oli3579: calls $6
*** FLOP *** [2s 4c Ks]
Oli3579: checks 
Pon4uk.ua: bets $5.64
Oli3579: calls $5.64
*** TURN *** [2s 4c Ks] [7h]
Oli3579: checks 
Pon4uk.ua: checks 
*** RIVER *** [2s 4c Ks 7h] [4d]
Oli3579: checks 
Pon4uk.ua: checks 
*** SHOW DOWN ***
Oli3579: shows [Ah Qs] (a pair of Fours)
Pon4uk.ua: shows [8s 8d] (two pair, Eights and Fours)
Pon4uk.ua collected $27.82 from pot
*** SUMMARY ***
Total pot $29.28 | Rake $1.46 
Board [2s 4c Ks 7h 4d]
Seat 1: Pokerspieler53 (button) folded before Flop (didn't bet)
Seat 2: Oli3579 (small blind) showed [Ah Qs] and lost with a pair of Fours
Seat 3: Pon4uk.ua (big blind) showed [8s 8d] and won ($27.82) with two pair, Eights and Fours
Seat 5: Gaita_toien folded before Flop (didn't bet)
Seat 6: EyzRED folded before Flop (didn't bet)



PokerStars Hand #254430386820:  Hold'em No Limit ($0.50/$1.00 USD) - 2025/01/18 13:04:16 WET [2025/01/18 8:04:16 ET]
Table 'Kalm III' 6-max Seat #2 is the button
Seat 1: Pokerspieler53 ($10 in chips) 
Seat 2: Oli3579 ($139.36 in chips) 
Seat 3: Pon4uk.ua ($113.18 in chips) 
Seat 5: Gaita_toien ($168.70 in chips) 
Seat 6: EyzRED ($112.63 in chips) 
Pon4uk.ua: posts small blind $0.50
Gaita_toien: posts big blind $1
*** HOLE CARDS ***
EyzRED: folds 
Pokerspieler53 has timed out
Pokerspieler53: folds 
Oli3579: folds 
Pon4uk.ua: raises $1.75 to $2.75
Gaita_toien: raises $6.75 to $9.50
Pon4uk.ua: folds 
Uncalled bet ($6.75) returned to Gaita_toien
Gaita_toien collected $5.50 from pot
Gaita_toien: doesn't show hand 
*** SUMMARY ***
Total pot $5.50 | Rake $0 
Seat 1: Pokerspieler53 folded before Flop (didn't bet)
Seat 2: Oli3579 (button) folded before Flop (didn't bet)
Seat 3: Pon4uk.ua (small blind) folded before Flop
Seat 5: Gaita_toien (big blind) collected ($5.50)
Seat 6: EyzRED folded before Flop (didn't bet)



PokerStars Hand #254430392323:  Hold'em No Limit ($0.50/$1.00 USD) - 2025/01/18 13:04:47 WET [2025/01/18 8:04:47 ET]
Table 'Kalm III' 6-max Seat #3 is the button
Seat 1: Pokerspieler53 ($10 in chips) 
Seat 2: Oli3579 ($139.36 in chips) 
Seat 3: Pon4uk.ua ($110.43 in chips) 
Seat 5: Gaita_toien ($171.45 in chips) 
Seat 6: EyzRED ($112.63 in chips) 
Gaita_toien: posts small blind $0.50
EyzRED: posts big blind $1
*** HOLE CARDS ***
Pokerspieler53: raises $9 to $10 and is all-in
Oli3579: calls $10
Pon4uk.ua: folds 
Gaita_toien: folds 
EyzRED: folds 
*** FLOP *** [8h 3c 7h]
*** TURN *** [8h 3c 7h] [4s]
*** RIVER *** [8h 3c 7h 4s] [Qd]
*** SHOW DOWN ***
Pokerspieler53: shows [5c 5h] (a pair of Fives)
Oli3579: shows [As Jh] (high card Ace)
Pokerspieler53 collected $20.42 from pot
*** SUMMARY ***
Total pot $21.50 | Rake $1.08 
Board [8h 3c 7h 4s Qd]
Seat 1: Pokerspieler53 showed [5c 5h] and won ($20.42) with a pair of Fives
Seat 2: Oli3579 showed [As Jh] and lost with high card Ace
Seat 3: Pon4uk.ua (button) folded before Flop (didn't bet)
Seat 5: Gaita_toien (small blind) folded before Flop
Seat 6: EyzRED (big blind) folded before Flop



PokerStars Hand #254430398612:  Hold'em No Limit ($0.50/$1.00 USD) - 2025/01/18 13:05:24 WET [2025/01/18 8:05:24 ET]
Table 'Kalm III' 6-max Seat #5 is the button
Seat 1: Pokerspieler53 ($20.42 in chips) 
Seat 2: Oli3579 ($129.36 in chips) 
Seat 3: Pon4uk.ua ($110.43 in chips) 
Seat 5: Gaita_toien ($170.95 in chips) 
Seat 6: EyzRED ($111.63 in chips) 
EyzRED: posts small blind $0.50
Pokerspieler53: posts big blind $1
*** HOLE CARDS ***
Oli3579: folds 
Pon4uk.ua: raises $1 to $2
Gaita_toien: folds 
EyzRED: folds 
Pokerspieler53: calls $1
*** FLOP *** [Ad 8h 9c]
Pokerspieler53: bets $3
Pon4uk.ua: folds 
Uncalled bet ($3) returned to Pokerspieler53
Pokerspieler53 collected $4.28 from pot
Pokerspieler53: doesn't show hand 
*** SUMMARY ***
Total pot $4.50 | Rake $0.22 
Board [Ad 8h 9c]
Seat 1: Pokerspieler53 (big blind) collected ($4.28)
Seat 2: Oli3579 folded before Flop (didn't bet)
Seat 3: Pon4uk.ua folded on the Flop
Seat 5: Gaita_toien (button) folded before Flop (didn't bet)
Seat 6: EyzRED (small blind) folded before Flop



PokerStars Hand #254430409156:  Hold'em No Limit ($0.50/$1.00 USD) - 2025/01/18 13:06:24 WET [2025/01/18 8:06:24 ET]
Table 'Kalm III' 6-max Seat #6 is the button
Seat 1: Pokerspieler53 ($22.70 in chips) 
Seat 2: Oli3579 ($129.36 in chips) 
Seat 3: Pon4uk.ua ($108.43 in chips) 
Seat 5: Gaita_toien ($170.95 in chips) 
Seat 6: EyzRED ($111.13 in chips) 
Pokerspieler53: posts small blind $0.50
Oli3579: posts big blind $1
*** HOLE CARDS ***
Pon4uk.ua: folds 
Gaita_toien: folds 
EyzRED: raises $1.50 to $2.50
Pokerspieler53: folds 
Oli3579: folds 
Uncalled bet ($1.50) returned to EyzRED
EyzRED collected $2.50 from pot
EyzRED: doesn't show hand 
*** SUMMARY ***
Total pot $2.50 | Rake $0 
Seat 1: Pokerspieler53 (small blind) folded before Flop
Seat 2: Oli3579 (big blind) folded before Flop
Seat 3: Pon4uk.ua folded before Flop (didn't bet)
Seat 5: Gaita_toien folded before Flop (didn't bet)
Seat 6: EyzRED (button) collected ($2.50)



PokerStars Hand #254430411647:  Hold'em No Limit ($0.50/$1.00 USD) - 2025/01/18 13:06:39 WET [2025/01/18 8:06:39 ET]
Table 'Kalm III' 6-max Seat #1 is the button
Seat 1: Pokerspieler53 ($22.20 in chips) 
Seat 2: Oli3579 ($128.36 in chips) 
Seat 3: Pon4uk.ua ($108.43 in chips) 
Seat 5: Gaita_toien ($170.95 in chips) 
Seat 6: EyzRED ($112.63 in chips) 
Oli3579: posts small blind $0.50
Pon4uk.ua: posts big blind $1
*** HOLE CARDS ***
Gaita_toien: folds 
EyzRED: folds 
Pokerspieler53: folds 
Oli3579: raises $2 to $3
Pon4uk.ua: folds 
Uncalled bet ($2) returned to Oli3579
Oli3579 collected $2 from pot
Oli3579: doesn't show hand 
*** SUMMARY ***
Total pot $2 | Rake $0 
Seat 1: Pokerspieler53 (button) folded before Flop (didn't bet)
Seat 2: Oli3579 (small blind) collected ($2)
Seat 3: Pon4uk.ua (big blind) folded before Flop
Seat 5: Gaita_toien folded before Flop (didn't bet)
Seat 6: EyzRED folded before Flop (didn't bet)



PokerStars Hand #254430415993:  Hold'em No Limit ($0.50/$1.00 USD) - 2025/01/18 13:07:03 WET [2025/01/18 8:07:03 ET]
Table 'Kalm III' 6-max Seat #2 is the button
Seat 1: Pokerspieler53 ($22.20 in chips) 
Seat 2: Oli3579 ($129.36 in chips) 
Seat 3: Pon4uk.ua ($107.43 in chips) 
Seat 5: Gaita_toien ($170.95 in chips) 
Seat 6: EyzRED ($112.63 in chips) 
Pon4uk.ua: posts small blind $0.50
Gaita_toien: posts big blind $1
*** HOLE CARDS ***
EyzRED: folds 
Pokerspieler53: folds 
Oli3579: folds 
Pon4uk.ua: raises $1.75 to $2.75
Gaita_toien: folds 
Uncalled bet ($1.75) returned to Pon4uk.ua
Pon4uk.ua collected $2 from pot
Pon4uk.ua: doesn't show hand 
*** SUMMARY ***
Total pot $2 | Rake $0 
Seat 1: Pokerspieler53 folded before Flop (didn't bet)
Seat 2: Oli3579 (button) folded before Flop (didn't bet)
Seat 3: Pon4uk.ua (small blind) collected ($2)
Seat 5: Gaita_toien (big blind) folded before Flop
Seat 6: EyzRED folded before Flop (didn't bet)



PokerStars Hand #254430419101:  Hold'em No Limit ($0.50/$1.00 USD) - 2025/01/18 13:07:21 WET [2025/01/18 8:07:21 ET]
Table 'Kalm III' 6-max Seat #3 is the button
Seat 1: Pokerspieler53 ($22.20 in chips) 
Seat 2: Oli3579 ($129.36 in chips) 
Seat 3: Pon4uk.ua ($108.43 in chips) 
Seat 5: Gaita_toien ($169.95 in chips) 
Seat 6: EyzRED ($112.63 in chips) 
Gaita_toien: posts small blind $0.50
EyzRED: posts big blind $1
*** HOLE CARDS ***
Pokerspieler53: folds 
Oli3579: folds 
Pon4uk.ua: folds 
Gaita_toien: folds 
Uncalled bet ($0.50) returned to EyzRED
EyzRED collected $1 from pot
EyzRED: doesn't show hand 
*** SUMMARY ***
Total pot $1 | Rake $0 
Seat 1: Pokerspieler53 folded before Flop (didn't bet)
Seat 2: Oli3579 folded before Flop (didn't bet)
Seat 3: Pon4uk.ua (button) folded before Flop (didn't bet)
Seat 5: Gaita_toien (small blind) folded before Flop
Seat 6: EyzRED (big blind) collected ($1)



PokerStars Hand #254430420769:  Hold'em No Limit ($0.50/$1.00 USD) - 2025/01/18 13:07:31 WET [2025/01/18 8:07:31 ET]
Table 'Kalm III' 6-max Seat #5 is the button
Seat 1: Pokerspieler53 ($22.20 in chips) 
Seat 2: Oli3579 ($129.36 in chips) 
Seat 3: Pon4uk.ua ($108.43 in chips) 
Seat 5: Gaita_toien ($169.45 in chips) 
Seat 6: EyzRED ($113.13 in chips) 
EyzRED: posts small blind $0.50
Pokerspieler53: posts big blind $1
*** HOLE CARDS ***
Oli3579: raises $1.25 to $2.25
Pon4uk.ua: folds 
Gaita_toien: calls $2.25
EyzRED: folds 
RasA86 joins the table at seat #4 
Pokerspieler53: calls $1.25
*** FLOP *** [9s 7d 6s]
Pokerspieler53: bets $19.95 and is all-in
Oli3579: folds 
Gaita_toien: folds 
Uncalled bet ($19.95) returned to Pokerspieler53
Pokerspieler53 collected $6.89 from pot
Pokerspieler53: doesn't show hand 
*** SUMMARY ***
Total pot $7.25 | Rake $0.36 
Board [9s 7d 6s]
Seat 1: Pokerspieler53 (big blind) collected ($6.89)
Seat 2: Oli3579 folded on the Flop
Seat 3: Pon4uk.ua folded before Flop (didn't bet)
Seat 5: Gaita_toien (button) folded on the Flop
Seat 6: EyzRED (small blind) folded before Flop



PokerStars Hand #254430427940:  Hold'em No Limit ($0.50/$1.00 USD) - 2025/01/18 13:08:12 WET [2025/01/18 8:08:12 ET]
Table 'Kalm III' 6-max Seat #6 is the button
Seat 4: RasA86 ($100 in chips) is sitting out
Seat 1: Pokerspieler53 ($26.84 in chips) 
Seat 2: Oli3579 ($127.11 in chips) 
Seat 3: Pon4uk.ua ($108.43 in chips) 
Seat 5: Gaita_toien ($167.20 in chips) 
Seat 6: EyzRED ($112.63 in chips) 
Pokerspieler53: posts small blind $0.50
Oli3579: posts big blind $1
RasA86: sits out 
*** HOLE CARDS ***
Pon4uk.ua: folds 
Gaita_toien: folds 
EyzRED: folds 
Pokerspieler53: calls $0.50
Oli3579: raises $2.50 to $3.50
Pokerspieler53: folds 
Uncalled bet ($2.50) returned to Oli3579
Oli3579 collected $2 from pot
Oli3579: doesn't show hand 
*** SUMMARY ***
Total pot $2 | Rake $0 
Seat 4: RasA86
Seat 1: Pokerspieler53 (small blind) folded before Flop
Seat 2: Oli3579 (big blind) collected ($2)
Seat 3: Pon4uk.ua folded before Flop (didn't bet)
Seat 5: Gaita_toien folded before Flop (didn't bet)
Seat 6: EyzRED (button) folded before Flop (didn't bet)



PokerStars Hand #254430433761:  Hold'em No Limit ($0.50/$1.00 USD) - 2025/01/18 13:08:45 WET [2025/01/18 8:08:45 ET]
Table 'Kalm III' 6-max Seat #1 is the button
Seat 4: RasA86 ($100 in chips) is sitting out
Seat 1: Pokerspieler53 ($25.84 in chips) 
Seat 2: Oli3579 ($128.11 in chips) 
Seat 3: Pon4uk.ua ($108.43 in chips) 
Seat 5: Gaita_toien ($167.20 in chips) 
Seat 6: EyzRED ($112.63 in chips) 
Oli3579: posts small blind $0.50
Pon4uk.ua: posts big blind $1
RasA86: sits out 
*** HOLE CARDS ***
Gaita_toien: folds 
EyzRED: folds 
Pokerspieler53: calls $1
Oli3579: raises $4.50 to $5.50
Pon4uk.ua: folds 
Pokerspieler53: folds 
Uncalled bet ($4.50) returned to Oli3579
Oli3579 collected $3 from pot
Oli3579: doesn't show hand 
*** SUMMARY ***
Total pot $3 | Rake $0 
Seat 4: RasA86
Seat 1: Pokerspieler53 (button) folded before Flop
Seat 2: Oli3579 (small blind) collected ($3)
Seat 3: Pon4uk.ua (big blind) folded before Flop
Seat 5: Gaita_toien folded before Flop (didn't bet)
Seat 6: EyzRED folded before Flop (didn't bet)



PokerStars Hand #254430438066:  Hold'em No Limit ($0.50/$1.00 USD) - 2025/01/18 13:09:10 WET [2025/01/18 8:09:10 ET]
Table 'Kalm III' 6-max Seat #2 is the button
Seat 1: Pokerspieler53 ($24.84 in chips) 
Seat 2: Oli3579 ($130.11 in chips) 
Seat 3: Pon4uk.ua ($107.43 in chips) 
Seat 4: RasA86 ($100 in chips) 
Seat 5: Gaita_toien ($167.20 in chips) 
Seat 6: EyzRED ($112.63 in chips) 
Pon4uk.ua: posts small blind $0.50
RasA86: posts big blind $1
*** HOLE CARDS ***
Gaita_toien: folds 
EyzRED: folds 
Pokerspieler53: folds 
Oli3579: folds 
Pon4uk.ua: raises $1.75 to $2.75
RasA86: raises $6.25 to $9
Pon4uk.ua: folds 
Uncalled bet ($6.25) returned to RasA86
RasA86 collected $5.50 from pot
*** SUMMARY ***
Total pot $5.50 | Rake $0 
Seat 1: Pokerspieler53 folded before Flop (didn't bet)
Seat 2: Oli3579 (button) folded before Flop (didn't bet)
Seat 3: Pon4uk.ua (small blind) folded before Flop
Seat 4: RasA86 (big blind) collected ($5.50)
Seat 5: Gaita_toien folded before Flop (didn't bet)
Seat 6: EyzRED folded before Flop (didn't bet)



PokerStars Hand #254430445323:  Hold'em No Limit ($0.50/$1.00 USD) - 2025/01/18 13:09:52 WET [2025/01/18 8:09:52 ET]
Table 'Kalm III' 6-max Seat #3 is the button
Seat 1: Pokerspieler53 ($24.84 in chips) 
Seat 2: Oli3579 ($130.11 in chips) 
Seat 3: Pon4uk.ua ($104.68 in chips) 
Seat 4: RasA86 ($102.75 in chips) 
Seat 5: Gaita_toien ($167.20 in chips) 
Seat 6: EyzRED ($112.63 in chips) 
RasA86: posts small blind $0.50
Gaita_toien: posts big blind $1
*** HOLE CARDS ***
EyzRED: raises $1.20 to $2.20
Pokerspieler53: folds 
Oli3579: folds 
Pon4uk.ua: folds 
RasA86: folds 
Gaita_toien: folds 
Uncalled bet ($1.20) returned to EyzRED
EyzRED collected $2.50 from pot
EyzRED: doesn't show hand 
*** SUMMARY ***
Total pot $2.50 | Rake $0 
Seat 1: Pokerspieler53 folded before Flop (didn't bet)
Seat 2: Oli3579 folded before Flop (didn't bet)
Seat 3: Pon4uk.ua (button) folded before Flop (didn't bet)
Seat 4: RasA86 (small blind) folded before Flop
Seat 5: Gaita_toien (big blind) folded before Flop
Seat 6: EyzRED collected ($2.50)



PokerStars Hand #254430448096:  Hold'em No Limit ($0.50/$1.00 USD) - 2025/01/18 13:10:07 WET [2025/01/18 8:10:07 ET]
Table 'Kalm III' 6-max Seat #4 is the button
Seat 1: Pokerspieler53 ($24.84 in chips) 
Seat 2: Oli3579 ($130.11 in chips) 
Seat 3: Pon4uk.ua ($104.68 in chips) 
Seat 4: RasA86 ($102.25 in chips) 
Seat 5: Gaita_toien ($166.20 in chips) 
Seat 6: EyzRED ($114.13 in chips) 
Gaita_toien: posts small blind $0.50
EyzRED: posts big blind $1
*** HOLE CARDS ***
Pokerspieler53: folds 
Oli3579: raises $1.25 to $2.25
Pon4uk.ua: raises $4.75 to $7
RasA86: folds 
Gaita_toien: folds 
EyzRED: folds 
Oli3579: folds 
Uncalled bet ($4.75) returned to Pon4uk.ua
Pon4uk.ua collected $6 from pot
Pon4uk.ua: doesn't show hand 
*** SUMMARY ***
Total pot $6 | Rake $0 
Seat 1: Pokerspieler53 folded before Flop (didn't bet)
Seat 2: Oli3579 folded before Flop
Seat 3: Pon4uk.ua collected ($6)
Seat 4: RasA86 (button) folded before Flop (didn't bet)
Seat 5: Gaita_toien (small blind) folded before Flop
Seat 6: EyzRED (big blind) folded before Flop



PokerStars Hand #254430455718:  Hold'em No Limit ($0.50/$1.00 USD) - 2025/01/18 13:10:51 WET [2025/01/18 8:10:51 ET]
Table 'Kalm III' 6-max Seat #5 is the button
Seat 1: Pokerspieler53 ($24.84 in chips) 
Seat 2: Oli3579 ($127.86 in chips) 
Seat 3: Pon4uk.ua ($108.43 in chips) 
Seat 4: RasA86 ($102.25 in chips) 
Seat 5: Gaita_toien ($165.70 in chips) 
Seat 6: EyzRED ($113.13 in chips) 
EyzRED: posts small blind $0.50
Pokerspieler53: posts big blind $1
*** HOLE CARDS ***
Oli3579: folds 
Pon4uk.ua: folds 
RasA86: folds 
Gaita_toien: raises $1.50 to $2.50
EyzRED: folds 
Pokerspieler53: folds 
Uncalled bet ($1.50) returned to Gaita_toien
Gaita_toien collected $2.50 from pot
Gaita_toien: doesn't show hand 
*** SUMMARY ***
Total pot $2.50 | Rake $0 
Seat 1: Pokerspieler53 (big blind) folded before Flop
Seat 2: Oli3579 folded before Flop (didn't bet)
Seat 3: Pon4uk.ua folded before Flop (didn't bet)
Seat 4: RasA86 folded before Flop (didn't bet)
Seat 5: Gaita_toien (button) collected ($2.50)
Seat 6: EyzRED (small blind) folded before Flop



PokerStars Hand #254430460845:  Hold'em No Limit ($0.50/$1.00 USD) - 2025/01/18 13:11:20 WET [2025/01/18 8:11:20 ET]
Table 'Kalm III' 6-max Seat #6 is the button
Seat 1: Pokerspieler53 ($23.84 in chips) 
Seat 2: Oli3579 ($127.86 in chips) 
Seat 3: Pon4uk.ua ($108.43 in chips) 
Seat 4: RasA86 ($102.25 in chips) 
Seat 5: Gaita_toien ($167.20 in chips) 
Seat 6: EyzRED ($112.63 in chips) 
Pokerspieler53: posts small blind $0.50
Oli3579: posts big blind $1
*** HOLE CARDS ***
Pon4uk.ua: folds 
RasA86: folds 
Gaita_toien: raises $1.20 to $2.20
EyzRED: folds 
Pokerspieler53: calls $1.70
Oli3579: calls $1.20
*** FLOP *** [3s 5s Ac]
Pokerspieler53: bets $3
Oli3579: folds 
Gaita_toien: calls $3
*** TURN *** [3s 5s Ac] [6s]
Pokerspieler53: checks 
Gaita_toien: bets $3.47
Pokerspieler53: folds 
Uncalled bet ($3.47) returned to Gaita_toien
Gaita_toien collected $11.97 from pot
Gaita_toien: doesn't show hand 
*** SUMMARY ***
Total pot $12.60 | Rake $0.63 
Board [3s 5s Ac 6s]
Seat 1: Pokerspieler53 (small blind) folded on the Turn
Seat 2: Oli3579 (big blind) folded on the Flop
Seat 3: Pon4uk.ua folded before Flop (didn't bet)
Seat 4: RasA86 folded before Flop (didn't bet)
Seat 5: Gaita_toien collected ($11.97)
Seat 6: EyzRED (button) folded before Flop (didn't bet)



PokerStars Hand #254430474587:  Hold'em No Limit ($0.50/$1.00 USD) - 2025/01/18 13:12:39 WET [2025/01/18 8:12:39 ET]
Table 'Kalm III' 6-max Seat #1 is the button
Seat 1: Pokerspieler53 ($18.64 in chips) 
Seat 2: Oli3579 ($125.66 in chips) 
Seat 3: Pon4uk.ua ($108.43 in chips) 
Seat 4: RasA86 ($102.25 in chips) 
Seat 5: Gaita_toien ($173.97 in chips) 
Seat 6: EyzRED ($112.63 in chips) 
Oli3579: posts small blind $0.50
Pon4uk.ua: posts big blind $1
*** HOLE CARDS ***
RasA86: folds 
Gaita_toien: folds 
EyzRED: folds 
Pokerspieler53: folds 
Oli3579: folds 
Uncalled bet ($0.50) returned to Pon4uk.ua
Pon4uk.ua collected $1 from pot
Pon4uk.ua: doesn't show hand 
*** SUMMARY ***
Total pot $1 | Rake $0 
Seat 1: Pokerspieler53 (button) folded before Flop (didn't bet)
Seat 2: Oli3579 (small blind) folded before Flop
Seat 3: Pon4uk.ua (big blind) collected ($1)
Seat 4: RasA86 folded before Flop (didn't bet)
Seat 5: Gaita_toien folded before Flop (didn't bet)
Seat 6: EyzRED folded before Flop (didn't bet)



PokerStars Hand #254430476610:  Hold'em No Limit ($0.50/$1.00 USD) - 2025/01/18 13:12:51 WET [2025/01/18 8:12:51 ET]
Table 'Kalm III' 6-max Seat #2 is the button
Seat 1: Pokerspieler53 ($18.64 in chips) 
Seat 2: Oli3579 ($125.16 in chips) 
Seat 3: Pon4uk.ua ($108.93 in chips) 
Seat 4: RasA86 ($102.25 in chips) 
Seat 5: Gaita_toien ($173.97 in chips) 
Seat 6: EyzRED ($112.63 in chips) 
Pon4uk.ua: posts small blind $0.50
RasA86: posts big blind $1
*** HOLE CARDS ***
Gaita_toien: folds 
EyzRED: folds 
Pokerspieler53: folds 
Oli3579: raises $1.25 to $2.25
Pon4uk.ua: folds 
RasA86: calls $1.25
*** FLOP *** [4s As Qh]
RasA86: checks 
Oli3579: checks 
*** TURN *** [4s As Qh] [Kd]
RasA86: bets $11.88
Oli3579: calls $11.88
*** RIVER *** [4s As Qh Kd] [Kc]
RasA86: checks 
Oli3579: checks 
*** SHOW DOWN ***
RasA86: shows [3s 5s] (a pair of Kings)
Oli3579: shows [Qs Js] (two pair, Kings and Queens)
Oli3579 collected $27.32 from pot
*** SUMMARY ***
Total pot $28.76 | Rake $1.44 
Board [4s As Qh Kd Kc]
Seat 1: Pokerspieler53 folded before Flop (didn't bet)
Seat 2: Oli3579 (button) showed [Qs Js] and won ($27.32) with two pair, Kings and Queens
Seat 3: Pon4uk.ua (small blind) folded before Flop
Seat 4: RasA86 (big blind) showed [3s 5s] and lost with a pair of Kings
Seat 5: Gaita_toien folded before Flop (didn't bet)
Seat 6: EyzRED folded before Flop (didn't bet)



PokerStars Hand #254430488355:  Hold'em No Limit ($0.50/$1.00 USD) - 2025/01/18 13:13:58 WET [2025/01/18 8:13:58 ET]
Table 'Kalm III' 6-max Seat #3 is the button
Seat 1: Pokerspieler53 ($18.64 in chips) 
Seat 2: Oli3579 ($138.35 in chips) 
Seat 3: Pon4uk.ua ($108.43 in chips) 
Seat 4: RasA86 ($100 in chips) 
Seat 5: Gaita_toien ($173.97 in chips) 
Seat 6: EyzRED ($112.63 in chips) 
RasA86: posts small blind $0.50
Gaita_toien: posts big blind $1
*** HOLE CARDS ***
EyzRED: folds 
Pokerspieler53: calls $1
Oli3579: folds 
Pon4uk.ua: folds 
RasA86: folds 
Gaita_toien: raises $8 to $9
Pokerspieler53: folds 
Uncalled bet ($8) returned to Gaita_toien
Gaita_toien collected $2.50 from pot
Gaita_toien: doesn't show hand 
*** SUMMARY ***
Total pot $2.50 | Rake $0 
Seat 1: Pokerspieler53 folded before Flop
Seat 2: Oli3579 folded before Flop (didn't bet)
Seat 3: Pon4uk.ua (button) folded before Flop (didn't bet)
Seat 4: RasA86 (small blind) folded before Flop
Seat 5: Gaita_toien (big blind) collected ($2.50)
Seat 6: EyzRED folded before Flop (didn't bet)



PokerStars Hand #254430494665:  Hold'em No Limit ($0.50/$1.00 USD) - 2025/01/18 13:14:34 WET [2025/01/18 8:14:34 ET]
Table 'Kalm III' 6-max Seat #4 is the button
Seat 1: Pokerspieler53 ($17.64 in chips) 
Seat 2: Oli3579 ($138.35 in chips) 
Seat 3: Pon4uk.ua ($108.43 in chips) 
Seat 4: RasA86 ($100 in chips) 
Seat 5: Gaita_toien ($175.47 in chips) 
Seat 6: EyzRED ($112.63 in chips) 
Gaita_toien: posts small blind $0.50
EyzRED: posts big blind $1
*** HOLE CARDS ***
Pokerspieler53: folds 
Oli3579: folds 
Pon4uk.ua: folds 
RasA86: folds 
Gaita_toien: raises $2 to $3
EyzRED: calls $2
*** FLOP *** [Ac 7d 4s]
Gaita_toien: bets $1.65
EyzRED: calls $1.65
*** TURN *** [Ac 7d 4s] [Tc]
Gaita_toien: bets $2.56
EyzRED: calls $2.56
*** RIVER *** [Ac 7d 4s Tc] [8h]
Gaita_toien: bets $3.97
EyzRED: calls $3.97
*** SHOW DOWN ***
Gaita_toien: shows [Ts Kh] (a pair of Tens)
EyzRED: shows [Jd As] (a pair of Aces)
EyzRED collected $21.24 from pot
*** SUMMARY ***
Total pot $22.36 | Rake $1.12 
Board [Ac 7d 4s Tc 8h]
Seat 1: Pokerspieler53 folded before Flop (didn't bet)
Seat 2: Oli3579 folded before Flop (didn't bet)
Seat 3: Pon4uk.ua folded before Flop (didn't bet)
Seat 4: RasA86 (button) folded before Flop (didn't bet)
Seat 5: Gaita_toien (small blind) showed [Ts Kh] and lost with a pair of Tens
Seat 6: EyzRED (big blind) showed [Jd As] and won ($21.24) with a pair of Aces



PokerStars Hand #254430507448:  Hold'em No Limit ($0.50/$1.00 USD) - 2025/01/18 13:15:46 WET [2025/01/18 8:15:46 ET]
Table 'Kalm III' 6-max Seat #5 is the button
Seat 1: Pokerspieler53 ($17.64 in chips) 
Seat 2: Oli3579 ($138.35 in chips) 
Seat 3: Pon4uk.ua ($108.43 in chips) 
Seat 4: RasA86 ($100 in chips) 
Seat 5: Gaita_toien ($164.29 in chips) 
Seat 6: EyzRED ($122.69 in chips) 
EyzRED: posts small blind $0.50
Pokerspieler53: posts big blind $1
*** HOLE CARDS ***
Oli3579: folds 
Pon4uk.ua: raises $1 to $2
RasA86: folds 
Gaita_toien: folds 
EyzRED: folds 
Pokerspieler53: calls $1
*** FLOP *** [7c Qh Jc]
Pokerspieler53: bets $3
Pon4uk.ua: calls $3
*** TURN *** [7c Qh Jc] [3d]
Pokerspieler53: bets $12.64 and is all-in
Pon4uk.ua: folds 
Uncalled bet ($12.64) returned to Pokerspieler53
Pokerspieler53 collected $9.98 from pot
Pokerspieler53: doesn't show hand 
*** SUMMARY ***
Total pot $10.50 | Rake $0.52 
Board [7c Qh Jc 3d]
Seat 1: Pokerspieler53 (big blind) collected ($9.98)
Seat 2: Oli3579 folded before Flop (didn't bet)
Seat 3: Pon4uk.ua folded on the Turn
Seat 4: RasA86 folded before Flop (didn't bet)
Seat 5: Gaita_toien (button) folded before Flop (didn't bet)
Seat 6: EyzRED (small blind) folded before Flop



PokerStars Hand #254430513011:  Hold'em No Limit ($0.50/$1.00 USD) - 2025/01/18 13:16:18 WET [2025/01/18 8:16:18 ET]
Table 'Kalm III' 6-max Seat #6 is the button
Seat 1: Pokerspieler53 ($22.62 in chips) 
Seat 2: Oli3579 ($138.35 in chips) 
Seat 3: Pon4uk.ua ($103.43 in chips) 
Seat 4: RasA86 ($100 in chips) 
Seat 5: Gaita_toien ($164.29 in chips) 
Seat 6: EyzRED ($122.19 in chips) 
Pokerspieler53: posts small blind $0.50
Oli3579: posts big blind $1
*** HOLE CARDS ***
Pon4uk.ua: folds 
RasA86: folds 
Gaita_toien: folds 
EyzRED: raises $1.50 to $2.50
Pokerspieler53: calls $2
Oli3579: folds 
*** FLOP *** [5s 7h 8c]
Pokerspieler53: checks 
EyzRED: checks 
*** TURN *** [5s 7h 8c] [6d]
Pokerspieler53: bets $4
EyzRED: folds 
Uncalled bet ($4) returned to Pokerspieler53
Pokerspieler53 collected $5.70 from pot
Pokerspieler53: doesn't show hand 
*** SUMMARY ***
Total pot $6 | Rake $0.30 
Board [5s 7h 8c 6d]
Seat 1: Pokerspieler53 (small blind) collected ($5.70)
Seat 2: Oli3579 (big blind) folded before Flop
Seat 3: Pon4uk.ua folded before Flop (didn't bet)
Seat 4: RasA86 folded before Flop (didn't bet)
Seat 5: Gaita_toien folded before Flop (didn't bet)
Seat 6: EyzRED (button) folded on the Turn



PokerStars Hand #254430520820:  Hold'em No Limit ($0.50/$1.00 USD) - 2025/01/18 13:17:02 WET [2025/01/18 8:17:02 ET]
Table 'Kalm III' 6-max Seat #1 is the button
Seat 1: Pokerspieler53 ($25.82 in chips) 
Seat 2: Oli3579 ($137.35 in chips) 
Seat 3: Pon4uk.ua ($103.43 in chips) 
Seat 4: RasA86 ($100 in chips) 
Seat 5: Gaita_toien ($164.29 in chips) 
Seat 6: EyzRED ($119.69 in chips) 
Oli3579: posts small blind $0.50
Pon4uk.ua: posts big blind $1
*** HOLE CARDS ***
RasA86: folds 
Gaita_toien: folds 
EyzRED: folds 
Pokerspieler53: folds 
Oli3579: raises $2 to $3
Pon4uk.ua: folds 
Uncalled bet ($2) returned to Oli3579
Oli3579 collected $2 from pot
Oli3579: doesn't show hand 
*** SUMMARY ***
Total pot $2 | Rake $0 
Seat 1: Pokerspieler53 (button) folded before Flop (didn't bet)
Seat 2: Oli3579 (small blind) collected ($2)
Seat 3: Pon4uk.ua (big blind) folded before Flop
Seat 4: RasA86 folded before Flop (didn't bet)
Seat 5: Gaita_toien folded before Flop (didn't bet)
Seat 6: EyzRED folded before Flop (didn't bet)



PokerStars Hand #254430524207:  Hold'em No Limit ($0.50/$1.00 USD) - 2025/01/18 13:17:21 WET [2025/01/18 8:17:21 ET]
Table 'Kalm III' 6-max Seat #2 is the button
Seat 1: Pokerspieler53 ($25.82 in chips) 
Seat 2: Oli3579 ($138.35 in chips) 
Seat 3: Pon4uk.ua ($102.43 in chips) 
Seat 4: RasA86 ($100 in chips) 
Seat 5: Gaita_toien ($164.29 in chips) 
Seat 6: EyzRED ($119.69 in chips) 
Pon4uk.ua: posts small blind $0.50
RasA86: posts big blind $1
*** HOLE CARDS ***
Gaita_toien: folds 
EyzRED: folds 
Pokerspieler53: folds 
Oli3579: raises $1.25 to $2.25
Pon4uk.ua: folds 
RasA86: raises $9.75 to $12
Oli3579: calls $9.75
*** FLOP *** [Ts 2d 7c]
RasA86: checks 
Oli3579: bets $11.65
RasA86: raises $16.87 to $28.52
Oli3579: calls $16.87
*** TURN *** [Ts 2d 7c] [Qc]
RasA86: bets $59.48 and is all-in
Oli3579: folds 
Uncalled bet ($59.48) returned to RasA86
RasA86 collected $79.04 from pot
*** SUMMARY ***
Total pot $81.54 | Rake $2.50 
Board [Ts 2d 7c Qc]
Seat 1: Pokerspieler53 folded before Flop (didn't bet)
Seat 2: Oli3579 (button) folded on the Turn
Seat 3: Pon4uk.ua (small blind) folded before Flop
Seat 4: RasA86 (big blind) collected ($79.04)
Seat 5: Gaita_toien folded before Flop (didn't bet)
Seat 6: EyzRED folded before Flop (didn't bet)



PokerStars Hand #254430547245:  Hold'em No Limit ($0.50/$1.00 USD) - 2025/01/18 13:19:30 WET [2025/01/18 8:19:30 ET]
Table 'Kalm III' 6-max Seat #3 is the button
Seat 1: Pokerspieler53 ($25.82 in chips) 
Seat 2: Oli3579 ($100 in chips) 
Seat 3: Pon4uk.ua ($101.93 in chips) 
Seat 4: RasA86 ($138.52 in chips) 
Seat 5: Gaita_toien ($164.29 in chips) 
Seat 6: EyzRED ($119.69 in chips) 
RasA86: posts small blind $0.50
Gaita_toien: posts big blind $1
*** HOLE CARDS ***
EyzRED: folds 
Pokerspieler53: folds 
Oli3579: folds 
Pon4uk.ua: folds 
RasA86: raises $2 to $3
Gaita_toien: folds 
Uncalled bet ($2) returned to RasA86
RasA86 collected $2 from pot
*** SUMMARY ***
Total pot $2 | Rake $0 
Seat 1: Pokerspieler53 folded before Flop (didn't bet)
Seat 2: Oli3579 folded before Flop (didn't bet)
Seat 3: Pon4uk.ua (button) folded before Flop (didn't bet)
Seat 4: RasA86 (small blind) collected ($2)
Seat 5: Gaita_toien (big blind) folded before Flop
Seat 6: EyzRED folded before Flop (didn't bet)



PokerStars Hand #254430550760:  Hold'em No Limit ($0.50/$1.00 USD) - 2025/01/18 13:19:49 WET [2025/01/18 8:19:49 ET]
Table 'Kalm III' 6-max Seat #4 is the button
Seat 1: Pokerspieler53 ($25.82 in chips) 
Seat 2: Oli3579 ($100 in chips) 
Seat 3: Pon4uk.ua ($101.93 in chips) 
Seat 4: RasA86 ($139.52 in chips) 
Seat 5: Gaita_toien ($163.29 in chips) 
Seat 6: EyzRED ($119.69 in chips) 
Gaita_toien: posts small blind $0.50
EyzRED: posts big blind $1
*** HOLE CARDS ***
Pokerspieler53: calls $1
Oli3579: folds 
Pon4uk.ua: folds 
RasA86: folds 
Gaita_toien: folds 
EyzRED: checks 
*** FLOP *** [Td 3s 8d]
EyzRED: checks 
Pokerspieler53: checks 
*** TURN *** [Td 3s 8d] [2s]
EyzRED: bets $3.17
Pokerspieler53: calls $3.17
*** RIVER *** [Td 3s 8d 2s] [Ks]
EyzRED: bets $115.52 and is all-in
Pokerspieler53: calls $21.65 and is all-in
Uncalled bet ($93.87) returned to EyzRED
*** SHOW DOWN ***
EyzRED: shows [Qs 7s] (a flush, King high)
Pokerspieler53: shows [8h 8s] (three of a kind, Eights)
EyzRED collected $49.64 from pot
*** SUMMARY ***
Total pot $52.14 | Rake $2.50 
Board [Td 3s 8d 2s Ks]
Seat 1: Pokerspieler53 showed [8h 8s] and lost with three of a kind, Eights
Seat 2: Oli3579 folded before Flop (didn't bet)
Seat 3: Pon4uk.ua folded before Flop (didn't bet)
Seat 4: RasA86 (button) folded before Flop (didn't bet)
Seat 5: Gaita_toien (small blind) folded before Flop
Seat 6: EyzRED (big blind) showed [Qs 7s] and won ($49.64) with a flush, King high



PokerStars Hand #254430563117:  Hold'em No Limit ($0.50/$1.00 USD) - 2025/01/18 13:20:59 WET [2025/01/18 8:20:59 ET]
Table 'Kalm III' 6-max Seat #5 is the button
Seat 1: Pokerspieler53 ($0 in chips) is sitting out
Seat 2: Oli3579 ($100 in chips) is sitting out
Seat 3: Pon4uk.ua ($101.93 in chips) 
Seat 4: RasA86 ($139.52 in chips) 
Seat 5: Gaita_toien ($162.79 in chips) 
Seat 6: EyzRED ($143.51 in chips) 
EyzRED: posts small blind $0.50
Oli3579: is sitting out 
Pon4uk.ua: posts big blind $1
*** HOLE CARDS ***
Oli3579 leaves the table
Pokerspieler53 leaves the table
RasA86: folds 
Gaita_toien: raises $1.50 to $2.50
EyzRED: folds 
Pon4uk.ua: calls $1.50
*** FLOP *** [Ks 7d Qc]
Pon4uk.ua: checks 
Gaita_toien: bets $4.49
Pon4uk.ua: folds 
Uncalled bet ($4.49) returned to Gaita_toien
Pon4uk.ua leaves the table
Gaita_toien collected $5.22 from pot
Gaita_toien: doesn't show hand 
*** SUMMARY ***
Total pot $5.50 | Rake $0.28 
Board [Ks 7d Qc]
Seat 1: Pokerspieler53
Seat 2: Oli3579
Seat 3: Pon4uk.ua (big blind) folded on the Flop
Seat 4: RasA86 folded before Flop (didn't bet)
Seat 5: Gaita_toien (button) collected ($5.22)
Seat 6: EyzRED (small blind) folded before Flop



