PokerStars Hand #254438598367:  Hold'em No Limit ($0.50/$1.00 USD) - 2025/01/18 22:06:16 WET [2025/01/18 17:06:16 ET]
Table 'Thekla III' 6-max Seat #5 is the button
Seat 1: Iseedora ($100 in chips) 
Seat 2: neirfyS ($101.50 in chips) 
Seat 3: kledpro101 ($51.42 in chips) 
Seat 4: YeeesMan ($100 in chips) 
Seat 5: Jt0709 ($41.41 in chips) 
Seat 6: easy_sarcasm ($100 in chips) 
easy_sarcasm: posts small blind $0.50
Iseedora: posts big blind $1
*** HOLE CARDS ***
neirfyS: folds 
kledpro101: folds 
YeeesMan: folds 
Jt0709: folds 
easy_sarcasm: folds 
Uncalled bet ($0.50) returned to Iseedora
Iseedora collected $1 from pot
Iseedora: doesn't show hand 
*** SUMMARY ***
Total pot $1 | Rake $0 
Seat 1: Iseedora (big blind) collected ($1)
Seat 2: neirfyS folded before Flop (didn't bet)
Seat 3: kledpro101 folded before Flop (didn't bet)
Seat 4: YeeesMan folded before Flop (didn't bet)
Seat 5: Jt0709 (button) folded before Flop (didn't bet)
Seat 6: easy_sarcasm (small blind) folded before Flop



PokerStars Hand #254438600583:  Hold'em No Limit ($0.50/$1.00 USD) - 2025/01/18 22:06:23 WET [2025/01/18 17:06:23 ET]
Table 'Thekla III' 6-max Seat #6 is the button
Seat 1: Iseedora ($100.50 in chips) 
Seat 2: neirfyS ($101.50 in chips) 
Seat 3: kledpro101 ($51.42 in chips) 
Seat 4: YeeesMan ($100 in chips) 
Seat 5: Jt0709 ($41.41 in chips) 
Seat 6: easy_sarcasm ($100 in chips) 
Iseedora: posts small blind $0.50
neirfyS: posts big blind $1
*** HOLE CARDS ***
kledpro101: folds 
YeeesMan: folds 
Jt0709: raises $3 to $4
easy_sarcasm: folds 
Iseedora: folds 
neirfyS: folds 
Uncalled bet ($3) returned to Jt0709
Jt0709 collected $2.50 from pot
*** SUMMARY ***
Total pot $2.50 | Rake $0 
Seat 1: Iseedora (small blind) folded before Flop
Seat 2: neirfyS (big blind) folded before Flop
Seat 3: kledpro101 folded before Flop (didn't bet)
Seat 4: YeeesMan folded before Flop (didn't bet)
Seat 5: Jt0709 collected ($2.50)
Seat 6: easy_sarcasm (button) folded before Flop (didn't bet)



PokerStars Hand #254438606373:  Hold'em No Limit ($0.50/$1.00 USD) - 2025/01/18 22:06:43 WET [2025/01/18 17:06:43 ET]
Table 'Thekla III' 6-max Seat #1 is the button
Seat 1: Iseedora ($100 in chips) 
Seat 2: neirfyS ($100.50 in chips) 
Seat 3: kledpro101 ($51.42 in chips) 
Seat 4: YeeesMan ($100 in chips) 
Seat 5: Jt0709 ($42.91 in chips) 
Seat 6: easy_sarcasm ($100 in chips) 
neirfyS: posts small blind $0.50
kledpro101: posts big blind $1
*** HOLE CARDS ***
YeeesMan: folds 
Jt0709: folds 
easy_sarcasm: folds 
Iseedora: raises $1.50 to $2.50
neirfyS: folds 
kledpro101: calls $1.50
*** FLOP *** [Qs Ah 5h]
kledpro101: bets $2.61
Iseedora: calls $2.61
*** TURN *** [Qs Ah 5h] [4h]
kledpro101: checks 
Iseedora: bets $2.55
kledpro101: calls $2.55
*** RIVER *** [Qs Ah 5h 4h] [8s]
kledpro101: checks 
Iseedora: checks 
*** SHOW DOWN ***
kledpro101: shows [Qc Ts] (a pair of Queens)
Iseedora: shows [6d Ac] (a pair of Aces)
Iseedora collected $15.03 from pot
*** SUMMARY ***
Total pot $15.82 | Rake $0.79 
Board [Qs Ah 5h 4h 8s]
Seat 1: Iseedora (button) showed [6d Ac] and won ($15.03) with a pair of Aces
Seat 2: neirfyS (small blind) folded before Flop
Seat 3: kledpro101 (big blind) showed [Qc Ts] and lost with a pair of Queens
Seat 4: YeeesMan folded before Flop (didn't bet)
Seat 5: Jt0709 folded before Flop (didn't bet)
Seat 6: easy_sarcasm folded before Flop (didn't bet)



PokerStars Hand #254438618387:  Hold'em No Limit ($0.50/$1.00 USD) - 2025/01/18 22:07:23 WET [2025/01/18 17:07:23 ET]
Table 'Thekla III' 6-max Seat #2 is the button
Seat 1: Iseedora ($107.37 in chips) 
Seat 2: neirfyS ($100 in chips) 
Seat 3: kledpro101 ($43.76 in chips) 
Seat 4: YeeesMan ($100 in chips) 
Seat 5: Jt0709 ($42.91 in chips) 
Seat 6: easy_sarcasm ($100 in chips) 
kledpro101: posts small blind $0.50
YeeesMan: posts big blind $1
*** HOLE CARDS ***
Jt0709: folds 
easy_sarcasm: folds 
Iseedora: folds 
neirfyS: folds 
kledpro101: calls $0.50
YeeesMan: checks 
*** FLOP *** [Jh As 7s]
kledpro101: bets $5
YeeesMan: folds 
Uncalled bet ($5) returned to kledpro101
kledpro101 collected $1.88 from pot
*** SUMMARY ***
Total pot $2 | Rake $0.12 
Board [Jh As 7s]
Seat 1: Iseedora folded before Flop (didn't bet)
Seat 2: neirfyS (button) folded before Flop (didn't bet)
Seat 3: kledpro101 (small blind) collected ($1.88)
Seat 4: YeeesMan (big blind) folded on the Flop
Seat 5: Jt0709 folded before Flop (didn't bet)
Seat 6: easy_sarcasm folded before Flop (didn't bet)



PokerStars Hand #254438626818:  Hold'em No Limit ($0.50/$1.00 USD) - 2025/01/18 22:07:52 WET [2025/01/18 17:07:52 ET]
Table 'Thekla III' 6-max Seat #3 is the button
Seat 1: Iseedora ($107.37 in chips) 
Seat 2: neirfyS ($100 in chips) 
Seat 3: kledpro101 ($44.64 in chips) 
Seat 4: YeeesMan ($100 in chips) 
Seat 5: Jt0709 ($42.91 in chips) 
Seat 6: easy_sarcasm ($100 in chips) 
YeeesMan: posts small blind $0.50
Jt0709: posts big blind $1
*** HOLE CARDS ***
easy_sarcasm: folds 
Iseedora: raises $1.20 to $2.20
neirfyS: raises $4.90 to $7.10
kledpro101: folds 
YeeesMan: folds 
Jt0709: folds 
Iseedora: folds 
Uncalled bet ($4.90) returned to neirfyS
neirfyS collected $5.90 from pot
neirfyS: doesn't show hand 
*** SUMMARY ***
Total pot $5.90 | Rake $0 
Seat 1: Iseedora folded before Flop
Seat 2: neirfyS collected ($5.90)
Seat 3: kledpro101 (button) folded before Flop (didn't bet)
Seat 4: YeeesMan (small blind) folded before Flop
Seat 5: Jt0709 (big blind) folded before Flop
Seat 6: easy_sarcasm folded before Flop (didn't bet)



PokerStars Hand #254438633179:  Hold'em No Limit ($0.50/$1.00 USD) - 2025/01/18 22:08:13 WET [2025/01/18 17:08:13 ET]
Table 'Thekla III' 6-max Seat #4 is the button
Seat 1: Iseedora ($105.17 in chips) 
Seat 2: neirfyS ($103.70 in chips) 
Seat 3: kledpro101 ($44.64 in chips) 
Seat 4: YeeesMan ($100 in chips) 
Seat 5: Jt0709 ($41.91 in chips) 
Seat 6: easy_sarcasm ($100 in chips) 
Jt0709: posts small blind $0.50
easy_sarcasm: posts big blind $1
*** HOLE CARDS ***
Iseedora: folds 
neirfyS: folds 
kledpro101: raises $4 to $5
YeeesMan: folds 
Jt0709: folds 
easy_sarcasm: folds 
Uncalled bet ($4) returned to kledpro101
kledpro101 collected $2.50 from pot
*** SUMMARY ***
Total pot $2.50 | Rake $0 
Seat 1: Iseedora folded before Flop (didn't bet)
Seat 2: neirfyS folded before Flop (didn't bet)
Seat 3: kledpro101 collected ($2.50)
Seat 4: YeeesMan (button) folded before Flop (didn't bet)
Seat 5: Jt0709 (small blind) folded before Flop
Seat 6: easy_sarcasm (big blind) folded before Flop



PokerStars Hand #254438637531:  Hold'em No Limit ($0.50/$1.00 USD) - 2025/01/18 22:08:28 WET [2025/01/18 17:08:28 ET]
Table 'Thekla III' 6-max Seat #5 is the button
Seat 1: Iseedora ($105.17 in chips) 
Seat 2: neirfyS ($103.70 in chips) 
Seat 3: kledpro101 ($46.14 in chips) 
Seat 4: YeeesMan ($100 in chips) 
Seat 5: Jt0709 ($41.41 in chips) 
Seat 6: easy_sarcasm ($100 in chips) 
easy_sarcasm: posts small blind $0.50
Iseedora: posts big blind $1
*** HOLE CARDS ***
neirfyS: folds 
kledpro101: folds 
YeeesMan: raises $1.50 to $2.50
Jt0709: folds 
easy_sarcasm: folds 
Iseedora: folds 
Uncalled bet ($1.50) returned to YeeesMan
YeeesMan collected $2.50 from pot
YeeesMan: doesn't show hand 
*** SUMMARY ***
Total pot $2.50 | Rake $0 
Seat 1: Iseedora (big blind) folded before Flop
Seat 2: neirfyS folded before Flop (didn't bet)
Seat 3: kledpro101 folded before Flop (didn't bet)
Seat 4: YeeesMan collected ($2.50)
Seat 5: Jt0709 (button) folded before Flop (didn't bet)
Seat 6: easy_sarcasm (small blind) folded before Flop



PokerStars Hand #254438642908:  Hold'em No Limit ($0.50/$1.00 USD) - 2025/01/18 22:08:46 WET [2025/01/18 17:08:46 ET]
Table 'Thekla III' 6-max Seat #6 is the button
Seat 1: Iseedora ($104.17 in chips) 
Seat 2: neirfyS ($103.70 in chips) 
Seat 3: kledpro101 ($46.14 in chips) 
Seat 4: YeeesMan ($101.50 in chips) 
Seat 5: Jt0709 ($41.41 in chips) 
Seat 6: easy_sarcasm ($100 in chips) 
Iseedora: posts small blind $0.50
neirfyS: posts big blind $1
*** HOLE CARDS ***
kledpro101: folds 
YeeesMan: folds 
Jt0709: folds 
easy_sarcasm: folds 
Iseedora: raises $2 to $3
neirfyS: raises $6 to $9
Iseedora: folds 
Uncalled bet ($6) returned to neirfyS
neirfyS collected $6 from pot
neirfyS: doesn't show hand 
*** SUMMARY ***
Total pot $6 | Rake $0 
Seat 1: Iseedora (small blind) folded before Flop
Seat 2: neirfyS (big blind) collected ($6)
Seat 3: kledpro101 folded before Flop (didn't bet)
Seat 4: YeeesMan folded before Flop (didn't bet)
Seat 5: Jt0709 folded before Flop (didn't bet)
Seat 6: easy_sarcasm (button) folded before Flop (didn't bet)



PokerStars Hand #254438655495:  Hold'em No Limit ($0.50/$1.00 USD) - 2025/01/18 22:09:29 WET [2025/01/18 17:09:29 ET]
Table 'Thekla III' 6-max Seat #1 is the button
Seat 1: Iseedora ($101.17 in chips) 
Seat 2: neirfyS ($106.70 in chips) 
Seat 3: kledpro101 ($46.14 in chips) 
Seat 4: YeeesMan ($101.50 in chips) 
Seat 5: Jt0709 ($41.41 in chips) 
Seat 6: easy_sarcasm ($100 in chips) 
neirfyS: posts small blind $0.50
kledpro101: posts big blind $1
*** HOLE CARDS ***
YeeesMan: folds 
Jt0709: folds 
easy_sarcasm: raises $2 to $3
Iseedora: folds 
neirfyS: folds 
kledpro101: folds 
Uncalled bet ($2) returned to easy_sarcasm
easy_sarcasm collected $2.50 from pot
*** SUMMARY ***
Total pot $2.50 | Rake $0 
Seat 1: Iseedora (button) folded before Flop (didn't bet)
Seat 2: neirfyS (small blind) folded before Flop
Seat 3: kledpro101 (big blind) folded before Flop
Seat 4: YeeesMan folded before Flop (didn't bet)
Seat 5: Jt0709 folded before Flop (didn't bet)
Seat 6: easy_sarcasm collected ($2.50)



PokerStars Hand #254438665042:  Hold'em No Limit ($0.50/$1.00 USD) - 2025/01/18 22:10:01 WET [2025/01/18 17:10:01 ET]
Table 'Thekla III' 6-max Seat #2 is the button
Seat 1: Iseedora ($101.17 in chips) 
Seat 2: neirfyS ($106.20 in chips) 
Seat 3: kledpro101 ($45.14 in chips) 
Seat 4: YeeesMan ($101.50 in chips) 
Seat 5: Jt0709 ($41.41 in chips) 
Seat 6: easy_sarcasm ($101.50 in chips) 
kledpro101: posts small blind $0.50
YeeesMan: posts big blind $1
*** HOLE CARDS ***
Jt0709: raises $2.50 to $3.50
easy_sarcasm: folds 
Iseedora: folds 
neirfyS: folds 
kledpro101: folds 
YeeesMan: folds 
Uncalled bet ($2.50) returned to Jt0709
Jt0709 collected $2.50 from pot
*** SUMMARY ***
Total pot $2.50 | Rake $0 
Seat 1: Iseedora folded before Flop (didn't bet)
Seat 2: neirfyS (button) folded before Flop (didn't bet)
Seat 3: kledpro101 (small blind) folded before Flop
Seat 4: YeeesMan (big blind) folded before Flop
Seat 5: Jt0709 collected ($2.50)
Seat 6: easy_sarcasm folded before Flop (didn't bet)



PokerStars Hand #254438669619:  Hold'em No Limit ($0.50/$1.00 USD) - 2025/01/18 22:10:17 WET [2025/01/18 17:10:17 ET]
Table 'Thekla III' 6-max Seat #3 is the button
Seat 1: Iseedora ($101.17 in chips) 
Seat 2: neirfyS ($106.20 in chips) 
Seat 3: kledpro101 ($44.64 in chips) 
Seat 4: YeeesMan ($100.50 in chips) 
Seat 5: Jt0709 ($42.91 in chips) 
Seat 6: easy_sarcasm ($101.50 in chips) 
YeeesMan: posts small blind $0.50
Jt0709: posts big blind $1
*** HOLE CARDS ***
easy_sarcasm: raises $2 to $3
Iseedora: folds 
neirfyS: folds 
kledpro101: folds 
YeeesMan: folds 
Jt0709: folds 
Uncalled bet ($2) returned to easy_sarcasm
easy_sarcasm collected $2.50 from pot
*** SUMMARY ***
Total pot $2.50 | Rake $0 
Seat 1: Iseedora folded before Flop (didn't bet)
Seat 2: neirfyS folded before Flop (didn't bet)
Seat 3: kledpro101 (button) folded before Flop (didn't bet)
Seat 4: YeeesMan (small blind) folded before Flop
Seat 5: Jt0709 (big blind) folded before Flop
Seat 6: easy_sarcasm collected ($2.50)



PokerStars Hand #254438675127:  Hold'em No Limit ($0.50/$1.00 USD) - 2025/01/18 22:10:36 WET [2025/01/18 17:10:36 ET]
Table 'Thekla III' 6-max Seat #4 is the button
Seat 1: Iseedora ($101.17 in chips) 
Seat 2: neirfyS ($106.20 in chips) 
Seat 3: kledpro101 ($44.64 in chips) 
Seat 4: YeeesMan ($100 in chips) 
Seat 5: Jt0709 ($41.91 in chips) 
Seat 6: easy_sarcasm ($103 in chips) 
Jt0709: posts small blind $0.50
easy_sarcasm: posts big blind $1
*** HOLE CARDS ***
Iseedora: folds 
neirfyS: folds 
kledpro101: folds 
YeeesMan: raises $1.50 to $2.50
Jt0709: folds 
easy_sarcasm: folds 
Uncalled bet ($1.50) returned to YeeesMan
YeeesMan collected $2.50 from pot
YeeesMan: doesn't show hand 
*** SUMMARY ***
Total pot $2.50 | Rake $0 
Seat 1: Iseedora folded before Flop (didn't bet)
Seat 2: neirfyS folded before Flop (didn't bet)
Seat 3: kledpro101 folded before Flop (didn't bet)
Seat 4: YeeesMan (button) collected ($2.50)
Seat 5: Jt0709 (small blind) folded before Flop
Seat 6: easy_sarcasm (big blind) folded before Flop



PokerStars Hand #254438678785:  Hold'em No Limit ($0.50/$1.00 USD) - 2025/01/18 22:10:48 WET [2025/01/18 17:10:48 ET]
Table 'Thekla III' 6-max Seat #5 is the button
Seat 1: Iseedora ($101.17 in chips) 
Seat 2: neirfyS ($106.20 in chips) 
Seat 3: kledpro101 ($44.64 in chips) 
Seat 4: YeeesMan ($101.50 in chips) 
Seat 5: Jt0709 ($41.41 in chips) 
Seat 6: easy_sarcasm ($102 in chips) 
easy_sarcasm: posts small blind $0.50
Iseedora: posts big blind $1
*** HOLE CARDS ***
neirfyS: raises $1.15 to $2.15
kledpro101: folds 
YeeesMan: folds 
Jt0709: folds 
easy_sarcasm: folds 
Iseedora: folds 
Uncalled bet ($1.15) returned to neirfyS
neirfyS collected $2.50 from pot
neirfyS: doesn't show hand 
*** SUMMARY ***
Total pot $2.50 | Rake $0 
Seat 1: Iseedora (big blind) folded before Flop
Seat 2: neirfyS collected ($2.50)
Seat 3: kledpro101 folded before Flop (didn't bet)
Seat 4: YeeesMan folded before Flop (didn't bet)
Seat 5: Jt0709 (button) folded before Flop (didn't bet)
Seat 6: easy_sarcasm (small blind) folded before Flop



PokerStars Hand #254438686552:  Hold'em No Limit ($0.50/$1.00 USD) - 2025/01/18 22:11:14 WET [2025/01/18 17:11:14 ET]
Table 'Thekla III' 6-max Seat #6 is the button
Seat 1: Iseedora ($100.17 in chips) 
Seat 2: neirfyS ($107.70 in chips) 
Seat 3: kledpro101 ($44.64 in chips) 
Seat 4: YeeesMan ($101.50 in chips) 
Seat 5: Jt0709 ($41.41 in chips) 
Seat 6: easy_sarcasm ($101.50 in chips) 
Iseedora: posts small blind $0.50
neirfyS: posts big blind $1
*** HOLE CARDS ***
kledpro101: folds 
YeeesMan: raises $1.50 to $2.50
Jt0709: folds 
easy_sarcasm: folds 
Iseedora: folds 
neirfyS: raises $9.50 to $12
YeeesMan: folds 
Uncalled bet ($9.50) returned to neirfyS
neirfyS collected $5.50 from pot
neirfyS: doesn't show hand 
*** SUMMARY ***
Total pot $5.50 | Rake $0 
Seat 1: Iseedora (small blind) folded before Flop
Seat 2: neirfyS (big blind) collected ($5.50)
Seat 3: kledpro101 folded before Flop (didn't bet)
Seat 4: YeeesMan folded before Flop
Seat 5: Jt0709 folded before Flop (didn't bet)
Seat 6: easy_sarcasm (button) folded before Flop (didn't bet)



PokerStars Hand #254438698025:  Hold'em No Limit ($0.50/$1.00 USD) - 2025/01/18 22:11:54 WET [2025/01/18 17:11:54 ET]
Table 'Thekla III' 6-max Seat #1 is the button
Seat 1: Iseedora ($100 in chips) 
Seat 2: neirfyS ($110.70 in chips) 
Seat 3: kledpro101 ($44.64 in chips) 
Seat 4: YeeesMan ($100 in chips) 
Seat 5: Jt0709 ($41.41 in chips) 
Seat 6: easy_sarcasm ($101.50 in chips) 
neirfyS: posts small blind $0.50
kledpro101: posts big blind $1
*** HOLE CARDS ***
YeeesMan: raises $1.50 to $2.50
Jt0709: folds 
easy_sarcasm: folds 
Iseedora: folds 
neirfyS: folds 
kledpro101: calls $1.50
*** FLOP *** [2h 8c 3h]
kledpro101: checks 
YeeesMan: bets $3.92
kledpro101: raises $3.92 to $7.84
YeeesMan: raises $10.68 to $18.52
kledpro101: calls $10.68
*** TURN *** [2h 8c 3h] [Kc]
kledpro101: bets $23.62 and is all-in
YeeesMan: calls $23.62
*** RIVER *** [2h 8c 3h Kc] [3c]
*** SHOW DOWN ***
kledpro101: shows [6c 9c] (a flush, King high)
YeeesMan: shows [Qs Qc] (two pair, Queens and Threes)
kledpro101 collected $86.66 from pot
*** SUMMARY ***
Total pot $89.78 | Rake $3.12 
Board [2h 8c 3h Kc 3c]
Seat 1: Iseedora (button) folded before Flop (didn't bet)
Seat 2: neirfyS (small blind) folded before Flop
Seat 3: kledpro101 (big blind) showed [6c 9c] and won ($86.66) with a flush, King high
Seat 4: YeeesMan showed [Qs Qc] and lost with two pair, Queens and Threes
Seat 5: Jt0709 folded before Flop (didn't bet)
Seat 6: easy_sarcasm folded before Flop (didn't bet)



PokerStars Hand #254438711371:  Hold'em No Limit ($0.50/$1.00 USD) - 2025/01/18 22:12:39 WET [2025/01/18 17:12:39 ET]
Table 'Thekla III' 6-max Seat #2 is the button
Seat 1: Iseedora ($100 in chips) 
Seat 2: neirfyS ($110.20 in chips) 
Seat 3: kledpro101 ($86.66 in chips) 
Seat 4: YeeesMan ($100 in chips) 
Seat 5: Jt0709 ($41.41 in chips) 
Seat 6: easy_sarcasm ($101.50 in chips) 
kledpro101: posts small blind $0.50
YeeesMan: posts big blind $1
*** HOLE CARDS ***
Jt0709: raises $2 to $3
easy_sarcasm: folds 
Iseedora: folds 
neirfyS: folds 
kledpro101: folds 
YeeesMan: folds 
Uncalled bet ($2) returned to Jt0709
Jt0709 collected $2.50 from pot
*** SUMMARY ***
Total pot $2.50 | Rake $0 
Seat 1: Iseedora folded before Flop (didn't bet)
Seat 2: neirfyS (button) folded before Flop (didn't bet)
Seat 3: kledpro101 (small blind) folded before Flop
Seat 4: YeeesMan (big blind) folded before Flop
Seat 5: Jt0709 collected ($2.50)
Seat 6: easy_sarcasm folded before Flop (didn't bet)



PokerStars Hand #254438715556:  Hold'em No Limit ($0.50/$1.00 USD) - 2025/01/18 22:12:54 WET [2025/01/18 17:12:54 ET]
Table 'Thekla III' 6-max Seat #3 is the button
Seat 1: Iseedora ($100 in chips) 
Seat 2: neirfyS ($110.20 in chips) 
Seat 3: kledpro101 ($86.16 in chips) 
Seat 4: YeeesMan ($100 in chips) 
Seat 5: Jt0709 ($42.91 in chips) 
Seat 6: easy_sarcasm ($101.50 in chips) 
YeeesMan: posts small blind $0.50
Jt0709: posts big blind $1
*** HOLE CARDS ***
easy_sarcasm: raises $2 to $3
Iseedora: folds 
neirfyS: folds 
kledpro101: folds 
YeeesMan: folds 
Jt0709: folds 
Uncalled bet ($2) returned to easy_sarcasm
easy_sarcasm collected $2.50 from pot
*** SUMMARY ***
Total pot $2.50 | Rake $0 
Seat 1: Iseedora folded before Flop (didn't bet)
Seat 2: neirfyS folded before Flop (didn't bet)
Seat 3: kledpro101 (button) folded before Flop (didn't bet)
Seat 4: YeeesMan (small blind) folded before Flop
Seat 5: Jt0709 (big blind) folded before Flop
Seat 6: easy_sarcasm collected ($2.50)



PokerStars Hand #254438720318:  Hold'em No Limit ($0.50/$1.00 USD) - 2025/01/18 22:13:10 WET [2025/01/18 17:13:10 ET]
Table 'Thekla III' 6-max Seat #4 is the button
Seat 6: easy_sarcasm ($103 in chips) is sitting out
Seat 1: Iseedora ($100 in chips) 
Seat 2: neirfyS ($110.20 in chips) 
Seat 3: kledpro101 ($86.16 in chips) 
Seat 4: YeeesMan ($100 in chips) 
Seat 5: Jt0709 ($41.91 in chips) 
Jt0709: posts small blind $0.50
Iseedora: posts big blind $1
*** HOLE CARDS ***
easy_sarcasm leaves the table
neirfyS: folds 
kledpro101: calls $1
YeeesMan: folds 
Jt0709: folds 
nikalas22 joins the table at seat #6 
Iseedora: checks 
*** FLOP *** [9s 3c Ks]
Iseedora: checks 
kledpro101: bets $1.19
Iseedora: calls $1.19
*** TURN *** [9s 3c Ks] [8h]
Iseedora: checks 
kledpro101: bets $4.64
Iseedora: folds 
Uncalled bet ($4.64) returned to kledpro101
kledpro101 collected $4.58 from pot
*** SUMMARY ***
Total pot $4.88 | Rake $0.30 
Board [9s 3c Ks 8h]
Seat 6: easy_sarcasm
Seat 1: Iseedora (big blind) folded on the Turn
Seat 2: neirfyS folded before Flop (didn't bet)
Seat 3: kledpro101 collected ($4.58)
Seat 4: YeeesMan (button) folded before Flop (didn't bet)
Seat 5: Jt0709 (small blind) folded before Flop



PokerStars Hand #254438732670:  Hold'em No Limit ($0.50/$1.00 USD) - 2025/01/18 22:13:52 WET [2025/01/18 17:13:52 ET]
Table 'Thekla III' 6-max Seat #5 is the button
Seat 6: nikalas22 ($100 in chips) is sitting out
Seat 1: Iseedora ($100 in chips) 
Seat 2: neirfyS ($110.20 in chips) 
Seat 3: kledpro101 ($88.55 in chips) 
Seat 4: YeeesMan ($100 in chips) 
Seat 5: Jt0709 ($41.41 in chips) 
Iseedora: posts small blind $0.50
neirfyS: posts big blind $1
*** HOLE CARDS ***
kledpro101: folds 
YeeesMan: folds 
Jt0709: folds 
Iseedora: folds 
Uncalled bet ($0.50) returned to neirfyS
neirfyS collected $1 from pot
neirfyS: doesn't show hand 
*** SUMMARY ***
Total pot $1 | Rake $0 
Seat 6: nikalas22
Seat 1: Iseedora (small blind) folded before Flop
Seat 2: neirfyS (big blind) collected ($1)
Seat 3: kledpro101 folded before Flop (didn't bet)
Seat 4: YeeesMan folded before Flop (didn't bet)
Seat 5: Jt0709 (button) folded before Flop (didn't bet)



PokerStars Hand #254438739933:  Hold'em No Limit ($0.50/$1.00 USD) - 2025/01/18 22:14:17 WET [2025/01/18 17:14:17 ET]
Table 'Thekla III' 6-max Seat #1 is the button
Seat 6: nikalas22 ($100 in chips) is sitting out
Seat 1: Iseedora ($100 in chips) 
Seat 2: neirfyS ($110.70 in chips) 
Seat 3: kledpro101 ($88.55 in chips) 
Seat 4: YeeesMan ($100 in chips) 
Seat 5: Jt0709 ($41.41 in chips) 
neirfyS: posts small blind $0.50
kledpro101: posts big blind $1
nikalas22: sits out 
*** HOLE CARDS ***
YeeesMan: folds 
Jt0709: folds 
Iseedora: raises $1.50 to $2.50
neirfyS: folds 
kledpro101: calls $1.50
*** FLOP *** [Js 3c 5s]
kledpro101: bets $5.22
Iseedora: folds 
Uncalled bet ($5.22) returned to kledpro101
kledpro101 collected $5.15 from pot
*** SUMMARY ***
Total pot $5.50 | Rake $0.35 
Board [Js 3c 5s]
Seat 6: nikalas22
Seat 1: Iseedora (button) folded on the Flop
Seat 2: neirfyS (small blind) folded before Flop
Seat 3: kledpro101 (big blind) collected ($5.15)
Seat 4: YeeesMan folded before Flop (didn't bet)
Seat 5: Jt0709 folded before Flop (didn't bet)



PokerStars Hand #254438748088:  Hold'em No Limit ($0.50/$1.00 USD) - 2025/01/18 22:14:45 WET [2025/01/18 17:14:45 ET]
Table 'Thekla III' 6-max Seat #2 is the button
Seat 6: nikalas22 ($100 in chips) is sitting out
Seat 1: Iseedora ($100 in chips) 
Seat 2: neirfyS ($110.20 in chips) 
Seat 3: kledpro101 ($91.20 in chips) 
Seat 4: YeeesMan ($100 in chips) 
Seat 5: Jt0709 ($41.41 in chips) 
kledpro101: posts small blind $0.50
YeeesMan: posts big blind $1
nikalas22: sits out 
*** HOLE CARDS ***
Jt0709: raises $3 to $4
Iseedora: folds 
neirfyS: folds 
kledpro101: folds 
YeeesMan: folds 
Uncalled bet ($3) returned to Jt0709
Jt0709 collected $2.50 from pot
*** SUMMARY ***
Total pot $2.50 | Rake $0 
Seat 6: nikalas22
Seat 1: Iseedora folded before Flop (didn't bet)
Seat 2: neirfyS (button) folded before Flop (didn't bet)
Seat 3: kledpro101 (small blind) folded before Flop
Seat 4: YeeesMan (big blind) folded before Flop
Seat 5: Jt0709 collected ($2.50)



PokerStars Hand #254438756293:  Hold'em No Limit ($0.50/$1.00 USD) - 2025/01/18 22:15:13 WET [2025/01/18 17:15:13 ET]
Table 'Thekla III' 6-max Seat #3 is the button
Seat 6: nikalas22 ($100 in chips) is sitting out
Seat 1: Iseedora ($100 in chips) 
Seat 2: neirfyS ($110.20 in chips) 
Seat 3: kledpro101 ($90.70 in chips) 
Seat 4: YeeesMan ($100 in chips) 
Seat 5: Jt0709 ($42.91 in chips) 
YeeesMan: posts small blind $0.50
Jt0709: posts big blind $1
nikalas22: sits out 
*** HOLE CARDS ***
Iseedora: raises $1.20 to $2.20
neirfyS: folds 
kledpro101: folds 
YeeesMan: folds 
Jt0709: calls $1.20
*** FLOP *** [Kc Ts 3h]
Jt0709: bets $3
Iseedora: calls $3
*** TURN *** [Kc Ts 3h] [9d]
Jt0709: checks 
Iseedora: bets $5.18
Jt0709: folds 
Uncalled bet ($5.18) returned to Iseedora
Iseedora collected $10.36 from pot
Iseedora: doesn't show hand 
*** SUMMARY ***
Total pot $10.90 | Rake $0.54 
Board [Kc Ts 3h 9d]
Seat 6: nikalas22
Seat 1: Iseedora collected ($10.36)
Seat 2: neirfyS folded before Flop (didn't bet)
Seat 3: kledpro101 (button) folded before Flop (didn't bet)
Seat 4: YeeesMan (small blind) folded before Flop
Seat 5: Jt0709 (big blind) folded on the Turn



PokerStars Hand #254438769563:  Hold'em No Limit ($0.50/$1.00 USD) - 2025/01/18 22:15:58 WET [2025/01/18 17:15:58 ET]
Table 'Thekla III' 6-max Seat #4 is the button
Seat 1: Iseedora ($105.16 in chips) 
Seat 2: neirfyS ($110.20 in chips) 
Seat 3: kledpro101 ($90.70 in chips) 
Seat 4: YeeesMan ($100 in chips) 
Seat 5: Jt0709 ($37.71 in chips) 
Seat 6: nikalas22 ($100 in chips) 
Jt0709: posts small blind $0.50
nikalas22: posts big blind $1
*** HOLE CARDS ***
Iseedora: folds 
neirfyS: raises $1.20 to $2.20
kledpro101: folds 
YeeesMan: folds 
Jt0709: calls $1.70
nikalas22: folds 
*** FLOP *** [Th 2s Tc]
Jt0709: checks 
neirfyS: bets $1.71
Jt0709: folds 
Uncalled bet ($1.71) returned to neirfyS
neirfyS collected $5.13 from pot
neirfyS: doesn't show hand 
*** SUMMARY ***
Total pot $5.40 | Rake $0.27 
Board [Th 2s Tc]
Seat 1: Iseedora folded before Flop (didn't bet)
Seat 2: neirfyS collected ($5.13)
Seat 3: kledpro101 folded before Flop (didn't bet)
Seat 4: YeeesMan (button) folded before Flop (didn't bet)
Seat 5: Jt0709 (small blind) folded on the Flop
Seat 6: nikalas22 (big blind) folded before Flop



PokerStars Hand #254438781296:  Hold'em No Limit ($0.50/$1.00 USD) - 2025/01/18 22:16:38 WET [2025/01/18 17:16:38 ET]
Table 'Thekla III' 6-max Seat #5 is the button
Seat 1: Iseedora ($105.16 in chips) 
Seat 2: neirfyS ($113.13 in chips) 
Seat 3: kledpro101 ($90.70 in chips) 
Seat 4: YeeesMan ($100 in chips) 
Seat 5: Jt0709 ($35.51 in chips) 
Seat 6: nikalas22 ($100 in chips) 
nikalas22: posts small blind $0.50
Iseedora: posts big blind $1
*** HOLE CARDS ***
neirfyS: folds 
kledpro101: folds 
YeeesMan: raises $1.50 to $2.50
Jt0709: folds 
nikalas22: folds 
Iseedora: folds 
Uncalled bet ($1.50) returned to YeeesMan
YeeesMan collected $2.50 from pot
YeeesMan: doesn't show hand 
*** SUMMARY ***
Total pot $2.50 | Rake $0 
Seat 1: Iseedora (big blind) folded before Flop
Seat 2: neirfyS folded before Flop (didn't bet)
Seat 3: kledpro101 folded before Flop (didn't bet)
Seat 4: YeeesMan collected ($2.50)
Seat 5: Jt0709 (button) folded before Flop (didn't bet)
Seat 6: nikalas22 (small blind) folded before Flop



PokerStars Hand #254438785679:  Hold'em No Limit ($0.50/$1.00 USD) - 2025/01/18 22:16:53 WET [2025/01/18 17:16:53 ET]
Table 'Thekla III' 6-max Seat #6 is the button
Seat 1: Iseedora ($104.16 in chips) 
Seat 2: neirfyS ($113.13 in chips) 
Seat 3: kledpro101 ($90.70 in chips) 
Seat 4: YeeesMan ($101.50 in chips) 
Seat 5: Jt0709 ($35.51 in chips) 
Seat 6: nikalas22 ($100 in chips) 
Iseedora: posts small blind $0.50
neirfyS: posts big blind $1
*** HOLE CARDS ***
kledpro101: folds 
YeeesMan: folds 
Jt0709: raises $34.51 to $35.51 and is all-in
nikalas22: folds 
Iseedora: folds 
neirfyS: folds 
Uncalled bet ($34.51) returned to Jt0709
Jt0709 collected $2.50 from pot
*** SUMMARY ***
Total pot $2.50 | Rake $0 
Seat 1: Iseedora (small blind) folded before Flop
Seat 2: neirfyS (big blind) folded before Flop
Seat 3: kledpro101 folded before Flop (didn't bet)
Seat 4: YeeesMan folded before Flop (didn't bet)
Seat 5: Jt0709 collected ($2.50)
Seat 6: nikalas22 (button) folded before Flop (didn't bet)



PokerStars Hand #254438793365:  Hold'em No Limit ($0.50/$1.00 USD) - 2025/01/18 22:17:19 WET [2025/01/18 17:17:19 ET]
Table 'Thekla III' 6-max Seat #1 is the button
Seat 1: Iseedora ($103.66 in chips) 
Seat 2: neirfyS ($112.13 in chips) 
Seat 3: kledpro101 ($90.70 in chips) 
Seat 4: YeeesMan ($101.50 in chips) 
Seat 5: Jt0709 ($37.01 in chips) 
Seat 6: nikalas22 ($100 in chips) 
neirfyS: posts small blind $0.50
kledpro101: posts big blind $1
*** HOLE CARDS ***
YeeesMan: folds 
Jt0709: raises $2.50 to $3.50
nikalas22: folds 
Iseedora: folds 
neirfyS: folds 
kledpro101: calls $2.50
*** FLOP *** [3s Kh 5d]
kledpro101: checks 
Jt0709: checks 
*** TURN *** [3s Kh 5d] [4d]
kledpro101: bets $3.56
Jt0709: raises $6.56 to $10.12
kledpro101: raises $6.56 to $16.68
Jt0709: raises $16.83 to $33.51 and is all-in
kledpro101: calls $16.83
*** RIVER *** [3s Kh 5d 4d] [Qc]
*** SHOW DOWN ***
kledpro101: shows [As 2s] (a straight, Ace to Five)
Jt0709: shows [Qh Ks] (two pair, Kings and Queens)
kledpro101 collected $71.40 from pot
*** SUMMARY ***
Total pot $74.52 | Rake $3.12 
Board [3s Kh 5d 4d Qc]
Seat 1: Iseedora (button) folded before Flop (didn't bet)
Seat 2: neirfyS (small blind) folded before Flop
Seat 3: kledpro101 (big blind) showed [As 2s] and won ($71.40) with a straight, Ace to Five
Seat 4: YeeesMan folded before Flop (didn't bet)
Seat 5: Jt0709 showed [Qh Ks] and lost with two pair, Kings and Queens
Seat 6: nikalas22 folded before Flop (didn't bet)



PokerStars Hand #254438809903:  Hold'em No Limit ($0.50/$1.00 USD) - 2025/01/18 22:18:16 WET [2025/01/18 17:18:16 ET]
Table 'Thekla III' 6-max Seat #2 is the button
Seat 5: Jt0709 ($0 in chips) is sitting out
Seat 1: Iseedora ($103.66 in chips) 
Seat 2: neirfyS ($111.63 in chips) 
Seat 3: kledpro101 ($125.09 in chips) 
Seat 4: YeeesMan ($101.50 in chips) 
Seat 6: nikalas22 ($100 in chips) 
kledpro101: posts small blind $0.50
YeeesMan: posts big blind $1
*** HOLE CARDS ***
nikalas22: folds 
Iseedora: raises $1.50 to $2.50
neirfyS: folds 
kledpro101: folds 
YeeesMan: folds 
Uncalled bet ($1.50) returned to Iseedora
Jt0709 is disconnected 
Iseedora collected $2.50 from pot
Iseedora: doesn't show hand 
*** SUMMARY ***
Total pot $2.50 | Rake $0 
Seat 5: Jt0709
Seat 1: Iseedora collected ($2.50)
Seat 2: neirfyS (button) folded before Flop (didn't bet)
Seat 3: kledpro101 (small blind) folded before Flop
Seat 4: YeeesMan (big blind) folded before Flop
Seat 6: nikalas22 folded before Flop (didn't bet)



PokerStars Hand #254438817870:  Hold'em No Limit ($0.50/$1.00 USD) - 2025/01/18 22:18:43 WET [2025/01/18 17:18:43 ET]
Table 'Thekla III' 6-max Seat #3 is the button
Seat 5: Jt0709 ($0 in chips) is sitting out
Seat 1: Iseedora ($105.16 in chips) 
Seat 2: neirfyS ($111.63 in chips) 
Seat 3: kledpro101 ($124.59 in chips) 
Seat 4: YeeesMan ($100.50 in chips) 
Seat 6: nikalas22 ($100 in chips) 
YeeesMan: posts small blind $0.50
nikalas22: posts big blind $1
*** HOLE CARDS ***
Iseedora: folds 
neirfyS: folds 
kledpro101: folds 
YeeesMan: folds 
Uncalled bet ($0.50) returned to nikalas22
nikalas22 collected $1 from pot
nikalas22: doesn't show hand 
*** SUMMARY ***
Total pot $1 | Rake $0 
Seat 5: Jt0709
Seat 1: Iseedora folded before Flop (didn't bet)
Seat 2: neirfyS folded before Flop (didn't bet)
Seat 3: kledpro101 (button) folded before Flop (didn't bet)
Seat 4: YeeesMan (small blind) folded before Flop
Seat 6: nikalas22 (big blind) collected ($1)



PokerStars Hand #254438824129:  Hold'em No Limit ($0.50/$1.00 USD) - 2025/01/18 22:19:04 WET [2025/01/18 17:19:04 ET]
Table 'Thekla III' 6-max Seat #4 is the button
Seat 5: Jt0709 ($0 in chips) is sitting out
Seat 1: Iseedora ($105.16 in chips) 
Seat 2: neirfyS ($111.63 in chips) 
Seat 3: kledpro101 ($124.59 in chips) 
Seat 4: YeeesMan ($100 in chips) 
Seat 6: nikalas22 ($100.50 in chips) 
nikalas22: posts small blind $0.50
Iseedora: posts big blind $1
*** HOLE CARDS ***
neirfyS: folds 
kledpro101: folds 
YeeesMan: folds 
nikalas22: folds 
Uncalled bet ($0.50) returned to Iseedora
Iseedora collected $1 from pot
Iseedora: doesn't show hand 
*** SUMMARY ***
Total pot $1 | Rake $0 
Seat 5: Jt0709
Seat 1: Iseedora (big blind) collected ($1)
Seat 2: neirfyS folded before Flop (didn't bet)
Seat 3: kledpro101 folded before Flop (didn't bet)
Seat 4: YeeesMan (button) folded before Flop (didn't bet)
Seat 6: nikalas22 (small blind) folded before Flop



PokerStars Hand #254438829680:  Hold'em No Limit ($0.50/$1.00 USD) - 2025/01/18 22:19:23 WET [2025/01/18 17:19:23 ET]
Table 'Thekla III' 6-max Seat #6 is the button
Seat 5: Jt0709 ($0 in chips) is sitting out
Seat 1: Iseedora ($105.66 in chips) 
Seat 2: neirfyS ($111.63 in chips) 
Seat 3: kledpro101 ($124.59 in chips) 
Seat 4: YeeesMan ($100 in chips) 
Seat 6: nikalas22 ($100 in chips) 
Iseedora: posts small blind $0.50
neirfyS: posts big blind $1
*** HOLE CARDS ***
kledpro101: folds 
YeeesMan: folds 
nikalas22: folds 
Iseedora: folds 
Uncalled bet ($0.50) returned to neirfyS
neirfyS collected $1 from pot
neirfyS: doesn't show hand 
*** SUMMARY ***
Total pot $1 | Rake $0 
Seat 5: Jt0709
Seat 1: Iseedora (small blind) folded before Flop
Seat 2: neirfyS (big blind) collected ($1)
Seat 3: kledpro101 folded before Flop (didn't bet)
Seat 4: YeeesMan folded before Flop (didn't bet)
Seat 6: nikalas22 (button) folded before Flop (didn't bet)



PokerStars Hand #254438834698:  Hold'em No Limit ($0.50/$1.00 USD) - 2025/01/18 22:19:40 WET [2025/01/18 17:19:40 ET]
Table 'Thekla III' 6-max Seat #1 is the button
Seat 5: Jt0709 ($0 in chips) is sitting out
Seat 1: Iseedora ($105.16 in chips) 
Seat 2: neirfyS ($112.13 in chips) 
Seat 3: kledpro101 ($124.59 in chips) 
Seat 4: YeeesMan ($100 in chips) 
Seat 6: nikalas22 ($100 in chips) 
neirfyS: posts small blind $0.50
kledpro101: posts big blind $1
*** HOLE CARDS ***
YeeesMan: raises $1.50 to $2.50
nikalas22: raises $5.50 to $8
Iseedora: folds 
neirfyS: folds 
kledpro101: folds 
YeeesMan: raises $16 to $24
nikalas22: raises $76 to $100 and is all-in
YeeesMan: folds 
Uncalled bet ($76) returned to nikalas22
nikalas22 collected $49.50 from pot
nikalas22: doesn't show hand 
*** SUMMARY ***
Total pot $49.50 | Rake $0 
Seat 5: Jt0709
Seat 1: Iseedora (button) folded before Flop (didn't bet)
Seat 2: neirfyS (small blind) folded before Flop
Seat 3: kledpro101 (big blind) folded before Flop
Seat 4: YeeesMan folded before Flop
Seat 6: nikalas22 collected ($49.50)



PokerStars Hand #254438847487:  Hold'em No Limit ($0.50/$1.00 USD) - 2025/01/18 22:20:25 WET [2025/01/18 17:20:25 ET]
Table 'Thekla III' 6-max Seat #2 is the button
Seat 5: Jt0709 ($0 in chips) is sitting out
Seat 1: Iseedora ($105.16 in chips) 
Seat 2: neirfyS ($111.63 in chips) 
Seat 3: kledpro101 ($123.59 in chips) 
Seat 4: YeeesMan ($100 in chips) 
Seat 6: nikalas22 ($125.50 in chips) 
kledpro101: posts small blind $0.50
YeeesMan: posts big blind $1
*** HOLE CARDS ***
nikalas22: folds 
Iseedora: folds 
neirfyS: raises $1.40 to $2.40
kledpro101: calls $1.90
YeeesMan: calls $1.40
*** FLOP *** [Kc 3s 2d]
kledpro101: checks 
YeeesMan: checks 
neirfyS: checks 
*** TURN *** [Kc 3s 2d] [8s]
kledpro101: checks 
YeeesMan: checks 
neirfyS: bets $2.28
kledpro101: calls $2.28
YeeesMan: folds 
*** RIVER *** [Kc 3s 2d 8s] [Ks]
kledpro101: checks 
neirfyS: bets $3.72
kledpro101: calls $3.72
*** SHOW DOWN ***
neirfyS: shows [9d Kh] (three of a kind, Kings)
kledpro101: mucks hand 
neirfyS collected $18.24 from pot
*** SUMMARY ***
Total pot $19.20 | Rake $0.96 
Board [Kc 3s 2d 8s Ks]
Seat 5: Jt0709
Seat 1: Iseedora folded before Flop (didn't bet)
Seat 2: neirfyS (button) showed [9d Kh] and won ($18.24) with three of a kind, Kings
Seat 3: kledpro101 (small blind) mucked
Seat 4: YeeesMan (big blind) folded on the Turn
Seat 6: nikalas22 folded before Flop (didn't bet)



PokerStars Hand #254438867586:  Hold'em No Limit ($0.50/$1.00 USD) - 2025/01/18 22:21:33 WET [2025/01/18 17:21:33 ET]
Table 'Thekla III' 6-max Seat #3 is the button
Seat 5: Jt0709 ($0 in chips) is sitting out
Seat 1: Iseedora ($105.16 in chips) 
Seat 2: neirfyS ($121.47 in chips) 
Seat 3: kledpro101 ($115.19 in chips) 
Seat 4: YeeesMan ($100 in chips) 
Seat 6: nikalas22 ($125.50 in chips) 
YeeesMan: posts small blind $0.50
nikalas22: posts big blind $1
*** HOLE CARDS ***
Iseedora: folds 
neirfyS: folds 
kledpro101: raises $2 to $3
YeeesMan: raises $8 to $11
nikalas22: folds 
kledpro101: calls $8
*** FLOP *** [Kc 7c Jc]
YeeesMan: bets $7.21
kledpro101: calls $7.21
*** TURN *** [Kc 7c Jc] [9c]
YeeesMan: checks 
kledpro101: checks 
*** RIVER *** [Kc 7c Jc 9c] [3h]
YeeesMan: checks 
kledpro101: checks 
*** SHOW DOWN ***
YeeesMan: shows [9d 9s] (three of a kind, Nines)
kledpro101: mucks hand 
YeeesMan collected $35.55 from pot
*** SUMMARY ***
Total pot $37.42 | Rake $1.87 
Board [Kc 7c Jc 9c 3h]
Seat 5: Jt0709
Seat 1: Iseedora folded before Flop (didn't bet)
Seat 2: neirfyS folded before Flop (didn't bet)
Seat 3: kledpro101 (button) mucked
Seat 4: YeeesMan (small blind) showed [9d 9s] and won ($35.55) with three of a kind, Nines
Seat 6: nikalas22 (big blind) folded before Flop



PokerStars Hand #254438882791:  Hold'em No Limit ($0.50/$1.00 USD) - 2025/01/18 22:22:25 WET [2025/01/18 17:22:25 ET]
Table 'Thekla III' 6-max Seat #4 is the button
Seat 5: Jt0709 ($0 in chips) is sitting out
Seat 1: Iseedora ($105.16 in chips) 
Seat 2: neirfyS ($121.47 in chips) 
Seat 3: kledpro101 ($96.98 in chips) 
Seat 4: YeeesMan ($117.34 in chips) 
Seat 6: nikalas22 ($124.50 in chips) 
nikalas22: posts small blind $0.50
Iseedora: posts big blind $1
*** HOLE CARDS ***
neirfyS: folds 
kledpro101: calls $1
YeeesMan: raises $2.50 to $3.50
nikalas22: folds 
Iseedora: folds 
kledpro101: calls $2.50
*** FLOP *** [9h 8h As]
kledpro101: checks 
YeeesMan: bets $6.06
kledpro101: calls $6.06
*** TURN *** [9h 8h As] [2d]
kledpro101: checks 
YeeesMan: bets $29.38
kledpro101: calls $29.38
*** RIVER *** [9h 8h As 2d] [7s]
kledpro101: bets $58.04 and is all-in
YeeesMan: folds 
Uncalled bet ($58.04) returned to kledpro101
kledpro101 collected $76.26 from pot
*** SUMMARY ***
Total pot $79.38 | Rake $3.12 
Board [9h 8h As 2d 7s]
Seat 5: Jt0709
Seat 1: Iseedora (big blind) folded before Flop
Seat 2: neirfyS folded before Flop (didn't bet)
Seat 3: kledpro101 collected ($76.26)
Seat 4: YeeesMan (button) folded on the River
Seat 6: nikalas22 (small blind) folded before Flop



PokerStars Hand #254438901682:  Hold'em No Limit ($0.50/$1.00 USD) - 2025/01/18 22:23:31 WET [2025/01/18 17:23:31 ET]
Table 'Thekla III' 6-max Seat #6 is the button
Seat 5: Jt0709 ($0 in chips) is sitting out
Seat 1: Iseedora ($104.16 in chips) 
Seat 2: neirfyS ($121.47 in chips) 
Seat 3: kledpro101 ($134.30 in chips) 
Seat 4: YeeesMan ($100 in chips) 
Seat 6: nikalas22 ($124 in chips) 
Iseedora: posts small blind $0.50
neirfyS: posts big blind $1
*** HOLE CARDS ***
kledpro101: calls $1
YeeesMan: folds 
nikalas22: folds 
Iseedora: calls $0.50
neirfyS: checks 
*** FLOP *** [As 6s Jd]
Iseedora: checks 
neirfyS: checks 
kledpro101: checks 
*** TURN *** [As 6s Jd] [7d]
Iseedora: checks 
neirfyS: bets $1
kledpro101: calls $1
Iseedora: calls $1
*** RIVER *** [As 6s Jd 7d] [Qs]
Iseedora: checks 
neirfyS: checks 
kledpro101: checks 
*** SHOW DOWN ***
Iseedora: shows [8c 6c] (a pair of Sixes)
neirfyS: mucks hand 
kledpro101: shows [8d 8s] (a pair of Eights)
kledpro101 collected $5.62 from pot
*** SUMMARY ***
Total pot $6 | Rake $0.38 
Board [As 6s Jd 7d Qs]
Seat 5: Jt0709
Seat 1: Iseedora (small blind) showed [8c 6c] and lost with a pair of Sixes
Seat 2: neirfyS (big blind) mucked
Seat 3: kledpro101 showed [8d 8s] and won ($5.62) with a pair of Eights
Seat 4: YeeesMan folded before Flop (didn't bet)
Seat 6: nikalas22 (button) folded before Flop (didn't bet)



PokerStars Hand #254438922487:  Hold'em No Limit ($0.50/$1.00 USD) - 2025/01/18 22:24:42 WET [2025/01/18 17:24:42 ET]
Table 'Thekla III' 6-max Seat #1 is the button
Seat 5: Jt0709 ($0 in chips) is sitting out
Seat 1: Iseedora ($102.16 in chips) 
Seat 2: neirfyS ($119.47 in chips) 
Seat 3: kledpro101 ($137.92 in chips) 
Seat 4: YeeesMan ($100 in chips) 
Seat 6: nikalas22 ($124 in chips) 
neirfyS: posts small blind $0.50
kledpro101: posts big blind $1
*** HOLE CARDS ***
YeeesMan: folds 
nikalas22: folds 
Iseedora: folds 
neirfyS: raises $2 to $3
kledpro101: folds 
Uncalled bet ($2) returned to neirfyS
neirfyS collected $2 from pot
neirfyS: doesn't show hand 
*** SUMMARY ***
Total pot $2 | Rake $0 
Seat 5: Jt0709
Seat 1: Iseedora (button) folded before Flop (didn't bet)
Seat 2: neirfyS (small blind) collected ($2)
Seat 3: kledpro101 (big blind) folded before Flop
Seat 4: YeeesMan folded before Flop (didn't bet)
Seat 6: nikalas22 folded before Flop (didn't bet)



PokerStars Hand #254438929564:  Hold'em No Limit ($0.50/$1.00 USD) - 2025/01/18 22:25:06 WET [2025/01/18 17:25:06 ET]
Table 'Thekla III' 6-max Seat #2 is the button
Seat 5: Jt0709 ($0 in chips) is sitting out
Seat 1: Iseedora ($102.16 in chips) 
Seat 2: neirfyS ($120.47 in chips) 
Seat 3: kledpro101 ($136.92 in chips) 
Seat 4: YeeesMan ($100 in chips) 
Seat 6: nikalas22 ($124 in chips) 
kledpro101: posts small blind $0.50
YeeesMan: posts big blind $1
*** HOLE CARDS ***
nikalas22: raises $1.50 to $2.50
Iseedora: raises $5 to $7.50
neirfyS: folds 
kledpro101: folds 
YeeesMan: folds 
nikalas22: calls $5
*** FLOP *** [3h Ks Kh]
nikalas22: checks 
Iseedora: checks 
*** TURN *** [3h Ks Kh] [8c]
nikalas22: bets $4.70
Iseedora: calls $4.70
*** RIVER *** [3h Ks Kh 8c] [Ac]
nikalas22: bets $18.45
Iseedora: folds 
Uncalled bet ($18.45) returned to nikalas22
nikalas22 collected $24.60 from pot
nikalas22: doesn't show hand 
*** SUMMARY ***
Total pot $25.90 | Rake $1.30 
Board [3h Ks Kh 8c Ac]
Seat 5: Jt0709
Seat 1: Iseedora folded on the River
Seat 2: neirfyS (button) folded before Flop (didn't bet)
Seat 3: kledpro101 (small blind) folded before Flop
Seat 4: YeeesMan (big blind) folded before Flop
Seat 6: nikalas22 collected ($24.60)



PokerStars Hand #254438948091:  Hold'em No Limit ($0.50/$1.00 USD) - 2025/01/18 22:26:10 WET [2025/01/18 17:26:10 ET]
Table 'Thekla III' 6-max Seat #3 is the button
Seat 5: Jt0709 ($0 in chips) is sitting out
Seat 1: Iseedora ($100 in chips) 
Seat 2: neirfyS ($120.47 in chips) 
Seat 3: kledpro101 ($136.42 in chips) 
Seat 4: YeeesMan ($100 in chips) 
Seat 6: nikalas22 ($136.40 in chips) 
YeeesMan: posts small blind $0.50
nikalas22: posts big blind $1
*** HOLE CARDS ***
Iseedora: folds 
neirfyS: folds 
kledpro101: folds 
Iseedora leaves the table
YeeesMan: raises $2 to $3
nikalas22: raises $6 to $9
YeeesMan: folds 
Uncalled bet ($6) returned to nikalas22
nikalas22 collected $6 from pot
nikalas22: doesn't show hand 
*** SUMMARY ***
Total pot $6 | Rake $0 
Seat 5: Jt0709
Seat 1: Iseedora folded before Flop (didn't bet)
Seat 2: neirfyS folded before Flop (didn't bet)
Seat 3: kledpro101 (button) folded before Flop (didn't bet)
Seat 4: YeeesMan (small blind) folded before Flop
Seat 6: nikalas22 (big blind) collected ($6)



PokerStars Hand #254438955497:  Hold'em No Limit ($0.50/$1.00 USD) - 2025/01/18 22:26:35 WET [2025/01/18 17:26:35 ET]
Table 'Thekla III' 6-max Seat #4 is the button
Seat 5: Jt0709 ($0 in chips) is sitting out
Seat 2: neirfyS ($120.47 in chips) 
Seat 3: kledpro101 ($136.42 in chips) 
Seat 4: YeeesMan ($100 in chips) 
Seat 6: nikalas22 ($139.40 in chips) 
nikalas22: posts small blind $0.50
neirfyS: posts big blind $1
*** HOLE CARDS ***
kledpro101: folds 
YeeesMan: folds 
nikalas22: raises $2 to $3
xxxZeka joins the table at seat #1 
neirfyS: calls $2
*** FLOP *** [6s 4h 2c]
nikalas22: checks 
neirfyS: bets $8.55
nikalas22: folds 
Uncalled bet ($8.55) returned to neirfyS
neirfyS collected $5.70 from pot
neirfyS: doesn't show hand 
*** SUMMARY ***
Total pot $6 | Rake $0.30 
Board [6s 4h 2c]
Seat 5: Jt0709
Seat 2: neirfyS (big blind) collected ($5.70)
Seat 3: kledpro101 folded before Flop (didn't bet)
Seat 4: YeeesMan (button) folded before Flop (didn't bet)
Seat 6: nikalas22 (small blind) folded on the Flop



PokerStars Hand #254438972128:  Hold'em No Limit ($0.50/$1.00 USD) - 2025/01/18 22:27:32 WET [2025/01/18 17:27:32 ET]
Table 'Thekla III' 6-max Seat #6 is the button
Seat 1: xxxZeka ($100 in chips) is sitting out
Seat 5: Jt0709 ($0 in chips) is sitting out
Seat 2: neirfyS ($123.17 in chips) 
Seat 3: kledpro101 ($136.42 in chips) 
Seat 4: YeeesMan ($100 in chips) 
Seat 6: nikalas22 ($136.40 in chips) 
neirfyS: posts small blind $0.50
kledpro101: posts big blind $1
*** HOLE CARDS ***
YeeesMan: folds 
nikalas22: folds 
neirfyS: raises $2 to $3
kledpro101: calls $2
*** FLOP *** [3s Ks 7d]
neirfyS: checks 
kledpro101: checks 
*** TURN *** [3s Ks 7d] [2s]
neirfyS: checks 
kledpro101: checks 
*** RIVER *** [3s Ks 7d 2s] [6d]
neirfyS: checks 
kledpro101: checks 
*** SHOW DOWN ***
neirfyS: shows [Ah 4c] (high card Ace)
kledpro101: shows [Jh 3h] (a pair of Threes)
kledpro101 collected $5.62 from pot
*** SUMMARY ***
Total pot $6 | Rake $0.38 
Board [3s Ks 7d 2s 6d]
Seat 1: xxxZeka
Seat 5: Jt0709
Seat 2: neirfyS (small blind) showed [Ah 4c] and lost with high card Ace
Seat 3: kledpro101 (big blind) showed [Jh 3h] and won ($5.62) with a pair of Threes
Seat 4: YeeesMan folded before Flop (didn't bet)
Seat 6: nikalas22 (button) folded before Flop (didn't bet)



PokerStars Hand #254438979773:  Hold'em No Limit ($0.50/$1.00 USD) - 2025/01/18 22:27:57 WET [2025/01/18 17:27:57 ET]
Table 'Thekla III' 6-max Seat #2 is the button
Seat 1: xxxZeka ($100 in chips) is sitting out
Seat 5: Jt0709 ($0 in chips) is sitting out
Seat 2: neirfyS ($120.17 in chips) 
Seat 3: kledpro101 ($139.04 in chips) 
Seat 4: YeeesMan ($100 in chips) 
Seat 6: nikalas22 ($136.40 in chips) 
kledpro101: posts small blind $0.50
YeeesMan: posts big blind $1
xxxZeka: sits out 
*** HOLE CARDS ***
xxxZeka leaves the table
nikalas22: folds 
neirfyS: folds 
kledpro101: folds 
Uncalled bet ($0.50) returned to YeeesMan
YeeesMan collected $1 from pot
YeeesMan: doesn't show hand 
alexandr699 joins the table at seat #1 
*** SUMMARY ***
Total pot $1 | Rake $0 
Seat 1: xxxZeka
Seat 5: Jt0709
Seat 2: neirfyS (button) folded before Flop (didn't bet)
Seat 3: kledpro101 (small blind) folded before Flop
Seat 4: YeeesMan (big blind) collected ($1)
Seat 6: nikalas22 folded before Flop (didn't bet)



PokerStars Hand #254438984571:  Hold'em No Limit ($0.50/$1.00 USD) - 2025/01/18 22:28:14 WET [2025/01/18 17:28:14 ET]
Table 'Thekla III' 6-max Seat #3 is the button
Seat 1: alexandr699 ($100 in chips) is sitting out
Seat 5: Jt0709 ($0 in chips) is sitting out
Seat 2: neirfyS ($120.17 in chips) 
Seat 3: kledpro101 ($138.54 in chips) 
Seat 4: YeeesMan ($100.50 in chips) 
Seat 6: nikalas22 ($136.40 in chips) 
YeeesMan: posts small blind $0.50
nikalas22: posts big blind $1
alexandr699: sits out 
*** HOLE CARDS ***
neirfyS: folds 
kledpro101: folds 
YeeesMan: raises $2 to $3
nikalas22: raises $6 to $9
Jt0709 leaves the table
YeeesMan: calls $6
*** FLOP *** [7d Ks 9h]
YeeesMan: checks 
nikalas22: bets $5.13
YeeesMan: folds 
Uncalled bet ($5.13) returned to nikalas22
nikalas22 collected $17.10 from pot
nikalas22: doesn't show hand 
tukeiron joins the table at seat #5 
*** SUMMARY ***
Total pot $18 | Rake $0.90 
Board [7d Ks 9h]
Seat 1: alexandr699
Seat 5: Jt0709
Seat 2: neirfyS folded before Flop (didn't bet)
Seat 3: kledpro101 (button) folded before Flop (didn't bet)
Seat 4: YeeesMan (small blind) folded on the Flop
Seat 6: nikalas22 (big blind) collected ($17.10)



PokerStars Hand #254439004982:  Hold'em No Limit ($0.50/$1.00 USD) - 2025/01/18 22:29:25 WET [2025/01/18 17:29:25 ET]
Table 'Thekla III' 6-max Seat #4 is the button
Seat 5: tukeiron ($100 in chips) is sitting out
Seat 1: alexandr699 ($100 in chips) 
Seat 2: neirfyS ($120.17 in chips) 
Seat 3: kledpro101 ($138.54 in chips) 
Seat 4: YeeesMan ($100 in chips) 
Seat 6: nikalas22 ($144.50 in chips) 
nikalas22: posts small blind $0.50
alexandr699: posts big blind $1
*** HOLE CARDS ***
neirfyS: folds 
kledpro101: folds 
YeeesMan: raises $1.50 to $2.50
nikalas22: folds 
alexandr699: calls $1.50
*** FLOP *** [Ad 8d Kh]
alexandr699: checks 
YeeesMan: bets $3.92
alexandr699: folds 
Uncalled bet ($3.92) returned to YeeesMan
YeeesMan collected $5.22 from pot
YeeesMan: doesn't show hand 
*** SUMMARY ***
Total pot $5.50 | Rake $0.28 
Board [Ad 8d Kh]
Seat 5: tukeiron
Seat 1: alexandr699 (big blind) folded on the Flop
Seat 2: neirfyS folded before Flop (didn't bet)
Seat 3: kledpro101 folded before Flop (didn't bet)
Seat 4: YeeesMan (button) collected ($5.22)
Seat 6: nikalas22 (small blind) folded before Flop



PokerStars Hand #254439020901:  Hold'em No Limit ($0.50/$1.00 USD) - 2025/01/18 22:30:20 WET [2025/01/18 17:30:20 ET]
Table 'Thekla III' 6-max Seat #6 is the button
Seat 2: neirfyS ($120.17 in chips) is sitting out
Seat 5: tukeiron ($100 in chips) is sitting out
Seat 1: alexandr699 ($100 in chips) 
Seat 3: kledpro101 ($138.54 in chips) 
Seat 4: YeeesMan ($102.72 in chips) 
Seat 6: nikalas22 ($144 in chips) 
alexandr699: posts small blind $0.50
neirfyS: is sitting out 
kledpro101: posts big blind $1
tukeiron: sits out 
*** HOLE CARDS ***
YeeesMan: folds 
neirfyS leaves the table
nikalas22: folds 
alexandr699: folds 
Uncalled bet ($0.50) returned to kledpro101
kledpro101 collected $1 from pot
xxxZeka joins the table at seat #2 
*** SUMMARY ***
Total pot $1 | Rake $0 
Seat 2: neirfyS
Seat 5: tukeiron
Seat 1: alexandr699 (small blind) folded before Flop
Seat 3: kledpro101 (big blind) collected ($1)
Seat 4: YeeesMan folded before Flop (didn't bet)
Seat 6: nikalas22 (button) folded before Flop (didn't bet)



PokerStars Hand #254439023828:  Hold'em No Limit ($0.50/$1.00 USD) - 2025/01/18 22:30:30 WET [2025/01/18 17:30:30 ET]
Table 'Thekla III' 6-max Seat #1 is the button
Seat 2: xxxZeka ($100 in chips) is sitting out
Seat 5: tukeiron ($100 in chips) is sitting out
Seat 1: alexandr699 ($100 in chips) 
Seat 3: kledpro101 ($139.04 in chips) 
Seat 4: YeeesMan ($102.72 in chips) 
Seat 6: nikalas22 ($144 in chips) 
kledpro101: posts small blind $0.50
YeeesMan: posts big blind $1
tukeiron: sits out 
*** HOLE CARDS ***
nikalas22: folds 
xxxZeka leaves the table
alexandr699: folds 
kledpro101: calls $0.50
YeeesMan: checks 
*** FLOP *** [3c 2s Js]
kledpro101: bets $1.90
YeeesMan: folds 
Uncalled bet ($1.90) returned to kledpro101
kledpro101 collected $1.88 from pot
*** SUMMARY ***
Total pot $2 | Rake $0.12 
Board [3c 2s Js]
Seat 2: xxxZeka
Seat 5: tukeiron
Seat 1: alexandr699 (button) folded before Flop (didn't bet)
Seat 3: kledpro101 (small blind) collected ($1.88)
Seat 4: YeeesMan (big blind) folded on the Flop
Seat 6: nikalas22 folded before Flop (didn't bet)



PokerStars Hand #254439032488:  Hold'em No Limit ($0.50/$1.00 USD) - 2025/01/18 22:31:00 WET [2025/01/18 17:31:00 ET]
Table 'Thekla III' 6-max Seat #3 is the button
Seat 1: alexandr699 ($100 in chips) 
Seat 3: kledpro101 ($139.92 in chips) 
Seat 4: YeeesMan ($101.72 in chips) 
Seat 5: tukeiron ($100 in chips) 
Seat 6: nikalas22 ($144 in chips) 
YeeesMan: posts small blind $0.50
tukeiron: posts big blind $1
*** HOLE CARDS ***
nikalas22: folds 
alexandr699: raises $2 to $3
kledpro101: calls $3
YeeesMan: folds 
tukeiron: folds 
*** FLOP *** [6d Ac 8d]
alexandr699: bets $2.35
kledpro101: calls $2.35
*** TURN *** [6d Ac 8d] [8h]
xxxZeka joins the table at seat #2 
alexandr699: bets $5.80
kledpro101: calls $5.80
*** RIVER *** [6d Ac 8d 8h] [7h]
alexandr699: checks 
kledpro101: checks 
*** SHOW DOWN ***
alexandr699: shows [9d Jd] (a pair of Eights)
kledpro101: shows [2c Ad] (two pair, Aces and Eights)
kledpro101 collected $22.31 from pot
xxxZeka leaves the table
*** SUMMARY ***
Total pot $23.80 | Rake $1.49 
Board [6d Ac 8d 8h 7h]
Seat 1: alexandr699 showed [9d Jd] and lost with a pair of Eights
Seat 3: kledpro101 (button) showed [2c Ad] and won ($22.31) with two pair, Aces and Eights
Seat 4: YeeesMan (small blind) folded before Flop
Seat 5: tukeiron (big blind) folded before Flop
Seat 6: nikalas22 folded before Flop (didn't bet)



PokerStars Hand #254439044953:  Hold'em No Limit ($0.50/$1.00 USD) - 2025/01/18 22:31:42 WET [2025/01/18 17:31:42 ET]
Table 'Thekla III' 6-max Seat #4 is the button
Seat 1: alexandr699 ($100 in chips) 
Seat 3: kledpro101 ($151.08 in chips) 
Seat 4: YeeesMan ($101.22 in chips) 
Seat 5: tukeiron ($100 in chips) 
Seat 6: nikalas22 ($144 in chips) 
tukeiron: posts small blind $0.50
nikalas22: posts big blind $1
*** HOLE CARDS ***
alexandr699: folds 
kledpro101: folds 
YeeesMan: folds 
tukeiron: raises $2 to $3
NISIY joins the table at seat #2 
nikalas22: raises $6 to $9
tukeiron: folds 
Uncalled bet ($6) returned to nikalas22
nikalas22 collected $6 from pot
nikalas22: doesn't show hand 
*** SUMMARY ***
Total pot $6 | Rake $0 
Seat 1: alexandr699 folded before Flop (didn't bet)
Seat 3: kledpro101 folded before Flop (didn't bet)
Seat 4: YeeesMan (button) folded before Flop (didn't bet)
Seat 5: tukeiron (small blind) folded before Flop
Seat 6: nikalas22 (big blind) collected ($6)



PokerStars Hand #254439051088:  Hold'em No Limit ($0.50/$1.00 USD) - 2025/01/18 22:32:03 WET [2025/01/18 17:32:03 ET]
Table 'Thekla III' 6-max Seat #5 is the button
Seat 2: NISIY ($100 in chips) is sitting out
Seat 1: alexandr699 ($100 in chips) 
Seat 3: kledpro101 ($151.08 in chips) 
Seat 4: YeeesMan ($101.22 in chips) 
Seat 5: tukeiron ($100 in chips) 
Seat 6: nikalas22 ($147 in chips) 
nikalas22: posts small blind $0.50
alexandr699: posts big blind $1
NISIY: sits out 
*** HOLE CARDS ***
kledpro101: folds 
YeeesMan: folds 
tukeiron: raises $1.50 to $2.50
nikalas22: folds 
alexandr699: calls $1.50
*** FLOP *** [5s Ts Ac]
alexandr699: checks 
tukeiron: bets $5.22
alexandr699: calls $5.22
*** TURN *** [5s Ts Ac] [Ad]
alexandr699: bets $1.51
tukeiron: raises $16.49 to $18
alexandr699: folds 
Uncalled bet ($16.49) returned to tukeiron
tukeiron collected $18.01 from pot
*** SUMMARY ***
Total pot $18.96 | Rake $0.95 
Board [5s Ts Ac Ad]
Seat 2: NISIY
Seat 1: alexandr699 (big blind) folded on the Turn
Seat 3: kledpro101 folded before Flop (didn't bet)
Seat 4: YeeesMan folded before Flop (didn't bet)
Seat 5: tukeiron (button) collected ($18.01)
Seat 6: nikalas22 (small blind) folded before Flop



PokerStars Hand #254439070013:  Hold'em No Limit ($0.50/$1.00 USD) - 2025/01/18 22:33:08 WET [2025/01/18 17:33:08 ET]
Table 'Thekla III' 6-max Seat #6 is the button
Seat 1: alexandr699 ($100 in chips) 
Seat 2: NISIY ($100 in chips) 
Seat 3: kledpro101 ($151.08 in chips) 
Seat 4: YeeesMan ($101.22 in chips) 
Seat 5: tukeiron ($108.78 in chips) 
Seat 6: nikalas22 ($146.50 in chips) 
alexandr699: posts small blind $0.50
NISIY: posts big blind $1
*** HOLE CARDS ***
kledpro101: raises $2 to $3
YeeesMan: folds 
tukeiron: calls $3
nikalas22: folds 
alexandr699: folds 
NISIY: folds 
*** FLOP *** [9d 9c Ts]
kledpro101: bets $3.56
tukeiron: calls $3.56
*** TURN *** [9d 9c Ts] [5h]
kledpro101: checks 
tukeiron: checks 
*** RIVER *** [9d 9c Ts 5h] [8h]
kledpro101: checks 
tukeiron: checks 
*** SHOW DOWN ***
kledpro101: shows [Jd Ad] (a pair of Nines)
tukeiron: shows [2s 2d] (two pair, Nines and Deuces)
tukeiron collected $13.89 from pot
*** SUMMARY ***
Total pot $14.62 | Rake $0.73 
Board [9d 9c Ts 5h 8h]
Seat 1: alexandr699 (small blind) folded before Flop
Seat 2: NISIY (big blind) folded before Flop
Seat 3: kledpro101 showed [Jd Ad] and lost with a pair of Nines
Seat 4: YeeesMan folded before Flop (didn't bet)
Seat 5: tukeiron showed [2s 2d] and won ($13.89) with two pair, Nines and Deuces
Seat 6: nikalas22 (button) folded before Flop (didn't bet)



PokerStars Hand #254439078582:  Hold'em No Limit ($0.50/$1.00 USD) - 2025/01/18 22:33:37 WET [2025/01/18 17:33:37 ET]
Table 'Thekla III' 6-max Seat #1 is the button
Seat 1: alexandr699 ($100 in chips) 
Seat 2: NISIY ($100 in chips) 
Seat 3: kledpro101 ($144.52 in chips) 
Seat 4: YeeesMan ($101.22 in chips) 
Seat 5: tukeiron ($116.11 in chips) 
Seat 6: nikalas22 ($146.50 in chips) 
NISIY: posts small blind $0.50
kledpro101: posts big blind $1
*** HOLE CARDS ***
YeeesMan: folds 
tukeiron: folds 
nikalas22: folds 
alexandr699: folds 
NISIY: folds 
Uncalled bet ($0.50) returned to kledpro101
kledpro101 collected $1 from pot
*** SUMMARY ***
Total pot $1 | Rake $0 
Seat 1: alexandr699 (button) folded before Flop (didn't bet)
Seat 2: NISIY (small blind) folded before Flop
Seat 3: kledpro101 (big blind) collected ($1)
Seat 4: YeeesMan folded before Flop (didn't bet)
Seat 5: tukeiron folded before Flop (didn't bet)
Seat 6: nikalas22 folded before Flop (didn't bet)



PokerStars Hand #254439082692:  Hold'em No Limit ($0.50/$1.00 USD) - 2025/01/18 22:33:51 WET [2025/01/18 17:33:51 ET]
Table 'Thekla III' 6-max Seat #2 is the button
Seat 1: alexandr699 ($100 in chips) 
Seat 2: NISIY ($100 in chips) 
Seat 3: kledpro101 ($145.02 in chips) 
Seat 4: YeeesMan ($101.22 in chips) 
Seat 5: tukeiron ($116.11 in chips) 
Seat 6: nikalas22 ($146.50 in chips) 
kledpro101: posts small blind $0.50
YeeesMan: posts big blind $1
*** HOLE CARDS ***
tukeiron: folds 
nikalas22: folds 
alexandr699: folds 
NISIY: raises $1.50 to $2.50
kledpro101: folds 
YeeesMan: folds 
Uncalled bet ($1.50) returned to NISIY
NISIY collected $2.50 from pot
NISIY: doesn't show hand 
*** SUMMARY ***
Total pot $2.50 | Rake $0 
Seat 1: alexandr699 folded before Flop (didn't bet)
Seat 2: NISIY (button) collected ($2.50)
Seat 3: kledpro101 (small blind) folded before Flop
Seat 4: YeeesMan (big blind) folded before Flop
Seat 5: tukeiron folded before Flop (didn't bet)
Seat 6: nikalas22 folded before Flop (didn't bet)



PokerStars Hand #254439089295:  Hold'em No Limit ($0.50/$1.00 USD) - 2025/01/18 22:34:13 WET [2025/01/18 17:34:13 ET]
Table 'Thekla III' 6-max Seat #3 is the button
Seat 1: alexandr699 ($100 in chips) 
Seat 2: NISIY ($101.50 in chips) 
Seat 3: kledpro101 ($144.52 in chips) 
Seat 4: YeeesMan ($100.22 in chips) 
Seat 5: tukeiron ($116.11 in chips) 
Seat 6: nikalas22 ($146.50 in chips) 
YeeesMan: posts small blind $0.50
tukeiron: posts big blind $1
*** HOLE CARDS ***
nikalas22: folds 
alexandr699: folds 
NISIY: folds 
kledpro101: folds 
YeeesMan: folds 
Uncalled bet ($0.50) returned to tukeiron
tukeiron collected $1 from pot
*** SUMMARY ***
Total pot $1 | Rake $0 
Seat 1: alexandr699 folded before Flop (didn't bet)
Seat 2: NISIY folded before Flop (didn't bet)
Seat 3: kledpro101 (button) folded before Flop (didn't bet)
Seat 4: YeeesMan (small blind) folded before Flop
Seat 5: tukeiron (big blind) collected ($1)
Seat 6: nikalas22 folded before Flop (didn't bet)



PokerStars Hand #254439095864:  Hold'em No Limit ($0.50/$1.00 USD) - 2025/01/18 22:34:36 WET [2025/01/18 17:34:36 ET]
Table 'Thekla III' 6-max Seat #4 is the button
Seat 1: alexandr699 ($100 in chips) 
Seat 2: NISIY ($101.50 in chips) 
Seat 3: kledpro101 ($144.52 in chips) 
Seat 4: YeeesMan ($100 in chips) 
Seat 5: tukeiron ($116.61 in chips) 
Seat 6: nikalas22 ($146.50 in chips) 
tukeiron: posts small blind $0.50
nikalas22: posts big blind $1
*** HOLE CARDS ***
alexandr699: folds 
NISIY: folds 
kledpro101: raises $2 to $3
YeeesMan: folds 
tukeiron: folds 
nikalas22: folds 
Uncalled bet ($2) returned to kledpro101
kledpro101 collected $2.50 from pot
*** SUMMARY ***
Total pot $2.50 | Rake $0 
Seat 1: alexandr699 folded before Flop (didn't bet)
Seat 2: NISIY folded before Flop (didn't bet)
Seat 3: kledpro101 collected ($2.50)
Seat 4: YeeesMan (button) folded before Flop (didn't bet)
Seat 5: tukeiron (small blind) folded before Flop
Seat 6: nikalas22 (big blind) folded before Flop



PokerStars Hand #254439103311:  Hold'em No Limit ($0.50/$1.00 USD) - 2025/01/18 22:35:01 WET [2025/01/18 17:35:01 ET]
Table 'Thekla III' 6-max Seat #5 is the button
Seat 1: alexandr699 ($100 in chips) 
Seat 2: NISIY ($101.50 in chips) 
Seat 3: kledpro101 ($146.02 in chips) 
Seat 4: YeeesMan ($100 in chips) 
Seat 5: tukeiron ($116.11 in chips) 
Seat 6: nikalas22 ($145.50 in chips) 
nikalas22: posts small blind $0.50
alexandr699: posts big blind $1
*** HOLE CARDS ***
NISIY: raises $1.50 to $2.50
kledpro101: folds 
YeeesMan: raises $5.50 to $8
tukeiron: folds 
nikalas22: folds 
alexandr699: folds 
NISIY: calls $5.50
*** FLOP *** [Jd Ac 7h]
NISIY: checks 
YeeesMan: bets $5.48
NISIY: folds 
Uncalled bet ($5.48) returned to YeeesMan
YeeesMan collected $16.62 from pot
YeeesMan: doesn't show hand 
*** SUMMARY ***
Total pot $17.50 | Rake $0.88 
Board [Jd Ac 7h]
Seat 1: alexandr699 (big blind) folded before Flop
Seat 2: NISIY folded on the Flop
Seat 3: kledpro101 folded before Flop (didn't bet)
Seat 4: YeeesMan collected ($16.62)
Seat 5: tukeiron (button) folded before Flop (didn't bet)
Seat 6: nikalas22 (small blind) folded before Flop



PokerStars Hand #254439117869:  Hold'em No Limit ($0.50/$1.00 USD) - 2025/01/18 22:35:52 WET [2025/01/18 17:35:52 ET]
Table 'Thekla III' 6-max Seat #6 is the button
Seat 1: alexandr699 ($100 in chips) 
Seat 2: NISIY ($100 in chips) 
Seat 3: kledpro101 ($146.02 in chips) 
Seat 4: YeeesMan ($108.62 in chips) 
Seat 5: tukeiron ($116.11 in chips) 
Seat 6: nikalas22 ($145 in chips) 
alexandr699: posts small blind $0.50
NISIY: posts big blind $1
*** HOLE CARDS ***
kledpro101: folds 
YeeesMan: folds 
tukeiron: folds 
nikalas22: raises $1.50 to $2.50
alexandr699: folds 
NISIY: folds 
Uncalled bet ($1.50) returned to nikalas22
nikalas22 collected $2.50 from pot
nikalas22: doesn't show hand 
*** SUMMARY ***
Total pot $2.50 | Rake $0 
Seat 1: alexandr699 (small blind) folded before Flop
Seat 2: NISIY (big blind) folded before Flop
Seat 3: kledpro101 folded before Flop (didn't bet)
Seat 4: YeeesMan folded before Flop (didn't bet)
Seat 5: tukeiron folded before Flop (didn't bet)
Seat 6: nikalas22 (button) collected ($2.50)



PokerStars Hand #254439124200:  Hold'em No Limit ($0.50/$1.00 USD) - 2025/01/18 22:36:13 WET [2025/01/18 17:36:13 ET]
Table 'Thekla III' 6-max Seat #1 is the button
Seat 1: alexandr699 ($100 in chips) 
Seat 2: NISIY ($100 in chips) 
Seat 3: kledpro101 ($146.02 in chips) 
Seat 4: YeeesMan ($108.62 in chips) 
Seat 5: tukeiron ($116.11 in chips) 
Seat 6: nikalas22 ($146.50 in chips) 
NISIY: posts small blind $0.50
kledpro101: posts big blind $1
*** HOLE CARDS ***
YeeesMan: folds 
tukeiron: folds 
nikalas22: folds 
alexandr699: raises $2 to $3
NISIY: folds 
kledpro101: calls $2
*** FLOP *** [Qd 6s Ah]
kledpro101: checks 
alexandr699: bets $2.04
kledpro101: folds 
Uncalled bet ($2.04) returned to alexandr699
alexandr699 collected $6.18 from pot
alexandr699: doesn't show hand 
*** SUMMARY ***
Total pot $6.50 | Rake $0.32 
Board [Qd 6s Ah]
Seat 1: alexandr699 (button) collected ($6.18)
Seat 2: NISIY (small blind) folded before Flop
Seat 3: kledpro101 (big blind) folded on the Flop
Seat 4: YeeesMan folded before Flop (didn't bet)
Seat 5: tukeiron folded before Flop (didn't bet)
Seat 6: nikalas22 folded before Flop (didn't bet)



PokerStars Hand #254439134393:  Hold'em No Limit ($0.50/$1.00 USD) - 2025/01/18 22:36:49 WET [2025/01/18 17:36:49 ET]
Table 'Thekla III' 6-max Seat #2 is the button
Seat 1: alexandr699 ($103.18 in chips) 
Seat 2: NISIY ($100 in chips) 
Seat 3: kledpro101 ($143.02 in chips) 
Seat 4: YeeesMan ($108.62 in chips) 
Seat 5: tukeiron ($116.11 in chips) 
Seat 6: nikalas22 ($146.50 in chips) 
kledpro101: posts small blind $0.50
YeeesMan: posts big blind $1
*** HOLE CARDS ***
tukeiron: folds 
nikalas22: folds 
alexandr699: folds 
NISIY: folds 
kledpro101: folds 
Uncalled bet ($0.50) returned to YeeesMan
YeeesMan collected $1 from pot
YeeesMan: doesn't show hand 
*** SUMMARY ***
Total pot $1 | Rake $0 
Seat 1: alexandr699 folded before Flop (didn't bet)
Seat 2: NISIY (button) folded before Flop (didn't bet)
Seat 3: kledpro101 (small blind) folded before Flop
Seat 4: YeeesMan (big blind) collected ($1)
Seat 5: tukeiron folded before Flop (didn't bet)
Seat 6: nikalas22 folded before Flop (didn't bet)



PokerStars Hand #254439142191:  Hold'em No Limit ($0.50/$1.00 USD) - 2025/01/18 22:37:16 WET [2025/01/18 17:37:16 ET]
Table 'Thekla III' 6-max Seat #3 is the button
Seat 1: alexandr699 ($103.18 in chips) 
Seat 2: NISIY ($100 in chips) 
Seat 3: kledpro101 ($142.52 in chips) 
Seat 4: YeeesMan ($109.12 in chips) 
Seat 5: tukeiron ($116.11 in chips) 
Seat 6: nikalas22 ($146.50 in chips) 
YeeesMan: posts small blind $0.50
tukeiron: posts big blind $1
*** HOLE CARDS ***
nikalas22: folds 
alexandr699: folds 
NISIY: folds 
kledpro101: folds 
YeeesMan: folds 
Uncalled bet ($0.50) returned to tukeiron
tukeiron collected $1 from pot
*** SUMMARY ***
Total pot $1 | Rake $0 
Seat 1: alexandr699 folded before Flop (didn't bet)
Seat 2: NISIY folded before Flop (didn't bet)
Seat 3: kledpro101 (button) folded before Flop (didn't bet)
Seat 4: YeeesMan (small blind) folded before Flop
Seat 5: tukeiron (big blind) collected ($1)
Seat 6: nikalas22 folded before Flop (didn't bet)



PokerStars Hand #254439148320:  Hold'em No Limit ($0.50/$1.00 USD) - 2025/01/18 22:37:38 WET [2025/01/18 17:37:38 ET]
Table 'Thekla III' 6-max Seat #4 is the button
Seat 1: alexandr699 ($103.18 in chips) 
Seat 2: NISIY ($100 in chips) 
Seat 3: kledpro101 ($142.52 in chips) 
Seat 4: YeeesMan ($108.62 in chips) 
Seat 5: tukeiron ($116.61 in chips) 
Seat 6: nikalas22 ($146.50 in chips) 
tukeiron: posts small blind $0.50
nikalas22: posts big blind $1
*** HOLE CARDS ***
alexandr699: folds 
NISIY: folds 
kledpro101: raises $2 to $3
YeeesMan: folds 
tukeiron: raises $6 to $9
nikalas22: folds 
kledpro101: calls $6
*** FLOP *** [Kh 8d 7s]
tukeiron: bets $5.96
kledpro101: folds 
Uncalled bet ($5.96) returned to tukeiron
tukeiron collected $18.05 from pot
*** SUMMARY ***
Total pot $19 | Rake $0.95 
Board [Kh 8d 7s]
Seat 1: alexandr699 folded before Flop (didn't bet)
Seat 2: NISIY folded before Flop (didn't bet)
Seat 3: kledpro101 folded on the Flop
Seat 4: YeeesMan (button) folded before Flop (didn't bet)
Seat 5: tukeiron (small blind) collected ($18.05)
Seat 6: nikalas22 (big blind) folded before Flop



PokerStars Hand #254439159922:  Hold'em No Limit ($0.50/$1.00 USD) - 2025/01/18 22:38:18 WET [2025/01/18 17:38:18 ET]
Table 'Thekla III' 6-max Seat #5 is the button
Seat 1: alexandr699 ($103.18 in chips) 
Seat 2: NISIY ($100 in chips) 
Seat 3: kledpro101 ($133.52 in chips) 
Seat 4: YeeesMan ($108.62 in chips) 
Seat 5: tukeiron ($125.66 in chips) 
Seat 6: nikalas22 ($145.50 in chips) 
nikalas22: posts small blind $0.50
alexandr699: posts big blind $1
*** HOLE CARDS ***
NISIY: raises $1.50 to $2.50
kledpro101: folds 
YeeesMan: folds 
tukeiron: folds 
nikalas22: folds 
alexandr699: folds 
Uncalled bet ($1.50) returned to NISIY
NISIY collected $2.50 from pot
NISIY: doesn't show hand 
*** SUMMARY ***
Total pot $2.50 | Rake $0 
Seat 1: alexandr699 (big blind) folded before Flop
Seat 2: NISIY collected ($2.50)
Seat 3: kledpro101 folded before Flop (didn't bet)
Seat 4: YeeesMan folded before Flop (didn't bet)
Seat 5: tukeiron (button) folded before Flop (didn't bet)
Seat 6: nikalas22 (small blind) folded before Flop



PokerStars Hand #254439168721:  Hold'em No Limit ($0.50/$1.00 USD) - 2025/01/18 22:38:48 WET [2025/01/18 17:38:48 ET]
Table 'Thekla III' 6-max Seat #6 is the button
Seat 1: alexandr699 ($102.18 in chips) 
Seat 2: NISIY ($101.50 in chips) 
Seat 3: kledpro101 ($133.52 in chips) 
Seat 4: YeeesMan ($108.62 in chips) 
Seat 5: tukeiron ($125.66 in chips) 
Seat 6: nikalas22 ($145 in chips) 
alexandr699: posts small blind $0.50
NISIY: posts big blind $1
*** HOLE CARDS ***
kledpro101: raises $2 to $3
YeeesMan: folds 
tukeiron: folds 
nikalas22: folds 
alexandr699: folds 
NISIY: calls $2
*** FLOP *** [Qs 9s Kh]
NISIY: checks 
kledpro101: bets $3.09
NISIY: raises $9.27 to $12.36
kledpro101: calls $9.27
*** TURN *** [Qs 9s Kh] [6c]
NISIY: bets $22.25
kledpro101: calls $22.25
*** RIVER *** [Qs 9s Kh 6c] [3c]
NISIY: bets $63.89 and is all-in
kledpro101: calls $63.89
*** SHOW DOWN ***
NISIY: shows [Ah Js] (high card Ace)
kledpro101: shows [Jd Ks] (a pair of Kings)
kledpro101 collected $200.38 from pot
*** SUMMARY ***
Total pot $203.50 | Rake $3.12 
Board [Qs 9s Kh 6c 3c]
Seat 1: alexandr699 (small blind) folded before Flop
Seat 2: NISIY (big blind) showed [Ah Js] and lost with high card Ace
Seat 3: kledpro101 showed [Jd Ks] and won ($200.38) with a pair of Kings
Seat 4: YeeesMan folded before Flop (didn't bet)
Seat 5: tukeiron folded before Flop (didn't bet)
Seat 6: nikalas22 (button) folded before Flop (didn't bet)



PokerStars Hand #254439201552:  Hold'em No Limit ($0.50/$1.00 USD) - 2025/01/18 22:40:42 WET [2025/01/18 17:40:42 ET]
Table 'Thekla III' 6-max Seat #1 is the button
Seat 1: alexandr699 ($101.68 in chips) 
Seat 2: NISIY ($100 in chips) 
Seat 3: kledpro101 ($232.40 in chips) 
Seat 4: YeeesMan ($108.62 in chips) 
Seat 5: tukeiron ($125.66 in chips) 
Seat 6: nikalas22 ($145 in chips) 
NISIY: posts small blind $0.50
kledpro101: posts big blind $1
*** HOLE CARDS ***
YeeesMan: folds 
tukeiron: folds 
nikalas22: raises $1.50 to $2.50
alexandr699: folds 
NISIY: folds 
kledpro101: calls $1.50
*** FLOP *** [8s 5h 7d]
kledpro101: bets $5.22
nikalas22: folds 
Uncalled bet ($5.22) returned to kledpro101
kledpro101 collected $5.15 from pot
*** SUMMARY ***
Total pot $5.50 | Rake $0.35 
Board [8s 5h 7d]
Seat 1: alexandr699 (button) folded before Flop (didn't bet)
Seat 2: NISIY (small blind) folded before Flop
Seat 3: kledpro101 (big blind) collected ($5.15)
Seat 4: YeeesMan folded before Flop (didn't bet)
Seat 5: tukeiron folded before Flop (didn't bet)
Seat 6: nikalas22 folded on the Flop



PokerStars Hand #254439209499:  Hold'em No Limit ($0.50/$1.00 USD) - 2025/01/18 22:41:10 WET [2025/01/18 17:41:10 ET]
Table 'Thekla III' 6-max Seat #2 is the button
Seat 1: alexandr699 ($101.68 in chips) 
Seat 2: NISIY ($100 in chips) 
Seat 3: kledpro101 ($235.05 in chips) 
Seat 4: YeeesMan ($108.62 in chips) 
Seat 5: tukeiron ($125.66 in chips) 
Seat 6: nikalas22 ($142.50 in chips) 
kledpro101: posts small blind $0.50
YeeesMan: posts big blind $1
*** HOLE CARDS ***
tukeiron: raises $2.50 to $3.50
nikalas22: folds 
alexandr699: folds 
NISIY: folds 
kledpro101: folds 
YeeesMan: folds 
Uncalled bet ($2.50) returned to tukeiron
kledpro101 leaves the table
tukeiron collected $2.50 from pot
*** SUMMARY ***
Total pot $2.50 | Rake $0 
Seat 1: alexandr699 folded before Flop (didn't bet)
Seat 2: NISIY (button) folded before Flop (didn't bet)
Seat 3: kledpro101 (small blind) folded before Flop
Seat 4: YeeesMan (big blind) folded before Flop
Seat 5: tukeiron collected ($2.50)
Seat 6: nikalas22 folded before Flop (didn't bet)



PokerStars Hand #254439216912:  Hold'em No Limit ($0.50/$1.00 USD) - 2025/01/18 22:41:36 WET [2025/01/18 17:41:36 ET]
Table 'Thekla III' 6-max Seat #4 is the button
Seat 1: alexandr699 ($101.68 in chips) 
Seat 2: NISIY ($100 in chips) 
Seat 4: YeeesMan ($107.62 in chips) 
Seat 5: tukeiron ($127.16 in chips) 
Seat 6: nikalas22 ($142.50 in chips) 
tukeiron: posts small blind $0.50
nikalas22: posts big blind $1
*** HOLE CARDS ***
alexandr699: raises $2 to $3
NISIY: folds 
YeeesMan: folds 
tukeiron: folds 
NISIY leaves the table
nikalas22: folds 
Uncalled bet ($2) returned to alexandr699
alexandr699 collected $2.50 from pot
alexandr699: doesn't show hand 
*** SUMMARY ***
Total pot $2.50 | Rake $0 
Seat 1: alexandr699 collected ($2.50)
Seat 2: NISIY folded before Flop (didn't bet)
Seat 4: YeeesMan (button) folded before Flop (didn't bet)
Seat 5: tukeiron (small blind) folded before Flop
Seat 6: nikalas22 (big blind) folded before Flop



PokerStars Hand #254439224228:  Hold'em No Limit ($0.50/$1.00 USD) - 2025/01/18 22:42:02 WET [2025/01/18 17:42:02 ET]
Table 'Thekla III' 6-max Seat #6 is the button
Seat 1: alexandr699 ($103.18 in chips) is sitting out
Seat 4: YeeesMan ($107.62 in chips) is sitting out
Seat 5: tukeiron ($126.66 in chips) 
Seat 6: nikalas22 ($141.50 in chips) 
nikalas22: posts small blind $0.50
alexandr699: is sitting out 
YeeesMan: is sitting out 
tukeiron: posts big blind $1
*** HOLE CARDS ***
alexandr699 leaves the table
nikalas22: folds 
Uncalled bet ($0.50) returned to tukeiron
tukeiron collected $1 from pot
tukeiron: doesn't show hand 
*** SUMMARY ***
Total pot $1 | Rake $0 
Seat 1: alexandr699
Seat 4: YeeesMan
Seat 5: tukeiron (big blind) collected ($1)
Seat 6: nikalas22 (button) (small blind) folded before Flop



PokerStars Hand #254439605447:  Hold'em No Limit ($0.50/$1.00 USD) - 2025/01/18 23:06:27 WET [2025/01/18 18:06:27 ET]
Table 'Thekla III' 6-max Seat #6 is the button
Seat 3: XneferX ($100 in chips) is sitting out
Seat 5: ioannisus ($100 in chips) is sitting out
Seat 1: EasyGamerrr ($104.63 in chips) 
Seat 2: easy_sarcasm ($103 in chips) 
Seat 4: CEPTT ($108.38 in chips) 
Seat 6: nikalas22 ($146.70 in chips) 
EasyGamerrr: posts small blind $0.50
easy_sarcasm: posts big blind $1
XneferX: sits out 
ioannisus: sits out 
*** HOLE CARDS ***
CEPTT: raises $1.25 to $2.25
nikalas22: folds 
EasyGamerrr: folds 
easy_sarcasm: raises $8.75 to $11
CEPTT: folds 
Uncalled bet ($8.75) returned to easy_sarcasm
easy_sarcasm collected $5 from pot
*** SUMMARY ***
Total pot $5 | Rake $0 
Seat 3: XneferX
Seat 5: ioannisus
Seat 1: EasyGamerrr (small blind) folded before Flop
Seat 2: easy_sarcasm (big blind) collected ($5)
Seat 4: CEPTT folded before Flop
Seat 6: nikalas22 (button) folded before Flop (didn't bet)



PokerStars Hand #254439614133:  Hold'em No Limit ($0.50/$1.00 USD) - 2025/01/18 23:06:59 WET [2025/01/18 18:06:59 ET]
Table 'Thekla III' 6-max Seat #1 is the button
Seat 5: ioannisus ($100 in chips) is sitting out
Seat 1: EasyGamerrr ($104.13 in chips) 
Seat 2: easy_sarcasm ($105.75 in chips) 
Seat 3: XneferX ($100 in chips) 
Seat 4: CEPTT ($106.13 in chips) 
Seat 6: nikalas22 ($146.70 in chips) 
easy_sarcasm: posts small blind $0.50
XneferX: posts big blind $1
ioannisus: sits out 
*** HOLE CARDS ***
CEPTT: folds 
nikalas22: folds 
EasyGamerrr: folds 
easy_sarcasm: folds 
Uncalled bet ($0.50) returned to XneferX
XneferX collected $1 from pot
XneferX: doesn't show hand 
*** SUMMARY ***
Total pot $1 | Rake $0 
Seat 5: ioannisus
Seat 1: EasyGamerrr (button) folded before Flop (didn't bet)
Seat 2: easy_sarcasm (small blind) folded before Flop
Seat 3: XneferX (big blind) collected ($1)
Seat 4: CEPTT folded before Flop (didn't bet)
Seat 6: nikalas22 folded before Flop (didn't bet)



PokerStars Hand #254439617758:  Hold'em No Limit ($0.50/$1.00 USD) - 2025/01/18 23:07:12 WET [2025/01/18 18:07:12 ET]
Table 'Thekla III' 6-max Seat #2 is the button
Seat 4: CEPTT ($106.13 in chips) is sitting out
Seat 1: EasyGamerrr ($104.13 in chips) 
Seat 2: easy_sarcasm ($105.25 in chips) 
Seat 3: XneferX ($100.50 in chips) 
Seat 5: ioannisus ($100 in chips) 
Seat 6: nikalas22 ($146.70 in chips) 
XneferX: posts small blind $0.50
CEPTT: is sitting out 
ioannisus: posts big blind $1
*** HOLE CARDS ***
nikalas22: raises $1.50 to $2.50
EasyGamerrr: folds 
easy_sarcasm: folds 
XneferX: folds 
ioannisus: folds 
Uncalled bet ($1.50) returned to nikalas22
nikalas22 collected $2.50 from pot
nikalas22: doesn't show hand 
*** SUMMARY ***
Total pot $2.50 | Rake $0 
Seat 4: CEPTT
Seat 1: EasyGamerrr folded before Flop (didn't bet)
Seat 2: easy_sarcasm (button) folded before Flop (didn't bet)
Seat 3: XneferX (small blind) folded before Flop
Seat 5: ioannisus (big blind) folded before Flop
Seat 6: nikalas22 collected ($2.50)



PokerStars Hand #254439621432:  Hold'em No Limit ($0.50/$1.00 USD) - 2025/01/18 23:07:25 WET [2025/01/18 18:07:25 ET]
Table 'Thekla III' 6-max Seat #3 is the button
Seat 1: EasyGamerrr ($104.13 in chips) is sitting out
Seat 4: CEPTT ($106.13 in chips) is sitting out
Seat 6: nikalas22 ($148.20 in chips) is sitting out
Seat 2: easy_sarcasm ($105.25 in chips) 
Seat 3: XneferX ($100 in chips) 
Seat 5: ioannisus ($99 in chips) 
ioannisus: posts small blind $0.50
nikalas22: is sitting out 
EasyGamerrr: is sitting out 
easy_sarcasm: posts big blind $1
*** HOLE CARDS ***
nikalas22 leaves the table
XneferX: raises $1.77 to $2.77
EasyGamerrr leaves the table
ioannisus: folds 
easy_sarcasm: folds 
Uncalled bet ($1.77) returned to XneferX
XneferX collected $2.50 from pot
XneferX: doesn't show hand 
*** SUMMARY ***
Total pot $2.50 | Rake $0 
Seat 1: EasyGamerrr
Seat 4: CEPTT
Seat 6: nikalas22
Seat 2: easy_sarcasm (big blind) folded before Flop
Seat 3: XneferX (button) collected ($2.50)
Seat 5: ioannisus (small blind) folded before Flop



PokerStars Hand #254439623710:  Hold'em No Limit ($0.50/$1.00 USD) - 2025/01/18 23:07:33 WET [2025/01/18 18:07:33 ET]
Table 'Thekla III' 6-max Seat #2 is the button
Seat 3: XneferX ($101.50 in chips) is sitting out
Seat 4: CEPTT ($106.13 in chips) is sitting out
Seat 2: easy_sarcasm ($104.25 in chips) 
Seat 5: ioannisus ($98.50 in chips) 
easy_sarcasm: posts small blind $0.50
XneferX: is sitting out 
ioannisus: posts big blind $1
*** HOLE CARDS ***
easy_sarcasm: folds 
Uncalled bet ($0.50) returned to ioannisus
ioannisus collected $1 from pot
ioannisus: doesn't show hand 
XneferX leaves the table
*** SUMMARY ***
Total pot $1 | Rake $0 
Seat 3: XneferX
Seat 4: CEPTT
Seat 2: easy_sarcasm (button) (small blind) folded before Flop
Seat 5: ioannisus (big blind) collected ($1)



PokerStars Hand #254439629849:  Hold'em No Limit ($0.50/$1.00 USD) - 2025/01/18 23:07:56 WET [2025/01/18 18:07:56 ET]
Table 'Thekla III' 6-max Seat #4 is the button
Seat 5: ioannisus ($99 in chips) is sitting out
Seat 2: easy_sarcasm ($103.75 in chips) 
Seat 4: CEPTT ($106.13 in chips) 
CEPTT: posts small blind $0.50
easy_sarcasm: posts big blind $1
*** HOLE CARDS ***
ioannisus leaves the table
CEPTT: raises $2 to $3
easy_sarcasm: folds 
Uncalled bet ($2) returned to CEPTT
CEPTT collected $2 from pot
CEPTT: doesn't show hand 
*** SUMMARY ***
Total pot $2 | Rake $0 
Seat 5: ioannisus
Seat 2: easy_sarcasm (big blind) folded before Flop
Seat 4: CEPTT (button) (small blind) collected ($2)



PokerStars Hand #254439632402:  Hold'em No Limit ($0.50/$1.00 USD) - 2025/01/18 23:08:05 WET [2025/01/18 18:08:05 ET]
Table 'Thekla III' 6-max Seat #2 is the button
Seat 2: easy_sarcasm ($102.75 in chips) 
Seat 4: CEPTT ($107.13 in chips) 
easy_sarcasm: posts small blind $0.50
CEPTT: posts big blind $1
*** HOLE CARDS ***
easy_sarcasm: folds 
Uncalled bet ($0.50) returned to CEPTT
CEPTT collected $1 from pot
CEPTT: doesn't show hand 
*** SUMMARY ***
Total pot $1 | Rake $0 
Seat 2: easy_sarcasm (button) (small blind) folded before Flop
Seat 4: CEPTT (big blind) collected ($1)



PokerStars Hand #254439796481:  Hold'em No Limit ($0.50/$1.00 USD) - 2025/01/18 23:18:10 WET [2025/01/18 18:18:10 ET]
Table 'Thekla III' 6-max Seat #3 is the button
Seat 1: XneferX ($101.50 in chips) 
Seat 2: steepfell ($100 in chips) 
Seat 3: Rezzonner ($100 in chips) 
Seat 4: CEPTT ($107.63 in chips) 
Seat 5: raiserron12 ($70.79 in chips) 
Seat 6: v.sting ($100 in chips) 
CEPTT: posts small blind $0.50
raiserron12: posts big blind $1
*** HOLE CARDS ***
v.sting: folds 
XneferX: folds 
steepfell: folds 
Rezzonner: raises $1.50 to $2.50
CEPTT: folds 
raiserron12: calls $1.50
*** FLOP *** [2c 7c 9s]
raiserron12: checks 
Rezzonner: checks 
*** TURN *** [2c 7c 9s] [5h]
raiserron12: bets $3.61
Rezzonner: calls $3.61
*** RIVER *** [2c 7c 9s 5h] [3c]
raiserron12: bets $8.08
Rezzonner: calls $8.08
*** SHOW DOWN ***
raiserron12: shows [8c 4c] (a flush, Eight high)
Rezzonner: mucks hand 
raiserron12 collected $27.44 from pot
*** SUMMARY ***
Total pot $28.88 | Rake $1.44 
Board [2c 7c 9s 5h 3c]
Seat 1: XneferX folded before Flop (didn't bet)
Seat 2: steepfell folded before Flop (didn't bet)
Seat 3: Rezzonner (button) mucked
Seat 4: CEPTT (small blind) folded before Flop
Seat 5: raiserron12 (big blind) showed [8c 4c] and won ($27.44) with a flush, Eight high
Seat 6: v.sting folded before Flop (didn't bet)



PokerStars Hand #254439822135:  Hold'em No Limit ($0.50/$1.00 USD) - 2025/01/18 23:19:46 WET [2025/01/18 18:19:46 ET]
Table 'Thekla III' 6-max Seat #4 is the button
Seat 1: XneferX ($101.50 in chips) 
Seat 2: steepfell ($100 in chips) 
Seat 3: Rezzonner ($100 in chips) 
Seat 4: CEPTT ($107.13 in chips) 
Seat 5: raiserron12 ($84.04 in chips) 
Seat 6: v.sting ($100 in chips) 
raiserron12: posts small blind $0.50
v.sting: posts big blind $1
*** HOLE CARDS ***
XneferX: raises $1.10 to $2.10
steepfell: folds 
Rezzonner: folds 
CEPTT: folds 
raiserron12: folds 
v.sting: folds 
Uncalled bet ($1.10) returned to XneferX
XneferX collected $2.50 from pot
XneferX: doesn't show hand 
*** SUMMARY ***
Total pot $2.50 | Rake $0 
Seat 1: XneferX collected ($2.50)
Seat 2: steepfell folded before Flop (didn't bet)
Seat 3: Rezzonner folded before Flop (didn't bet)
Seat 4: CEPTT (button) folded before Flop (didn't bet)
Seat 5: raiserron12 (small blind) folded before Flop
Seat 6: v.sting (big blind) folded before Flop



PokerStars Hand #254439826436:  Hold'em No Limit ($0.50/$1.00 USD) - 2025/01/18 23:20:02 WET [2025/01/18 18:20:02 ET]
Table 'Thekla III' 6-max Seat #5 is the button
Seat 1: XneferX ($103 in chips) 
Seat 2: steepfell ($100 in chips) 
Seat 3: Rezzonner ($100 in chips) 
Seat 4: CEPTT ($107.13 in chips) 
Seat 5: raiserron12 ($83.54 in chips) 
Seat 6: v.sting ($100 in chips) 
v.sting: posts small blind $0.50
XneferX: posts big blind $1
*** HOLE CARDS ***
steepfell: folds 
Rezzonner: folds 
CEPTT: folds 
raiserron12: raises $1 to $2
v.sting: folds 
XneferX: calls $1
*** FLOP *** [Jc Ad Kc]
XneferX: checks 
raiserron12: bets $3.14
XneferX: calls $3.14
*** TURN *** [Jc Ad Kc] [Qc]
XneferX: checks 
raiserron12: bets $8.12
XneferX: folds 
Uncalled bet ($8.12) returned to raiserron12
raiserron12 collected $10.24 from pot
raiserron12: doesn't show hand 
*** SUMMARY ***
Total pot $10.78 | Rake $0.54 
Board [Jc Ad Kc Qc]
Seat 1: XneferX (big blind) folded on the Turn
Seat 2: steepfell folded before Flop (didn't bet)
Seat 3: Rezzonner folded before Flop (didn't bet)
Seat 4: CEPTT folded before Flop (didn't bet)
Seat 5: raiserron12 (button) collected ($10.24)
Seat 6: v.sting (small blind) folded before Flop



PokerStars Hand #254439850815:  Hold'em No Limit ($0.50/$1.00 USD) - 2025/01/18 23:21:32 WET [2025/01/18 18:21:32 ET]
Table 'Thekla III' 6-max Seat #6 is the button
Seat 1: XneferX ($100 in chips) 
Seat 2: steepfell ($100 in chips) 
Seat 3: Rezzonner ($100 in chips) 
Seat 4: CEPTT ($107.13 in chips) 
Seat 5: raiserron12 ($88.64 in chips) 
Seat 6: v.sting ($100 in chips) 
XneferX: posts small blind $0.50
steepfell: posts big blind $1
*** HOLE CARDS ***
Rezzonner: raises $1.50 to $2.50
CEPTT: folds 
raiserron12: folds 
v.sting: folds 
XneferX: folds 
steepfell: folds 
Uncalled bet ($1.50) returned to Rezzonner
Rezzonner collected $2.50 from pot
Rezzonner: doesn't show hand 
*** SUMMARY ***
Total pot $2.50 | Rake $0 
Seat 1: XneferX (small blind) folded before Flop
Seat 2: steepfell (big blind) folded before Flop
Seat 3: Rezzonner collected ($2.50)
Seat 4: CEPTT folded before Flop (didn't bet)
Seat 5: raiserron12 folded before Flop (didn't bet)
Seat 6: v.sting (button) folded before Flop (didn't bet)



PokerStars Hand #254439858576:  Hold'em No Limit ($0.50/$1.00 USD) - 2025/01/18 23:22:00 WET [2025/01/18 18:22:00 ET]
Table 'Thekla III' 6-max Seat #1 is the button
Seat 1: XneferX ($100 in chips) 
Seat 2: steepfell ($100 in chips) 
Seat 3: Rezzonner ($101.50 in chips) 
Seat 4: CEPTT ($107.13 in chips) 
Seat 5: raiserron12 ($88.64 in chips) 
Seat 6: v.sting ($100 in chips) 
steepfell: posts small blind $0.50
Rezzonner: posts big blind $1
*** HOLE CARDS ***
CEPTT: raises $1.25 to $2.25
raiserron12: folds 
v.sting: folds 
XneferX: raises $5.25 to $7.50
steepfell: folds 
Rezzonner: folds 
CEPTT: folds 
Uncalled bet ($5.25) returned to XneferX
XneferX collected $6 from pot
XneferX: doesn't show hand 
*** SUMMARY ***
Total pot $6 | Rake $0 
Seat 1: XneferX (button) collected ($6)
Seat 2: steepfell (small blind) folded before Flop
Seat 3: Rezzonner (big blind) folded before Flop
Seat 4: CEPTT folded before Flop
Seat 5: raiserron12 folded before Flop (didn't bet)
Seat 6: v.sting folded before Flop (didn't bet)



PokerStars Hand #254439865887:  Hold'em No Limit ($0.50/$1.00 USD) - 2025/01/18 23:22:27 WET [2025/01/18 18:22:27 ET]
Table 'Thekla III' 6-max Seat #2 is the button
Seat 1: XneferX ($103.75 in chips) 
Seat 2: steepfell ($100 in chips) 
Seat 3: Rezzonner ($100.50 in chips) 
Seat 4: CEPTT ($104.88 in chips) 
Seat 5: raiserron12 ($88.64 in chips) 
Seat 6: v.sting ($100 in chips) 
Rezzonner: posts small blind $0.50
CEPTT: posts big blind $1
*** HOLE CARDS ***
raiserron12: folds 
v.sting: folds 
XneferX: raises $1.30 to $2.30
steepfell: folds 
Rezzonner: folds 
CEPTT: folds 
Uncalled bet ($1.30) returned to XneferX
XneferX collected $2.50 from pot
XneferX: doesn't show hand 
*** SUMMARY ***
Total pot $2.50 | Rake $0 
Seat 1: XneferX collected ($2.50)
Seat 2: steepfell (button) folded before Flop (didn't bet)
Seat 3: Rezzonner (small blind) folded before Flop
Seat 4: CEPTT (big blind) folded before Flop
Seat 5: raiserron12 folded before Flop (didn't bet)
Seat 6: v.sting folded before Flop (didn't bet)



PokerStars Hand #254439870893:  Hold'em No Limit ($0.50/$1.00 USD) - 2025/01/18 23:22:45 WET [2025/01/18 18:22:45 ET]
Table 'Thekla III' 6-max Seat #3 is the button
Seat 1: XneferX ($105.25 in chips) 
Seat 2: steepfell ($100 in chips) 
Seat 3: Rezzonner ($100 in chips) 
Seat 4: CEPTT ($103.88 in chips) 
Seat 5: raiserron12 ($88.64 in chips) 
Seat 6: v.sting ($100 in chips) 
CEPTT: posts small blind $0.50
raiserron12: posts big blind $1
*** HOLE CARDS ***
v.sting: folds 
XneferX: folds 
steepfell: folds 
Rezzonner: folds 
CEPTT: folds 
Uncalled bet ($0.50) returned to raiserron12
raiserron12 collected $1 from pot
raiserron12: doesn't show hand 
*** SUMMARY ***
Total pot $1 | Rake $0 
Seat 1: XneferX folded before Flop (didn't bet)
Seat 2: steepfell folded before Flop (didn't bet)
Seat 3: Rezzonner (button) folded before Flop (didn't bet)
Seat 4: CEPTT (small blind) folded before Flop
Seat 5: raiserron12 (big blind) collected ($1)
Seat 6: v.sting folded before Flop (didn't bet)



PokerStars Hand #254439874722:  Hold'em No Limit ($0.50/$1.00 USD) - 2025/01/18 23:22:59 WET [2025/01/18 18:22:59 ET]
Table 'Thekla III' 6-max Seat #4 is the button
Seat 1: XneferX ($105.25 in chips) 
Seat 2: steepfell ($100 in chips) 
Seat 3: Rezzonner ($100 in chips) 
Seat 4: CEPTT ($103.38 in chips) 
Seat 5: raiserron12 ($89.14 in chips) 
Seat 6: v.sting ($100 in chips) 
raiserron12: posts small blind $0.50
v.sting: posts big blind $1
*** HOLE CARDS ***
XneferX: folds 
steepfell: raises $1.50 to $2.50
Rezzonner: folds 
CEPTT: folds 
raiserron12: folds 
v.sting: folds 
Uncalled bet ($1.50) returned to steepfell
steepfell collected $2.50 from pot
steepfell: doesn't show hand 
*** SUMMARY ***
Total pot $2.50 | Rake $0 
Seat 1: XneferX folded before Flop (didn't bet)
Seat 2: steepfell collected ($2.50)
Seat 3: Rezzonner folded before Flop (didn't bet)
Seat 4: CEPTT (button) folded before Flop (didn't bet)
Seat 5: raiserron12 (small blind) folded before Flop
Seat 6: v.sting (big blind) folded before Flop



PokerStars Hand #254439878668:  Hold'em No Limit ($0.50/$1.00 USD) - 2025/01/18 23:23:13 WET [2025/01/18 18:23:13 ET]
Table 'Thekla III' 6-max Seat #5 is the button
Seat 1: XneferX ($105.25 in chips) 
Seat 2: steepfell ($101.50 in chips) 
Seat 3: Rezzonner ($100 in chips) 
Seat 4: CEPTT ($103.38 in chips) 
Seat 5: raiserron12 ($88.64 in chips) 
Seat 6: v.sting ($100 in chips) 
v.sting: posts small blind $0.50
XneferX: posts big blind $1
*** HOLE CARDS ***
steepfell: folds 
Rezzonner: folds 
CEPTT: folds 
raiserron12: raises $1 to $2
v.sting: folds 
XneferX: calls $1
*** FLOP *** [5c Ks 8c]
XneferX: checks 
raiserron12: bets $3.14
XneferX: folds 
Uncalled bet ($3.14) returned to raiserron12
raiserron12 collected $4.28 from pot
raiserron12: doesn't show hand 
*** SUMMARY ***
Total pot $4.50 | Rake $0.22 
Board [5c Ks 8c]
Seat 1: XneferX (big blind) folded on the Flop
Seat 2: steepfell folded before Flop (didn't bet)
Seat 3: Rezzonner folded before Flop (didn't bet)
Seat 4: CEPTT folded before Flop (didn't bet)
Seat 5: raiserron12 (button) collected ($4.28)
Seat 6: v.sting (small blind) folded before Flop



PokerStars Hand #254439892049:  Hold'em No Limit ($0.50/$1.00 USD) - 2025/01/18 23:24:03 WET [2025/01/18 18:24:03 ET]
Table 'Thekla III' 6-max Seat #6 is the button
Seat 1: XneferX ($103.25 in chips) 
Seat 2: steepfell ($101.50 in chips) 
Seat 3: Rezzonner ($100 in chips) 
Seat 4: CEPTT ($103.38 in chips) 
Seat 5: raiserron12 ($90.92 in chips) 
Seat 6: v.sting ($100 in chips) 
XneferX: posts small blind $0.50
steepfell: posts big blind $1
*** HOLE CARDS ***
Rezzonner: folds 
CEPTT: folds 
raiserron12: folds 
v.sting: raises $1.10 to $2.10
XneferX: folds 
steepfell: calls $1.10
*** FLOP *** [7c 3s 8c]
steepfell: checks 
v.sting: checks 
*** TURN *** [7c 3s 8c] [6s]
steepfell: checks 
v.sting: bets $1.47
steepfell: calls $1.47
*** RIVER *** [7c 3s 8c 6s] [9c]
steepfell: checks 
v.sting: bets $5.70
steepfell: calls $5.70
*** SHOW DOWN ***
v.sting: shows [As 4d] (high card Ace)
steepfell: shows [8h 5h] (a straight, Five to Nine)
steepfell collected $18.09 from pot
*** SUMMARY ***
Total pot $19.04 | Rake $0.95 
Board [7c 3s 8c 6s 9c]
Seat 1: XneferX (small blind) folded before Flop
Seat 2: steepfell (big blind) showed [8h 5h] and won ($18.09) with a straight, Five to Nine
Seat 3: Rezzonner folded before Flop (didn't bet)
Seat 4: CEPTT folded before Flop (didn't bet)
Seat 5: raiserron12 folded before Flop (didn't bet)
Seat 6: v.sting (button) showed [As 4d] and lost with high card Ace



PokerStars Hand #254439906404:  Hold'em No Limit ($0.50/$1.00 USD) - 2025/01/18 23:24:56 WET [2025/01/18 18:24:56 ET]
Table 'Thekla III' 6-max Seat #1 is the button
Seat 1: XneferX ($102.75 in chips) 
Seat 2: steepfell ($110.32 in chips) 
Seat 3: Rezzonner ($100 in chips) 
Seat 4: CEPTT ($103.38 in chips) 
Seat 5: raiserron12 ($90.92 in chips) 
Seat 6: v.sting ($100 in chips) 
steepfell: posts small blind $0.50
Rezzonner: posts big blind $1
*** HOLE CARDS ***
CEPTT: folds 
raiserron12: folds 
v.sting: folds 
XneferX: raises $1.77 to $2.77
steepfell: folds 
Rezzonner: calls $1.77
*** FLOP *** [5h 9d Tc]
Rezzonner: checks 
XneferX: bets $2.93
Rezzonner: folds 
Uncalled bet ($2.93) returned to XneferX
XneferX collected $5.74 from pot
XneferX: doesn't show hand 
*** SUMMARY ***
Total pot $6.04 | Rake $0.30 
Board [5h 9d Tc]
Seat 1: XneferX (button) collected ($5.74)
Seat 2: steepfell (small blind) folded before Flop
Seat 3: Rezzonner (big blind) folded on the Flop
Seat 4: CEPTT folded before Flop (didn't bet)
Seat 5: raiserron12 folded before Flop (didn't bet)
Seat 6: v.sting folded before Flop (didn't bet)



PokerStars Hand #254439914666:  Hold'em No Limit ($0.50/$1.00 USD) - 2025/01/18 23:25:26 WET [2025/01/18 18:25:26 ET]
Table 'Thekla III' 6-max Seat #2 is the button
Seat 1: XneferX ($105.72 in chips) 
Seat 2: steepfell ($109.82 in chips) 
Seat 3: Rezzonner ($100 in chips) 
Seat 4: CEPTT ($103.38 in chips) 
Seat 5: raiserron12 ($90.92 in chips) 
Seat 6: v.sting ($100 in chips) 
Rezzonner: posts small blind $0.50
CEPTT: posts big blind $1
*** HOLE CARDS ***
raiserron12: folds 
v.sting: folds 
XneferX: raises $1.30 to $2.30
steepfell: folds 
Rezzonner: folds 
CEPTT: folds 
Uncalled bet ($1.30) returned to XneferX
XneferX collected $2.50 from pot
XneferX: doesn't show hand 
*** SUMMARY ***
Total pot $2.50 | Rake $0 
Seat 1: XneferX collected ($2.50)
Seat 2: steepfell (button) folded before Flop (didn't bet)
Seat 3: Rezzonner (small blind) folded before Flop
Seat 4: CEPTT (big blind) folded before Flop
Seat 5: raiserron12 folded before Flop (didn't bet)
Seat 6: v.sting folded before Flop (didn't bet)



PokerStars Hand #254439919562:  Hold'em No Limit ($0.50/$1.00 USD) - 2025/01/18 23:25:44 WET [2025/01/18 18:25:44 ET]
Table 'Thekla III' 6-max Seat #3 is the button
Seat 1: XneferX ($107.22 in chips) 
Seat 2: steepfell ($109.82 in chips) 
Seat 3: Rezzonner ($100 in chips) 
Seat 4: CEPTT ($102.38 in chips) 
Seat 5: raiserron12 ($90.92 in chips) 
Seat 6: v.sting ($100 in chips) 
CEPTT: posts small blind $0.50
raiserron12: posts big blind $1
*** HOLE CARDS ***
v.sting: folds 
XneferX: folds 
steepfell: folds 
Rezzonner: folds 
CEPTT: folds 
Uncalled bet ($0.50) returned to raiserron12
raiserron12 collected $1 from pot
raiserron12: doesn't show hand 
*** SUMMARY ***
Total pot $1 | Rake $0 
Seat 1: XneferX folded before Flop (didn't bet)
Seat 2: steepfell folded before Flop (didn't bet)
Seat 3: Rezzonner (button) folded before Flop (didn't bet)
Seat 4: CEPTT (small blind) folded before Flop
Seat 5: raiserron12 (big blind) collected ($1)
Seat 6: v.sting folded before Flop (didn't bet)



PokerStars Hand #254439923808:  Hold'em No Limit ($0.50/$1.00 USD) - 2025/01/18 23:26:00 WET [2025/01/18 18:26:00 ET]
Table 'Thekla III' 6-max Seat #4 is the button
Seat 1: XneferX ($107.22 in chips) 
Seat 2: steepfell ($109.82 in chips) 
Seat 3: Rezzonner ($100 in chips) 
Seat 4: CEPTT ($101.88 in chips) 
Seat 5: raiserron12 ($91.42 in chips) 
Seat 6: v.sting ($100 in chips) 
raiserron12: posts small blind $0.50
v.sting: posts big blind $1
*** HOLE CARDS ***
XneferX: folds 
steepfell: raises $1.50 to $2.50
Rezzonner: folds 
CEPTT: folds 
raiserron12: folds 
v.sting: folds 
Uncalled bet ($1.50) returned to steepfell
steepfell collected $2.50 from pot
steepfell: doesn't show hand 
*** SUMMARY ***
Total pot $2.50 | Rake $0 
Seat 1: XneferX folded before Flop (didn't bet)
Seat 2: steepfell collected ($2.50)
Seat 3: Rezzonner folded before Flop (didn't bet)
Seat 4: CEPTT (button) folded before Flop (didn't bet)
Seat 5: raiserron12 (small blind) folded before Flop
Seat 6: v.sting (big blind) folded before Flop



PokerStars Hand #254439929615:  Hold'em No Limit ($0.50/$1.00 USD) - 2025/01/18 23:26:21 WET [2025/01/18 18:26:21 ET]
Table 'Thekla III' 6-max Seat #5 is the button
Seat 1: XneferX ($107.22 in chips) 
Seat 2: steepfell ($111.32 in chips) 
Seat 3: Rezzonner ($100 in chips) 
Seat 4: CEPTT ($101.88 in chips) 
Seat 5: raiserron12 ($90.92 in chips) 
Seat 6: v.sting ($100 in chips) 
v.sting: posts small blind $0.50
XneferX: posts big blind $1
*** HOLE CARDS ***
steepfell: folds 
Rezzonner: raises $1.50 to $2.50
CEPTT: folds 
raiserron12: folds 
v.sting: folds 
XneferX: calls $1.50
*** FLOP *** [8h 6h 8c]
XneferX: checks 
Rezzonner: checks 
*** TURN *** [8h 6h 8c] [Ts]
XneferX: checks 
Rezzonner: bets $3.13
XneferX: calls $3.13
*** RIVER *** [8h 6h 8c Ts] [6c]
XneferX: checks 
Rezzonner: checks 
*** SHOW DOWN ***
XneferX: shows [7d Td] (two pair, Tens and Eights)
Rezzonner: mucks hand 
XneferX collected $11.17 from pot
*** SUMMARY ***
Total pot $11.76 | Rake $0.59 
Board [8h 6h 8c Ts 6c]
Seat 1: XneferX (big blind) showed [7d Td] and won ($11.17) with two pair, Tens and Eights
Seat 2: steepfell folded before Flop (didn't bet)
Seat 3: Rezzonner mucked
Seat 4: CEPTT folded before Flop (didn't bet)
Seat 5: raiserron12 (button) folded before Flop (didn't bet)
Seat 6: v.sting (small blind) folded before Flop



PokerStars Hand #254439953614:  Hold'em No Limit ($0.50/$1.00 USD) - 2025/01/18 23:27:50 WET [2025/01/18 18:27:50 ET]
Table 'Thekla III' 6-max Seat #6 is the button
Seat 1: XneferX ($112.76 in chips) 
Seat 2: steepfell ($111.32 in chips) 
Seat 3: Rezzonner ($100 in chips) 
Seat 4: CEPTT ($101.88 in chips) 
Seat 5: raiserron12 ($90.92 in chips) 
Seat 6: v.sting ($100 in chips) 
XneferX: posts small blind $0.50
steepfell: posts big blind $1
*** HOLE CARDS ***
Rezzonner: folds 
CEPTT: folds 
raiserron12: folds 
v.sting: folds 
XneferX: raises $2 to $3
steepfell: folds 
Uncalled bet ($2) returned to XneferX
XneferX collected $2 from pot
XneferX: doesn't show hand 
*** SUMMARY ***
Total pot $2 | Rake $0 
Seat 1: XneferX (small blind) collected ($2)
Seat 2: steepfell (big blind) folded before Flop
Seat 3: Rezzonner folded before Flop (didn't bet)
Seat 4: CEPTT folded before Flop (didn't bet)
Seat 5: raiserron12 folded before Flop (didn't bet)
Seat 6: v.sting (button) folded before Flop (didn't bet)



PokerStars Hand #254439958983:  Hold'em No Limit ($0.50/$1.00 USD) - 2025/01/18 23:28:11 WET [2025/01/18 18:28:11 ET]
Table 'Thekla III' 6-max Seat #1 is the button
Seat 1: XneferX ($113.76 in chips) 
Seat 2: steepfell ($110.32 in chips) 
Seat 3: Rezzonner ($100 in chips) 
Seat 4: CEPTT ($101.88 in chips) 
Seat 5: raiserron12 ($90.92 in chips) 
Seat 6: v.sting ($100 in chips) 
steepfell: posts small blind $0.50
Rezzonner: posts big blind $1
*** HOLE CARDS ***
CEPTT: folds 
raiserron12: folds 
v.sting: folds 
XneferX: folds 
steepfell: raises $2 to $3
Rezzonner: calls $2
*** FLOP *** [Ks 3s Kd]
steepfell: checks 
Rezzonner: bets $1.88
steepfell: folds 
Uncalled bet ($1.88) returned to Rezzonner
Rezzonner collected $5.70 from pot
Rezzonner: doesn't show hand 
*** SUMMARY ***
Total pot $6 | Rake $0.30 
Board [Ks 3s Kd]
Seat 1: XneferX (button) folded before Flop (didn't bet)
Seat 2: steepfell (small blind) folded on the Flop
Seat 3: Rezzonner (big blind) collected ($5.70)
Seat 4: CEPTT folded before Flop (didn't bet)
Seat 5: raiserron12 folded before Flop (didn't bet)
Seat 6: v.sting folded before Flop (didn't bet)



PokerStars Hand #254439969317:  Hold'em No Limit ($0.50/$1.00 USD) - 2025/01/18 23:28:50 WET [2025/01/18 18:28:50 ET]
Table 'Thekla III' 6-max Seat #2 is the button
Seat 1: XneferX ($113.76 in chips) 
Seat 2: steepfell ($107.32 in chips) 
Seat 3: Rezzonner ($102.70 in chips) 
Seat 4: CEPTT ($101.88 in chips) 
Seat 5: raiserron12 ($90.92 in chips) 
Seat 6: v.sting ($100 in chips) 
Rezzonner: posts small blind $0.50
CEPTT: posts big blind $1
*** HOLE CARDS ***
raiserron12: folds 
v.sting: raises $1.50 to $2.50
XneferX: folds 
steepfell: folds 
Rezzonner: raises $7.50 to $10
CEPTT: folds 
v.sting: calls $7.50
*** FLOP *** [5s 3d 3h]
Rezzonner: bets $6.58
v.sting: calls $6.58
*** TURN *** [5s 3d 3h] [2c]
Rezzonner: bets $24.34
v.sting: calls $24.34
*** RIVER *** [5s 3d 3h 2c] [Qs]
Rezzonner: bets $61.78 and is all-in
v.sting: folds 
Uncalled bet ($61.78) returned to Rezzonner
Rezzonner collected $80.34 from pot
Rezzonner: doesn't show hand 
*** SUMMARY ***
Total pot $82.84 | Rake $2.50 
Board [5s 3d 3h 2c Qs]
Seat 1: XneferX folded before Flop (didn't bet)
Seat 2: steepfell (button) folded before Flop (didn't bet)
Seat 3: Rezzonner (small blind) collected ($80.34)
Seat 4: CEPTT (big blind) folded before Flop
Seat 5: raiserron12 folded before Flop (didn't bet)
Seat 6: v.sting folded on the River



PokerStars Hand #254440000850:  Hold'em No Limit ($0.50/$1.00 USD) - 2025/01/18 23:30:48 WET [2025/01/18 18:30:48 ET]
Table 'Thekla III' 6-max Seat #3 is the button
Seat 1: XneferX ($113.76 in chips) 
Seat 2: steepfell ($107.32 in chips) 
Seat 3: Rezzonner ($142.12 in chips) 
Seat 4: CEPTT ($100.88 in chips) 
Seat 5: raiserron12 ($90.92 in chips) 
Seat 6: v.sting ($100 in chips) 
CEPTT: posts small blind $0.50
raiserron12: posts big blind $1
*** HOLE CARDS ***
v.sting: folds 
XneferX: folds 
steepfell: folds 
Rezzonner: folds 
CEPTT: folds 
Uncalled bet ($0.50) returned to raiserron12
raiserron12 collected $1 from pot
raiserron12: doesn't show hand 
*** SUMMARY ***
Total pot $1 | Rake $0 
Seat 1: XneferX folded before Flop (didn't bet)
Seat 2: steepfell folded before Flop (didn't bet)
Seat 3: Rezzonner (button) folded before Flop (didn't bet)
Seat 4: CEPTT (small blind) folded before Flop
Seat 5: raiserron12 (big blind) collected ($1)
Seat 6: v.sting folded before Flop (didn't bet)



PokerStars Hand #254440003160:  Hold'em No Limit ($0.50/$1.00 USD) - 2025/01/18 23:30:57 WET [2025/01/18 18:30:57 ET]
Table 'Thekla III' 6-max Seat #4 is the button
Seat 6: v.sting ($100 in chips) is sitting out
Seat 1: XneferX ($113.76 in chips) 
Seat 2: steepfell ($107.32 in chips) 
Seat 3: Rezzonner ($142.12 in chips) 
Seat 4: CEPTT ($100.38 in chips) 
Seat 5: raiserron12 ($91.42 in chips) 
raiserron12: posts small blind $0.50
v.sting: is sitting out 
XneferX: posts big blind $1
*** HOLE CARDS ***
steepfell: folds 
Rezzonner: folds 
v.sting leaves the table
CEPTT: folds 
raiserron12: folds 
Uncalled bet ($0.50) returned to XneferX
XneferX collected $1 from pot
XneferX: doesn't show hand 
*** SUMMARY ***
Total pot $1 | Rake $0 
Seat 6: v.sting
Seat 1: XneferX (big blind) collected ($1)
Seat 2: steepfell folded before Flop (didn't bet)
Seat 3: Rezzonner folded before Flop (didn't bet)
Seat 4: CEPTT (button) folded before Flop (didn't bet)
Seat 5: raiserron12 (small blind) folded before Flop



PokerStars Hand #254440005964:  Hold'em No Limit ($0.50/$1.00 USD) - 2025/01/18 23:31:08 WET [2025/01/18 18:31:08 ET]
Table 'Thekla III' 6-max Seat #5 is the button
Seat 1: XneferX ($114.26 in chips) 
Seat 2: steepfell ($107.32 in chips) 
Seat 3: Rezzonner ($142.12 in chips) 
Seat 4: CEPTT ($100.38 in chips) 
Seat 5: raiserron12 ($90.92 in chips) 
XneferX: posts small blind $0.50
steepfell: posts big blind $1
*** HOLE CARDS ***
Rezzonner: raises $1.50 to $2.50
CEPTT: folds 
raiserron12: folds 
kars0n joins the table at seat #6 
XneferX: folds 
steepfell: folds 
Uncalled bet ($1.50) returned to Rezzonner
Rezzonner collected $2.50 from pot
Rezzonner: doesn't show hand 
*** SUMMARY ***
Total pot $2.50 | Rake $0 
Seat 1: XneferX (small blind) folded before Flop
Seat 2: steepfell (big blind) folded before Flop
Seat 3: Rezzonner collected ($2.50)
Seat 4: CEPTT folded before Flop (didn't bet)
Seat 5: raiserron12 (button) folded before Flop (didn't bet)



PokerStars Hand #254440011589:  Hold'em No Limit ($0.50/$1.00 USD) - 2025/01/18 23:31:29 WET [2025/01/18 18:31:29 ET]
Table 'Thekla III' 6-max Seat #1 is the button
Seat 6: kars0n ($100 in chips) is sitting out
Seat 1: XneferX ($113.76 in chips) 
Seat 2: steepfell ($106.32 in chips) 
Seat 3: Rezzonner ($143.62 in chips) 
Seat 4: CEPTT ($100.38 in chips) 
Seat 5: raiserron12 ($90.92 in chips) 
steepfell: posts small blind $0.50
Rezzonner: posts big blind $1
kars0n: sits out 
*** HOLE CARDS ***
CEPTT: folds 
raiserron12: folds 
XneferX: folds 
steepfell: raises $2 to $3
Rezzonner: raises $6 to $9
steepfell: folds 
Uncalled bet ($6) returned to Rezzonner
Rezzonner collected $6 from pot
Rezzonner: doesn't show hand 
*** SUMMARY ***
Total pot $6 | Rake $0 
Seat 6: kars0n
Seat 1: XneferX (button) folded before Flop (didn't bet)
Seat 2: steepfell (small blind) folded before Flop
Seat 3: Rezzonner (big blind) collected ($6)
Seat 4: CEPTT folded before Flop (didn't bet)
Seat 5: raiserron12 folded before Flop (didn't bet)



PokerStars Hand #254440018937:  Hold'em No Limit ($0.50/$1.00 USD) - 2025/01/18 23:31:57 WET [2025/01/18 18:31:57 ET]
Table 'Thekla III' 6-max Seat #2 is the button
Seat 6: kars0n ($100 in chips) is sitting out
Seat 1: XneferX ($113.76 in chips) 
Seat 2: steepfell ($103.32 in chips) 
Seat 3: Rezzonner ($146.62 in chips) 
Seat 4: CEPTT ($100.38 in chips) 
Seat 5: raiserron12 ($90.92 in chips) 
Rezzonner: posts small blind $0.50
CEPTT: posts big blind $1
kars0n: sits out 
*** HOLE CARDS ***
raiserron12: folds 
XneferX: folds 
steepfell: folds 
Rezzonner: folds 
Uncalled bet ($0.50) returned to CEPTT
CEPTT collected $1 from pot
CEPTT: doesn't show hand 
*** SUMMARY ***
Total pot $1 | Rake $0 
Seat 6: kars0n
Seat 1: XneferX folded before Flop (didn't bet)
Seat 2: steepfell (button) folded before Flop (didn't bet)
Seat 3: Rezzonner (small blind) folded before Flop
Seat 4: CEPTT (big blind) collected ($1)
Seat 5: raiserron12 folded before Flop (didn't bet)



PokerStars Hand #254440022436:  Hold'em No Limit ($0.50/$1.00 USD) - 2025/01/18 23:32:10 WET [2025/01/18 18:32:10 ET]
Table 'Thekla III' 6-max Seat #3 is the button
Seat 6: kars0n ($100 in chips) is sitting out
Seat 1: XneferX ($113.76 in chips) 
Seat 2: steepfell ($103.32 in chips) 
Seat 3: Rezzonner ($146.12 in chips) 
Seat 4: CEPTT ($100.88 in chips) 
Seat 5: raiserron12 ($90.92 in chips) 
CEPTT: posts small blind $0.50
raiserron12: posts big blind $1
kars0n: sits out 
*** HOLE CARDS ***
XneferX: folds 
steepfell: folds 
Rezzonner: folds 
CEPTT: raises $2 to $3
raiserron12: calls $2
*** FLOP *** [Ad 8d 8c]
CEPTT: bets $1.71
raiserron12: raises $4.56 to $6.27
CEPTT: calls $4.56
*** TURN *** [Ad 8d 8c] [Qc]
CEPTT: checks 
raiserron12: bets $11
CEPTT: calls $11
*** RIVER *** [Ad 8d 8c Qc] [Qh]
CEPTT: checks 
raiserron12: bets $19.26
CEPTT: calls $19.26
*** SHOW DOWN ***
raiserron12: shows [2h 7h] (two pair, Queens and Eights)
CEPTT: shows [6c Ah] (two pair, Aces and Queens)
CEPTT collected $76.56 from pot
*** SUMMARY ***
Total pot $79.06 | Rake $2.50 
Board [Ad 8d 8c Qc Qh]
Seat 6: kars0n
Seat 1: XneferX folded before Flop (didn't bet)
Seat 2: steepfell folded before Flop (didn't bet)
Seat 3: Rezzonner (button) folded before Flop (didn't bet)
Seat 4: CEPTT (small blind) showed [6c Ah] and won ($76.56) with two pair, Aces and Queens
Seat 5: raiserron12 (big blind) showed [2h 7h] and lost with two pair, Queens and Eights



PokerStars Hand #254440046729:  Hold'em No Limit ($0.50/$1.00 USD) - 2025/01/18 23:33:42 WET [2025/01/18 18:33:42 ET]
Table 'Thekla III' 6-max Seat #4 is the button
Seat 1: XneferX ($113.76 in chips) 
Seat 2: steepfell ($103.32 in chips) 
Seat 3: Rezzonner ($146.12 in chips) 
Seat 4: CEPTT ($137.91 in chips) 
Seat 5: raiserron12 ($51.39 in chips) 
Seat 6: kars0n ($100 in chips) 
raiserron12: posts small blind $0.50
kars0n: posts big blind $1
*** HOLE CARDS ***
XneferX: folds 
steepfell: folds 
Rezzonner: folds 
CEPTT: raises $1.85 to $2.85
raiserron12: calls $2.35
kars0n: folds 
*** FLOP *** [5c Ac 5s]
raiserron12: bets $3.18
CEPTT: calls $3.18
*** TURN *** [5c Ac 5s] [Tc]
raiserron12: checks 
CEPTT: checks 
*** RIVER *** [5c Ac 5s Tc] [9h]
raiserron12: bets $12.41
CEPTT: folds 
Uncalled bet ($12.41) returned to raiserron12
raiserron12 collected $12.41 from pot
raiserron12: doesn't show hand 
*** SUMMARY ***
Total pot $13.06 | Rake $0.65 
Board [5c Ac 5s Tc 9h]
Seat 1: XneferX folded before Flop (didn't bet)
Seat 2: steepfell folded before Flop (didn't bet)
Seat 3: Rezzonner folded before Flop (didn't bet)
Seat 4: CEPTT (button) folded on the River
Seat 5: raiserron12 (small blind) collected ($12.41)
Seat 6: kars0n (big blind) folded before Flop



PokerStars Hand #254440062019:  Hold'em No Limit ($0.50/$1.00 USD) - 2025/01/18 23:34:40 WET [2025/01/18 18:34:40 ET]
Table 'Thekla III' 6-max Seat #5 is the button
Seat 1: XneferX ($113.76 in chips) 
Seat 2: steepfell ($103.32 in chips) 
Seat 3: Rezzonner ($146.12 in chips) 
Seat 4: CEPTT ($131.88 in chips) 
Seat 5: raiserron12 ($57.77 in chips) 
Seat 6: kars0n ($100 in chips) 
kars0n: posts small blind $0.50
XneferX: posts big blind $1
*** HOLE CARDS ***
steepfell: folds 
Rezzonner: folds 
CEPTT: raises $1.25 to $2.25
raiserron12: folds 
kars0n: folds 
XneferX: calls $1.25
*** FLOP *** [4c 5h 7d]
XneferX: checks 
CEPTT: checks 
*** TURN *** [4c 5h 7d] [Js]
XneferX: checks 
CEPTT: checks 
*** RIVER *** [4c 5h 7d Js] [Ah]
XneferX: checks 
CEPTT: bets $7.13
XneferX: folds 
Uncalled bet ($7.13) returned to CEPTT
CEPTT collected $4.75 from pot
CEPTT: doesn't show hand 
*** SUMMARY ***
Total pot $5 | Rake $0.25 
Board [4c 5h 7d Js Ah]
Seat 1: XneferX (big blind) folded on the River
Seat 2: steepfell folded before Flop (didn't bet)
Seat 3: Rezzonner folded before Flop (didn't bet)
Seat 4: CEPTT collected ($4.75)
Seat 5: raiserron12 (button) folded before Flop (didn't bet)
Seat 6: kars0n (small blind) folded before Flop



PokerStars Hand #254440077608:  Hold'em No Limit ($0.50/$1.00 USD) - 2025/01/18 23:35:40 WET [2025/01/18 18:35:40 ET]
Table 'Thekla III' 6-max Seat #6 is the button
Seat 1: XneferX ($111.51 in chips) 
Seat 2: steepfell ($103.32 in chips) 
Seat 3: Rezzonner ($146.12 in chips) 
Seat 4: CEPTT ($134.38 in chips) 
Seat 5: raiserron12 ($57.77 in chips) 
Seat 6: kars0n ($100 in chips) 
XneferX: posts small blind $0.50
steepfell: posts big blind $1
*** HOLE CARDS ***
Rezzonner: raises $1.50 to $2.50
CEPTT: folds 
raiserron12: folds 
kars0n: folds 
XneferX: folds 
steepfell: folds 
Uncalled bet ($1.50) returned to Rezzonner
Rezzonner collected $2.50 from pot
Rezzonner: doesn't show hand 
*** SUMMARY ***
Total pot $2.50 | Rake $0 
Seat 1: XneferX (small blind) folded before Flop
Seat 2: steepfell (big blind) folded before Flop
Seat 3: Rezzonner collected ($2.50)
Seat 4: CEPTT folded before Flop (didn't bet)
Seat 5: raiserron12 folded before Flop (didn't bet)
Seat 6: kars0n (button) folded before Flop (didn't bet)



PokerStars Hand #254440083960:  Hold'em No Limit ($0.50/$1.00 USD) - 2025/01/18 23:36:05 WET [2025/01/18 18:36:05 ET]
Table 'Thekla III' 6-max Seat #1 is the button
Seat 1: XneferX ($111.01 in chips) 
Seat 2: steepfell ($102.32 in chips) 
Seat 3: Rezzonner ($147.62 in chips) 
Seat 4: CEPTT ($134.38 in chips) 
Seat 5: raiserron12 ($57.77 in chips) 
Seat 6: kars0n ($100 in chips) 
steepfell: posts small blind $0.50
Rezzonner: posts big blind $1
*** HOLE CARDS ***
CEPTT: folds 
raiserron12: raises $1 to $2
kars0n: folds 
XneferX: folds 
steepfell: folds 
Rezzonner: calls $1
*** FLOP *** [7d 6h Kd]
Rezzonner: checks 
raiserron12: bets $2.28
Rezzonner: folds 
Uncalled bet ($2.28) returned to raiserron12
raiserron12 collected $4.28 from pot
raiserron12: doesn't show hand 
*** SUMMARY ***
Total pot $4.50 | Rake $0.22 
Board [7d 6h Kd]
Seat 1: XneferX (button) folded before Flop (didn't bet)
Seat 2: steepfell (small blind) folded before Flop
Seat 3: Rezzonner (big blind) folded on the Flop
Seat 4: CEPTT folded before Flop (didn't bet)
Seat 5: raiserron12 collected ($4.28)
Seat 6: kars0n folded before Flop (didn't bet)



PokerStars Hand #254440095594:  Hold'em No Limit ($0.50/$1.00 USD) - 2025/01/18 23:36:50 WET [2025/01/18 18:36:50 ET]
Table 'Thekla III' 6-max Seat #2 is the button
Seat 1: XneferX ($111.01 in chips) 
Seat 2: steepfell ($101.82 in chips) 
Seat 3: Rezzonner ($145.62 in chips) 
Seat 4: CEPTT ($134.38 in chips) 
Seat 5: raiserron12 ($60.05 in chips) 
Seat 6: kars0n ($100 in chips) 
Rezzonner: posts small blind $0.50
CEPTT: posts big blind $1
*** HOLE CARDS ***
raiserron12: raises $1 to $2
kars0n: raises $4.50 to $6.50
XneferX: folds 
steepfell: folds 
Rezzonner: folds 
CEPTT: folds 
raiserron12: raises $17.50 to $24
kars0n: folds 
Uncalled bet ($17.50) returned to raiserron12
raiserron12 collected $14.50 from pot
raiserron12: doesn't show hand 
*** SUMMARY ***
Total pot $14.50 | Rake $0 
Seat 1: XneferX folded before Flop (didn't bet)
Seat 2: steepfell (button) folded before Flop (didn't bet)
Seat 3: Rezzonner (small blind) folded before Flop
Seat 4: CEPTT (big blind) folded before Flop
Seat 5: raiserron12 collected ($14.50)
Seat 6: kars0n folded before Flop



PokerStars Hand #254440104742:  Hold'em No Limit ($0.50/$1.00 USD) - 2025/01/18 23:37:25 WET [2025/01/18 18:37:25 ET]
Table 'Thekla III' 6-max Seat #3 is the button
Seat 1: XneferX ($111.01 in chips) 
Seat 2: steepfell ($101.82 in chips) 
Seat 3: Rezzonner ($145.12 in chips) 
Seat 4: CEPTT ($133.38 in chips) 
Seat 5: raiserron12 ($68.05 in chips) 
Seat 6: kars0n ($100 in chips) 
CEPTT: posts small blind $0.50
raiserron12: posts big blind $1
*** HOLE CARDS ***
kars0n: folds 
XneferX: folds 
steepfell: folds 
Rezzonner: raises $1.50 to $2.50
CEPTT: folds 
raiserron12: folds 
Uncalled bet ($1.50) returned to Rezzonner
Rezzonner collected $2.50 from pot
Rezzonner: doesn't show hand 
*** SUMMARY ***
Total pot $2.50 | Rake $0 
Seat 1: XneferX folded before Flop (didn't bet)
Seat 2: steepfell folded before Flop (didn't bet)
Seat 3: Rezzonner (button) collected ($2.50)
Seat 4: CEPTT (small blind) folded before Flop
Seat 5: raiserron12 (big blind) folded before Flop
Seat 6: kars0n folded before Flop (didn't bet)



PokerStars Hand #254440108101:  Hold'em No Limit ($0.50/$1.00 USD) - 2025/01/18 23:37:38 WET [2025/01/18 18:37:38 ET]
Table 'Thekla III' 6-max Seat #4 is the button
Seat 1: XneferX ($111.01 in chips) 
Seat 2: steepfell ($101.82 in chips) 
Seat 3: Rezzonner ($146.62 in chips) 
Seat 4: CEPTT ($132.88 in chips) 
Seat 5: raiserron12 ($67.05 in chips) 
Seat 6: kars0n ($100 in chips) 
raiserron12: posts small blind $0.50
kars0n: posts big blind $1
*** HOLE CARDS ***
XneferX: folds 
steepfell: folds 
Rezzonner: raises $1.50 to $2.50
CEPTT: folds 
raiserron12: folds 
kars0n: folds 
Uncalled bet ($1.50) returned to Rezzonner
Rezzonner collected $2.50 from pot
Rezzonner: doesn't show hand 
*** SUMMARY ***
Total pot $2.50 | Rake $0 
Seat 1: XneferX folded before Flop (didn't bet)
Seat 2: steepfell folded before Flop (didn't bet)
Seat 3: Rezzonner collected ($2.50)
Seat 4: CEPTT (button) folded before Flop (didn't bet)
Seat 5: raiserron12 (small blind) folded before Flop
Seat 6: kars0n (big blind) folded before Flop



PokerStars Hand #254440113175:  Hold'em No Limit ($0.50/$1.00 USD) - 2025/01/18 23:37:58 WET [2025/01/18 18:37:58 ET]
Table 'Thekla III' 6-max Seat #5 is the button
Seat 1: XneferX ($111.01 in chips) 
Seat 2: steepfell ($101.82 in chips) 
Seat 3: Rezzonner ($148.12 in chips) 
Seat 4: CEPTT ($132.88 in chips) 
Seat 5: raiserron12 ($66.55 in chips) 
Seat 6: kars0n ($100 in chips) 
kars0n: posts small blind $0.50
XneferX: posts big blind $1
*** HOLE CARDS ***
steepfell: folds 
Rezzonner: folds 
CEPTT: raises $1.25 to $2.25
raiserron12: folds 
kars0n: folds 
XneferX: calls $1.25
*** FLOP *** [Ac 2s Tc]
XneferX: checks 
CEPTT: bets $1.43
XneferX: calls $1.43
*** TURN *** [Ac 2s Tc] [5d]
XneferX: checks 
CEPTT: bets $11.21
XneferX: folds 
Uncalled bet ($11.21) returned to CEPTT
CEPTT collected $7.47 from pot
CEPTT: doesn't show hand 
*** SUMMARY ***
Total pot $7.86 | Rake $0.39 
Board [Ac 2s Tc 5d]
Seat 1: XneferX (big blind) folded on the Turn
Seat 2: steepfell folded before Flop (didn't bet)
Seat 3: Rezzonner folded before Flop (didn't bet)
Seat 4: CEPTT collected ($7.47)
Seat 5: raiserron12 (button) folded before Flop (didn't bet)
Seat 6: kars0n (small blind) folded before Flop



PokerStars Hand #254440136770:  Hold'em No Limit ($0.50/$1.00 USD) - 2025/01/18 23:39:28 WET [2025/01/18 18:39:28 ET]
Table 'Thekla III' 6-max Seat #6 is the button
Seat 1: XneferX ($107.33 in chips) 
Seat 2: steepfell ($101.82 in chips) 
Seat 3: Rezzonner ($148.12 in chips) 
Seat 4: CEPTT ($136.67 in chips) 
Seat 5: raiserron12 ($66.55 in chips) 
Seat 6: kars0n ($100 in chips) 
XneferX: posts small blind $0.50
steepfell: posts big blind $1
*** HOLE CARDS ***
Rezzonner: folds 
CEPTT: raises $1.25 to $2.25
raiserron12: folds 
kars0n: folds 
XneferX: folds 
steepfell: calls $1.25
*** FLOP *** [Ad 8c Jh]
steepfell: checks 
CEPTT: checks 
*** TURN *** [Ad 8c Jh] [Ks]
steepfell: checks 
CEPTT: checks 
*** RIVER *** [Ad 8c Jh Ks] [3c]
steepfell: bets $3.56
CEPTT: calls $3.56
*** SHOW DOWN ***
steepfell: shows [6h Ah] (a pair of Aces)
CEPTT: mucks hand 
steepfell collected $11.51 from pot
*** SUMMARY ***
Total pot $12.12 | Rake $0.61 
Board [Ad 8c Jh Ks 3c]
Seat 1: XneferX (small blind) folded before Flop
Seat 2: steepfell (big blind) showed [6h Ah] and won ($11.51) with a pair of Aces
Seat 3: Rezzonner folded before Flop (didn't bet)
Seat 4: CEPTT mucked
Seat 5: raiserron12 folded before Flop (didn't bet)
Seat 6: kars0n (button) folded before Flop (didn't bet)



PokerStars Hand #254440156080:  Hold'em No Limit ($0.50/$1.00 USD) - 2025/01/18 23:40:42 WET [2025/01/18 18:40:42 ET]
Table 'Thekla III' 6-max Seat #1 is the button
Seat 1: XneferX ($106.83 in chips) 
Seat 2: steepfell ($107.52 in chips) 
Seat 3: Rezzonner ($148.12 in chips) 
Seat 4: CEPTT ($130.86 in chips) 
Seat 5: raiserron12 ($66.55 in chips) 
Seat 6: kars0n ($100 in chips) 
steepfell: posts small blind $0.50
Rezzonner: posts big blind $1
*** HOLE CARDS ***
CEPTT: folds 
raiserron12: raises $1 to $2
kars0n: folds 
XneferX: folds 
steepfell: folds 
Rezzonner: folds 
Uncalled bet ($1) returned to raiserron12
raiserron12 collected $2.50 from pot
raiserron12: doesn't show hand 
*** SUMMARY ***
Total pot $2.50 | Rake $0 
Seat 1: XneferX (button) folded before Flop (didn't bet)
Seat 2: steepfell (small blind) folded before Flop
Seat 3: Rezzonner (big blind) folded before Flop
Seat 4: CEPTT folded before Flop (didn't bet)
Seat 5: raiserron12 collected ($2.50)
Seat 6: kars0n folded before Flop (didn't bet)



PokerStars Hand #254440160656:  Hold'em No Limit ($0.50/$1.00 USD) - 2025/01/18 23:41:00 WET [2025/01/18 18:41:00 ET]
Table 'Thekla III' 6-max Seat #2 is the button
Seat 1: XneferX ($106.83 in chips) 
Seat 2: steepfell ($107.02 in chips) 
Seat 3: Rezzonner ($147.12 in chips) 
Seat 4: CEPTT ($130.86 in chips) 
Seat 5: raiserron12 ($68.05 in chips) 
Seat 6: kars0n ($100 in chips) 
Rezzonner: posts small blind $0.50
CEPTT: posts big blind $1
*** HOLE CARDS ***
raiserron12: calls $1
kars0n: folds 
XneferX: folds 
steepfell: folds 
Rezzonner: folds 
CEPTT: checks 
*** FLOP *** [Th Qs Qc]
CEPTT: checks 
raiserron12: checks 
*** TURN *** [Th Qs Qc] [5c]
CEPTT: checks 
raiserron12: bets $1
CEPTT: folds 
Uncalled bet ($1) returned to raiserron12
raiserron12 collected $2.38 from pot
raiserron12: doesn't show hand 
*** SUMMARY ***
Total pot $2.50 | Rake $0.12 
Board [Th Qs Qc 5c]
Seat 1: XneferX folded before Flop (didn't bet)
Seat 2: steepfell (button) folded before Flop (didn't bet)
Seat 3: Rezzonner (small blind) folded before Flop
Seat 4: CEPTT (big blind) folded on the Turn
Seat 5: raiserron12 collected ($2.38)
Seat 6: kars0n folded before Flop (didn't bet)



PokerStars Hand #254440173537:  Hold'em No Limit ($0.50/$1.00 USD) - 2025/01/18 23:41:50 WET [2025/01/18 18:41:50 ET]
Table 'Thekla III' 6-max Seat #3 is the button
Seat 1: XneferX ($106.83 in chips) 
Seat 2: steepfell ($107.02 in chips) 
Seat 3: Rezzonner ($146.62 in chips) 
Seat 4: CEPTT ($129.86 in chips) 
Seat 5: raiserron12 ($69.43 in chips) 
Seat 6: kars0n ($100 in chips) 
CEPTT: posts small blind $0.50
raiserron12: posts big blind $1
*** HOLE CARDS ***
kars0n: folds 
XneferX: folds 
steepfell: folds 
Rezzonner: folds 
CEPTT: folds 
Uncalled bet ($0.50) returned to raiserron12
raiserron12 collected $1 from pot
raiserron12: doesn't show hand 
*** SUMMARY ***
Total pot $1 | Rake $0 
Seat 1: XneferX folded before Flop (didn't bet)
Seat 2: steepfell folded before Flop (didn't bet)
Seat 3: Rezzonner (button) folded before Flop (didn't bet)
Seat 4: CEPTT (small blind) folded before Flop
Seat 5: raiserron12 (big blind) collected ($1)
Seat 6: kars0n folded before Flop (didn't bet)



PokerStars Hand #254440178335:  Hold'em No Limit ($0.50/$1.00 USD) - 2025/01/18 23:42:09 WET [2025/01/18 18:42:09 ET]
Table 'Thekla III' 6-max Seat #4 is the button
Seat 1: XneferX ($106.83 in chips) 
Seat 2: steepfell ($107.02 in chips) 
Seat 3: Rezzonner ($146.62 in chips) 
Seat 4: CEPTT ($129.36 in chips) 
Seat 5: raiserron12 ($69.93 in chips) 
Seat 6: kars0n ($100 in chips) 
raiserron12: posts small blind $0.50
kars0n: posts big blind $1
*** HOLE CARDS ***
XneferX: raises $1.10 to $2.10
steepfell: folds 
Rezzonner: folds 
CEPTT: calls $2.10
raiserron12: folds 
kars0n: folds 
*** FLOP *** [9h 5d 9s]
XneferX: checks 
CEPTT: bets $1.63
XneferX: calls $1.63
*** TURN *** [9h 5d 9s] [Ac]
XneferX: checks 
CEPTT: checks 
*** RIVER *** [9h 5d 9s Ac] [Ah]
XneferX: checks 
CEPTT: checks 
*** SHOW DOWN ***
XneferX: shows [8h 8s] (two pair, Aces and Nines)
CEPTT: mucks hand 
XneferX collected $8.51 from pot
*** SUMMARY ***
Total pot $8.96 | Rake $0.45 
Board [9h 5d 9s Ac Ah]
Seat 1: XneferX showed [8h 8s] and won ($8.51) with two pair, Aces and Nines
Seat 2: steepfell folded before Flop (didn't bet)
Seat 3: Rezzonner folded before Flop (didn't bet)
Seat 4: CEPTT (button) mucked
Seat 5: raiserron12 (small blind) folded before Flop
Seat 6: kars0n (big blind) folded before Flop



PokerStars Hand #254440203567:  Hold'em No Limit ($0.50/$1.00 USD) - 2025/01/18 23:43:48 WET [2025/01/18 18:43:48 ET]
Table 'Thekla III' 6-max Seat #5 is the button
Seat 1: XneferX ($111.61 in chips) 
Seat 2: steepfell ($107.02 in chips) 
Seat 3: Rezzonner ($146.62 in chips) 
Seat 4: CEPTT ($125.63 in chips) 
Seat 5: raiserron12 ($69.43 in chips) 
Seat 6: kars0n ($100 in chips) 
kars0n: posts small blind $0.50
XneferX: posts big blind $1
*** HOLE CARDS ***
steepfell: folds 
Rezzonner: folds 
CEPTT: folds 
raiserron12: folds 
kars0n: raises $2 to $3
XneferX: folds 
Uncalled bet ($2) returned to kars0n
kars0n collected $2 from pot
kars0n: doesn't show hand 
*** SUMMARY ***
Total pot $2 | Rake $0 
Seat 1: XneferX (big blind) folded before Flop
Seat 2: steepfell folded before Flop (didn't bet)
Seat 3: Rezzonner folded before Flop (didn't bet)
Seat 4: CEPTT folded before Flop (didn't bet)
Seat 5: raiserron12 (button) folded before Flop (didn't bet)
Seat 6: kars0n (small blind) collected ($2)



PokerStars Hand #254440207568:  Hold'em No Limit ($0.50/$1.00 USD) - 2025/01/18 23:44:04 WET [2025/01/18 18:44:04 ET]
Table 'Thekla III' 6-max Seat #6 is the button
Seat 1: XneferX ($110.61 in chips) 
Seat 2: steepfell ($107.02 in chips) 
Seat 3: Rezzonner ($146.62 in chips) 
Seat 4: CEPTT ($125.63 in chips) 
Seat 5: raiserron12 ($69.43 in chips) 
Seat 6: kars0n ($101 in chips) 
XneferX: posts small blind $0.50
steepfell: posts big blind $1
*** HOLE CARDS ***
Rezzonner: folds 
CEPTT: folds 
raiserron12: raises $1 to $2
kars0n: folds 
XneferX: folds 
steepfell: calls $1
*** FLOP *** [8c 6d 4c]
steepfell: checks 
raiserron12: bets $2.14
steepfell: folds 
Uncalled bet ($2.14) returned to raiserron12
raiserron12 collected $4.28 from pot
raiserron12: doesn't show hand 
*** SUMMARY ***
Total pot $4.50 | Rake $0.22 
Board [8c 6d 4c]
Seat 1: XneferX (small blind) folded before Flop
Seat 2: steepfell (big blind) folded on the Flop
Seat 3: Rezzonner folded before Flop (didn't bet)
Seat 4: CEPTT folded before Flop (didn't bet)
Seat 5: raiserron12 collected ($4.28)
Seat 6: kars0n (button) folded before Flop (didn't bet)



PokerStars Hand #254440215908:  Hold'em No Limit ($0.50/$1.00 USD) - 2025/01/18 23:44:37 WET [2025/01/18 18:44:37 ET]
Table 'Thekla III' 6-max Seat #1 is the button
Seat 1: XneferX ($110.11 in chips) 
Seat 2: steepfell ($105.02 in chips) 
Seat 3: Rezzonner ($146.62 in chips) 
Seat 4: CEPTT ($125.63 in chips) 
Seat 5: raiserron12 ($71.71 in chips) 
Seat 6: kars0n ($101 in chips) 
steepfell: posts small blind $0.50
Rezzonner: posts big blind $1
*** HOLE CARDS ***
CEPTT: folds 
raiserron12: folds 
kars0n: raises $1.50 to $2.50
XneferX: folds 
steepfell: folds 
Rezzonner: folds 
Uncalled bet ($1.50) returned to kars0n
kars0n collected $2.50 from pot
kars0n: doesn't show hand 
*** SUMMARY ***
Total pot $2.50 | Rake $0 
Seat 1: XneferX (button) folded before Flop (didn't bet)
Seat 2: steepfell (small blind) folded before Flop
Seat 3: Rezzonner (big blind) folded before Flop
Seat 4: CEPTT folded before Flop (didn't bet)
Seat 5: raiserron12 folded before Flop (didn't bet)
Seat 6: kars0n collected ($2.50)



PokerStars Hand #254440219985:  Hold'em No Limit ($0.50/$1.00 USD) - 2025/01/18 23:44:53 WET [2025/01/18 18:44:53 ET]
Table 'Thekla III' 6-max Seat #2 is the button
Seat 1: XneferX ($110.11 in chips) 
Seat 2: steepfell ($104.52 in chips) 
Seat 3: Rezzonner ($145.62 in chips) 
Seat 4: CEPTT ($125.63 in chips) 
Seat 5: raiserron12 ($71.71 in chips) 
Seat 6: kars0n ($102.50 in chips) 
Rezzonner: posts small blind $0.50
CEPTT: posts big blind $1
*** HOLE CARDS ***
raiserron12: folds 
kars0n: folds 
XneferX: folds 
steepfell: folds 
Rezzonner: folds 
Uncalled bet ($0.50) returned to CEPTT
CEPTT collected $1 from pot
CEPTT: doesn't show hand 
*** SUMMARY ***
Total pot $1 | Rake $0 
Seat 1: XneferX folded before Flop (didn't bet)
Seat 2: steepfell (button) folded before Flop (didn't bet)
Seat 3: Rezzonner (small blind) folded before Flop
Seat 4: CEPTT (big blind) collected ($1)
Seat 5: raiserron12 folded before Flop (didn't bet)
Seat 6: kars0n folded before Flop (didn't bet)



PokerStars Hand #254440225299:  Hold'em No Limit ($0.50/$1.00 USD) - 2025/01/18 23:45:14 WET [2025/01/18 18:45:14 ET]
Table 'Thekla III' 6-max Seat #3 is the button
Seat 1: XneferX ($110.11 in chips) 
Seat 2: steepfell ($104.52 in chips) 
Seat 3: Rezzonner ($145.12 in chips) 
Seat 4: CEPTT ($126.13 in chips) 
Seat 5: raiserron12 ($71.71 in chips) 
Seat 6: kars0n ($102.50 in chips) 
CEPTT: posts small blind $0.50
raiserron12: posts big blind $1
*** HOLE CARDS ***
kars0n: folds 
XneferX: folds 
steepfell: raises $1.50 to $2.50
Rezzonner: folds 
CEPTT: folds 
raiserron12: calls $1.50
*** FLOP *** [2d Th 6h]
raiserron12: checks 
steepfell: checks 
*** TURN *** [2d Th 6h] [Qd]
raiserron12: bets $3.61
steepfell: calls $3.61
*** RIVER *** [2d Th 6h Qd] [Qh]
raiserron12: bets $15.04
steepfell: folds 
Uncalled bet ($15.04) returned to raiserron12
raiserron12 collected $12.08 from pot
raiserron12: doesn't show hand 
*** SUMMARY ***
Total pot $12.72 | Rake $0.64 
Board [2d Th 6h Qd Qh]
Seat 1: XneferX folded before Flop (didn't bet)
Seat 2: steepfell folded on the River
Seat 3: Rezzonner (button) folded before Flop (didn't bet)
Seat 4: CEPTT (small blind) folded before Flop
Seat 5: raiserron12 (big blind) collected ($12.08)
Seat 6: kars0n folded before Flop (didn't bet)



PokerStars Hand #254440243708:  Hold'em No Limit ($0.50/$1.00 USD) - 2025/01/18 23:46:26 WET [2025/01/18 18:46:26 ET]
Table 'Thekla III' 6-max Seat #4 is the button
Seat 1: XneferX ($110.11 in chips) 
Seat 2: steepfell ($100 in chips) 
Seat 3: Rezzonner ($145.12 in chips) 
Seat 4: CEPTT ($125.63 in chips) 
Seat 5: raiserron12 ($77.68 in chips) 
Seat 6: kars0n ($102.50 in chips) 
raiserron12: posts small blind $0.50
kars0n: posts big blind $1
*** HOLE CARDS ***
XneferX: folds 
steepfell: folds 
Rezzonner: folds 
CEPTT: folds 
raiserron12: raises $1 to $2
kars0n: calls $1
*** FLOP *** [3h 5s Th]
raiserron12: bets $1
kars0n: folds 
Uncalled bet ($1) returned to raiserron12
raiserron12 collected $3.80 from pot
raiserron12: doesn't show hand 
*** SUMMARY ***
Total pot $4 | Rake $0.20 
Board [3h 5s Th]
Seat 1: XneferX folded before Flop (didn't bet)
Seat 2: steepfell folded before Flop (didn't bet)
Seat 3: Rezzonner folded before Flop (didn't bet)
Seat 4: CEPTT (button) folded before Flop (didn't bet)
Seat 5: raiserron12 (small blind) collected ($3.80)
Seat 6: kars0n (big blind) folded on the Flop



PokerStars Hand #254440253263:  Hold'em No Limit ($0.50/$1.00 USD) - 2025/01/18 23:47:04 WET [2025/01/18 18:47:04 ET]
Table 'Thekla III' 6-max Seat #5 is the button
Seat 1: XneferX ($110.11 in chips) 
Seat 2: steepfell ($100 in chips) 
Seat 3: Rezzonner ($145.12 in chips) 
Seat 4: CEPTT ($125.63 in chips) 
Seat 5: raiserron12 ($79.48 in chips) 
Seat 6: kars0n ($100.50 in chips) 
kars0n: posts small blind $0.50
XneferX: posts big blind $1
*** HOLE CARDS ***
steepfell: folds 
Rezzonner: folds 
CEPTT: raises $1.25 to $2.25
raiserron12: folds 
kars0n: folds 
XneferX: calls $1.25
*** FLOP *** [Th 8h Qs]
XneferX: checks 
CEPTT: checks 
*** TURN *** [Th 8h Qs] [3h]
XneferX: checks 
CEPTT: checks 
*** RIVER *** [Th 8h Qs 3h] [6s]
XneferX: checks 
CEPTT: bets $2.38
XneferX: folds 
Uncalled bet ($2.38) returned to CEPTT
CEPTT collected $4.75 from pot
CEPTT: doesn't show hand 
*** SUMMARY ***
Total pot $5 | Rake $0.25 
Board [Th 8h Qs 3h 6s]
Seat 1: XneferX (big blind) folded on the River
Seat 2: steepfell folded before Flop (didn't bet)
Seat 3: Rezzonner folded before Flop (didn't bet)
Seat 4: CEPTT collected ($4.75)
Seat 5: raiserron12 (button) folded before Flop (didn't bet)
Seat 6: kars0n (small blind) folded before Flop



PokerStars Hand #254440273969:  Hold'em No Limit ($0.50/$1.00 USD) - 2025/01/18 23:48:26 WET [2025/01/18 18:48:26 ET]
Table 'Thekla III' 6-max Seat #6 is the button
Seat 1: XneferX ($107.86 in chips) 
Seat 2: steepfell ($100 in chips) 
Seat 3: Rezzonner ($145.12 in chips) 
Seat 4: CEPTT ($128.13 in chips) 
Seat 5: raiserron12 ($79.48 in chips) 
Seat 6: kars0n ($100 in chips) 
XneferX: posts small blind $0.50
steepfell: posts big blind $1
*** HOLE CARDS ***
Rezzonner: folds 
Rezzonner leaves the table
CEPTT: folds 
raiserron12: raises $1 to $2
kars0n: folds 
NISIY joins the table at seat #3 
XneferX: folds 
steepfell: calls $1
*** FLOP *** [Th 3s 8d]
steepfell: checks 
raiserron12: bets $3.14
steepfell: folds 
Uncalled bet ($3.14) returned to raiserron12
raiserron12 collected $4.28 from pot
raiserron12: doesn't show hand 
*** SUMMARY ***
Total pot $4.50 | Rake $0.22 
Board [Th 3s 8d]
Seat 1: XneferX (small blind) folded before Flop
Seat 2: steepfell (big blind) folded on the Flop
Seat 3: Rezzonner folded before Flop (didn't bet)
Seat 4: CEPTT folded before Flop (didn't bet)
Seat 5: raiserron12 collected ($4.28)
Seat 6: kars0n (button) folded before Flop (didn't bet)



PokerStars Hand #254440284459:  Hold'em No Limit ($0.50/$1.00 USD) - 2025/01/18 23:49:09 WET [2025/01/18 18:49:09 ET]
Table 'Thekla III' 6-max Seat #1 is the button
Seat 1: XneferX ($107.36 in chips) 
Seat 2: steepfell ($100 in chips) 
Seat 3: NISIY ($100 in chips) 
Seat 4: CEPTT ($128.13 in chips) 
Seat 5: raiserron12 ($81.76 in chips) 
Seat 6: kars0n ($100 in chips) 
steepfell: posts small blind $0.50
NISIY: posts big blind $1
*** HOLE CARDS ***
CEPTT: raises $1.25 to $2.25
raiserron12: folds 
kars0n: folds 
XneferX: folds 
steepfell: raises $9.75 to $12
NISIY: folds 
CEPTT: folds 
Uncalled bet ($9.75) returned to steepfell
steepfell collected $5.50 from pot
steepfell: doesn't show hand 
*** SUMMARY ***
Total pot $5.50 | Rake $0 
Seat 1: XneferX (button) folded before Flop (didn't bet)
Seat 2: steepfell (small blind) collected ($5.50)
Seat 3: NISIY (big blind) folded before Flop
Seat 4: CEPTT folded before Flop
Seat 5: raiserron12 folded before Flop (didn't bet)
Seat 6: kars0n folded before Flop (didn't bet)



PokerStars Hand #254440289400:  Hold'em No Limit ($0.50/$1.00 USD) - 2025/01/18 23:49:29 WET [2025/01/18 18:49:29 ET]
Table 'Thekla III' 6-max Seat #2 is the button
Seat 1: XneferX ($107.36 in chips) 
Seat 2: steepfell ($103.25 in chips) 
Seat 3: NISIY ($100 in chips) 
Seat 4: CEPTT ($125.88 in chips) 
Seat 5: raiserron12 ($81.76 in chips) 
Seat 6: kars0n ($100 in chips) 
NISIY: posts small blind $0.50
CEPTT: posts big blind $1
*** HOLE CARDS ***
raiserron12: folds 
kars0n: raises $1 to $2
XneferX: folds 
steepfell: folds 
NISIY: folds 
CEPTT: raises $8.50 to $10.50
kars0n: calls $8.50
*** FLOP *** [Jh Qd 8s]
CEPTT: checks 
kars0n: checks 
*** TURN *** [Jh Qd 8s] [Ad]
CEPTT: bets $6.13
kars0n: folds 
Uncalled bet ($6.13) returned to CEPTT
CEPTT collected $20.42 from pot
CEPTT: doesn't show hand 
*** SUMMARY ***
Total pot $21.50 | Rake $1.08 
Board [Jh Qd 8s Ad]
Seat 1: XneferX folded before Flop (didn't bet)
Seat 2: steepfell (button) folded before Flop (didn't bet)
Seat 3: NISIY (small blind) folded before Flop
Seat 4: CEPTT (big blind) collected ($20.42)
Seat 5: raiserron12 folded before Flop (didn't bet)
Seat 6: kars0n folded on the Turn



PokerStars Hand #254440300362:  Hold'em No Limit ($0.50/$1.00 USD) - 2025/01/18 23:50:13 WET [2025/01/18 18:50:13 ET]
Table 'Thekla III' 6-max Seat #3 is the button
Seat 1: XneferX ($107.36 in chips) 
Seat 2: steepfell ($103.25 in chips) 
Seat 3: NISIY ($100 in chips) 
Seat 4: CEPTT ($135.80 in chips) 
Seat 5: raiserron12 ($81.76 in chips) 
Seat 6: kars0n ($100 in chips) 
CEPTT: posts small blind $0.50
raiserron12: posts big blind $1
*** HOLE CARDS ***
kars0n: folds 
XneferX: folds 
steepfell: folds 
NISIY: folds 
CEPTT: raises $2 to $3
raiserron12: raises $6 to $9
CEPTT: folds 
Uncalled bet ($6) returned to raiserron12
raiserron12 collected $6 from pot
raiserron12: doesn't show hand 
*** SUMMARY ***
Total pot $6 | Rake $0 
Seat 1: XneferX folded before Flop (didn't bet)
Seat 2: steepfell folded before Flop (didn't bet)
Seat 3: NISIY (button) folded before Flop (didn't bet)
Seat 4: CEPTT (small blind) folded before Flop
Seat 5: raiserron12 (big blind) collected ($6)
Seat 6: kars0n folded before Flop (didn't bet)



PokerStars Hand #254440308702:  Hold'em No Limit ($0.50/$1.00 USD) - 2025/01/18 23:50:46 WET [2025/01/18 18:50:46 ET]
Table 'Thekla III' 6-max Seat #4 is the button
Seat 1: XneferX ($107.36 in chips) 
Seat 2: steepfell ($103.25 in chips) 
Seat 3: NISIY ($100 in chips) 
Seat 4: CEPTT ($132.80 in chips) 
Seat 5: raiserron12 ($84.76 in chips) 
Seat 6: kars0n ($100 in chips) 
raiserron12: posts small blind $0.50
kars0n: posts big blind $1
*** HOLE CARDS ***
XneferX: folds 
steepfell: folds 
NISIY: raises $1.50 to $2.50
CEPTT: folds 
raiserron12: folds 
kars0n: calls $1.50
*** FLOP *** [3c Th 4c]
kars0n: checks 
NISIY: bets $1.72
kars0n: calls $1.72
*** TURN *** [3c Th 4c] [8s]
kars0n: checks 
NISIY: bets $12.74
kars0n: folds 
Uncalled bet ($12.74) returned to NISIY
NISIY collected $8.49 from pot
NISIY: doesn't show hand 
*** SUMMARY ***
Total pot $8.94 | Rake $0.45 
Board [3c Th 4c 8s]
Seat 1: XneferX folded before Flop (didn't bet)
Seat 2: steepfell folded before Flop (didn't bet)
Seat 3: NISIY collected ($8.49)
Seat 4: CEPTT (button) folded before Flop (didn't bet)
Seat 5: raiserron12 (small blind) folded before Flop
Seat 6: kars0n (big blind) folded on the Turn



PokerStars Hand #254440323537:  Hold'em No Limit ($0.50/$1.00 USD) - 2025/01/18 23:51:46 WET [2025/01/18 18:51:46 ET]
Table 'Thekla III' 6-max Seat #5 is the button
Seat 1: XneferX ($107.36 in chips) 
Seat 2: steepfell ($103.25 in chips) 
Seat 3: NISIY ($104.27 in chips) 
Seat 4: CEPTT ($132.80 in chips) 
Seat 5: raiserron12 ($84.26 in chips) 
Seat 6: kars0n ($100 in chips) 
kars0n: posts small blind $0.50
XneferX: posts big blind $1
*** HOLE CARDS ***
steepfell: folds 
NISIY: raises $1 to $2
CEPTT: folds 
raiserron12: folds 
kars0n: folds 
XneferX: folds 
Uncalled bet ($1) returned to NISIY
NISIY collected $2.50 from pot
NISIY: doesn't show hand 
*** SUMMARY ***
Total pot $2.50 | Rake $0 
Seat 1: XneferX (big blind) folded before Flop
Seat 2: steepfell folded before Flop (didn't bet)
Seat 3: NISIY collected ($2.50)
Seat 4: CEPTT folded before Flop (didn't bet)
Seat 5: raiserron12 (button) folded before Flop (didn't bet)
Seat 6: kars0n (small blind) folded before Flop



PokerStars Hand #254440328547:  Hold'em No Limit ($0.50/$1.00 USD) - 2025/01/18 23:52:07 WET [2025/01/18 18:52:07 ET]
Table 'Thekla III' 6-max Seat #6 is the button
Seat 1: XneferX ($106.36 in chips) 
Seat 2: steepfell ($103.25 in chips) 
Seat 3: NISIY ($105.77 in chips) 
Seat 4: CEPTT ($132.80 in chips) 
Seat 5: raiserron12 ($84.26 in chips) 
Seat 6: kars0n ($100 in chips) 
XneferX: posts small blind $0.50
steepfell: posts big blind $1
*** HOLE CARDS ***
NISIY: folds 
CEPTT: folds 
raiserron12: folds 
kars0n: raises $1.50 to $2.50
XneferX: folds 
steepfell: calls $1.50
*** FLOP *** [Ts Jc Ac]
steepfell: checks 
kars0n: checks 
*** TURN *** [Ts Jc Ac] [Qh]
steepfell: checks 
kars0n: checks 
*** RIVER *** [Ts Jc Ac Qh] [8d]
steepfell: checks 
kars0n: bets $4
steepfell: folds 
Uncalled bet ($4) returned to kars0n
kars0n collected $5.22 from pot
kars0n: doesn't show hand 
*** SUMMARY ***
Total pot $5.50 | Rake $0.28 
Board [Ts Jc Ac Qh 8d]
Seat 1: XneferX (small blind) folded before Flop
Seat 2: steepfell (big blind) folded on the River
Seat 3: NISIY folded before Flop (didn't bet)
Seat 4: CEPTT folded before Flop (didn't bet)
Seat 5: raiserron12 folded before Flop (didn't bet)
Seat 6: kars0n (button) collected ($5.22)



PokerStars Hand #254440338176:  Hold'em No Limit ($0.50/$1.00 USD) - 2025/01/18 23:52:46 WET [2025/01/18 18:52:46 ET]
Table 'Thekla III' 6-max Seat #1 is the button
Seat 1: XneferX ($105.86 in chips) 
Seat 2: steepfell ($100.75 in chips) 
Seat 3: NISIY ($105.77 in chips) 
Seat 4: CEPTT ($132.80 in chips) 
Seat 5: raiserron12 ($84.26 in chips) 
Seat 6: kars0n ($102.72 in chips) 
steepfell: posts small blind $0.50
NISIY: posts big blind $1
*** HOLE CARDS ***
CEPTT: raises $1.25 to $2.25
raiserron12: folds 
kars0n: folds 
XneferX: folds 
steepfell: folds 
NISIY: folds 
Uncalled bet ($1.25) returned to CEPTT
CEPTT collected $2.50 from pot
CEPTT: doesn't show hand 
*** SUMMARY ***
Total pot $2.50 | Rake $0 
Seat 1: XneferX (button) folded before Flop (didn't bet)
Seat 2: steepfell (small blind) folded before Flop
Seat 3: NISIY (big blind) folded before Flop
Seat 4: CEPTT collected ($2.50)
Seat 5: raiserron12 folded before Flop (didn't bet)
Seat 6: kars0n folded before Flop (didn't bet)



PokerStars Hand #254440342730:  Hold'em No Limit ($0.50/$1.00 USD) - 2025/01/18 23:53:05 WET [2025/01/18 18:53:05 ET]
Table 'Thekla III' 6-max Seat #2 is the button
Seat 1: XneferX ($105.86 in chips) 
Seat 2: steepfell ($100.25 in chips) 
Seat 3: NISIY ($104.77 in chips) 
Seat 4: CEPTT ($134.30 in chips) 
Seat 5: raiserron12 ($84.26 in chips) 
Seat 6: kars0n ($102.72 in chips) 
NISIY: posts small blind $0.50
CEPTT: posts big blind $1
*** HOLE CARDS ***
raiserron12: folds 
kars0n: folds 
XneferX: folds 
steepfell: raises $1.50 to $2.50
NISIY: folds 
CEPTT: raises $9.50 to $12
steepfell: folds 
Uncalled bet ($9.50) returned to CEPTT
CEPTT collected $5.50 from pot
CEPTT: doesn't show hand 
*** SUMMARY ***
Total pot $5.50 | Rake $0 
Seat 1: XneferX folded before Flop (didn't bet)
Seat 2: steepfell (button) folded before Flop
Seat 3: NISIY (small blind) folded before Flop
Seat 4: CEPTT (big blind) collected ($5.50)
Seat 5: raiserron12 folded before Flop (didn't bet)
Seat 6: kars0n folded before Flop (didn't bet)



PokerStars Hand #254440351354:  Hold'em No Limit ($0.50/$1.00 USD) - 2025/01/18 23:53:40 WET [2025/01/18 18:53:40 ET]
Table 'Thekla III' 6-max Seat #3 is the button
Seat 1: XneferX ($105.86 in chips) 
Seat 2: steepfell ($100 in chips) 
Seat 3: NISIY ($104.27 in chips) 
Seat 4: CEPTT ($137.30 in chips) 
Seat 5: raiserron12 ($84.26 in chips) 
Seat 6: kars0n ($102.72 in chips) 
CEPTT: posts small blind $0.50
raiserron12: posts big blind $1
*** HOLE CARDS ***
kars0n: folds 
XneferX: folds 
steepfell: folds 
NISIY: folds 
CEPTT: folds 
Uncalled bet ($0.50) returned to raiserron12
raiserron12 collected $1 from pot
raiserron12: doesn't show hand 
*** SUMMARY ***
Total pot $1 | Rake $0 
Seat 1: XneferX folded before Flop (didn't bet)
Seat 2: steepfell folded before Flop (didn't bet)
Seat 3: NISIY (button) folded before Flop (didn't bet)
Seat 4: CEPTT (small blind) folded before Flop
Seat 5: raiserron12 (big blind) collected ($1)
Seat 6: kars0n folded before Flop (didn't bet)



PokerStars Hand #254440358432:  Hold'em No Limit ($0.50/$1.00 USD) - 2025/01/18 23:54:09 WET [2025/01/18 18:54:09 ET]
Table 'Thekla III' 6-max Seat #4 is the button
Seat 1: XneferX ($105.86 in chips) 
Seat 2: steepfell ($100 in chips) 
Seat 3: NISIY ($104.27 in chips) 
Seat 4: CEPTT ($136.80 in chips) 
Seat 5: raiserron12 ($84.76 in chips) 
Seat 6: kars0n ($102.72 in chips) 
raiserron12: posts small blind $0.50
kars0n: posts big blind $1
*** HOLE CARDS ***
XneferX: folds 
steepfell: folds 
NISIY: folds 
CEPTT: raises $1.85 to $2.85
raiserron12: folds 
kars0n: folds 
Uncalled bet ($1.85) returned to CEPTT
CEPTT collected $2.50 from pot
CEPTT: doesn't show hand 
*** SUMMARY ***
Total pot $2.50 | Rake $0 
Seat 1: XneferX folded before Flop (didn't bet)
Seat 2: steepfell folded before Flop (didn't bet)
Seat 3: NISIY folded before Flop (didn't bet)
Seat 4: CEPTT (button) collected ($2.50)
Seat 5: raiserron12 (small blind) folded before Flop
Seat 6: kars0n (big blind) folded before Flop



PokerStars Hand #254440364340:  Hold'em No Limit ($0.50/$1.00 USD) - 2025/01/18 23:54:33 WET [2025/01/18 18:54:33 ET]
Table 'Thekla III' 6-max Seat #5 is the button
Seat 1: XneferX ($105.86 in chips) 
Seat 2: steepfell ($100 in chips) 
Seat 3: NISIY ($104.27 in chips) 
Seat 4: CEPTT ($138.30 in chips) 
Seat 5: raiserron12 ($84.26 in chips) 
Seat 6: kars0n ($101.72 in chips) 
kars0n: posts small blind $0.50
XneferX: posts big blind $1
*** HOLE CARDS ***
steepfell: raises $1.50 to $2.50
NISIY: folds 
CEPTT: calls $2.50
raiserron12: raises $10 to $12.50
kars0n: raises $89.22 to $101.72 and is all-in
XneferX: folds 
steepfell: folds 
CEPTT: folds 
raiserron12: folds 
Uncalled bet ($89.22) returned to kars0n
kars0n collected $31 from pot
kars0n: doesn't show hand 
*** SUMMARY ***
Total pot $31 | Rake $0 
Seat 1: XneferX (big blind) folded before Flop
Seat 2: steepfell folded before Flop
Seat 3: NISIY folded before Flop (didn't bet)
Seat 4: CEPTT folded before Flop
Seat 5: raiserron12 (button) folded before Flop
Seat 6: kars0n (small blind) collected ($31)



PokerStars Hand #254440378636:  Hold'em No Limit ($0.50/$1.00 USD) - 2025/01/18 23:55:41 WET [2025/01/18 18:55:41 ET]
Table 'Thekla III' 6-max Seat #6 is the button
Seat 1: XneferX ($104.86 in chips) 
Seat 2: steepfell ($100 in chips) 
Seat 3: NISIY ($104.27 in chips) 
Seat 4: CEPTT ($135.80 in chips) 
Seat 5: raiserron12 ($71.76 in chips) 
Seat 6: kars0n ($120.22 in chips) 
XneferX: posts small blind $0.50
steepfell: posts big blind $1
*** HOLE CARDS ***
NISIY: raises $1.50 to $2.50
CEPTT: folds 
raiserron12: folds 
kars0n: folds 
XneferX: folds 
steepfell: calls $1.50
*** FLOP *** [9s 7c 6h]
steepfell: checks 
NISIY: checks 
*** TURN *** [9s 7c 6h] [Kh]
steepfell: checks 
NISIY: checks 
*** RIVER *** [9s 7c 6h Kh] [Ks]
steepfell: checks 
NISIY: checks 
*** SHOW DOWN ***
steepfell: shows [9c 8c] (two pair, Kings and Nines)
NISIY: mucks hand 
steepfell collected $5.22 from pot
*** SUMMARY ***
Total pot $5.50 | Rake $0.28 
Board [9s 7c 6h Kh Ks]
Seat 1: XneferX (small blind) folded before Flop
Seat 2: steepfell (big blind) showed [9c 8c] and won ($5.22) with two pair, Kings and Nines
Seat 3: NISIY mucked
Seat 4: CEPTT folded before Flop (didn't bet)
Seat 5: raiserron12 folded before Flop (didn't bet)
Seat 6: kars0n (button) folded before Flop (didn't bet)



PokerStars Hand #254440388550:  Hold'em No Limit ($0.50/$1.00 USD) - 2025/01/18 23:56:34 WET [2025/01/18 18:56:34 ET]
Table 'Thekla III' 6-max Seat #1 is the button
Seat 1: XneferX ($104.36 in chips) 
Seat 2: steepfell ($102.72 in chips) 
Seat 3: NISIY ($101.77 in chips) 
Seat 4: CEPTT ($135.80 in chips) 
Seat 5: raiserron12 ($71.76 in chips) 
Seat 6: kars0n ($120.22 in chips) 
steepfell: posts small blind $0.50
NISIY: posts big blind $1
*** HOLE CARDS ***
CEPTT: folds 
raiserron12: raises $1 to $2
kars0n: folds 
XneferX: raises $5.50 to $7.50
steepfell: folds 
NISIY: folds 
raiserron12: calls $5.50
*** FLOP *** [6s 3d 6h]
raiserron12: checks 
XneferX: bets $5.33
raiserron12: calls $5.33
*** TURN *** [6s 3d 6h] [2c]
raiserron12: checks 
XneferX: bets $17.29
raiserron12: raises $41.64 to $58.93 and is all-in
XneferX: calls $41.64
*** RIVER *** [6s 3d 6h 2c] [Qd]
*** SHOW DOWN ***
raiserron12: shows [8h Qh] (two pair, Queens and Sixes)
XneferX: shows [Ks Kh] (two pair, Kings and Sixes)
XneferX collected $142.52 from pot
*** SUMMARY ***
Total pot $145.02 | Rake $2.50 
Board [6s 3d 6h 2c Qd]
Seat 1: XneferX (button) showed [Ks Kh] and won ($142.52) with two pair, Kings and Sixes
Seat 2: steepfell (small blind) folded before Flop
Seat 3: NISIY (big blind) folded before Flop
Seat 4: CEPTT folded before Flop (didn't bet)
Seat 5: raiserron12 showed [8h Qh] and lost with two pair, Queens and Sixes
Seat 6: kars0n folded before Flop (didn't bet)



PokerStars Hand #254440406799:  Hold'em No Limit ($0.50/$1.00 USD) - 2025/01/18 23:58:11 WET [2025/01/18 18:58:11 ET]
Table 'Thekla III' 6-max Seat #2 is the button
Seat 5: raiserron12 ($0 in chips) is sitting out
Seat 1: XneferX ($175.12 in chips) 
Seat 2: steepfell ($102.22 in chips) 
Seat 3: NISIY ($100.77 in chips) 
Seat 4: CEPTT ($135.80 in chips) 
Seat 6: kars0n ($120.22 in chips) 
NISIY: posts small blind $0.50
CEPTT: posts big blind $1
*** HOLE CARDS ***
kars0n: folds 
raiserron12 leaves the table
XneferX: folds 
steepfell: folds 
NISIY: raises $2 to $3
CEPTT: folds 
Uncalled bet ($2) returned to NISIY
NISIY collected $2 from pot
NISIY: doesn't show hand 
*** SUMMARY ***
Total pot $2 | Rake $0 
Seat 5: raiserron12
Seat 1: XneferX folded before Flop (didn't bet)
Seat 2: steepfell (button) folded before Flop (didn't bet)
Seat 3: NISIY (small blind) collected ($2)
Seat 4: CEPTT (big blind) folded before Flop
Seat 6: kars0n folded before Flop (didn't bet)



PokerStars Hand #254440410358:  Hold'em No Limit ($0.50/$1.00 USD) - 2025/01/18 23:58:30 WET [2025/01/18 18:58:30 ET]
Table 'Thekla III' 6-max Seat #3 is the button
Seat 1: XneferX ($175.12 in chips) 
Seat 2: steepfell ($102.22 in chips) 
Seat 3: NISIY ($101.77 in chips) 
Seat 4: CEPTT ($134.80 in chips) 
Seat 6: kars0n ($120.22 in chips) 
CEPTT: posts small blind $0.50
kars0n: posts big blind $1
*** HOLE CARDS ***
XneferX: folds 
steepfell: raises $1.50 to $2.50
NISIY: folds 
CEPTT: folds 
kars0n: folds 
Uncalled bet ($1.50) returned to steepfell
steepfell collected $2.50 from pot
steepfell: doesn't show hand 
*** SUMMARY ***
Total pot $2.50 | Rake $0 
Seat 1: XneferX folded before Flop (didn't bet)
Seat 2: steepfell collected ($2.50)
Seat 3: NISIY (button) folded before Flop (didn't bet)
Seat 4: CEPTT (small blind) folded before Flop
Seat 6: kars0n (big blind) folded before Flop



