PokerStars Hand #254426370457:  Hold'em No Limit ($0.50/$1.00 USD) - 2025/01/18 4:07:33 WET [2025/01/17 23:07:33 ET]
Table 'Irus III' 6-max Seat #3 is the button
Seat 1: vezis3 ($112.36 in chips) 
Seat 3: rostickkin ($101 in chips) 
Seat 4: ptolejmus ($10 in chips) 
Seat 5: MaRKiToScoK ($209.16 in chips) 
Seat 6: Timonessb ($122.16 in chips) 
ptolejmus: posts small blind $0.50
MaRKiToScoK: posts big blind $1
*** HOLE CARDS ***
Timonessb: raises $1.30 to $2.30
vezis3: folds 
rostickkin: folds 
ptolejmus: folds 
MaRKiToScoK: calls $1.30
*** FLOP *** [Jd Th 7c]
MaRKiToScoK: checks 
Timonessb: bets $2.47
MaRKiToScoK: folds 
Uncalled bet ($2.47) returned to Timonessb
Timonessb collected $4.84 from pot
Timonessb: doesn't show hand 
*** SUMMARY ***
Total pot $5.10 | Rake $0.26 
Board [Jd Th 7c]
Seat 1: vezis3 folded before Flop (didn't bet)
Seat 3: rostickkin (button) folded before Flop (didn't bet)
Seat 4: ptolejmus (small blind) folded before Flop
Seat 5: MaRKiToScoK (big blind) folded on the Flop
Seat 6: Timonessb collected ($4.84)



PokerStars Hand #254426220423:  Hold'em No Limit ($0.50/$1.00 USD) - 2025/01/18 3:47:14 WET [2025/01/17 22:47:14 ET]
Table 'Irus III' 6-max Seat #6 is the button
Seat 3: rostickkin ($100 in chips) is sitting out
Seat 4: fetpojken ($0 in chips) is sitting out
Seat 1: vezis3 ($100 in chips) 
Seat 2: Dbackhouse1 ($81.06 in chips) 
Seat 5: MaRKiToScoK ($156.42 in chips) 
Seat 6: Timonessb ($162.75 in chips) 
vezis3: posts small blind $0.50
Dbackhouse1: posts big blind $1
rostickkin: sits out 
*** HOLE CARDS ***
MaRKiToScoK: raises $1.25 to $2.25
Timonessb: folds 
vezis3: folds 
Dbackhouse1: calls $1.25
*** FLOP *** [Qc 2d 6d]
Dbackhouse1: checks 
MaRKiToScoK: bets $1.57
Dbackhouse1: raises $3.95 to $5.52
MaRKiToScoK: calls $3.95
*** TURN *** [Qc 2d 6d] [7h]
Dbackhouse1: bets $4.62
MaRKiToScoK: calls $4.62
*** RIVER *** [Qc 2d 6d 7h] [2s]
Dbackhouse1: bets $12.14
MaRKiToScoK: calls $12.14
*** SHOW DOWN ***
Dbackhouse1: shows [8c Kd] (a pair of Deuces)
MaRKiToScoK: shows [9d Qd] (two pair, Queens and Deuces)
MaRKiToScoK collected $48.56 from pot
*** SUMMARY ***
Total pot $49.56 | Rake $1 
Board [Qc 2d 6d 7h 2s]
Seat 3: rostickkin
Seat 4: fetpojken
Seat 1: vezis3 (small blind) folded before Flop
Seat 2: Dbackhouse1 (big blind) showed [8c Kd] and lost with a pair of Deuces
Seat 5: MaRKiToScoK showed [9d Qd] and won ($48.56) with two pair, Queens and Deuces
Seat 6: Timonessb (button) folded before Flop (didn't bet)



PokerStars Hand #254426228602:  Hold'em No Limit ($0.50/$1.00 USD) - 2025/01/18 3:48:16 WET [2025/01/17 22:48:16 ET]
Table 'Irus III' 6-max Seat #1 is the button
Seat 4: fetpojken ($0 in chips) is sitting out
Seat 1: vezis3 ($100 in chips) 
Seat 2: Dbackhouse1 ($56.53 in chips) 
Seat 3: rostickkin ($100 in chips) 
Seat 5: MaRKiToScoK ($180.45 in chips) 
Seat 6: Timonessb ($162.75 in chips) 
Dbackhouse1: posts small blind $0.50
rostickkin: posts big blind $1
*** HOLE CARDS ***
MaRKiToScoK: raises $1 to $2
Timonessb: folds 
vezis3: folds 
Dbackhouse1: calls $1.50
rostickkin: folds 
*** FLOP *** [9s 5s 8c]
Dbackhouse1: checks 
MaRKiToScoK: bets $1.57
Dbackhouse1: raises $7.89 to $9.46
MaRKiToScoK: calls $7.89
*** TURN *** [9s 5s 8c] [Kc]
Dbackhouse1: bets $22.72
MaRKiToScoK: folds 
Uncalled bet ($22.72) returned to Dbackhouse1
Dbackhouse1 collected $22.72 from pot
*** SUMMARY ***
Total pot $23.92 | Rake $1.20 
Board [9s 5s 8c Kc]
Seat 4: fetpojken
Seat 1: vezis3 (button) folded before Flop (didn't bet)
Seat 2: Dbackhouse1 (small blind) collected ($22.72)
Seat 3: rostickkin (big blind) folded before Flop
Seat 5: MaRKiToScoK folded on the Turn
Seat 6: Timonessb folded before Flop (didn't bet)



PokerStars Hand #254426232146:  Hold'em No Limit ($0.50/$1.00 USD) - 2025/01/18 3:48:42 WET [2025/01/17 22:48:42 ET]
Table 'Irus III' 6-max Seat #2 is the button
Seat 4: fetpojken ($0 in chips) is sitting out
Seat 1: vezis3 ($100 in chips) 
Seat 2: Dbackhouse1 ($67.79 in chips) 
Seat 3: rostickkin ($100 in chips) 
Seat 5: MaRKiToScoK ($168.99 in chips) 
Seat 6: Timonessb ($162.75 in chips) 
rostickkin: posts small blind $0.50
MaRKiToScoK: posts big blind $1
*** HOLE CARDS ***
Timonessb: folds 
vezis3: folds 
Dbackhouse1: folds 
rostickkin: raises $2 to $3
MaRKiToScoK: folds 
Uncalled bet ($2) returned to rostickkin
rostickkin collected $2 from pot
rostickkin: doesn't show hand 
*** SUMMARY ***
Total pot $2 | Rake $0 
Seat 4: fetpojken
Seat 1: vezis3 folded before Flop (didn't bet)
Seat 2: Dbackhouse1 (button) folded before Flop (didn't bet)
Seat 3: rostickkin (small blind) collected ($2)
Seat 5: MaRKiToScoK (big blind) folded before Flop
Seat 6: Timonessb folded before Flop (didn't bet)



PokerStars Hand #254426233545:  Hold'em No Limit ($0.50/$1.00 USD) - 2025/01/18 3:48:53 WET [2025/01/17 22:48:53 ET]
Table 'Irus III' 6-max Seat #3 is the button
Seat 4: fetpojken ($0 in chips) is sitting out
Seat 1: vezis3 ($100 in chips) 
Seat 2: Dbackhouse1 ($67.79 in chips) 
Seat 3: rostickkin ($101 in chips) 
Seat 5: MaRKiToScoK ($167.99 in chips) 
Seat 6: Timonessb ($162.75 in chips) 
MaRKiToScoK: posts small blind $0.50
Timonessb: posts big blind $1
*** HOLE CARDS ***
vezis3: folds 
Dbackhouse1: raises $1 to $2
rostickkin: folds 
MaRKiToScoK: folds 
Timonessb: calls $1
*** FLOP *** [7h Tc Td]
Timonessb: checks 
Dbackhouse1: bets $4.28
Timonessb: folds 
Uncalled bet ($4.28) returned to Dbackhouse1
Dbackhouse1 collected $4.28 from pot
*** SUMMARY ***
Total pot $4.50 | Rake $0.22 
Board [7h Tc Td]
Seat 4: fetpojken
Seat 1: vezis3 folded before Flop (didn't bet)
Seat 2: Dbackhouse1 collected ($4.28)
Seat 3: rostickkin (button) folded before Flop (didn't bet)
Seat 5: MaRKiToScoK (small blind) folded before Flop
Seat 6: Timonessb (big blind) folded on the Flop



PokerStars Hand #254426236382:  Hold'em No Limit ($0.50/$1.00 USD) - 2025/01/18 3:49:14 WET [2025/01/17 22:49:14 ET]
Table 'Irus III' 6-max Seat #5 is the button
Seat 4: fetpojken ($0 in chips) is sitting out
Seat 1: vezis3 ($100 in chips) 
Seat 2: Dbackhouse1 ($70.07 in chips) 
Seat 3: rostickkin ($101 in chips) 
Seat 5: MaRKiToScoK ($167.49 in chips) 
Seat 6: Timonessb ($160.75 in chips) 
Timonessb: posts small blind $0.50
vezis3: posts big blind $1
*** HOLE CARDS ***
Dbackhouse1: folds 
rostickkin: folds 
MaRKiToScoK: folds 
Timonessb: raises $2 to $3
vezis3: folds 
Uncalled bet ($2) returned to Timonessb
Timonessb collected $2 from pot
Timonessb: doesn't show hand 
*** SUMMARY ***
Total pot $2 | Rake $0 
Seat 4: fetpojken
Seat 1: vezis3 (big blind) folded before Flop
Seat 2: Dbackhouse1 folded before Flop (didn't bet)
Seat 3: rostickkin folded before Flop (didn't bet)
Seat 5: MaRKiToScoK (button) folded before Flop (didn't bet)
Seat 6: Timonessb (small blind) collected ($2)



PokerStars Hand #254426238661:  Hold'em No Limit ($0.50/$1.00 USD) - 2025/01/18 3:49:32 WET [2025/01/17 22:49:32 ET]
Table 'Irus III' 6-max Seat #6 is the button
Seat 4: fetpojken ($0 in chips) is sitting out
Seat 1: vezis3 ($100 in chips) 
Seat 2: Dbackhouse1 ($70.07 in chips) 
Seat 3: rostickkin ($101 in chips) 
Seat 5: MaRKiToScoK ($167.49 in chips) 
Seat 6: Timonessb ($161.75 in chips) 
vezis3: posts small blind $0.50
Dbackhouse1: posts big blind $1
*** HOLE CARDS ***
rostickkin: raises $1.20 to $2.20
MaRKiToScoK: folds 
Timonessb: folds 
vezis3: folds 
Dbackhouse1: folds 
Uncalled bet ($1.20) returned to rostickkin
rostickkin collected $2.50 from pot
rostickkin: doesn't show hand 
*** SUMMARY ***
Total pot $2.50 | Rake $0 
Seat 4: fetpojken
Seat 1: vezis3 (small blind) folded before Flop
Seat 2: Dbackhouse1 (big blind) folded before Flop
Seat 3: rostickkin collected ($2.50)
Seat 5: MaRKiToScoK folded before Flop (didn't bet)
Seat 6: Timonessb (button) folded before Flop (didn't bet)



PokerStars Hand #254426240913:  Hold'em No Limit ($0.50/$1.00 USD) - 2025/01/18 3:49:49 WET [2025/01/17 22:49:49 ET]
Table 'Irus III' 6-max Seat #1 is the button
Seat 4: fetpojken ($0 in chips) is sitting out
Seat 1: vezis3 ($100 in chips) 
Seat 2: Dbackhouse1 ($69.07 in chips) 
Seat 3: rostickkin ($102.50 in chips) 
Seat 5: MaRKiToScoK ($167.49 in chips) 
Seat 6: Timonessb ($161.75 in chips) 
Dbackhouse1: posts small blind $0.50
rostickkin: posts big blind $1
*** HOLE CARDS ***
MaRKiToScoK: raises $2 to $3
Timonessb: folds 
vezis3: calls $3
Dbackhouse1: folds 
rostickkin: folds 
*** FLOP *** [5s Tc 8c]
MaRKiToScoK: checks 
vezis3: bets $5.48
MaRKiToScoK: calls $5.48
*** TURN *** [5s Tc 8c] [9h]
MaRKiToScoK: checks 
vezis3: checks 
*** RIVER *** [5s Tc 8c 9h] [2d]
MaRKiToScoK: bets $13.15
vezis3: folds 
Uncalled bet ($13.15) returned to MaRKiToScoK
MaRKiToScoK collected $17.54 from pot
*** SUMMARY ***
Total pot $18.46 | Rake $0.92 
Board [5s Tc 8c 9h 2d]
Seat 4: fetpojken
Seat 1: vezis3 (button) folded on the River
Seat 2: Dbackhouse1 (small blind) folded before Flop
Seat 3: rostickkin (big blind) folded before Flop
Seat 5: MaRKiToScoK collected ($17.54)
Seat 6: Timonessb folded before Flop (didn't bet)



PokerStars Hand #254426253586:  Hold'em No Limit ($0.50/$1.00 USD) - 2025/01/18 3:51:25 WET [2025/01/17 22:51:25 ET]
Table 'Irus III' 6-max Seat #2 is the button
Seat 4: fetpojken ($0 in chips) is sitting out
Seat 1: vezis3 ($100 in chips) 
Seat 2: Dbackhouse1 ($68.57 in chips) 
Seat 3: rostickkin ($101.50 in chips) 
Seat 5: MaRKiToScoK ($176.55 in chips) 
Seat 6: Timonessb ($161.75 in chips) 
rostickkin: posts small blind $0.50
MaRKiToScoK: posts big blind $1
*** HOLE CARDS ***
Timonessb: folds 
vezis3: folds 
Dbackhouse1: raises $1 to $2
rostickkin: folds 
MaRKiToScoK: calls $1
*** FLOP *** [Kh Jh Qs]
MaRKiToScoK: checks 
Dbackhouse1: bets $2.14
MaRKiToScoK: folds 
Uncalled bet ($2.14) returned to Dbackhouse1
Dbackhouse1 collected $4.28 from pot
fetpojken leaves the table
*** SUMMARY ***
Total pot $4.50 | Rake $0.22 
Board [Kh Jh Qs]
Seat 4: fetpojken
Seat 1: vezis3 folded before Flop (didn't bet)
Seat 2: Dbackhouse1 (button) collected ($4.28)
Seat 3: rostickkin (small blind) folded before Flop
Seat 5: MaRKiToScoK (big blind) folded on the Flop
Seat 6: Timonessb folded before Flop (didn't bet)



PokerStars Hand #254426260213:  Hold'em No Limit ($0.50/$1.00 USD) - 2025/01/18 3:52:16 WET [2025/01/17 22:52:16 ET]
Table 'Irus III' 6-max Seat #3 is the button
Seat 1: vezis3 ($100 in chips) 
Seat 2: Dbackhouse1 ($70.85 in chips) 
Seat 3: rostickkin ($101 in chips) 
Seat 5: MaRKiToScoK ($174.55 in chips) 
Seat 6: Timonessb ($161.75 in chips) 
MaRKiToScoK: posts small blind $0.50
Timonessb: posts big blind $1
*** HOLE CARDS ***
vezis3: folds 
Dbackhouse1: folds 
rostickkin: raises $1.50 to $2.50
ptolejmus joins the table at seat #4 
MaRKiToScoK: folds 
Timonessb: folds 
Uncalled bet ($1.50) returned to rostickkin
rostickkin collected $2.50 from pot
rostickkin: doesn't show hand 
*** SUMMARY ***
Total pot $2.50 | Rake $0 
Seat 1: vezis3 folded before Flop (didn't bet)
Seat 2: Dbackhouse1 folded before Flop (didn't bet)
Seat 3: rostickkin (button) collected ($2.50)
Seat 5: MaRKiToScoK (small blind) folded before Flop
Seat 6: Timonessb (big blind) folded before Flop



PokerStars Hand #254426262253:  Hold'em No Limit ($0.50/$1.00 USD) - 2025/01/18 3:52:32 WET [2025/01/17 22:52:32 ET]
Table 'Irus III' 6-max Seat #5 is the button
Seat 4: ptolejmus ($10 in chips) is sitting out
Seat 1: vezis3 ($100 in chips) 
Seat 2: Dbackhouse1 ($70.85 in chips) 
Seat 3: rostickkin ($102.50 in chips) 
Seat 5: MaRKiToScoK ($174.05 in chips) 
Seat 6: Timonessb ($160.75 in chips) 
Timonessb: posts small blind $0.50
vezis3: posts big blind $1
ptolejmus: sits out 
*** HOLE CARDS ***
Dbackhouse1: folds 
rostickkin: folds 
MaRKiToScoK: raises $1.50 to $2.50
Timonessb: folds 
vezis3: calls $1.50
*** FLOP *** [Jc 2s Tc]
vezis3: checks 
MaRKiToScoK: checks 
*** TURN *** [Jc 2s Tc] [Qh]
vezis3: checks 
MaRKiToScoK: bets $7.83
rostickkin leaves the table
vezis3: folds 
Uncalled bet ($7.83) returned to MaRKiToScoK
MaRKiToScoK collected $5.22 from pot
*** SUMMARY ***
Total pot $5.50 | Rake $0.28 
Board [Jc 2s Tc Qh]
Seat 4: ptolejmus
Seat 1: vezis3 (big blind) folded on the Turn
Seat 2: Dbackhouse1 folded before Flop (didn't bet)
Seat 3: rostickkin folded before Flop (didn't bet)
Seat 5: MaRKiToScoK (button) collected ($5.22)
Seat 6: Timonessb (small blind) folded before Flop



PokerStars Hand #254426267823:  Hold'em No Limit ($0.50/$1.00 USD) - 2025/01/18 3:53:15 WET [2025/01/17 22:53:15 ET]
Table 'Irus III' 6-max Seat #6 is the button
Seat 4: ptolejmus ($10 in chips) is sitting out
Seat 1: vezis3 ($100 in chips) 
Seat 2: Dbackhouse1 ($70.85 in chips) 
Seat 5: MaRKiToScoK ($176.77 in chips) 
Seat 6: Timonessb ($160.25 in chips) 
vezis3: posts small blind $0.50
Dbackhouse1: posts big blind $1
ptolejmus: sits out 
*** HOLE CARDS ***
MaRKiToScoK: folds 
Timonessb: folds 
vezis3: raises $2 to $3
Dbackhouse1: raises $6 to $9
vezis3: calls $6
*** FLOP *** [3s 6s 9h]
nicofellow joins the table at seat #3 
vezis3: checks 
Dbackhouse1: bets $8.55
vezis3: calls $8.55
*** TURN *** [3s 6s 9h] [9s]
vezis3: checks 
Dbackhouse1: checks 
*** RIVER *** [3s 6s 9h 9s] [Qd]
vezis3: checks 
Dbackhouse1: checks 
*** SHOW DOWN ***
vezis3: shows [6c 3c] (two pair, Nines and Sixes)
Dbackhouse1: shows [Ts Th] (two pair, Tens and Nines)
Dbackhouse1 collected $34.10 from pot
*** SUMMARY ***
Total pot $35.10 | Rake $1 
Board [3s 6s 9h 9s Qd]
Seat 4: ptolejmus
Seat 1: vezis3 (small blind) showed [6c 3c] and lost with two pair, Nines and Sixes
Seat 2: Dbackhouse1 (big blind) showed [Ts Th] and won ($34.10) with two pair, Tens and Nines
Seat 5: MaRKiToScoK folded before Flop (didn't bet)
Seat 6: Timonessb (button) folded before Flop (didn't bet)



PokerStars Hand #254426274091:  Hold'em No Limit ($0.50/$1.00 USD) - 2025/01/18 3:54:03 WET [2025/01/17 22:54:03 ET]
Table 'Irus III' 6-max Seat #1 is the button
Seat 4: ptolejmus ($10 in chips) is sitting out
Seat 1: vezis3 ($100 in chips) 
Seat 2: Dbackhouse1 ($87.40 in chips) 
Seat 3: nicofellow ($100 in chips) 
Seat 5: MaRKiToScoK ($176.77 in chips) 
Seat 6: Timonessb ($160.25 in chips) 
Dbackhouse1: posts small blind $0.50
nicofellow: posts big blind $1
ptolejmus: sits out 
*** HOLE CARDS ***
MaRKiToScoK: folds 
Timonessb: raises $1.30 to $2.30
vezis3: folds 
Dbackhouse1: calls $1.80
nicofellow: calls $1.30
*** FLOP *** [6c 6h 3d]
Dbackhouse1: checks 
nicofellow: checks 
Timonessb: checks 
*** TURN *** [6c 6h 3d] [Qc]
Dbackhouse1: checks 
nicofellow: bets $2.16
Timonessb: folds 
Dbackhouse1: folds 
Uncalled bet ($2.16) returned to nicofellow
nicofellow collected $6.56 from pot
nicofellow: doesn't show hand 
*** SUMMARY ***
Total pot $6.90 | Rake $0.34 
Board [6c 6h 3d Qc]
Seat 4: ptolejmus
Seat 1: vezis3 (button) folded before Flop (didn't bet)
Seat 2: Dbackhouse1 (small blind) folded on the Turn
Seat 3: nicofellow (big blind) collected ($6.56)
Seat 5: MaRKiToScoK folded before Flop (didn't bet)
Seat 6: Timonessb folded on the Turn



PokerStars Hand #254426279602:  Hold'em No Limit ($0.50/$1.00 USD) - 2025/01/18 3:54:46 WET [2025/01/17 22:54:46 ET]
Table 'Irus III' 6-max Seat #2 is the button
Seat 1: vezis3 ($100 in chips) 
Seat 2: Dbackhouse1 ($85.10 in chips) 
Seat 3: nicofellow ($104.26 in chips) 
Seat 4: ptolejmus ($10 in chips) 
Seat 5: MaRKiToScoK ($176.77 in chips) 
Seat 6: Timonessb ($157.95 in chips) 
nicofellow: posts small blind $0.50
ptolejmus: posts big blind $1
*** HOLE CARDS ***
MaRKiToScoK: folds 
Timonessb: folds 
vezis3: folds 
Dbackhouse1: folds 
nicofellow: raises $10 to $11
ptolejmus: folds 
Uncalled bet ($10) returned to nicofellow
nicofellow collected $2 from pot
nicofellow: doesn't show hand 
*** SUMMARY ***
Total pot $2 | Rake $0 
Seat 1: vezis3 folded before Flop (didn't bet)
Seat 2: Dbackhouse1 (button) folded before Flop (didn't bet)
Seat 3: nicofellow (small blind) collected ($2)
Seat 4: ptolejmus (big blind) folded before Flop
Seat 5: MaRKiToScoK folded before Flop (didn't bet)
Seat 6: Timonessb folded before Flop (didn't bet)



PokerStars Hand #254426282148:  Hold'em No Limit ($0.50/$1.00 USD) - 2025/01/18 3:55:06 WET [2025/01/17 22:55:06 ET]
Table 'Irus III' 6-max Seat #3 is the button
Seat 1: vezis3 ($100 in chips) 
Seat 2: Dbackhouse1 ($85.10 in chips) 
Seat 3: nicofellow ($105.26 in chips) 
Seat 4: ptolejmus ($10 in chips) 
Seat 5: MaRKiToScoK ($176.77 in chips) 
Seat 6: Timonessb ($157.95 in chips) 
ptolejmus: posts small blind $0.50
MaRKiToScoK: posts big blind $1
*** HOLE CARDS ***
Timonessb: folds 
vezis3: folds 
Dbackhouse1: raises $1 to $2
nicofellow: raises $5 to $7
ptolejmus: folds 
MaRKiToScoK: folds 
Dbackhouse1: folds 
Uncalled bet ($5) returned to nicofellow
nicofellow collected $5.50 from pot
nicofellow: doesn't show hand 
*** SUMMARY ***
Total pot $5.50 | Rake $0 
Seat 1: vezis3 folded before Flop (didn't bet)
Seat 2: Dbackhouse1 folded before Flop
Seat 3: nicofellow (button) collected ($5.50)
Seat 4: ptolejmus (small blind) folded before Flop
Seat 5: MaRKiToScoK (big blind) folded before Flop
Seat 6: Timonessb folded before Flop (didn't bet)



PokerStars Hand #254426286643:  Hold'em No Limit ($0.50/$1.00 USD) - 2025/01/18 3:55:48 WET [2025/01/17 22:55:48 ET]
Table 'Irus III' 6-max Seat #4 is the button
Seat 6: Timonessb ($157.95 in chips) is sitting out
Seat 1: vezis3 ($100 in chips) 
Seat 2: Dbackhouse1 ($83.10 in chips) 
Seat 3: nicofellow ($108.76 in chips) 
Seat 4: ptolejmus ($10 in chips) 
Seat 5: MaRKiToScoK ($175.77 in chips) 
MaRKiToScoK: posts small blind $0.50
Timonessb: is sitting out 
vezis3: posts big blind $1
*** HOLE CARDS ***
Dbackhouse1: folds 
nicofellow: folds 
ptolejmus: folds 
MaRKiToScoK: folds 
Uncalled bet ($0.50) returned to vezis3
vezis3 collected $1 from pot
vezis3: doesn't show hand 
*** SUMMARY ***
Total pot $1 | Rake $0 
Seat 6: Timonessb
Seat 1: vezis3 (big blind) collected ($1)
Seat 2: Dbackhouse1 folded before Flop (didn't bet)
Seat 3: nicofellow folded before Flop (didn't bet)
Seat 4: ptolejmus (button) folded before Flop (didn't bet)
Seat 5: MaRKiToScoK (small blind) folded before Flop



PokerStars Hand #254426287658:  Hold'em No Limit ($0.50/$1.00 USD) - 2025/01/18 3:55:57 WET [2025/01/17 22:55:57 ET]
Table 'Irus III' 6-max Seat #5 is the button
Seat 6: Timonessb ($157.95 in chips) is sitting out
Seat 1: vezis3 ($100.50 in chips) 
Seat 2: Dbackhouse1 ($83.10 in chips) 
Seat 3: nicofellow ($108.76 in chips) 
Seat 4: ptolejmus ($10 in chips) 
Seat 5: MaRKiToScoK ($175.27 in chips) 
vezis3: posts small blind $0.50
Dbackhouse1: posts big blind $1
*** HOLE CARDS ***
nicofellow: folds 
ptolejmus: folds 
MaRKiToScoK: folds 
vezis3: raises $2 to $3
Dbackhouse1: calls $2
*** FLOP *** [7d 2s 7c]
vezis3: bets $1.88
Dbackhouse1: folds 
Uncalled bet ($1.88) returned to vezis3
vezis3 collected $5.70 from pot
vezis3: doesn't show hand 
*** SUMMARY ***
Total pot $6 | Rake $0.30 
Board [7d 2s 7c]
Seat 6: Timonessb
Seat 1: vezis3 (small blind) collected ($5.70)
Seat 2: Dbackhouse1 (big blind) folded on the Flop
Seat 3: nicofellow folded before Flop (didn't bet)
Seat 4: ptolejmus folded before Flop (didn't bet)
Seat 5: MaRKiToScoK (button) folded before Flop (didn't bet)



PokerStars Hand #254426290341:  Hold'em No Limit ($0.50/$1.00 USD) - 2025/01/18 3:56:22 WET [2025/01/17 22:56:22 ET]
Table 'Irus III' 6-max Seat #1 is the button
Seat 6: Timonessb ($157.95 in chips) is sitting out
Seat 1: vezis3 ($103.20 in chips) 
Seat 2: Dbackhouse1 ($80.10 in chips) 
Seat 3: nicofellow ($108.76 in chips) 
Seat 4: ptolejmus ($10 in chips) 
Seat 5: MaRKiToScoK ($175.27 in chips) 
Dbackhouse1: posts small blind $0.50
nicofellow: posts big blind $1
*** HOLE CARDS ***
ptolejmus: raises $1 to $2
MaRKiToScoK: raises $5.50 to $7.50
vezis3: folds 
Dbackhouse1: folds 
nicofellow: folds 
ptolejmus: raises $2.50 to $10 and is all-in
MaRKiToScoK: calls $2.50
*** FLOP *** [Ks 8c 6h]
*** TURN *** [Ks 8c 6h] [Qc]
*** RIVER *** [Ks 8c 6h Qc] [Ah]
*** SHOW DOWN ***
ptolejmus: shows [Js Jd] (a pair of Jacks)
MaRKiToScoK: shows [Qh As] (two pair, Aces and Queens)
MaRKiToScoK collected $20.42 from pot
*** SUMMARY ***
Total pot $21.50 | Rake $1.08 
Board [Ks 8c 6h Qc Ah]
Seat 6: Timonessb
Seat 1: vezis3 (button) folded before Flop (didn't bet)
Seat 2: Dbackhouse1 (small blind) folded before Flop
Seat 3: nicofellow (big blind) folded before Flop
Seat 4: ptolejmus showed [Js Jd] and lost with a pair of Jacks
Seat 5: MaRKiToScoK showed [Qh As] and won ($20.42) with two pair, Aces and Queens



PokerStars Hand #254426294190:  Hold'em No Limit ($0.50/$1.00 USD) - 2025/01/18 3:56:58 WET [2025/01/17 22:56:58 ET]
Table 'Irus III' 6-max Seat #2 is the button
Seat 6: Timonessb ($157.95 in chips) is sitting out
Seat 1: vezis3 ($103.20 in chips) 
Seat 2: Dbackhouse1 ($79.60 in chips) 
Seat 3: nicofellow ($107.76 in chips) 
Seat 4: ptolejmus ($10 in chips) 
Seat 5: MaRKiToScoK ($185.69 in chips) 
nicofellow: posts small blind $0.50
ptolejmus: posts big blind $1
*** HOLE CARDS ***
MaRKiToScoK: folds 
vezis3: folds 
Dbackhouse1: folds 
nicofellow: raises $10 to $11
ptolejmus: folds 
Uncalled bet ($10) returned to nicofellow
nicofellow collected $2 from pot
nicofellow: doesn't show hand 
*** SUMMARY ***
Total pot $2 | Rake $0 
Seat 6: Timonessb
Seat 1: vezis3 folded before Flop (didn't bet)
Seat 2: Dbackhouse1 (button) folded before Flop (didn't bet)
Seat 3: nicofellow (small blind) collected ($2)
Seat 4: ptolejmus (big blind) folded before Flop
Seat 5: MaRKiToScoK folded before Flop (didn't bet)



PokerStars Hand #254426296188:  Hold'em No Limit ($0.50/$1.00 USD) - 2025/01/18 3:57:17 WET [2025/01/17 22:57:17 ET]
Table 'Irus III' 6-max Seat #3 is the button
Seat 6: Timonessb ($157.95 in chips) is sitting out
Seat 1: vezis3 ($103.20 in chips) 
Seat 2: Dbackhouse1 ($79.60 in chips) 
Seat 3: nicofellow ($108.76 in chips) 
Seat 4: ptolejmus ($10 in chips) 
Seat 5: MaRKiToScoK ($185.69 in chips) 
ptolejmus: posts small blind $0.50
MaRKiToScoK: posts big blind $1
*** HOLE CARDS ***
vezis3: folds 
Dbackhouse1: raises $1 to $2
nicofellow: folds 
ptolejmus: folds 
MaRKiToScoK: folds 
Uncalled bet ($1) returned to Dbackhouse1
Dbackhouse1 collected $2.50 from pot
*** SUMMARY ***
Total pot $2.50 | Rake $0 
Seat 6: Timonessb
Seat 1: vezis3 folded before Flop (didn't bet)
Seat 2: Dbackhouse1 collected ($2.50)
Seat 3: nicofellow (button) folded before Flop (didn't bet)
Seat 4: ptolejmus (small blind) folded before Flop
Seat 5: MaRKiToScoK (big blind) folded before Flop



PokerStars Hand #254426298054:  Hold'em No Limit ($0.50/$1.00 USD) - 2025/01/18 3:57:34 WET [2025/01/17 22:57:34 ET]
Table 'Irus III' 6-max Seat #4 is the button
Seat 6: Timonessb ($157.95 in chips) is sitting out
Seat 1: vezis3 ($103.20 in chips) 
Seat 2: Dbackhouse1 ($81.10 in chips) 
Seat 3: nicofellow ($108.76 in chips) 
Seat 4: ptolejmus ($10 in chips) 
Seat 5: MaRKiToScoK ($184.69 in chips) 
MaRKiToScoK: posts small blind $0.50
vezis3: posts big blind $1
*** HOLE CARDS ***
Dbackhouse1: folds 
nicofellow: folds 
ptolejmus: folds 
MaRKiToScoK: folds 
Uncalled bet ($0.50) returned to vezis3
vezis3 collected $1 from pot
vezis3: doesn't show hand 
*** SUMMARY ***
Total pot $1 | Rake $0 
Seat 6: Timonessb
Seat 1: vezis3 (big blind) collected ($1)
Seat 2: Dbackhouse1 folded before Flop (didn't bet)
Seat 3: nicofellow folded before Flop (didn't bet)
Seat 4: ptolejmus (button) folded before Flop (didn't bet)
Seat 5: MaRKiToScoK (small blind) folded before Flop



PokerStars Hand #254426299280:  Hold'em No Limit ($0.50/$1.00 USD) - 2025/01/18 3:57:46 WET [2025/01/17 22:57:46 ET]
Table 'Irus III' 6-max Seat #5 is the button
Seat 6: Timonessb ($157.95 in chips) is sitting out
Seat 1: vezis3 ($103.70 in chips) 
Seat 2: Dbackhouse1 ($81.10 in chips) 
Seat 3: nicofellow ($108.76 in chips) 
Seat 4: ptolejmus ($10 in chips) 
Seat 5: MaRKiToScoK ($184.19 in chips) 
vezis3: posts small blind $0.50
Dbackhouse1: posts big blind $1
*** HOLE CARDS ***
nicofellow: folds 
ptolejmus: raises $9 to $10 and is all-in
MaRKiToScoK: folds 
vezis3: folds 
Dbackhouse1: folds 
Uncalled bet ($9) returned to ptolejmus
ptolejmus collected $2.50 from pot
*** SUMMARY ***
Total pot $2.50 | Rake $0 
Seat 6: Timonessb
Seat 1: vezis3 (small blind) folded before Flop
Seat 2: Dbackhouse1 (big blind) folded before Flop
Seat 3: nicofellow folded before Flop (didn't bet)
Seat 4: ptolejmus collected ($2.50)
Seat 5: MaRKiToScoK (button) folded before Flop (didn't bet)



PokerStars Hand #254426302502:  Hold'em No Limit ($0.50/$1.00 USD) - 2025/01/18 3:58:16 WET [2025/01/17 22:58:16 ET]
Table 'Irus III' 6-max Seat #1 is the button
Seat 6: Timonessb ($157.95 in chips) is sitting out
Seat 1: vezis3 ($103.20 in chips) 
Seat 2: Dbackhouse1 ($80.10 in chips) 
Seat 3: nicofellow ($108.76 in chips) 
Seat 4: ptolejmus ($11.50 in chips) 
Seat 5: MaRKiToScoK ($184.19 in chips) 
Dbackhouse1: posts small blind $0.50
nicofellow: posts big blind $1
*** HOLE CARDS ***
ptolejmus: folds 
MaRKiToScoK: folds 
vezis3: raises $1.40 to $2.40
Dbackhouse1: calls $1.90
nicofellow: calls $1.40
*** FLOP *** [7c 8h Qd]
Dbackhouse1: checks 
nicofellow: checks 
vezis3: bets $5.27
Dbackhouse1: folds 
nicofellow: folds 
Uncalled bet ($5.27) returned to vezis3
vezis3 collected $6.84 from pot
vezis3: doesn't show hand 
*** SUMMARY ***
Total pot $7.20 | Rake $0.36 
Board [7c 8h Qd]
Seat 6: Timonessb
Seat 1: vezis3 (button) collected ($6.84)
Seat 2: Dbackhouse1 (small blind) folded on the Flop
Seat 3: nicofellow (big blind) folded on the Flop
Seat 4: ptolejmus folded before Flop (didn't bet)
Seat 5: MaRKiToScoK folded before Flop (didn't bet)



PokerStars Hand #254426305976:  Hold'em No Limit ($0.50/$1.00 USD) - 2025/01/18 3:58:49 WET [2025/01/17 22:58:49 ET]
Table 'Irus III' 6-max Seat #2 is the button
Seat 6: Timonessb ($157.95 in chips) is sitting out
Seat 1: vezis3 ($107.64 in chips) 
Seat 2: Dbackhouse1 ($77.70 in chips) 
Seat 3: nicofellow ($106.36 in chips) 
Seat 4: ptolejmus ($11.50 in chips) 
Seat 5: MaRKiToScoK ($184.19 in chips) 
nicofellow: posts small blind $0.50
ptolejmus: posts big blind $1
*** HOLE CARDS ***
MaRKiToScoK: folds 
vezis3: raises $1.40 to $2.40
Dbackhouse1: folds 
nicofellow: folds 
ptolejmus: calls $1.40
*** FLOP *** [Tc 4c 2c]
ptolejmus: checks 
vezis3: bets $1.66
ptolejmus: folds 
Uncalled bet ($1.66) returned to vezis3
vezis3 collected $5.04 from pot
vezis3: doesn't show hand 
*** SUMMARY ***
Total pot $5.30 | Rake $0.26 
Board [Tc 4c 2c]
Seat 6: Timonessb
Seat 1: vezis3 collected ($5.04)
Seat 2: Dbackhouse1 (button) folded before Flop (didn't bet)
Seat 3: nicofellow (small blind) folded before Flop
Seat 4: ptolejmus (big blind) folded on the Flop
Seat 5: MaRKiToScoK folded before Flop (didn't bet)



PokerStars Hand #254426310168:  Hold'em No Limit ($0.50/$1.00 USD) - 2025/01/18 3:59:28 WET [2025/01/17 22:59:28 ET]
Table 'Irus III' 6-max Seat #3 is the button
Seat 6: Timonessb ($157.95 in chips) is sitting out
Seat 1: vezis3 ($110.28 in chips) 
Seat 2: Dbackhouse1 ($77.70 in chips) 
Seat 3: nicofellow ($105.86 in chips) 
Seat 4: ptolejmus ($10 in chips) 
Seat 5: MaRKiToScoK ($184.19 in chips) 
ptolejmus: posts small blind $0.50
MaRKiToScoK: posts big blind $1
*** HOLE CARDS ***
vezis3: folds 
Dbackhouse1: folds 
nicofellow: folds 
ptolejmus: folds 
Uncalled bet ($0.50) returned to MaRKiToScoK
MaRKiToScoK collected $1 from pot
*** SUMMARY ***
Total pot $1 | Rake $0 
Seat 6: Timonessb
Seat 1: vezis3 folded before Flop (didn't bet)
Seat 2: Dbackhouse1 folded before Flop (didn't bet)
Seat 3: nicofellow (button) folded before Flop (didn't bet)
Seat 4: ptolejmus (small blind) folded before Flop
Seat 5: MaRKiToScoK (big blind) collected ($1)



PokerStars Hand #254426311758:  Hold'em No Limit ($0.50/$1.00 USD) - 2025/01/18 3:59:42 WET [2025/01/17 22:59:42 ET]
Table 'Irus III' 6-max Seat #4 is the button
Seat 6: Timonessb ($157.95 in chips) is sitting out
Seat 1: vezis3 ($110.28 in chips) 
Seat 2: Dbackhouse1 ($77.70 in chips) 
Seat 3: nicofellow ($105.86 in chips) 
Seat 4: ptolejmus ($10 in chips) 
Seat 5: MaRKiToScoK ($184.69 in chips) 
MaRKiToScoK: posts small blind $0.50
vezis3: posts big blind $1
*** HOLE CARDS ***
Dbackhouse1: folds 
nicofellow: folds 
ptolejmus: folds 
MaRKiToScoK: raises $2 to $3
vezis3: folds 
Uncalled bet ($2) returned to MaRKiToScoK
MaRKiToScoK collected $2 from pot
*** SUMMARY ***
Total pot $2 | Rake $0 
Seat 6: Timonessb
Seat 1: vezis3 (big blind) folded before Flop
Seat 2: Dbackhouse1 folded before Flop (didn't bet)
Seat 3: nicofellow folded before Flop (didn't bet)
Seat 4: ptolejmus (button) folded before Flop (didn't bet)
Seat 5: MaRKiToScoK (small blind) collected ($2)



PokerStars Hand #254426313541:  Hold'em No Limit ($0.50/$1.00 USD) - 2025/01/18 3:59:59 WET [2025/01/17 22:59:59 ET]
Table 'Irus III' 6-max Seat #5 is the button
Seat 6: Timonessb ($157.95 in chips) is sitting out
Seat 1: vezis3 ($109.28 in chips) 
Seat 2: Dbackhouse1 ($77.70 in chips) 
Seat 3: nicofellow ($105.86 in chips) 
Seat 4: ptolejmus ($10 in chips) 
Seat 5: MaRKiToScoK ($185.69 in chips) 
vezis3: posts small blind $0.50
Dbackhouse1: posts big blind $1
*** HOLE CARDS ***
nicofellow: folds 
ptolejmus: folds 
MaRKiToScoK: raises $1.50 to $2.50
vezis3: folds 
Dbackhouse1: folds 
Uncalled bet ($1.50) returned to MaRKiToScoK
MaRKiToScoK collected $2.50 from pot
*** SUMMARY ***
Total pot $2.50 | Rake $0 
Seat 6: Timonessb
Seat 1: vezis3 (small blind) folded before Flop
Seat 2: Dbackhouse1 (big blind) folded before Flop
Seat 3: nicofellow folded before Flop (didn't bet)
Seat 4: ptolejmus folded before Flop (didn't bet)
Seat 5: MaRKiToScoK (button) collected ($2.50)



PokerStars Hand #254426314710:  Hold'em No Limit ($0.50/$1.00 USD) - 2025/01/18 4:00:09 WET [2025/01/17 23:00:09 ET]
Table 'Irus III' 6-max Seat #1 is the button
Seat 3: nicofellow ($105.86 in chips) is sitting out
Seat 6: Timonessb ($157.95 in chips) is sitting out
Seat 1: vezis3 ($108.78 in chips) 
Seat 2: Dbackhouse1 ($76.70 in chips) 
Seat 4: ptolejmus ($10 in chips) 
Seat 5: MaRKiToScoK ($187.19 in chips) 
Dbackhouse1: posts small blind $0.50
nicofellow: is sitting out 
ptolejmus: posts big blind $1
*** HOLE CARDS ***
MaRKiToScoK: raises $1.25 to $2.25
vezis3: folds 
Dbackhouse1: folds 
nicofellow leaves the table
ptolejmus: folds 
Uncalled bet ($1.25) returned to MaRKiToScoK
MaRKiToScoK collected $2.50 from pot
*** SUMMARY ***
Total pot $2.50 | Rake $0 
Seat 3: nicofellow
Seat 6: Timonessb
Seat 1: vezis3 (button) folded before Flop (didn't bet)
Seat 2: Dbackhouse1 (small blind) folded before Flop
Seat 4: ptolejmus (big blind) folded before Flop
Seat 5: MaRKiToScoK collected ($2.50)



PokerStars Hand #254426316200:  Hold'em No Limit ($0.50/$1.00 USD) - 2025/01/18 4:00:22 WET [2025/01/17 23:00:22 ET]
Table 'Irus III' 6-max Seat #2 is the button
Seat 6: Timonessb ($157.95 in chips) is sitting out
Seat 1: vezis3 ($108.78 in chips) 
Seat 2: Dbackhouse1 ($76.20 in chips) 
Seat 4: ptolejmus ($10 in chips) 
Seat 5: MaRKiToScoK ($188.69 in chips) 
ptolejmus: posts small blind $0.50
MaRKiToScoK: posts big blind $1
*** HOLE CARDS ***
rostickkin joins the table at seat #3 
vezis3: folds 
Dbackhouse1: folds 
ptolejmus: raises $9 to $10 and is all-in
MaRKiToScoK: folds 
Uncalled bet ($9) returned to ptolejmus
ptolejmus collected $2 from pot
*** SUMMARY ***
Total pot $2 | Rake $0 
Seat 6: Timonessb
Seat 1: vezis3 folded before Flop (didn't bet)
Seat 2: Dbackhouse1 (button) folded before Flop (didn't bet)
Seat 4: ptolejmus (small blind) collected ($2)
Seat 5: MaRKiToScoK (big blind) folded before Flop



PokerStars Hand #254426318658:  Hold'em No Limit ($0.50/$1.00 USD) - 2025/01/18 4:00:43 WET [2025/01/17 23:00:43 ET]
Table 'Irus III' 6-max Seat #4 is the button
Seat 3: rostickkin ($102.50 in chips) is sitting out
Seat 1: vezis3 ($108.78 in chips) 
Seat 2: Dbackhouse1 ($76.20 in chips) 
Seat 4: ptolejmus ($11 in chips) 
Seat 5: MaRKiToScoK ($187.69 in chips) 
Seat 6: Timonessb ($157.95 in chips) 
MaRKiToScoK: posts small blind $0.50
Timonessb: posts big blind $1
rostickkin: sits out 
*** HOLE CARDS ***
vezis3: folds 
Dbackhouse1: folds 
ptolejmus: raises $10 to $11 and is all-in
MaRKiToScoK: folds 
Timonessb: folds 
Uncalled bet ($10) returned to ptolejmus
ptolejmus collected $2.50 from pot
*** SUMMARY ***
Total pot $2.50 | Rake $0 
Seat 3: rostickkin
Seat 1: vezis3 folded before Flop (didn't bet)
Seat 2: Dbackhouse1 folded before Flop (didn't bet)
Seat 4: ptolejmus (button) collected ($2.50)
Seat 5: MaRKiToScoK (small blind) folded before Flop
Seat 6: Timonessb (big blind) folded before Flop



PokerStars Hand #254426320822:  Hold'em No Limit ($0.50/$1.00 USD) - 2025/01/18 4:01:00 WET [2025/01/17 23:01:00 ET]
Table 'Irus III' 6-max Seat #5 is the button
Seat 3: rostickkin ($102.50 in chips) is sitting out
Seat 1: vezis3 ($108.78 in chips) 
Seat 2: Dbackhouse1 ($76.20 in chips) 
Seat 4: ptolejmus ($12.50 in chips) 
Seat 5: MaRKiToScoK ($187.19 in chips) 
Seat 6: Timonessb ($156.95 in chips) 
Timonessb: posts small blind $0.50
vezis3: posts big blind $1
rostickkin: sits out 
*** HOLE CARDS ***
Dbackhouse1: folds 
ptolejmus: raises $1 to $2
MaRKiToScoK: folds 
Timonessb: folds 
vezis3: calls $1
*** FLOP *** [8d 9d 3c]
vezis3: checks 
ptolejmus: bets $2.18
vezis3: folds 
Uncalled bet ($2.18) returned to ptolejmus
ptolejmus collected $4.28 from pot
*** SUMMARY ***
Total pot $4.50 | Rake $0.22 
Board [8d 9d 3c]
Seat 3: rostickkin
Seat 1: vezis3 (big blind) folded on the Flop
Seat 2: Dbackhouse1 folded before Flop (didn't bet)
Seat 4: ptolejmus collected ($4.28)
Seat 5: MaRKiToScoK (button) folded before Flop (didn't bet)
Seat 6: Timonessb (small blind) folded before Flop



PokerStars Hand #254426325186:  Hold'em No Limit ($0.50/$1.00 USD) - 2025/01/18 4:01:35 WET [2025/01/17 23:01:35 ET]
Table 'Irus III' 6-max Seat #6 is the button
Seat 3: rostickkin ($102.50 in chips) is sitting out
Seat 1: vezis3 ($106.78 in chips) 
Seat 2: Dbackhouse1 ($76.20 in chips) 
Seat 4: ptolejmus ($14.78 in chips) 
Seat 5: MaRKiToScoK ($187.19 in chips) 
Seat 6: Timonessb ($156.45 in chips) 
vezis3: posts small blind $0.50
Dbackhouse1: posts big blind $1
rostickkin: sits out 
*** HOLE CARDS ***
ptolejmus: folds 
MaRKiToScoK: raises $1.25 to $2.25
Timonessb: folds 
vezis3: folds 
Dbackhouse1: calls $1.25
*** FLOP *** [5s 8d Td]
Dbackhouse1: checks 
MaRKiToScoK: bets $3.56
Dbackhouse1: calls $3.56
*** TURN *** [5s 8d Td] [4h]
Dbackhouse1: checks 
MaRKiToScoK: bets $8.63
Dbackhouse1: calls $8.63
*** RIVER *** [5s 8d Td 4h] [6h]
Dbackhouse1: checks 
MaRKiToScoK: checks 
*** SHOW DOWN ***
Dbackhouse1: shows [Ad 5d] (a pair of Fives)
MaRKiToScoK: shows [Th Jh] (a pair of Tens)
MaRKiToScoK collected $27.91 from pot
*** SUMMARY ***
Total pot $29.38 | Rake $1.47 
Board [5s 8d Td 4h 6h]
Seat 3: rostickkin
Seat 1: vezis3 (small blind) folded before Flop
Seat 2: Dbackhouse1 (big blind) showed [Ad 5d] and lost with a pair of Fives
Seat 4: ptolejmus folded before Flop (didn't bet)
Seat 5: MaRKiToScoK showed [Th Jh] and won ($27.91) with a pair of Tens
Seat 6: Timonessb (button) folded before Flop (didn't bet)



PokerStars Hand #254426330125:  Hold'em No Limit ($0.50/$1.00 USD) - 2025/01/18 4:02:13 WET [2025/01/17 23:02:13 ET]
Table 'Irus III' 6-max Seat #1 is the button
Seat 1: vezis3 ($106.28 in chips) 
Seat 2: Dbackhouse1 ($61.76 in chips) 
Seat 3: rostickkin ($102.50 in chips) 
Seat 4: ptolejmus ($14.78 in chips) 
Seat 5: MaRKiToScoK ($200.66 in chips) 
Seat 6: Timonessb ($156.45 in chips) 
Dbackhouse1: posts small blind $0.50
rostickkin: posts big blind $1
*** HOLE CARDS ***
ptolejmus: raises $1 to $2
MaRKiToScoK: folds 
Timonessb: folds 
vezis3: folds 
Dbackhouse1: raises $5 to $7
rostickkin: folds 
ptolejmus: calls $5
*** FLOP *** [Th Js 3s]
Dbackhouse1: bets $14.25
ptolejmus: calls $7.78 and is all-in
Uncalled bet ($6.47) returned to Dbackhouse1
*** TURN *** [Th Js 3s] [8s]
*** RIVER *** [Th Js 3s 8s] [9d]
*** SHOW DOWN ***
Dbackhouse1: shows [Tc Ah] (a pair of Tens)
ptolejmus: shows [9c Kc] (a pair of Nines)
Dbackhouse1 collected $29.03 from pot
*** SUMMARY ***
Total pot $30.56 | Rake $1.53 
Board [Th Js 3s 8s 9d]
Seat 1: vezis3 (button) folded before Flop (didn't bet)
Seat 2: Dbackhouse1 (small blind) showed [Tc Ah] and won ($29.03) with a pair of Tens
Seat 3: rostickkin (big blind) folded before Flop
Seat 4: ptolejmus showed [9c Kc] and lost with a pair of Nines
Seat 5: MaRKiToScoK folded before Flop (didn't bet)
Seat 6: Timonessb folded before Flop (didn't bet)



PokerStars Hand #254426335425:  Hold'em No Limit ($0.50/$1.00 USD) - 2025/01/18 4:02:55 WET [2025/01/17 23:02:55 ET]
Table 'Irus III' 6-max Seat #2 is the button
Seat 1: vezis3 ($106.28 in chips) 
Seat 2: Dbackhouse1 ($76.01 in chips) 
Seat 3: rostickkin ($101.50 in chips) 
Seat 4: ptolejmus ($10 in chips) 
Seat 5: MaRKiToScoK ($200.66 in chips) 
Seat 6: Timonessb ($156.45 in chips) 
rostickkin: posts small blind $0.50
ptolejmus: posts big blind $1
*** HOLE CARDS ***
MaRKiToScoK: folds 
Timonessb: folds 
vezis3: folds 
Dbackhouse1: folds 
rostickkin: raises $9 to $10
ptolejmus: folds 
Uncalled bet ($9) returned to rostickkin
rostickkin collected $2 from pot
rostickkin: doesn't show hand 
*** SUMMARY ***
Total pot $2 | Rake $0 
Seat 1: vezis3 folded before Flop (didn't bet)
Seat 2: Dbackhouse1 (button) folded before Flop (didn't bet)
Seat 3: rostickkin (small blind) collected ($2)
Seat 4: ptolejmus (big blind) folded before Flop
Seat 5: MaRKiToScoK folded before Flop (didn't bet)
Seat 6: Timonessb folded before Flop (didn't bet)



PokerStars Hand #254426337785:  Hold'em No Limit ($0.50/$1.00 USD) - 2025/01/18 4:03:13 WET [2025/01/17 23:03:13 ET]
Table 'Irus III' 6-max Seat #3 is the button
Seat 1: vezis3 ($106.28 in chips) 
Seat 2: Dbackhouse1 ($76.01 in chips) 
Seat 3: rostickkin ($102.50 in chips) 
Seat 4: ptolejmus ($10 in chips) 
Seat 5: MaRKiToScoK ($200.66 in chips) 
Seat 6: Timonessb ($156.45 in chips) 
ptolejmus: posts small blind $0.50
MaRKiToScoK: posts big blind $1
*** HOLE CARDS ***
Timonessb has timed out
Timonessb: folds 
vezis3: folds 
Dbackhouse1: folds 
rostickkin: folds 
ptolejmus: raises $1 to $2
MaRKiToScoK: calls $1
*** FLOP *** [2d 8c Ts]
ptolejmus: checks 
MaRKiToScoK: checks 
*** TURN *** [2d 8c Ts] [3h]
ptolejmus: checks 
MaRKiToScoK: checks 
*** RIVER *** [2d 8c Ts 3h] [Kh]
ptolejmus: checks 
MaRKiToScoK: bets $4.75
ptolejmus: raises $3.25 to $8 and is all-in
MaRKiToScoK: calls $3.25
*** SHOW DOWN ***
ptolejmus: shows [Ks Ad] (a pair of Kings)
MaRKiToScoK: shows [3c Kd] (two pair, Kings and Threes)
MaRKiToScoK collected $19 from pot
*** SUMMARY ***
Total pot $20 | Rake $1 
Board [2d 8c Ts 3h Kh]
Seat 1: vezis3 folded before Flop (didn't bet)
Seat 2: Dbackhouse1 folded before Flop (didn't bet)
Seat 3: rostickkin (button) folded before Flop (didn't bet)
Seat 4: ptolejmus (small blind) showed [Ks Ad] and lost with a pair of Kings
Seat 5: MaRKiToScoK (big blind) showed [3c Kd] and won ($19) with two pair, Kings and Threes
Seat 6: Timonessb folded before Flop (didn't bet)



PokerStars Hand #254426351751:  Hold'em No Limit ($0.50/$1.00 USD) - 2025/01/18 4:05:02 WET [2025/01/17 23:05:02 ET]
Table 'Irus III' 6-max Seat #4 is the button
Seat 1: vezis3 ($106.28 in chips) 
Seat 2: Dbackhouse1 ($76.01 in chips) 
Seat 3: rostickkin ($102.50 in chips) 
Seat 4: ptolejmus ($10 in chips) 
Seat 5: MaRKiToScoK ($209.66 in chips) 
Seat 6: Timonessb ($156.45 in chips) 
MaRKiToScoK: posts small blind $0.50
Timonessb: posts big blind $1
*** HOLE CARDS ***
vezis3: raises $1 to $2
Dbackhouse1: folds 
rostickkin: folds 
ptolejmus: folds 
MaRKiToScoK: folds 
Timonessb: calls $1
*** FLOP *** [Td Kh Tc]
Timonessb: checks 
vezis3: bets $1.41
Timonessb: folds 
Uncalled bet ($1.41) returned to vezis3
vezis3 collected $4.28 from pot
vezis3: doesn't show hand 
*** SUMMARY ***
Total pot $4.50 | Rake $0.22 
Board [Td Kh Tc]
Seat 1: vezis3 collected ($4.28)
Seat 2: Dbackhouse1 folded before Flop (didn't bet)
Seat 3: rostickkin folded before Flop (didn't bet)
Seat 4: ptolejmus (button) folded before Flop (didn't bet)
Seat 5: MaRKiToScoK (small blind) folded before Flop
Seat 6: Timonessb (big blind) folded on the Flop



PokerStars Hand #254426356410:  Hold'em No Limit ($0.50/$1.00 USD) - 2025/01/18 4:05:39 WET [2025/01/17 23:05:39 ET]
Table 'Irus III' 6-max Seat #5 is the button
Seat 1: vezis3 ($108.56 in chips) 
Seat 2: Dbackhouse1 ($76.01 in chips) 
Seat 3: rostickkin ($102.50 in chips) 
Seat 4: ptolejmus ($10 in chips) 
Seat 5: MaRKiToScoK ($209.16 in chips) 
Seat 6: Timonessb ($154.45 in chips) 
Timonessb: posts small blind $0.50
vezis3: posts big blind $1
*** HOLE CARDS ***
Dbackhouse1: raises $1 to $2
rostickkin: folds 
ptolejmus: folds 
MaRKiToScoK: folds 
Timonessb: folds 
vezis3: folds 
Uncalled bet ($1) returned to Dbackhouse1
Dbackhouse1 collected $2.50 from pot
*** SUMMARY ***
Total pot $2.50 | Rake $0 
Seat 1: vezis3 (big blind) folded before Flop
Seat 2: Dbackhouse1 collected ($2.50)
Seat 3: rostickkin folded before Flop (didn't bet)
Seat 4: ptolejmus folded before Flop (didn't bet)
Seat 5: MaRKiToScoK (button) folded before Flop (didn't bet)
Seat 6: Timonessb (small blind) folded before Flop



PokerStars Hand #254426359721:  Hold'em No Limit ($0.50/$1.00 USD) - 2025/01/18 4:06:06 WET [2025/01/17 23:06:06 ET]
Table 'Irus III' 6-max Seat #6 is the button
Seat 1: vezis3 ($107.56 in chips) 
Seat 2: Dbackhouse1 ($77.51 in chips) 
Seat 3: rostickkin ($102.50 in chips) 
Seat 4: ptolejmus ($10 in chips) 
Seat 5: MaRKiToScoK ($209.16 in chips) 
Seat 6: Timonessb ($153.95 in chips) 
vezis3: posts small blind $0.50
Dbackhouse1: posts big blind $1
*** HOLE CARDS ***
rostickkin: folds 
ptolejmus: folds 
MaRKiToScoK: folds 
Timonessb: raises $1.30 to $2.30
vezis3: raises $9.70 to $12
Dbackhouse1: folds 
Timonessb: folds 
Uncalled bet ($9.70) returned to vezis3
vezis3 collected $5.60 from pot
vezis3: doesn't show hand 
*** SUMMARY ***
Total pot $5.60 | Rake $0 
Seat 1: vezis3 (small blind) collected ($5.60)
Seat 2: Dbackhouse1 (big blind) folded before Flop
Seat 3: rostickkin folded before Flop (didn't bet)
Seat 4: ptolejmus folded before Flop (didn't bet)
Seat 5: MaRKiToScoK folded before Flop (didn't bet)
Seat 6: Timonessb (button) folded before Flop



PokerStars Hand #254426361855:  Hold'em No Limit ($0.50/$1.00 USD) - 2025/01/18 4:06:23 WET [2025/01/17 23:06:23 ET]
Table 'Irus III' 6-max Seat #1 is the button
Seat 1: vezis3 ($110.86 in chips) 
Seat 2: Dbackhouse1 ($76.51 in chips) 
Seat 3: rostickkin ($102.50 in chips) 
Seat 4: ptolejmus ($10 in chips) 
Seat 5: MaRKiToScoK ($209.16 in chips) 
Seat 6: Timonessb ($151.65 in chips) 
Dbackhouse1: posts small blind $0.50
rostickkin: posts big blind $1
*** HOLE CARDS ***
ptolejmus: folds 
MaRKiToScoK: folds 
Timonessb: raises $1.30 to $2.30
vezis3: folds 
Dbackhouse1: raises $5.60 to $7.90
rostickkin: folds 
Timonessb: calls $5.60
*** FLOP *** [6h 5h 4s]
Dbackhouse1: bets $6.98
Timonessb: calls $6.98
*** TURN *** [6h 5h 4s] [9h]
Dbackhouse1: bets $14.61
Timonessb: calls $14.61
*** RIVER *** [6h 5h 4s 9h] [3h]
Dbackhouse1: bets $28.74
Timonessb: folds 
Uncalled bet ($28.74) returned to Dbackhouse1
Dbackhouse1 collected $57.48 from pot
*** SUMMARY ***
Total pot $59.98 | Rake $2.50 
Board [6h 5h 4s 9h 3h]
Seat 1: vezis3 (button) folded before Flop (didn't bet)
Seat 2: Dbackhouse1 (small blind) collected ($57.48)
Seat 3: rostickkin (big blind) folded before Flop
Seat 4: ptolejmus folded before Flop (didn't bet)
Seat 5: MaRKiToScoK folded before Flop (didn't bet)
Seat 6: Timonessb folded on the River



PokerStars Hand #254426368347:  Hold'em No Limit ($0.50/$1.00 USD) - 2025/01/18 4:07:16 WET [2025/01/17 23:07:16 ET]
Table 'Irus III' 6-max Seat #2 is the button
Seat 1: vezis3 ($110.86 in chips) 
Seat 2: Dbackhouse1 ($104.50 in chips) 
Seat 3: rostickkin ($101.50 in chips) 
Seat 4: ptolejmus ($10 in chips) 
Seat 5: MaRKiToScoK ($209.16 in chips) 
Seat 6: Timonessb ($122.16 in chips) 
rostickkin: posts small blind $0.50
ptolejmus: posts big blind $1
*** HOLE CARDS ***
MaRKiToScoK: folds 
Timonessb: folds 
vezis3: raises $1.40 to $2.40
Dbackhouse1: folds 
Dbackhouse1 leaves the table
rostickkin: folds 
ptolejmus: folds 
Uncalled bet ($1.40) returned to vezis3
vezis3 collected $2.50 from pot
vezis3: doesn't show hand 
*** SUMMARY ***
Total pot $2.50 | Rake $0 
Seat 1: vezis3 collected ($2.50)
Seat 2: Dbackhouse1 (button) folded before Flop (didn't bet)
Seat 3: rostickkin (small blind) folded before Flop
Seat 4: ptolejmus (big blind) folded before Flop
Seat 5: MaRKiToScoK folded before Flop (didn't bet)
Seat 6: Timonessb folded before Flop (didn't bet)



PokerStars Hand #254432617855:  Hold'em No Limit ($0.50/$1.00 USD) - 2025/01/18 16:07:52 WET [2025/01/18 11:07:52 ET]
Table 'Irus IV' 6-max Seat #3 is the button
Seat 1: whlzor ($100 in chips) is sitting out
Seat 6: Evelexy1 ($100 in chips) is sitting out
Seat 2: Fafa293 ($89.98 in chips) 
Seat 3: Espada Fish ($100 in chips) 
Seat 4: nastja336 ($100 in chips) 
Seat 5: ReVeu710 ($100 in chips) 
nastja336: posts small blind $0.50
ReVeu710: posts big blind $1
Evelexy1: sits out 
whlzor: sits out 
*** HOLE CARDS ***
Fafa293: calls $1
Espada Fish: raises $2.50 to $3.50
nastja336: raises $10.50 to $14
ReVeu710: folds 
Fafa293: calls $13
Espada Fish: calls $10.50
*** FLOP *** [Ad 6d 9h]
nastja336: bets $21
Fafa293: folds 
Espada Fish: raises $65 to $86 and is all-in
nastja336: calls $65 and is all-in
*** TURN *** [Ad 6d 9h] [7c]
*** RIVER *** [Ad 6d 9h 7c] [Jh]
*** SHOW DOWN ***
nastja336: shows [Ks Ac] (a pair of Aces)
Espada Fish: shows [9d 9s] (three of a kind, Nines)
Espada Fish cashed out the hand for $206.33 | Cash Out Fee $4.21
*** SUMMARY ***
Total pot $215 | Rake $1 
Board [Ad 6d 9h 7c Jh]
Seat 1: whlzor
Seat 6: Evelexy1
Seat 2: Fafa293 folded on the Flop
Seat 3: Espada Fish (button) showed [9d 9s] and won ($214) with three of a kind, Nines (pot not awarded as player cashed out)
Seat 4: nastja336 (small blind) showed [Ks Ac] and lost with a pair of Aces
Seat 5: ReVeu710 (big blind) folded before Flop



PokerStars Hand #254432633633:  Hold'em No Limit ($0.50/$1.00 USD) - 2025/01/18 16:08:58 WET [2025/01/18 11:08:58 ET]
Table 'Irus IV' 6-max Seat #4 is the button
Seat 1: whlzor ($100 in chips) is sitting out
Seat 2: Fafa293 ($75.98 in chips) 
Seat 3: Espada Fish ($206.33 in chips) 
Seat 4: nastja336 ($100 in chips) 
Seat 5: ReVeu710 ($100 in chips) 
Seat 6: Evelexy1 ($100 in chips) 
ReVeu710: posts small blind $0.50
Evelexy1: posts big blind $1
whlzor: sits out 
*** HOLE CARDS ***
Fafa293: calls $1
Espada Fish: folds 
nastja336: raises $5 to $6
ReVeu710: folds 
Evelexy1: folds 
Fafa293: calls $5
*** FLOP *** [Td Th 7s]
Fafa293: checks 
nastja336: bets $4.23
Fafa293: folds 
Uncalled bet ($4.23) returned to nastja336
nastja336 collected $12.82 from pot
nastja336: doesn't show hand 
*** SUMMARY ***
Total pot $13.50 | Rake $0.68 
Board [Td Th 7s]
Seat 1: whlzor
Seat 2: Fafa293 folded on the Flop
Seat 3: Espada Fish folded before Flop (didn't bet)
Seat 4: nastja336 (button) collected ($12.82)
Seat 5: ReVeu710 (small blind) folded before Flop
Seat 6: Evelexy1 (big blind) folded before Flop



PokerStars Hand #254432641667:  Hold'em No Limit ($0.50/$1.00 USD) - 2025/01/18 16:09:32 WET [2025/01/18 11:09:32 ET]
Table 'Irus IV' 6-max Seat #5 is the button
Seat 1: whlzor ($100 in chips) 
Seat 2: Fafa293 ($69.98 in chips) 
Seat 3: Espada Fish ($206.33 in chips) 
Seat 4: nastja336 ($106.82 in chips) 
Seat 5: ReVeu710 ($100 in chips) 
Seat 6: Evelexy1 ($100 in chips) 
Evelexy1: posts small blind $0.50
whlzor: posts big blind $1
*** HOLE CARDS ***
Fafa293: calls $1
Espada Fish: folds 
nastja336: raises $5 to $6
ReVeu710: folds 
Evelexy1: folds 
whlzor: folds 
Fafa293: calls $5
*** FLOP *** [9s Qd 4c]
Fafa293: checks 
nastja336: checks 
*** TURN *** [9s Qd 4c] [6d]
Fafa293: bets $1
nastja336: calls $1
*** RIVER *** [9s Qd 4c 6d] [Jc]
Fafa293: bets $47
nastja336: folds 
Uncalled bet ($47) returned to Fafa293
Fafa293 collected $14.72 from pot
Fafa293: doesn't show hand 
*** SUMMARY ***
Total pot $15.50 | Rake $0.78 
Board [9s Qd 4c 6d Jc]
Seat 1: whlzor (big blind) folded before Flop
Seat 2: Fafa293 collected ($14.72)
Seat 3: Espada Fish folded before Flop (didn't bet)
Seat 4: nastja336 folded on the River
Seat 5: ReVeu710 (button) folded before Flop (didn't bet)
Seat 6: Evelexy1 (small blind) folded before Flop



PokerStars Hand #254432654342:  Hold'em No Limit ($0.50/$1.00 USD) - 2025/01/18 16:10:24 WET [2025/01/18 11:10:24 ET]
Table 'Irus IV' 6-max Seat #6 is the button
Seat 1: whlzor ($100 in chips) 
Seat 2: Fafa293 ($77.70 in chips) 
Seat 3: Espada Fish ($206.33 in chips) 
Seat 4: nastja336 ($100 in chips) 
Seat 5: ReVeu710 ($100 in chips) 
Seat 6: Evelexy1 ($100 in chips) 
whlzor: posts small blind $0.50
Fafa293: posts big blind $1
*** HOLE CARDS ***
Espada Fish: folds 
nastja336: folds 
ReVeu710: folds 
Evelexy1: folds 
whlzor: calls $0.50
Fafa293: checks 
*** FLOP *** [2s 4d 5h]
whlzor: bets $1
Fafa293: calls $1
*** TURN *** [2s 4d 5h] [3c]
whlzor: checks 
Fafa293: checks 
*** RIVER *** [2s 4d 5h 3c] [Ks]
whlzor: checks 
Fafa293: checks 
*** SHOW DOWN ***
whlzor: shows [Jh 2h] (a pair of Deuces)
Fafa293: shows [9d 4h] (a pair of Fours)
Fafa293 collected $3.80 from pot
*** SUMMARY ***
Total pot $4 | Rake $0.20 
Board [2s 4d 5h 3c Ks]
Seat 1: whlzor (small blind) showed [Jh 2h] and lost with a pair of Deuces
Seat 2: Fafa293 (big blind) showed [9d 4h] and won ($3.80) with a pair of Fours
Seat 3: Espada Fish folded before Flop (didn't bet)
Seat 4: nastja336 folded before Flop (didn't bet)
Seat 5: ReVeu710 folded before Flop (didn't bet)
Seat 6: Evelexy1 (button) folded before Flop (didn't bet)



PokerStars Hand #254432664511:  Hold'em No Limit ($0.50/$1.00 USD) - 2025/01/18 16:11:05 WET [2025/01/18 11:11:05 ET]
Table 'Irus IV' 6-max Seat #1 is the button
Seat 1: whlzor ($100 in chips) 
Seat 2: Fafa293 ($79.50 in chips) 
Seat 3: Espada Fish ($206.33 in chips) 
Seat 4: nastja336 ($100 in chips) 
Seat 5: ReVeu710 ($100 in chips) 
Seat 6: Evelexy1 ($100 in chips) 
Fafa293: posts small blind $0.50
Espada Fish: posts big blind $1
*** HOLE CARDS ***
nastja336: folds 
ReVeu710: folds 
Evelexy1: raises $1.50 to $2.50
whlzor: folds 
Fafa293: calls $2
Espada Fish: folds 
*** FLOP *** [4c 9d Kh]
Fafa293: checks 
Evelexy1: bets $2
Fafa293: folds 
Uncalled bet ($2) returned to Evelexy1
Evelexy1 collected $5.70 from pot
Evelexy1: doesn't show hand 
*** SUMMARY ***
Total pot $6 | Rake $0.30 
Board [4c 9d Kh]
Seat 1: whlzor (button) folded before Flop (didn't bet)
Seat 2: Fafa293 (small blind) folded on the Flop
Seat 3: Espada Fish (big blind) folded before Flop
Seat 4: nastja336 folded before Flop (didn't bet)
Seat 5: ReVeu710 folded before Flop (didn't bet)
Seat 6: Evelexy1 collected ($5.70)



PokerStars Hand #254432675044:  Hold'em No Limit ($0.50/$1.00 USD) - 2025/01/18 16:11:48 WET [2025/01/18 11:11:48 ET]
Table 'Irus IV' 6-max Seat #2 is the button
Seat 1: whlzor ($100 in chips) 
Seat 2: Fafa293 ($77 in chips) 
Seat 3: Espada Fish ($205.33 in chips) 
Seat 4: nastja336 ($100 in chips) 
Seat 5: ReVeu710 ($100 in chips) 
Seat 6: Evelexy1 ($103.20 in chips) 
Espada Fish: posts small blind $0.50
nastja336: posts big blind $1
*** HOLE CARDS ***
ReVeu710: folds 
Evelexy1: raises $1 to $2
whlzor: folds 
Fafa293: calls $2
Espada Fish: folds 
nastja336: calls $1
*** FLOP *** [8s Ks Jh]
nastja336: checks 
Evelexy1: checks 
Fafa293: bets $1
nastja336: calls $1
Evelexy1: raises $4 to $5
Fafa293: raises $4 to $9
nastja336: folds 
Evelexy1: calls $4
*** TURN *** [8s Ks Jh] [9s]
Evelexy1: checks 
Fafa293: bets $5
Evelexy1: calls $5
*** RIVER *** [8s Ks Jh 9s] [Js]
Evelexy1: checks 
Fafa293: bets $61 and is all-in
Evelexy1: folds 
Uncalled bet ($61) returned to Fafa293
Fafa293 collected $33.72 from pot
Fafa293: doesn't show hand 
*** SUMMARY ***
Total pot $35.50 | Rake $1.78 
Board [8s Ks Jh 9s Js]
Seat 1: whlzor folded before Flop (didn't bet)
Seat 2: Fafa293 (button) collected ($33.72)
Seat 3: Espada Fish (small blind) folded before Flop
Seat 4: nastja336 (big blind) folded on the Flop
Seat 5: ReVeu710 folded before Flop (didn't bet)
Seat 6: Evelexy1 folded on the River



PokerStars Hand #254432688468:  Hold'em No Limit ($0.50/$1.00 USD) - 2025/01/18 16:12:43 WET [2025/01/18 11:12:43 ET]
Table 'Irus IV' 6-max Seat #3 is the button
Seat 1: whlzor ($100 in chips) 
Seat 2: Fafa293 ($94.72 in chips) 
Seat 3: Espada Fish ($204.83 in chips) 
Seat 4: nastja336 ($100 in chips) 
Seat 5: ReVeu710 ($100 in chips) 
Seat 6: Evelexy1 ($100 in chips) 
nastja336: posts small blind $0.50
ReVeu710: posts big blind $1
*** HOLE CARDS ***
Evelexy1: folds 
whlzor: folds 
Fafa293: calls $1
Espada Fish: folds 
nastja336: calls $0.50
ReVeu710: checks 
*** FLOP *** [Jd 6d Ts]
nastja336: bets $1.43
ReVeu710: calls $1.43
Fafa293: calls $1.43
*** TURN *** [Jd 6d Ts] [7c]
nastja336: bets $3.46
ReVeu710: calls $3.46
Fafa293: folds 
*** RIVER *** [Jd 6d Ts 7c] [4s]
nastja336: checks 
ReVeu710: bets $9.99
nastja336: folds 
Uncalled bet ($9.99) returned to ReVeu710
ReVeu710 collected $13.50 from pot
ReVeu710: doesn't show hand 
*** SUMMARY ***
Total pot $14.21 | Rake $0.71 
Board [Jd 6d Ts 7c 4s]
Seat 1: whlzor folded before Flop (didn't bet)
Seat 2: Fafa293 folded on the Turn
Seat 3: Espada Fish (button) folded before Flop (didn't bet)
Seat 4: nastja336 (small blind) folded on the River
Seat 5: ReVeu710 (big blind) collected ($13.50)
Seat 6: Evelexy1 folded before Flop (didn't bet)



PokerStars Hand #254432704710:  Hold'em No Limit ($0.50/$1.00 USD) - 2025/01/18 16:13:50 WET [2025/01/18 11:13:50 ET]
Table 'Irus IV' 6-max Seat #4 is the button
Seat 1: whlzor ($100 in chips) 
Seat 2: Fafa293 ($92.29 in chips) 
Seat 3: Espada Fish ($204.83 in chips) 
Seat 4: nastja336 ($100 in chips) 
Seat 5: ReVeu710 ($107.61 in chips) 
Seat 6: Evelexy1 ($100 in chips) 
ReVeu710: posts small blind $0.50
Evelexy1: posts big blind $1
*** HOLE CARDS ***
whlzor: folds 
Fafa293: calls $1
Espada Fish: raises $2.50 to $3.50
nastja336: folds 
ReVeu710: folds 
Evelexy1: folds 
Fafa293: calls $2.50
*** FLOP *** [9h Td 5s]
Fafa293: checks 
Espada Fish: bets $4.04
Fafa293: folds 
Uncalled bet ($4.04) returned to Espada Fish
Espada Fish collected $8.08 from pot
Espada Fish: doesn't show hand 
*** SUMMARY ***
Total pot $8.50 | Rake $0.42 
Board [9h Td 5s]
Seat 1: whlzor folded before Flop (didn't bet)
Seat 2: Fafa293 folded on the Flop
Seat 3: Espada Fish collected ($8.08)
Seat 4: nastja336 (button) folded before Flop (didn't bet)
Seat 5: ReVeu710 (small blind) folded before Flop
Seat 6: Evelexy1 (big blind) folded before Flop



PokerStars Hand #254432712820:  Hold'em No Limit ($0.50/$1.00 USD) - 2025/01/18 16:14:23 WET [2025/01/18 11:14:23 ET]
Table 'Irus IV' 6-max Seat #5 is the button
Seat 1: whlzor ($100 in chips) 
Seat 2: Fafa293 ($88.79 in chips) 
Seat 3: Espada Fish ($209.41 in chips) 
Seat 4: nastja336 ($100 in chips) 
Seat 5: ReVeu710 ($107.11 in chips) 
Seat 6: Evelexy1 ($100 in chips) 
Evelexy1: posts small blind $0.50
whlzor: posts big blind $1
*** HOLE CARDS ***
Fafa293: calls $1
Espada Fish: folds 
nastja336: raises $5 to $6
ReVeu710: folds 
Evelexy1: folds 
whlzor: folds 
Fafa293: calls $5
*** FLOP *** [8h 9s 3c]
Fafa293: bets $1
nastja336: calls $1
*** TURN *** [8h 9s 3c] [6d]
Fafa293: bets $1
nastja336: calls $1
*** RIVER *** [8h 9s 3c 6d] [5d]
Fafa293: bets $1
nastja336: calls $1
*** SHOW DOWN ***
Fafa293: shows [Th 9d] (a pair of Nines)
nastja336: mucks hand 
Fafa293 collected $18.52 from pot
*** SUMMARY ***
Total pot $19.50 | Rake $0.98 
Board [8h 9s 3c 6d 5d]
Seat 1: whlzor (big blind) folded before Flop
Seat 2: Fafa293 showed [Th 9d] and won ($18.52) with a pair of Nines
Seat 3: Espada Fish folded before Flop (didn't bet)
Seat 4: nastja336 mucked
Seat 5: ReVeu710 (button) folded before Flop (didn't bet)
Seat 6: Evelexy1 (small blind) folded before Flop



PokerStars Hand #254432725398:  Hold'em No Limit ($0.50/$1.00 USD) - 2025/01/18 16:15:14 WET [2025/01/18 11:15:14 ET]
Table 'Irus IV' 6-max Seat #6 is the button
Seat 1: whlzor ($100 in chips) 
Seat 2: Fafa293 ($98.31 in chips) 
Seat 3: Espada Fish ($209.41 in chips) 
Seat 4: nastja336 ($100 in chips) 
Seat 5: ReVeu710 ($107.11 in chips) 
Seat 6: Evelexy1 ($100 in chips) 
whlzor: posts small blind $0.50
Fafa293: posts big blind $1
*** HOLE CARDS ***
Espada Fish: folds 
nastja336: folds 
ReVeu710: raises $1.30 to $2.30
Evelexy1: raises $4.60 to $6.90
whlzor: calls $6.40
Fafa293: calls $5.90
ReVeu710: calls $4.60
*** FLOP *** [4h Jh Ah]
whlzor: checks 
Fafa293: checks 
ReVeu710: checks 
Evelexy1: bets $6.55
whlzor: folds 
Fafa293: calls $6.55
ReVeu710: folds 
*** TURN *** [4h Jh Ah] [3h]
Fafa293: checks 
Evelexy1: checks 
*** RIVER *** [4h Jh Ah 3h] [8c]
Fafa293: bets $1
Evelexy1: raises $49 to $50
Fafa293: folds 
Uncalled bet ($49) returned to Evelexy1
Evelexy1 collected $40.56 from pot
Evelexy1: doesn't show hand 
*** SUMMARY ***
Total pot $42.70 | Rake $2.14 
Board [4h Jh Ah 3h 8c]
Seat 1: whlzor (small blind) folded on the Flop
Seat 2: Fafa293 (big blind) folded on the River
Seat 3: Espada Fish folded before Flop (didn't bet)
Seat 4: nastja336 folded before Flop (didn't bet)
Seat 5: ReVeu710 folded on the Flop
Seat 6: Evelexy1 (button) collected ($40.56)



PokerStars Hand #254432742304:  Hold'em No Limit ($0.50/$1.00 USD) - 2025/01/18 16:16:23 WET [2025/01/18 11:16:23 ET]
Table 'Irus IV' 6-max Seat #1 is the button
Seat 1: whlzor ($100 in chips) 
Seat 2: Fafa293 ($83.86 in chips) 
Seat 3: Espada Fish ($209.41 in chips) 
Seat 4: nastja336 ($100 in chips) 
Seat 5: ReVeu710 ($100.21 in chips) 
Seat 6: Evelexy1 ($126.11 in chips) 
Fafa293: posts small blind $0.50
Espada Fish: posts big blind $1
*** HOLE CARDS ***
nastja336: folds 
ReVeu710: folds 
Evelexy1: folds 
whlzor: raises $2 to $3
Fafa293: calls $2.50
Espada Fish: folds 
*** FLOP *** [Ks 7h 2h]
Fafa293: checks 
whlzor: bets $2.19
Fafa293: calls $2.19
*** TURN *** [Ks 7h 2h] [5s]
Fafa293: checks 
whlzor: checks 
*** RIVER *** [Ks 7h 2h 5s] [Qd]
Fafa293: bets $1
whlzor: raises $8 to $9
Fafa293: raises $8 to $17
whlzor: calls $8
*** SHOW DOWN ***
Fafa293: shows [Kh 2s] (two pair, Kings and Deuces)
whlzor: mucks hand 
Fafa293 collected $43.11 from pot
*** SUMMARY ***
Total pot $45.38 | Rake $2.27 
Board [Ks 7h 2h 5s Qd]
Seat 1: whlzor (button) mucked
Seat 2: Fafa293 (small blind) showed [Kh 2s] and won ($43.11) with two pair, Kings and Deuces
Seat 3: Espada Fish (big blind) folded before Flop
Seat 4: nastja336 folded before Flop (didn't bet)
Seat 5: ReVeu710 folded before Flop (didn't bet)
Seat 6: Evelexy1 folded before Flop (didn't bet)



PokerStars Hand #254432753952:  Hold'em No Limit ($0.50/$1.00 USD) - 2025/01/18 16:17:09 WET [2025/01/18 11:17:09 ET]
Table 'Irus IV' 6-max Seat #2 is the button
Seat 1: whlzor ($100 in chips) 
Seat 2: Fafa293 ($104.78 in chips) 
Seat 3: Espada Fish ($208.41 in chips) 
Seat 4: nastja336 ($100 in chips) 
Seat 5: ReVeu710 ($100.21 in chips) 
Seat 6: Evelexy1 ($126.11 in chips) 
Espada Fish: posts small blind $0.50
nastja336: posts big blind $1
*** HOLE CARDS ***
ReVeu710: folds 
Evelexy1: folds 
whlzor: raises $2 to $3
Fafa293: calls $3
Espada Fish: folds 
nastja336: folds 
*** FLOP *** [3h Kc 8h]
whlzor: checks 
Fafa293: checks 
*** TURN *** [3h Kc 8h] [Tc]
whlzor: bets $3.56
Fafa293: raises $3.56 to $7.12
whlzor: calls $3.56
*** RIVER *** [3h Kc 8h Tc] [3c]
whlzor: checks 
Fafa293: bets $1
whlzor: calls $1
*** SHOW DOWN ***
Fafa293: shows [Kh 8c] (two pair, Kings and Eights)
whlzor: mucks hand 
Fafa293 collected $22.55 from pot
*** SUMMARY ***
Total pot $23.74 | Rake $1.19 
Board [3h Kc 8h Tc 3c]
Seat 1: whlzor mucked
Seat 2: Fafa293 (button) showed [Kh 8c] and won ($22.55) with two pair, Kings and Eights
Seat 3: Espada Fish (small blind) folded before Flop
Seat 4: nastja336 (big blind) folded before Flop
Seat 5: ReVeu710 folded before Flop (didn't bet)
Seat 6: Evelexy1 folded before Flop (didn't bet)



PokerStars Hand #254432764302:  Hold'em No Limit ($0.50/$1.00 USD) - 2025/01/18 16:17:51 WET [2025/01/18 11:17:51 ET]
Table 'Irus IV' 6-max Seat #3 is the button
Seat 1: whlzor ($100 in chips) 
Seat 2: Fafa293 ($116.21 in chips) 
Seat 3: Espada Fish ($207.91 in chips) 
Seat 4: nastja336 ($100 in chips) 
Seat 5: ReVeu710 ($100.21 in chips) 
Seat 6: Evelexy1 ($126.11 in chips) 
nastja336: posts small blind $0.50
ReVeu710: posts big blind $1
*** HOLE CARDS ***
Evelexy1: folds 
whlzor: folds 
Fafa293: calls $1
Espada Fish: raises $2.50 to $3.50
nastja336: folds 
ReVeu710: calls $2.50
Fafa293: calls $2.50
*** FLOP *** [Qs 6c 5h]
ReVeu710: checks 
Fafa293: checks 
Espada Fish: checks 
*** TURN *** [Qs 6c 5h] [Kd]
ReVeu710: checks 
Fafa293: checks 
Espada Fish: checks 
*** RIVER *** [Qs 6c 5h Kd] [Kc]
ReVeu710: bets $8.05
Fafa293: folds 
Espada Fish: folds 
Uncalled bet ($8.05) returned to ReVeu710
ReVeu710 collected $10.45 from pot
ReVeu710: doesn't show hand 
*** SUMMARY ***
Total pot $11 | Rake $0.55 
Board [Qs 6c 5h Kd Kc]
Seat 1: whlzor folded before Flop (didn't bet)
Seat 2: Fafa293 folded on the River
Seat 3: Espada Fish (button) folded on the River
Seat 4: nastja336 (small blind) folded before Flop
Seat 5: ReVeu710 (big blind) collected ($10.45)
Seat 6: Evelexy1 folded before Flop (didn't bet)



PokerStars Hand #254432781178:  Hold'em No Limit ($0.50/$1.00 USD) - 2025/01/18 16:18:59 WET [2025/01/18 11:18:59 ET]
Table 'Irus IV' 6-max Seat #4 is the button
Seat 1: whlzor ($100 in chips) 
Seat 2: Fafa293 ($112.71 in chips) 
Seat 3: Espada Fish ($204.41 in chips) 
Seat 4: nastja336 ($100 in chips) 
Seat 5: ReVeu710 ($107.16 in chips) 
Seat 6: Evelexy1 ($126.11 in chips) 
ReVeu710: posts small blind $0.50
Evelexy1: posts big blind $1
*** HOLE CARDS ***
whlzor: folds 
Fafa293: calls $1
Espada Fish: folds 
nastja336: folds 
ReVeu710: raises $4 to $5
Evelexy1: folds 
Fafa293: calls $4
*** FLOP *** [As Kd Jd]
ReVeu710: bets $2.61
Fafa293: calls $2.61
*** TURN *** [As Kd Jd] [Th]
ReVeu710: checks 
Fafa293: checks 
*** RIVER *** [As Kd Jd Th] [9c]
ReVeu710: checks 
Fafa293: bets $1
ReVeu710: calls $1
*** SHOW DOWN ***
Fafa293: shows [Jc 6h] (a pair of Jacks)
ReVeu710: mucks hand 
Fafa293 collected $17.31 from pot
*** SUMMARY ***
Total pot $18.22 | Rake $0.91 
Board [As Kd Jd Th 9c]
Seat 1: whlzor folded before Flop (didn't bet)
Seat 2: Fafa293 showed [Jc 6h] and won ($17.31) with a pair of Jacks
Seat 3: Espada Fish folded before Flop (didn't bet)
Seat 4: nastja336 (button) folded before Flop (didn't bet)
Seat 5: ReVeu710 (small blind) mucked
Seat 6: Evelexy1 (big blind) folded before Flop



PokerStars Hand #254432790642:  Hold'em No Limit ($0.50/$1.00 USD) - 2025/01/18 16:19:37 WET [2025/01/18 11:19:37 ET]
Table 'Irus IV' 6-max Seat #5 is the button
Seat 1: whlzor ($100 in chips) 
Seat 2: Fafa293 ($121.41 in chips) 
Seat 3: Espada Fish ($204.41 in chips) 
Seat 4: nastja336 ($100 in chips) 
Seat 5: ReVeu710 ($100 in chips) 
Seat 6: Evelexy1 ($125.11 in chips) 
Evelexy1: posts small blind $0.50
whlzor: posts big blind $1
*** HOLE CARDS ***
Fafa293: calls $1
Espada Fish: folds 
nastja336: folds 
ReVeu710: folds 
Evelexy1: calls $0.50
whlzor: checks 
*** FLOP *** [8d Qc Ah]
Evelexy1: checks 
whlzor: checks 
Fafa293: checks 
*** TURN *** [8d Qc Ah] [Ks]
Evelexy1: checks 
whlzor: checks 
Fafa293: checks 
*** RIVER *** [8d Qc Ah Ks] [9s]
Evelexy1: checks 
whlzor: bets $1
Fafa293: calls $1
Evelexy1: folds 
*** SHOW DOWN ***
whlzor: shows [2s Kc] (a pair of Kings)
Fafa293: mucks hand 
whlzor collected $4.75 from pot
*** SUMMARY ***
Total pot $5 | Rake $0.25 
Board [8d Qc Ah Ks 9s]
Seat 1: whlzor (big blind) showed [2s Kc] and won ($4.75) with a pair of Kings
Seat 2: Fafa293 mucked
Seat 3: Espada Fish folded before Flop (didn't bet)
Seat 4: nastja336 folded before Flop (didn't bet)
Seat 5: ReVeu710 (button) folded before Flop (didn't bet)
Seat 6: Evelexy1 (small blind) folded on the River



PokerStars Hand #254432800509:  Hold'em No Limit ($0.50/$1.00 USD) - 2025/01/18 16:20:18 WET [2025/01/18 11:20:18 ET]
Table 'Irus IV' 6-max Seat #6 is the button
Seat 1: whlzor ($102.75 in chips) 
Seat 2: Fafa293 ($119.41 in chips) 
Seat 3: Espada Fish ($204.41 in chips) 
Seat 4: nastja336 ($100 in chips) 
Seat 5: ReVeu710 ($100 in chips) 
Seat 6: Evelexy1 ($124.11 in chips) 
whlzor: posts small blind $0.50
Fafa293: posts big blind $1
*** HOLE CARDS ***
Espada Fish: folds 
nastja336: raises $1.50 to $2.50
ReVeu710: folds 
Evelexy1: folds 
whlzor: folds 
Fafa293: calls $1.50
*** FLOP *** [6d 3d Kc]
Fafa293: checks 
nastja336: bets $2.61
Fafa293: folds 
Uncalled bet ($2.61) returned to nastja336
nastja336 collected $5.22 from pot
nastja336: doesn't show hand 
*** SUMMARY ***
Total pot $5.50 | Rake $0.28 
Board [6d 3d Kc]
Seat 1: whlzor (small blind) folded before Flop
Seat 2: Fafa293 (big blind) folded on the Flop
Seat 3: Espada Fish folded before Flop (didn't bet)
Seat 4: nastja336 collected ($5.22)
Seat 5: ReVeu710 folded before Flop (didn't bet)
Seat 6: Evelexy1 (button) folded before Flop (didn't bet)



PokerStars Hand #254432805452:  Hold'em No Limit ($0.50/$1.00 USD) - 2025/01/18 16:20:38 WET [2025/01/18 11:20:38 ET]
Table 'Irus IV' 6-max Seat #1 is the button
Seat 1: whlzor ($102.25 in chips) 
Seat 2: Fafa293 ($116.91 in chips) 
Seat 3: Espada Fish ($204.41 in chips) 
Seat 4: nastja336 ($102.72 in chips) 
Seat 5: ReVeu710 ($100 in chips) 
Seat 6: Evelexy1 ($124.11 in chips) 
Fafa293: posts small blind $0.50
Espada Fish: posts big blind $1
*** HOLE CARDS ***
nastja336: folds 
ReVeu710: folds 
Evelexy1: folds 
whlzor: folds 
Fafa293: calls $0.50
Espada Fish: checks 
*** FLOP *** [9s Td 8h]
Fafa293: checks 
Espada Fish: bets $1.43
Fafa293: calls $1.43
*** TURN *** [9s Td 8h] [Jh]
Fafa293: checks 
Espada Fish: checks 
*** RIVER *** [9s Td 8h Jh] [Ad]
Fafa293: bets $1
Espada Fish: calls $1
*** SHOW DOWN ***
Fafa293: shows [8s 7d] (a straight, Seven to Jack)
Espada Fish: mucks hand 
Fafa293 collected $6.52 from pot
*** SUMMARY ***
Total pot $6.86 | Rake $0.34 
Board [9s Td 8h Jh Ad]
Seat 1: whlzor (button) folded before Flop (didn't bet)
Seat 2: Fafa293 (small blind) showed [8s 7d] and won ($6.52) with a straight, Seven to Jack
Seat 3: Espada Fish (big blind) mucked
Seat 4: nastja336 folded before Flop (didn't bet)
Seat 5: ReVeu710 folded before Flop (didn't bet)
Seat 6: Evelexy1 folded before Flop (didn't bet)



PokerStars Hand #254432818448:  Hold'em No Limit ($0.50/$1.00 USD) - 2025/01/18 16:21:31 WET [2025/01/18 11:21:31 ET]
Table 'Irus IV' 6-max Seat #2 is the button
Seat 1: whlzor ($102.25 in chips) 
Seat 2: Fafa293 ($120 in chips) 
Seat 3: Espada Fish ($200.98 in chips) 
Seat 4: nastja336 ($102.72 in chips) 
Seat 5: ReVeu710 ($100 in chips) 
Seat 6: Evelexy1 ($124.11 in chips) 
Espada Fish: posts small blind $0.50
nastja336: posts big blind $1
*** HOLE CARDS ***
ReVeu710: folds 
Evelexy1: folds 
whlzor: folds 
Fafa293: calls $1
Espada Fish: raises $3 to $4
nastja336: calls $3
Fafa293: raises $3 to $7
Espada Fish: calls $3
nastja336: calls $3
*** FLOP *** [As Tc Qc]
Espada Fish: checks 
nastja336: checks 
Fafa293: bets $16
Espada Fish: folds 
nastja336: calls $16
*** TURN *** [As Tc Qc] [6s]
nastja336: checks 
Fafa293: bets $15
nastja336: calls $15
*** RIVER *** [As Tc Qc 6s] [8d]
nastja336: checks 
Fafa293: bets $15
nastja336: folds 
Uncalled bet ($15) returned to Fafa293
Fafa293 collected $80.50 from pot
Fafa293: doesn't show hand 
*** SUMMARY ***
Total pot $83 | Rake $2.50 
Board [As Tc Qc 6s 8d]
Seat 1: whlzor folded before Flop (didn't bet)
Seat 2: Fafa293 (button) collected ($80.50)
Seat 3: Espada Fish (small blind) folded on the Flop
Seat 4: nastja336 (big blind) folded on the River
Seat 5: ReVeu710 folded before Flop (didn't bet)
Seat 6: Evelexy1 folded before Flop (didn't bet)



PokerStars Hand #254432837889:  Hold'em No Limit ($0.50/$1.00 USD) - 2025/01/18 16:22:52 WET [2025/01/18 11:22:52 ET]
Table 'Irus IV' 6-max Seat #3 is the button
Seat 1: whlzor ($102.25 in chips) 
Seat 2: Fafa293 ($162.50 in chips) 
Seat 3: Espada Fish ($193.98 in chips) 
Seat 4: nastja336 ($100 in chips) 
Seat 5: ReVeu710 ($100 in chips) 
Seat 6: Evelexy1 ($124.11 in chips) 
nastja336: posts small blind $0.50
ReVeu710: posts big blind $1
*** HOLE CARDS ***
Evelexy1: folds 
whlzor: folds 
Fafa293: calls $1
Espada Fish: raises $2.50 to $3.50
nastja336: folds 
ReVeu710: folds 
Fafa293: calls $2.50
*** FLOP *** [Kc Qh Qc]
Fafa293: checks 
Espada Fish: bets $2.67
Fafa293: folds 
Uncalled bet ($2.67) returned to Espada Fish
Espada Fish collected $8.08 from pot
Espada Fish: doesn't show hand 
*** SUMMARY ***
Total pot $8.50 | Rake $0.42 
Board [Kc Qh Qc]
Seat 1: whlzor folded before Flop (didn't bet)
Seat 2: Fafa293 folded on the Flop
Seat 3: Espada Fish (button) collected ($8.08)
Seat 4: nastja336 (small blind) folded before Flop
Seat 5: ReVeu710 (big blind) folded before Flop
Seat 6: Evelexy1 folded before Flop (didn't bet)



PokerStars Hand #254432845076:  Hold'em No Limit ($0.50/$1.00 USD) - 2025/01/18 16:23:21 WET [2025/01/18 11:23:21 ET]
Table 'Irus IV' 6-max Seat #4 is the button
Seat 1: whlzor ($102.25 in chips) 
Seat 2: Fafa293 ($159 in chips) 
Seat 3: Espada Fish ($198.56 in chips) 
Seat 4: nastja336 ($100 in chips) 
Seat 5: ReVeu710 ($100 in chips) 
Seat 6: Evelexy1 ($124.11 in chips) 
ReVeu710: posts small blind $0.50
Evelexy1: posts big blind $1
*** HOLE CARDS ***
whlzor: folds 
Fafa293: folds 
Espada Fish: folds 
nastja336: folds 
ReVeu710: folds 
Uncalled bet ($0.50) returned to Evelexy1
Evelexy1 collected $1 from pot
Evelexy1: doesn't show hand 
*** SUMMARY ***
Total pot $1 | Rake $0 
Seat 1: whlzor folded before Flop (didn't bet)
Seat 2: Fafa293 folded before Flop (didn't bet)
Seat 3: Espada Fish folded before Flop (didn't bet)
Seat 4: nastja336 (button) folded before Flop (didn't bet)
Seat 5: ReVeu710 (small blind) folded before Flop
Seat 6: Evelexy1 (big blind) collected ($1)



PokerStars Hand #254432847707:  Hold'em No Limit ($0.50/$1.00 USD) - 2025/01/18 16:23:32 WET [2025/01/18 11:23:32 ET]
Table 'Irus IV' 6-max Seat #5 is the button
Seat 1: whlzor ($102.25 in chips) 
Seat 2: Fafa293 ($159 in chips) 
Seat 3: Espada Fish ($198.56 in chips) 
Seat 4: nastja336 ($100 in chips) 
Seat 5: ReVeu710 ($100 in chips) 
Seat 6: Evelexy1 ($124.61 in chips) 
Evelexy1: posts small blind $0.50
whlzor: posts big blind $1
*** HOLE CARDS ***
Fafa293 has timed out
Fafa293: folds 
Espada Fish: folds 
nastja336: folds 
ReVeu710: raises $1.50 to $2.50
Evelexy1: folds 
whlzor: folds 
Uncalled bet ($1.50) returned to ReVeu710
ReVeu710 collected $2.50 from pot
ReVeu710: doesn't show hand 
*** SUMMARY ***
Total pot $2.50 | Rake $0 
Seat 1: whlzor (big blind) folded before Flop
Seat 2: Fafa293 folded before Flop (didn't bet)
Seat 3: Espada Fish folded before Flop (didn't bet)
Seat 4: nastja336 folded before Flop (didn't bet)
Seat 5: ReVeu710 (button) collected ($2.50)
Seat 6: Evelexy1 (small blind) folded before Flop



PokerStars Hand #254432853532:  Hold'em No Limit ($0.50/$1.00 USD) - 2025/01/18 16:23:56 WET [2025/01/18 11:23:56 ET]
Table 'Irus IV' 6-max Seat #6 is the button
Seat 2: Fafa293 ($159 in chips) is sitting out
Seat 1: whlzor ($101.25 in chips) 
Seat 3: Espada Fish ($198.56 in chips) 
Seat 4: nastja336 ($100 in chips) 
Seat 5: ReVeu710 ($101.50 in chips) 
Seat 6: Evelexy1 ($124.11 in chips) 
whlzor: posts small blind $0.50
Espada Fish: posts big blind $1
*** HOLE CARDS ***
nastja336: folds 
ReVeu710: folds 
Evelexy1: raises $1.50 to $2.50
whlzor: folds 
Espada Fish: folds 
Uncalled bet ($1.50) returned to Evelexy1
Evelexy1 collected $2.50 from pot
Evelexy1: doesn't show hand 
*** SUMMARY ***
Total pot $2.50 | Rake $0 
Seat 2: Fafa293
Seat 1: whlzor (small blind) folded before Flop
Seat 3: Espada Fish (big blind) folded before Flop
Seat 4: nastja336 folded before Flop (didn't bet)
Seat 5: ReVeu710 folded before Flop (didn't bet)
Seat 6: Evelexy1 (button) collected ($2.50)



PokerStars Hand #254432858500:  Hold'em No Limit ($0.50/$1.00 USD) - 2025/01/18 16:24:17 WET [2025/01/18 11:24:17 ET]
Table 'Irus IV' 6-max Seat #1 is the button
Seat 2: Fafa293 ($159 in chips) is sitting out
Seat 1: whlzor ($100.75 in chips) 
Seat 3: Espada Fish ($197.56 in chips) 
Seat 4: nastja336 ($100 in chips) 
Seat 5: ReVeu710 ($101.50 in chips) 
Seat 6: Evelexy1 ($125.61 in chips) 
Espada Fish: posts small blind $0.50
nastja336: posts big blind $1
*** HOLE CARDS ***
ReVeu710: folds 
Evelexy1: folds 
whlzor: raises $2 to $3
Espada Fish: folds 
nastja336: calls $2
*** FLOP *** [Kd 6h Tc]
nastja336: checks 
whlzor: bets $4.08
nastja336: raises $8.16 to $12.24
whlzor: folds 
Uncalled bet ($8.16) returned to nastja336
nastja336 collected $13.93 from pot
nastja336: doesn't show hand 
*** SUMMARY ***
Total pot $14.66 | Rake $0.73 
Board [Kd 6h Tc]
Seat 2: Fafa293
Seat 1: whlzor (button) folded on the Flop
Seat 3: Espada Fish (small blind) folded before Flop
Seat 4: nastja336 (big blind) collected ($13.93)
Seat 5: ReVeu710 folded before Flop (didn't bet)
Seat 6: Evelexy1 folded before Flop (didn't bet)



PokerStars Hand #254432869300:  Hold'em No Limit ($0.50/$1.00 USD) - 2025/01/18 16:25:01 WET [2025/01/18 11:25:01 ET]
Table 'Irus IV' 6-max Seat #3 is the button
Seat 1: whlzor ($100 in chips) 
Seat 2: Fafa293 ($159 in chips) 
Seat 3: Espada Fish ($197.06 in chips) 
Seat 4: nastja336 ($106.85 in chips) 
Seat 5: ReVeu710 ($101.50 in chips) 
Seat 6: Evelexy1 ($125.61 in chips) 
nastja336: posts small blind $0.50
ReVeu710: posts big blind $1
Fafa293: posts small & big blinds $1.50
*** HOLE CARDS ***
Evelexy1: folds 
whlzor: calls $1
Fafa293: checks 
Espada Fish: folds 
nastja336: calls $0.50
ReVeu710: checks 
*** FLOP *** [7h 5h 3h]
nastja336: checks 
ReVeu710: bets $2.31
whlzor: calls $2.31
Fafa293: folds 
nastja336: folds 
*** TURN *** [7h 5h 3h] [Qh]
ReVeu710: checks 
whlzor: checks 
*** RIVER *** [7h 5h 3h Qh] [8c]
ReVeu710: checks 
whlzor: checks 
*** SHOW DOWN ***
ReVeu710: shows [2s Ah] (a flush, Ace high)
whlzor: mucks hand 
ReVeu710 collected $8.66 from pot
*** SUMMARY ***
Total pot $9.12 | Rake $0.46 
Board [7h 5h 3h Qh 8c]
Seat 1: whlzor mucked
Seat 2: Fafa293 folded on the Flop (didn't bet)
Seat 3: Espada Fish (button) folded before Flop (didn't bet)
Seat 4: nastja336 (small blind) folded on the Flop
Seat 5: ReVeu710 (big blind) showed [2s Ah] and won ($8.66) with a flush, Ace high
Seat 6: Evelexy1 folded before Flop (didn't bet)



PokerStars Hand #254432879065:  Hold'em No Limit ($0.50/$1.00 USD) - 2025/01/18 16:25:42 WET [2025/01/18 11:25:42 ET]
Table 'Irus IV' 6-max Seat #4 is the button
Seat 1: whlzor ($100 in chips) 
Seat 2: Fafa293 ($157.50 in chips) 
Seat 3: Espada Fish ($197.06 in chips) 
Seat 4: nastja336 ($105.85 in chips) 
Seat 5: ReVeu710 ($106.85 in chips) 
Seat 6: Evelexy1 ($125.61 in chips) 
ReVeu710: posts small blind $0.50
Evelexy1: posts big blind $1
*** HOLE CARDS ***
whlzor: folds 
Fafa293: calls $1
Espada Fish: raises $2.50 to $3.50
nastja336: folds 
ReVeu710: calls $3
Evelexy1: folds 
Fafa293: calls $2.50
*** FLOP *** [Th 2c 9c]
ReVeu710: checks 
Fafa293: checks 
Espada Fish: bets $5.46
ReVeu710: folds 
Fafa293: folds 
Uncalled bet ($5.46) returned to Espada Fish
Espada Fish collected $10.92 from pot
*** SUMMARY ***
Total pot $11.50 | Rake $0.58 
Board [Th 2c 9c]
Seat 1: whlzor folded before Flop (didn't bet)
Seat 2: Fafa293 folded on the Flop
Seat 3: Espada Fish collected ($10.92)
Seat 4: nastja336 (button) folded before Flop (didn't bet)
Seat 5: ReVeu710 (small blind) folded on the Flop
Seat 6: Evelexy1 (big blind) folded before Flop



PokerStars Hand #254432887264:  Hold'em No Limit ($0.50/$1.00 USD) - 2025/01/18 16:26:16 WET [2025/01/18 11:26:16 ET]
Table 'Irus IV' 6-max Seat #5 is the button
Seat 1: whlzor ($100 in chips) 
Seat 2: Fafa293 ($154 in chips) 
Seat 3: Espada Fish ($204.48 in chips) 
Seat 4: nastja336 ($105.85 in chips) 
Seat 5: ReVeu710 ($103.35 in chips) 
Seat 6: Evelexy1 ($124.61 in chips) 
Evelexy1: posts small blind $0.50
whlzor: posts big blind $1
*** HOLE CARDS ***
Fafa293: raises $1 to $2
Espada Fish: folds 
nastja336: folds 
ReVeu710: folds 
Evelexy1: raises $6 to $8
whlzor: folds 
Fafa293: raises $6 to $14
Evelexy1: calls $6
*** FLOP *** [2c Jc 4c]
Evelexy1: checks 
Fafa293: bets $1
Evelexy1: folds 
Uncalled bet ($1) returned to Fafa293
Fafa293 collected $27.55 from pot
Fafa293: doesn't show hand 
*** SUMMARY ***
Total pot $29 | Rake $1.45 
Board [2c Jc 4c]
Seat 1: whlzor (big blind) folded before Flop
Seat 2: Fafa293 collected ($27.55)
Seat 3: Espada Fish folded before Flop (didn't bet)
Seat 4: nastja336 folded before Flop (didn't bet)
Seat 5: ReVeu710 (button) folded before Flop (didn't bet)
Seat 6: Evelexy1 (small blind) folded on the Flop



PokerStars Hand #254432897426:  Hold'em No Limit ($0.50/$1.00 USD) - 2025/01/18 16:26:57 WET [2025/01/18 11:26:57 ET]
Table 'Irus IV' 6-max Seat #6 is the button
Seat 4: nastja336 ($105.85 in chips) is sitting out
Seat 1: whlzor ($100 in chips) 
Seat 2: Fafa293 ($167.55 in chips) 
Seat 3: Espada Fish ($204.48 in chips) 
Seat 5: ReVeu710 ($103.35 in chips) 
Seat 6: Evelexy1 ($110.61 in chips) 
whlzor: posts small blind $0.50
Fafa293: posts big blind $1
*** HOLE CARDS ***
Espada Fish: folds 
ReVeu710: folds 
Evelexy1: folds 
whlzor: calls $0.50
Fafa293: raises $1 to $2
whlzor: calls $1
*** FLOP *** [3h 6c 6h]
whlzor: checks 
Fafa293: bets $1
whlzor: calls $1
*** TURN *** [3h 6c 6h] [9d]
whlzor: checks 
Fafa293: bets $1
whlzor: raises $6 to $7
Fafa293: raises $6 to $13
whlzor: calls $6
*** RIVER *** [3h 6c 6h 9d] [7c]
whlzor: checks 
Fafa293: bets $1
whlzor: calls $1
*** SHOW DOWN ***
Fafa293: shows [Ad Ah] (two pair, Aces and Sixes)
whlzor: mucks hand 
Fafa293 collected $32.30 from pot
*** SUMMARY ***
Total pot $34 | Rake $1.70 
Board [3h 6c 6h 9d 7c]
Seat 4: nastja336
Seat 1: whlzor (small blind) mucked
Seat 2: Fafa293 (big blind) showed [Ad Ah] and won ($32.30) with two pair, Aces and Sixes
Seat 3: Espada Fish folded before Flop (didn't bet)
Seat 5: ReVeu710 folded before Flop (didn't bet)
Seat 6: Evelexy1 (button) folded before Flop (didn't bet)



PokerStars Hand #254432908031:  Hold'em No Limit ($0.50/$1.00 USD) - 2025/01/18 16:27:42 WET [2025/01/18 11:27:42 ET]
Table 'Irus IV' 6-max Seat #1 is the button
Seat 4: nastja336 ($105.85 in chips) is sitting out
Seat 1: whlzor ($100 in chips) 
Seat 2: Fafa293 ($182.85 in chips) 
Seat 3: Espada Fish ($204.48 in chips) 
Seat 5: ReVeu710 ($103.35 in chips) 
Seat 6: Evelexy1 ($110.61 in chips) 
Fafa293: posts small blind $0.50
Espada Fish: posts big blind $1
*** HOLE CARDS ***
ReVeu710: folds 
Evelexy1: folds 
whlzor: folds 
Fafa293: calls $0.50
Espada Fish: checks 
*** FLOP *** [Kh Qh Qd]
Fafa293: checks 
Espada Fish: checks 
*** TURN *** [Kh Qh Qd] [Kd]
Fafa293: checks 
Espada Fish: bets $1.43
Fafa293: calls $1.43
*** RIVER *** [Kh Qh Qd Kd] [3s]
Fafa293: checks 
Espada Fish: bets $2.77
Fafa293: raises $2.77 to $5.54
Espada Fish: folds 
Uncalled bet ($2.77) returned to Fafa293
Fafa293 collected $9.88 from pot
Fafa293: doesn't show hand 
*** SUMMARY ***
Total pot $10.40 | Rake $0.52 
Board [Kh Qh Qd Kd 3s]
Seat 4: nastja336
Seat 1: whlzor (button) folded before Flop (didn't bet)
Seat 2: Fafa293 (small blind) collected ($9.88)
Seat 3: Espada Fish (big blind) folded on the River
Seat 5: ReVeu710 folded before Flop (didn't bet)
Seat 6: Evelexy1 folded before Flop (didn't bet)



PokerStars Hand #254432924044:  Hold'em No Limit ($0.50/$1.00 USD) - 2025/01/18 16:28:48 WET [2025/01/18 11:28:48 ET]
Table 'Irus IV' 6-max Seat #2 is the button
Seat 1: whlzor ($100 in chips) 
Seat 2: Fafa293 ($187.53 in chips) 
Seat 3: Espada Fish ($199.28 in chips) 
Seat 4: nastja336 ($105.85 in chips) 
Seat 5: ReVeu710 ($103.35 in chips) 
Seat 6: Evelexy1 ($110.61 in chips) 
Espada Fish: posts small blind $0.50
nastja336: posts big blind $1
*** HOLE CARDS ***
ReVeu710: folds 
Evelexy1: folds 
whlzor: folds 
Fafa293: calls $1
Espada Fish: folds 
nastja336: raises $3 to $4
Fafa293: calls $3
*** FLOP *** [7s 2h Ts]
nastja336: bets $2.67
Fafa293: calls $2.67
*** TURN *** [7s 2h Ts] [3c]
nastja336: bets $4.34
Fafa293: calls $4.34
*** RIVER *** [7s 2h Ts 3c] [9c]
nastja336: checks 
Fafa293: bets $56
nastja336: folds 
Uncalled bet ($56) returned to Fafa293
Fafa293 collected $21.39 from pot
Fafa293: doesn't show hand 
*** SUMMARY ***
Total pot $22.52 | Rake $1.13 
Board [7s 2h Ts 3c 9c]
Seat 1: whlzor folded before Flop (didn't bet)
Seat 2: Fafa293 (button) collected ($21.39)
Seat 3: Espada Fish (small blind) folded before Flop
Seat 4: nastja336 (big blind) folded on the River
Seat 5: ReVeu710 folded before Flop (didn't bet)
Seat 6: Evelexy1 folded before Flop (didn't bet)



PokerStars Hand #254432935732:  Hold'em No Limit ($0.50/$1.00 USD) - 2025/01/18 16:29:37 WET [2025/01/18 11:29:37 ET]
Table 'Irus IV' 6-max Seat #3 is the button
Seat 1: whlzor ($100 in chips) 
Seat 2: Fafa293 ($197.91 in chips) 
Seat 3: Espada Fish ($198.78 in chips) 
Seat 4: nastja336 ($100 in chips) 
Seat 5: ReVeu710 ($103.35 in chips) 
Seat 6: Evelexy1 ($110.61 in chips) 
nastja336: posts small blind $0.50
ReVeu710: posts big blind $1
*** HOLE CARDS ***
Evelexy1: folds 
whlzor: folds 
Fafa293: calls $1
Espada Fish: raises $2.50 to $3.50
nastja336: folds 
ReVeu710: folds 
Fafa293: calls $2.50
*** FLOP *** [6s 5c Jh]
Fafa293: checks 
Espada Fish: bets $4.04
Fafa293: calls $4.04
*** TURN *** [6s 5c Jh] [7s]
Fafa293: checks 
Espada Fish: checks 
*** RIVER *** [6s 5c Jh 7s] [8h]
Fafa293: checks 
Espada Fish: checks 
*** SHOW DOWN ***
Fafa293: shows [5h 3h] (a pair of Fives)
Espada Fish: shows [Kh 7h] (a pair of Sevens)
Espada Fish collected $15.75 from pot
*** SUMMARY ***
Total pot $16.58 | Rake $0.83 
Board [6s 5c Jh 7s 8h]
Seat 1: whlzor folded before Flop (didn't bet)
Seat 2: Fafa293 showed [5h 3h] and lost with a pair of Fives
Seat 3: Espada Fish (button) showed [Kh 7h] and won ($15.75) with a pair of Sevens
Seat 4: nastja336 (small blind) folded before Flop
Seat 5: ReVeu710 (big blind) folded before Flop
Seat 6: Evelexy1 folded before Flop (didn't bet)



PokerStars Hand #254432949336:  Hold'em No Limit ($0.50/$1.00 USD) - 2025/01/18 16:30:32 WET [2025/01/18 11:30:32 ET]
Table 'Irus IV' 6-max Seat #4 is the button
Seat 1: whlzor ($100 in chips) 
Seat 2: Fafa293 ($190.37 in chips) 
Seat 3: Espada Fish ($206.99 in chips) 
Seat 4: nastja336 ($100 in chips) 
Seat 5: ReVeu710 ($102.35 in chips) 
Seat 6: Evelexy1 ($110.61 in chips) 
ReVeu710: posts small blind $0.50
Evelexy1: posts big blind $1
*** HOLE CARDS ***
whlzor: folds 
Fafa293: calls $1
Espada Fish: raises $2.50 to $3.50
nastja336: folds 
ReVeu710: calls $3
Evelexy1: folds 
Fafa293: calls $2.50
*** FLOP *** [9h 8d 3h]
ReVeu710: checks 
Fafa293: checks 
Espada Fish: bets $5.46
ReVeu710: calls $5.46
Fafa293: calls $5.46
*** TURN *** [9h 8d 3h] [5d]
ReVeu710: checks 
Fafa293: checks 
Espada Fish: checks 
*** RIVER *** [9h 8d 3h 5d] [Kd]
ReVeu710: checks 
Fafa293: checks 
Espada Fish: bets $19.87
ReVeu710: folds 
Fafa293: folds 
Uncalled bet ($19.87) returned to Espada Fish
Espada Fish collected $26.49 from pot
Espada Fish: doesn't show hand 
*** SUMMARY ***
Total pot $27.88 | Rake $1.39 
Board [9h 8d 3h 5d Kd]
Seat 1: whlzor folded before Flop (didn't bet)
Seat 2: Fafa293 folded on the River
Seat 3: Espada Fish collected ($26.49)
Seat 4: nastja336 (button) folded before Flop (didn't bet)
Seat 5: ReVeu710 (small blind) folded on the River
Seat 6: Evelexy1 (big blind) folded before Flop



PokerStars Hand #254432969609:  Hold'em No Limit ($0.50/$1.00 USD) - 2025/01/18 16:31:54 WET [2025/01/18 11:31:54 ET]
Table 'Irus IV' 6-max Seat #5 is the button
Seat 1: whlzor ($100 in chips) 
Seat 2: Fafa293 ($181.41 in chips) 
Seat 3: Espada Fish ($224.52 in chips) 
Seat 4: nastja336 ($100 in chips) 
Seat 5: ReVeu710 ($100 in chips) 
Seat 6: Evelexy1 ($109.61 in chips) 
Evelexy1: posts small blind $0.50
whlzor: posts big blind $1
*** HOLE CARDS ***
Fafa293: calls $1
Espada Fish: folds 
nastja336: folds 
ReVeu710: raises $3.50 to $4.50
Evelexy1: folds 
whlzor: folds 
Fafa293: calls $3.50
*** FLOP *** [4c Ac 9h]
Fafa293: checks 
ReVeu710: bets $2.50
Fafa293: calls $2.50
*** TURN *** [4c Ac 9h] [8d]
Fafa293: checks 
ReVeu710: bets $11.33
Fafa293: calls $11.33
*** RIVER *** [4c Ac 9h 8d] [7d]
Fafa293: bets $1
ReVeu710: raises $20.66 to $21.66
Fafa293: folds 
Uncalled bet ($20.66) returned to ReVeu710
ReVeu710 collected $38.15 from pot
ReVeu710: doesn't show hand 
*** SUMMARY ***
Total pot $40.16 | Rake $2.01 
Board [4c Ac 9h 8d 7d]
Seat 1: whlzor (big blind) folded before Flop
Seat 2: Fafa293 folded on the River
Seat 3: Espada Fish folded before Flop (didn't bet)
Seat 4: nastja336 folded before Flop (didn't bet)
Seat 5: ReVeu710 (button) collected ($38.15)
Seat 6: Evelexy1 (small blind) folded before Flop



PokerStars Hand #254432983035:  Hold'em No Limit ($0.50/$1.00 USD) - 2025/01/18 16:32:49 WET [2025/01/18 11:32:49 ET]
Table 'Irus IV' 6-max Seat #6 is the button
Seat 1: whlzor ($100 in chips) 
Seat 2: Fafa293 ($162.08 in chips) 
Seat 3: Espada Fish ($224.52 in chips) 
Seat 4: nastja336 ($100 in chips) 
Seat 5: ReVeu710 ($118.82 in chips) 
Seat 6: Evelexy1 ($109.11 in chips) 
whlzor: posts small blind $0.50
Fafa293: posts big blind $1
*** HOLE CARDS ***
Espada Fish: folds 
nastja336: folds 
ReVeu710: folds 
Evelexy1: folds 
whlzor: folds 
Uncalled bet ($0.50) returned to Fafa293
Fafa293 collected $1 from pot
Fafa293: doesn't show hand 
*** SUMMARY ***
Total pot $1 | Rake $0 
Seat 1: whlzor (small blind) folded before Flop
Seat 2: Fafa293 (big blind) collected ($1)
Seat 3: Espada Fish folded before Flop (didn't bet)
Seat 4: nastja336 folded before Flop (didn't bet)
Seat 5: ReVeu710 folded before Flop (didn't bet)
Seat 6: Evelexy1 (button) folded before Flop (didn't bet)



PokerStars Hand #254432985407:  Hold'em No Limit ($0.50/$1.00 USD) - 2025/01/18 16:32:59 WET [2025/01/18 11:32:59 ET]
Table 'Irus IV' 6-max Seat #1 is the button
Seat 1: whlzor ($100 in chips) 
Seat 2: Fafa293 ($162.58 in chips) 
Seat 3: Espada Fish ($224.52 in chips) 
Seat 4: nastja336 ($100 in chips) 
Seat 5: ReVeu710 ($118.82 in chips) 
Seat 6: Evelexy1 ($109.11 in chips) 
Fafa293: posts small blind $0.50
Espada Fish: posts big blind $1
*** HOLE CARDS ***
nastja336: raises $1.50 to $2.50
ReVeu710: folds 
Evelexy1: folds 
whlzor: folds 
Fafa293: calls $2
Espada Fish: calls $1.50
*** FLOP *** [4d 8c Qs]
Fafa293: checks 
Espada Fish: checks 
nastja336: checks 
*** TURN *** [4d 8c Qs] [8s]
Fafa293: checks 
Espada Fish: checks 
nastja336: bets $2.35
Fafa293: folds 
Espada Fish: folds 
Uncalled bet ($2.35) returned to nastja336
nastja336 collected $7.12 from pot
nastja336: doesn't show hand 
*** SUMMARY ***
Total pot $7.50 | Rake $0.38 
Board [4d 8c Qs 8s]
Seat 1: whlzor (button) folded before Flop (didn't bet)
Seat 2: Fafa293 (small blind) folded on the Turn
Seat 3: Espada Fish (big blind) folded on the Turn
Seat 4: nastja336 collected ($7.12)
Seat 5: ReVeu710 folded before Flop (didn't bet)
Seat 6: Evelexy1 folded before Flop (didn't bet)



PokerStars Hand #254432999020:  Hold'em No Limit ($0.50/$1.00 USD) - 2025/01/18 16:33:54 WET [2025/01/18 11:33:54 ET]
Table 'Irus IV' 6-max Seat #2 is the button
Seat 1: whlzor ($100 in chips) 
Seat 2: Fafa293 ($160.08 in chips) 
Seat 3: Espada Fish ($222.02 in chips) 
Seat 4: nastja336 ($104.62 in chips) 
Seat 5: ReVeu710 ($118.82 in chips) 
Seat 6: Evelexy1 ($109.11 in chips) 
Espada Fish: posts small blind $0.50
nastja336: posts big blind $1
*** HOLE CARDS ***
ReVeu710: folds 
Evelexy1: folds 
whlzor: folds 
Fafa293: calls $1
Espada Fish: folds 
nastja336: raises $4 to $5
Fafa293: calls $4
*** FLOP *** [Jd As 9h]
nastja336: checks 
Fafa293: bets $4
nastja336: folds 
Uncalled bet ($4) returned to Fafa293
Fafa293 collected $9.98 from pot
Fafa293: doesn't show hand 
*** SUMMARY ***
Total pot $10.50 | Rake $0.52 
Board [Jd As 9h]
Seat 1: whlzor folded before Flop (didn't bet)
Seat 2: Fafa293 (button) collected ($9.98)
Seat 3: Espada Fish (small blind) folded before Flop
Seat 4: nastja336 (big blind) folded on the Flop
Seat 5: ReVeu710 folded before Flop (didn't bet)
Seat 6: Evelexy1 folded before Flop (didn't bet)



PokerStars Hand #254433007633:  Hold'em No Limit ($0.50/$1.00 USD) - 2025/01/18 16:34:29 WET [2025/01/18 11:34:29 ET]
Table 'Irus IV' 6-max Seat #3 is the button
Seat 1: whlzor ($100 in chips) 
Seat 2: Fafa293 ($165.06 in chips) 
Seat 3: Espada Fish ($221.52 in chips) 
Seat 4: nastja336 ($100 in chips) 
Seat 5: ReVeu710 ($118.82 in chips) 
Seat 6: Evelexy1 ($109.11 in chips) 
nastja336: posts small blind $0.50
ReVeu710: posts big blind $1
*** HOLE CARDS ***
Evelexy1: folds 
whlzor: raises $1.50 to $2.50
Fafa293: calls $2.50
Espada Fish: folds 
nastja336: folds 
ReVeu710: folds 
*** FLOP *** [3d Ah 7c]
whlzor: checks 
Fafa293: checks 
*** TURN *** [3d Ah 7c] [Jh]
whlzor: checks 
Fafa293: checks 
*** RIVER *** [3d Ah 7c Jh] [9s]
whlzor: checks 
Fafa293: checks 
*** SHOW DOWN ***
whlzor: shows [9d Td] (a pair of Nines)
Fafa293: mucks hand 
whlzor collected $6.18 from pot
*** SUMMARY ***
Total pot $6.50 | Rake $0.32 
Board [3d Ah 7c Jh 9s]
Seat 1: whlzor showed [9d Td] and won ($6.18) with a pair of Nines
Seat 2: Fafa293 mucked
Seat 3: Espada Fish (button) folded before Flop (didn't bet)
Seat 4: nastja336 (small blind) folded before Flop
Seat 5: ReVeu710 (big blind) folded before Flop
Seat 6: Evelexy1 folded before Flop (didn't bet)



PokerStars Hand #254433015032:  Hold'em No Limit ($0.50/$1.00 USD) - 2025/01/18 16:34:59 WET [2025/01/18 11:34:59 ET]
Table 'Irus IV' 6-max Seat #4 is the button
Seat 1: whlzor ($103.68 in chips) 
Seat 2: Fafa293 ($162.56 in chips) 
Seat 3: Espada Fish ($221.52 in chips) 
Seat 4: nastja336 ($100 in chips) 
Seat 5: ReVeu710 ($117.82 in chips) 
Seat 6: Evelexy1 ($109.11 in chips) 
ReVeu710: posts small blind $0.50
Evelexy1: posts big blind $1
*** HOLE CARDS ***
whlzor: folds 
Fafa293: folds 
Espada Fish: raises $1.20 to $2.20
nastja336: folds 
ReVeu710: folds 
Evelexy1: folds 
Uncalled bet ($1.20) returned to Espada Fish
Espada Fish collected $2.50 from pot
Espada Fish: doesn't show hand 
*** SUMMARY ***
Total pot $2.50 | Rake $0 
Seat 1: whlzor folded before Flop (didn't bet)
Seat 2: Fafa293 folded before Flop (didn't bet)
Seat 3: Espada Fish collected ($2.50)
Seat 4: nastja336 (button) folded before Flop (didn't bet)
Seat 5: ReVeu710 (small blind) folded before Flop
Seat 6: Evelexy1 (big blind) folded before Flop



PokerStars Hand #254433019110:  Hold'em No Limit ($0.50/$1.00 USD) - 2025/01/18 16:35:15 WET [2025/01/18 11:35:15 ET]
Table 'Irus IV' 6-max Seat #5 is the button
Seat 1: whlzor ($103.68 in chips) 
Seat 2: Fafa293 ($162.56 in chips) 
Seat 3: Espada Fish ($223.02 in chips) 
Seat 4: nastja336 ($100 in chips) 
Seat 5: ReVeu710 ($117.32 in chips) 
Seat 6: Evelexy1 ($108.11 in chips) 
Evelexy1: posts small blind $0.50
whlzor: posts big blind $1
*** HOLE CARDS ***
Fafa293 has timed out
Fafa293: folds 
Espada Fish: folds 
nastja336: folds 
ReVeu710: raises $1.50 to $2.50
Evelexy1: folds 
whlzor: calls $1.50
*** FLOP *** [4h As 9d]
whlzor: checks 
ReVeu710: bets $1.30
whlzor: calls $1.30
*** TURN *** [4h As 9d] [4c]
whlzor: checks 
ReVeu710: checks 
*** RIVER *** [4h As 9d 4c] [7c]
whlzor: checks 
ReVeu710: bets $5.70
whlzor: folds 
Uncalled bet ($5.70) returned to ReVeu710
ReVeu710 collected $7.70 from pot
ReVeu710: doesn't show hand 
*** SUMMARY ***
Total pot $8.10 | Rake $0.40 
Board [4h As 9d 4c 7c]
Seat 1: whlzor (big blind) folded on the River
Seat 2: Fafa293 folded before Flop (didn't bet)
Seat 3: Espada Fish folded before Flop (didn't bet)
Seat 4: nastja336 folded before Flop (didn't bet)
Seat 5: ReVeu710 (button) collected ($7.70)
Seat 6: Evelexy1 (small blind) folded before Flop



PokerStars Hand #254433033476:  Hold'em No Limit ($0.50/$1.00 USD) - 2025/01/18 16:36:14 WET [2025/01/18 11:36:14 ET]
Table 'Irus IV' 6-max Seat #6 is the button
Seat 1: whlzor ($100 in chips) 
Seat 2: Fafa293 ($162.56 in chips) 
Seat 3: Espada Fish ($223.02 in chips) 
Seat 4: nastja336 ($100 in chips) 
Seat 5: ReVeu710 ($121.22 in chips) 
Seat 6: Evelexy1 ($107.61 in chips) 
whlzor: posts small blind $0.50
Fafa293: posts big blind $1
*** HOLE CARDS ***
Espada Fish: folds 
nastja336: folds 
ReVeu710: folds 
Evelexy1: folds 
whlzor: calls $0.50
Fafa293: checks 
*** FLOP *** [9s Th 6d]
whlzor: bets $1.25
Fafa293: calls $1.25
*** TURN *** [9s Th 6d] [As]
whlzor: checks 
Fafa293: checks 
*** RIVER *** [9s Th 6d As] [8s]
whlzor: bets $2.14
Fafa293: calls $2.14
*** SHOW DOWN ***
whlzor: shows [8c Td] (two pair, Tens and Eights)
Fafa293: shows [9d 7c] (a straight, Six to Ten)
Fafa293 collected $8.34 from pot
*** SUMMARY ***
Total pot $8.78 | Rake $0.44 
Board [9s Th 6d As 8s]
Seat 1: whlzor (small blind) showed [8c Td] and lost with two pair, Tens and Eights
Seat 2: Fafa293 (big blind) showed [9d 7c] and won ($8.34) with a straight, Six to Ten
Seat 3: Espada Fish folded before Flop (didn't bet)
Seat 4: nastja336 folded before Flop (didn't bet)
Seat 5: ReVeu710 folded before Flop (didn't bet)
Seat 6: Evelexy1 (button) folded before Flop (didn't bet)



PokerStars Hand #254433043089:  Hold'em No Limit ($0.50/$1.00 USD) - 2025/01/18 16:36:53 WET [2025/01/18 11:36:53 ET]
Table 'Irus IV' 6-max Seat #1 is the button
Seat 1: whlzor ($100 in chips) 
Seat 2: Fafa293 ($166.51 in chips) 
Seat 3: Espada Fish ($223.02 in chips) 
Seat 4: nastja336 ($100 in chips) 
Seat 5: ReVeu710 ($121.22 in chips) 
Seat 6: Evelexy1 ($107.61 in chips) 
Fafa293: posts small blind $0.50
Espada Fish: posts big blind $1
*** HOLE CARDS ***
nastja336: folds 
ReVeu710: folds 
Evelexy1: raises $1.50 to $2.50
whlzor: folds 
Fafa293: calls $2
Espada Fish: folds 
*** FLOP *** [Qc Js 7c]
Fafa293: checks 
Evelexy1: checks 
*** TURN *** [Qc Js 7c] [Tc]
Fafa293: checks 
Evelexy1: checks 
*** RIVER *** [Qc Js 7c Tc] [Ah]
Fafa293: bets $1
Evelexy1: raises $3 to $4
Fafa293: raises $3 to $7
Evelexy1: calls $3
*** SHOW DOWN ***
Fafa293: shows [8d 4s] (high card Ace)
Evelexy1: shows [Kd 8s] (a straight, Ten to Ace)
Evelexy1 collected $19 from pot
*** SUMMARY ***
Total pot $20 | Rake $1 
Board [Qc Js 7c Tc Ah]
Seat 1: whlzor (button) folded before Flop (didn't bet)
Seat 2: Fafa293 (small blind) showed [8d 4s] and lost with high card Ace
Seat 3: Espada Fish (big blind) folded before Flop
Seat 4: nastja336 folded before Flop (didn't bet)
Seat 5: ReVeu710 folded before Flop (didn't bet)
Seat 6: Evelexy1 showed [Kd 8s] and won ($19) with a straight, Ten to Ace



PokerStars Hand #254433056483:  Hold'em No Limit ($0.50/$1.00 USD) - 2025/01/18 16:37:47 WET [2025/01/18 11:37:47 ET]
Table 'Irus IV' 6-max Seat #2 is the button
Seat 5: ReVeu710 ($121.22 in chips) is sitting out
Seat 1: whlzor ($100 in chips) 
Seat 2: Fafa293 ($157.01 in chips) 
Seat 3: Espada Fish ($222.02 in chips) 
Seat 4: nastja336 ($100 in chips) 
Seat 6: Evelexy1 ($117.11 in chips) 
Espada Fish: posts small blind $0.50
nastja336: posts big blind $1
*** HOLE CARDS ***
Evelexy1: folds 
whlzor: raises $2 to $3
Fafa293: calls $3
Espada Fish: folds 
nastja336: folds 
*** FLOP *** [3s As 9d]
whlzor: checks 
Fafa293: checks 
*** TURN *** [3s As 9d] [9s]
whlzor: checks 
Fafa293: bets $1
whlzor: calls $1
*** RIVER *** [3s As 9d 9s] [2h]
whlzor: checks 
Fafa293: bets $1
whlzor: folds 
Uncalled bet ($1) returned to Fafa293
Fafa293 collected $9.02 from pot
Fafa293: doesn't show hand 
*** SUMMARY ***
Total pot $9.50 | Rake $0.48 
Board [3s As 9d 9s 2h]
Seat 5: ReVeu710
Seat 1: whlzor folded on the River
Seat 2: Fafa293 (button) collected ($9.02)
Seat 3: Espada Fish (small blind) folded before Flop
Seat 4: nastja336 (big blind) folded before Flop
Seat 6: Evelexy1 folded before Flop (didn't bet)



PokerStars Hand #254433063946:  Hold'em No Limit ($0.50/$1.00 USD) - 2025/01/18 16:38:18 WET [2025/01/18 11:38:18 ET]
Table 'Irus IV' 6-max Seat #3 is the button
Seat 5: ReVeu710 ($121.22 in chips) is sitting out
Seat 1: whlzor ($100 in chips) 
Seat 2: Fafa293 ($162.03 in chips) 
Seat 3: Espada Fish ($221.52 in chips) 
Seat 4: nastja336 ($100 in chips) 
Seat 6: Evelexy1 ($117.11 in chips) 
nastja336: posts small blind $0.50
Evelexy1: posts big blind $1
*** HOLE CARDS ***
whlzor: folds 
Fafa293: calls $1
Espada Fish: raises $2.50 to $3.50
nastja336: folds 
Evelexy1: folds 
Fafa293: calls $2.50
*** FLOP *** [9h Qh 5c]
Fafa293: bets $1
Espada Fish: calls $1
*** TURN *** [9h Qh 5c] [Ks]
Fafa293: bets $1
Espada Fish: raises $5.99 to $6.99
Fafa293: calls $5.99
*** RIVER *** [9h Qh 5c Ks] [6s]
Fafa293: bets $1
Espada Fish: calls $1
*** SHOW DOWN ***
Fafa293: shows [Qc 3d] (a pair of Queens)
Espada Fish: mucks hand 
Fafa293 collected $25.16 from pot
*** SUMMARY ***
Total pot $26.48 | Rake $1.32 
Board [9h Qh 5c Ks 6s]
Seat 5: ReVeu710
Seat 1: whlzor folded before Flop (didn't bet)
Seat 2: Fafa293 showed [Qc 3d] and won ($25.16) with a pair of Queens
Seat 3: Espada Fish (button) mucked
Seat 4: nastja336 (small blind) folded before Flop
Seat 6: Evelexy1 (big blind) folded before Flop



PokerStars Hand #254433078122:  Hold'em No Limit ($0.50/$1.00 USD) - 2025/01/18 16:39:15 WET [2025/01/18 11:39:15 ET]
Table 'Irus IV' 6-max Seat #4 is the button
Seat 5: ReVeu710 ($121.22 in chips) is sitting out
Seat 1: whlzor ($100 in chips) 
Seat 2: Fafa293 ($174.70 in chips) 
Seat 3: Espada Fish ($209.03 in chips) 
Seat 4: nastja336 ($100 in chips) 
Seat 6: Evelexy1 ($116.11 in chips) 
Evelexy1: posts small blind $0.50
whlzor: posts big blind $1
*** HOLE CARDS ***
Fafa293: calls $1
Espada Fish: raises $2.50 to $3.50
nastja336: folds 
Evelexy1: folds 
whlzor: folds 
Fafa293: raises $2.50 to $6
Espada Fish: calls $2.50
*** FLOP *** [3d 9h Ts]
Fafa293: bets $10
Espada Fish: folds 
Uncalled bet ($10) returned to Fafa293
Fafa293 collected $12.82 from pot
Fafa293: doesn't show hand 
*** SUMMARY ***
Total pot $13.50 | Rake $0.68 
Board [3d 9h Ts]
Seat 5: ReVeu710
Seat 1: whlzor (big blind) folded before Flop
Seat 2: Fafa293 collected ($12.82)
Seat 3: Espada Fish folded on the Flop
Seat 4: nastja336 (button) folded before Flop (didn't bet)
Seat 6: Evelexy1 (small blind) folded before Flop



PokerStars Hand #254433088086:  Hold'em No Limit ($0.50/$1.00 USD) - 2025/01/18 16:39:56 WET [2025/01/18 11:39:56 ET]
Table 'Irus IV' 6-max Seat #6 is the button
Seat 5: ReVeu710 ($121.22 in chips) is sitting out
Seat 1: whlzor ($100 in chips) 
Seat 2: Fafa293 ($181.52 in chips) 
Seat 3: Espada Fish ($203.03 in chips) 
Seat 4: nastja336 ($100 in chips) 
Seat 6: Evelexy1 ($115.61 in chips) 
whlzor: posts small blind $0.50
Fafa293: posts big blind $1
ReVeu710: sits out 
*** HOLE CARDS ***
Espada Fish: folds 
nastja336: folds 
Evelexy1: raises $2 to $3
whlzor: folds 
Fafa293: calls $2
*** FLOP *** [Kh Kc 6d]
Fafa293: checks 
Evelexy1: bets $2.06
Fafa293: calls $2.06
*** TURN *** [Kh Kc 6d] [8d]
Fafa293: checks 
Evelexy1: checks 
*** RIVER *** [Kh Kc 6d 8d] [6h]
Fafa293: checks 
Evelexy1: bets $7.57
Fafa293: folds 
Uncalled bet ($7.57) returned to Evelexy1
Evelexy1 collected $10.09 from pot
Evelexy1: doesn't show hand 
*** SUMMARY ***
Total pot $10.62 | Rake $0.53 
Board [Kh Kc 6d 8d 6h]
Seat 5: ReVeu710
Seat 1: whlzor (small blind) folded before Flop
Seat 2: Fafa293 (big blind) folded on the River
Seat 3: Espada Fish folded before Flop (didn't bet)
Seat 4: nastja336 folded before Flop (didn't bet)
Seat 6: Evelexy1 (button) collected ($10.09)



PokerStars Hand #254433097703:  Hold'em No Limit ($0.50/$1.00 USD) - 2025/01/18 16:40:35 WET [2025/01/18 11:40:35 ET]
Table 'Irus IV' 6-max Seat #1 is the button
Seat 5: ReVeu710 ($121.22 in chips) is sitting out
Seat 1: whlzor ($100 in chips) 
Seat 2: Fafa293 ($176.46 in chips) 
Seat 3: Espada Fish ($203.03 in chips) 
Seat 4: nastja336 ($100 in chips) 
Seat 6: Evelexy1 ($120.64 in chips) 
Fafa293: posts small blind $0.50
Espada Fish: posts big blind $1
ReVeu710: sits out 
*** HOLE CARDS ***
nastja336: folds 
Evelexy1: folds 
whlzor: folds 
Fafa293: calls $0.50
Espada Fish: raises $2.50 to $3.50
Fafa293: calls $2.50
*** FLOP *** [Kc Ac 4h]
Fafa293: checks 
Espada Fish: checks 
*** TURN *** [Kc Ac 4h] [Kh]
Fafa293: bets $1
Espada Fish: raises $6.49 to $7.49
Fafa293: calls $6.49
*** RIVER *** [Kc Ac 4h Kh] [5s]
Fafa293: checks 
Espada Fish: bets $15.66
Fafa293: folds 
Uncalled bet ($15.66) returned to Espada Fish
Espada Fish collected $20.88 from pot
Espada Fish: doesn't show hand 
*** SUMMARY ***
Total pot $21.98 | Rake $1.10 
Board [Kc Ac 4h Kh 5s]
Seat 5: ReVeu710
Seat 1: whlzor (button) folded before Flop (didn't bet)
Seat 2: Fafa293 (small blind) folded on the River
Seat 3: Espada Fish (big blind) collected ($20.88)
Seat 4: nastja336 folded before Flop (didn't bet)
Seat 6: Evelexy1 folded before Flop (didn't bet)



PokerStars Hand #254433111772:  Hold'em No Limit ($0.50/$1.00 USD) - 2025/01/18 16:41:32 WET [2025/01/18 11:41:32 ET]
Table 'Irus IV' 6-max Seat #2 is the button
Seat 5: ReVeu710 ($121.22 in chips) is sitting out
Seat 1: whlzor ($100 in chips) 
Seat 2: Fafa293 ($165.47 in chips) 
Seat 3: Espada Fish ($212.92 in chips) 
Seat 4: nastja336 ($100 in chips) 
Seat 6: Evelexy1 ($120.64 in chips) 
Espada Fish: posts small blind $0.50
nastja336: posts big blind $1
ReVeu710: sits out 
*** HOLE CARDS ***
Evelexy1: folds 
whlzor: folds 
Fafa293: calls $1
Espada Fish: folds 
nastja336: checks 
*** FLOP *** [7d Kd 8c]
nastja336: checks 
Fafa293: bets $1
nastja336: folds 
Uncalled bet ($1) returned to Fafa293
Fafa293 collected $2.38 from pot
Fafa293: doesn't show hand 
*** SUMMARY ***
Total pot $2.50 | Rake $0.12 
Board [7d Kd 8c]
Seat 5: ReVeu710
Seat 1: whlzor folded before Flop (didn't bet)
Seat 2: Fafa293 (button) collected ($2.38)
Seat 3: Espada Fish (small blind) folded before Flop
Seat 4: nastja336 (big blind) folded on the Flop
Seat 6: Evelexy1 folded before Flop (didn't bet)



PokerStars Hand #254433116649:  Hold'em No Limit ($0.50/$1.00 USD) - 2025/01/18 16:41:52 WET [2025/01/18 11:41:52 ET]
Table 'Irus IV' 6-max Seat #3 is the button
Seat 1: whlzor ($100 in chips) 
Seat 2: Fafa293 ($166.85 in chips) 
Seat 3: Espada Fish ($212.42 in chips) 
Seat 4: nastja336 ($100 in chips) 
Seat 5: ReVeu710 ($121.22 in chips) 
Seat 6: Evelexy1 ($120.64 in chips) 
nastja336: posts small blind $0.50
ReVeu710: posts big blind $1
*** HOLE CARDS ***
Evelexy1: folds 
whlzor: folds 
Fafa293: calls $1
Espada Fish: folds 
nastja336: raises $3 to $4
ReVeu710: folds 
Fafa293: calls $3
*** FLOP *** [3s Td Jc]
nastja336: bets $4.28
Fafa293: calls $4.28
*** TURN *** [3s Td Jc] [Kc]
nastja336: bets $5.50
Fafa293: calls $5.50
*** RIVER *** [3s Td Jc Kc] [9c]
nastja336: checks 
Fafa293: checks 
*** SHOW DOWN ***
nastja336: shows [4d Kd] (a pair of Kings)
Fafa293: mucks hand 
nastja336 collected $27.13 from pot
*** SUMMARY ***
Total pot $28.56 | Rake $1.43 
Board [3s Td Jc Kc 9c]
Seat 1: whlzor folded before Flop (didn't bet)
Seat 2: Fafa293 mucked
Seat 3: Espada Fish (button) folded before Flop (didn't bet)
Seat 4: nastja336 (small blind) showed [4d Kd] and won ($27.13) with a pair of Kings
Seat 5: ReVeu710 (big blind) folded before Flop
Seat 6: Evelexy1 folded before Flop (didn't bet)



PokerStars Hand #254433126130:  Hold'em No Limit ($0.50/$1.00 USD) - 2025/01/18 16:42:31 WET [2025/01/18 11:42:31 ET]
Table 'Irus IV' 6-max Seat #4 is the button
Seat 1: whlzor ($100 in chips) 
Seat 2: Fafa293 ($153.07 in chips) 
Seat 3: Espada Fish ($212.42 in chips) 
Seat 4: nastja336 ($113.35 in chips) 
Seat 5: ReVeu710 ($120.22 in chips) 
Seat 6: Evelexy1 ($120.64 in chips) 
ReVeu710: posts small blind $0.50
Evelexy1: posts big blind $1
*** HOLE CARDS ***
whlzor: folds 
Fafa293: calls $1
Espada Fish: folds 
nastja336: calls $1
ReVeu710: raises $4 to $5
Evelexy1: folds 
Fafa293: calls $4
nastja336: calls $4
*** FLOP *** [8s 4h Td]
ReVeu710: checks 
Fafa293: checks 
nastja336: checks 
*** TURN *** [8s 4h Td] [Ks]
ReVeu710: checks 
Fafa293: checks 
nastja336: checks 
*** RIVER *** [8s 4h Td Ks] [7c]
ReVeu710: bets $17.02
Fafa293: folds 
nastja336: folds 
Uncalled bet ($17.02) returned to ReVeu710
ReVeu710 collected $15.20 from pot
ReVeu710: doesn't show hand 
*** SUMMARY ***
Total pot $16 | Rake $0.80 
Board [8s 4h Td Ks 7c]
Seat 1: whlzor folded before Flop (didn't bet)
Seat 2: Fafa293 folded on the River
Seat 3: Espada Fish folded before Flop (didn't bet)
Seat 4: nastja336 (button) folded on the River
Seat 5: ReVeu710 (small blind) collected ($15.20)
Seat 6: Evelexy1 (big blind) folded before Flop



PokerStars Hand #254433136274:  Hold'em No Limit ($0.50/$1.00 USD) - 2025/01/18 16:43:13 WET [2025/01/18 11:43:13 ET]
Table 'Irus IV' 6-max Seat #5 is the button
Seat 1: whlzor ($100 in chips) 
Seat 2: Fafa293 ($148.07 in chips) 
Seat 3: Espada Fish ($212.42 in chips) 
Seat 4: nastja336 ($108.35 in chips) 
Seat 5: ReVeu710 ($130.42 in chips) 
Seat 6: Evelexy1 ($119.64 in chips) 
Evelexy1: posts small blind $0.50
whlzor: posts big blind $1
*** HOLE CARDS ***
Fafa293: calls $1
Espada Fish: folds 
nastja336: folds 
ReVeu710: folds 
Evelexy1: folds 
whlzor: checks 
*** FLOP *** [Qh 7d 3d]
whlzor: checks 
Fafa293: checks 
*** TURN *** [Qh 7d 3d] [6s]
whlzor: checks 
Fafa293: checks 
*** RIVER *** [Qh 7d 3d 6s] [8h]
whlzor: checks 
Fafa293: checks 
*** SHOW DOWN ***
whlzor: shows [Ks 4d] (high card King)
Fafa293: mucks hand 
whlzor collected $2.38 from pot
*** SUMMARY ***
Total pot $2.50 | Rake $0.12 
Board [Qh 7d 3d 6s 8h]
Seat 1: whlzor (big blind) showed [Ks 4d] and won ($2.38) with high card King
Seat 2: Fafa293 mucked
Seat 3: Espada Fish folded before Flop (didn't bet)
Seat 4: nastja336 folded before Flop (didn't bet)
Seat 5: ReVeu710 (button) folded before Flop (didn't bet)
Seat 6: Evelexy1 (small blind) folded before Flop



PokerStars Hand #254433145365:  Hold'em No Limit ($0.50/$1.00 USD) - 2025/01/18 16:43:49 WET [2025/01/18 11:43:49 ET]
Table 'Irus IV' 6-max Seat #6 is the button
Seat 1: whlzor ($101.38 in chips) 
Seat 2: Fafa293 ($147.07 in chips) 
Seat 3: Espada Fish ($212.42 in chips) 
Seat 4: nastja336 ($108.35 in chips) 
Seat 5: ReVeu710 ($130.42 in chips) 
Seat 6: Evelexy1 ($119.14 in chips) 
whlzor: posts small blind $0.50
Fafa293: posts big blind $1
*** HOLE CARDS ***
Espada Fish: folds 
nastja336: folds 
ReVeu710: folds 
Evelexy1: raises $2 to $3
whlzor: calls $2.50
Fafa293: calls $2
*** FLOP *** [7s Jd 5h]
whlzor: checks 
Fafa293: checks 
Evelexy1: checks 
*** TURN *** [7s Jd 5h] [3h]
whlzor: checks 
Fafa293: checks 
Evelexy1: checks 
*** RIVER *** [7s Jd 5h 3h] [2d]
whlzor: checks 
Fafa293: bets $1
Evelexy1: folds 
whlzor: calls $1
*** SHOW DOWN ***
Fafa293: shows [2s Qh] (a pair of Deuces)
whlzor: shows [6d 6s] (a pair of Sixes)
whlzor collected $10.45 from pot
*** SUMMARY ***
Total pot $11 | Rake $0.55 
Board [7s Jd 5h 3h 2d]
Seat 1: whlzor (small blind) showed [6d 6s] and won ($10.45) with a pair of Sixes
Seat 2: Fafa293 (big blind) showed [2s Qh] and lost with a pair of Deuces
Seat 3: Espada Fish folded before Flop (didn't bet)
Seat 4: nastja336 folded before Flop (didn't bet)
Seat 5: ReVeu710 folded before Flop (didn't bet)
Seat 6: Evelexy1 (button) folded on the River



PokerStars Hand #254433156745:  Hold'em No Limit ($0.50/$1.00 USD) - 2025/01/18 16:44:35 WET [2025/01/18 11:44:35 ET]
Table 'Irus IV' 6-max Seat #1 is the button
Seat 1: whlzor ($107.83 in chips) 
Seat 2: Fafa293 ($143.07 in chips) 
Seat 3: Espada Fish ($212.42 in chips) 
Seat 4: nastja336 ($108.35 in chips) 
Seat 5: ReVeu710 ($130.42 in chips) 
Seat 6: Evelexy1 ($116.14 in chips) 
Fafa293: posts small blind $0.50
Espada Fish: posts big blind $1
*** HOLE CARDS ***
nastja336: raises $1.50 to $2.50
ReVeu710: folds 
Evelexy1: folds 
whlzor: folds 
Fafa293: calls $2
Espada Fish: folds 
*** FLOP *** [Kc 3h 2s]
Fafa293: checks 
nastja336: bets $4.20
Fafa293: folds 
Uncalled bet ($4.20) returned to nastja336
nastja336 collected $5.70 from pot
nastja336: doesn't show hand 
*** SUMMARY ***
Total pot $6 | Rake $0.30 
Board [Kc 3h 2s]
Seat 1: whlzor (button) folded before Flop (didn't bet)
Seat 2: Fafa293 (small blind) folded on the Flop
Seat 3: Espada Fish (big blind) folded before Flop
Seat 4: nastja336 collected ($5.70)
Seat 5: ReVeu710 folded before Flop (didn't bet)
Seat 6: Evelexy1 folded before Flop (didn't bet)



PokerStars Hand #254433164840:  Hold'em No Limit ($0.50/$1.00 USD) - 2025/01/18 16:45:08 WET [2025/01/18 11:45:08 ET]
Table 'Irus IV' 6-max Seat #2 is the button
Seat 1: whlzor ($107.83 in chips) 
Seat 2: Fafa293 ($140.57 in chips) 
Seat 3: Espada Fish ($211.42 in chips) 
Seat 4: nastja336 ($111.55 in chips) 
Seat 5: ReVeu710 ($130.42 in chips) 
Seat 6: Evelexy1 ($116.14 in chips) 
Espada Fish: posts small blind $0.50
nastja336: posts big blind $1
*** HOLE CARDS ***
ReVeu710: folds 
Evelexy1: folds 
whlzor: folds 
Fafa293: calls $1
Espada Fish: folds 
nastja336: checks 
*** FLOP *** [7c Td Ad]
nastja336: checks 
Fafa293: checks 
*** TURN *** [7c Td Ad] [Qh]
nastja336: checks 
Fafa293: checks 
*** RIVER *** [7c Td Ad Qh] [6h]
nastja336: checks 
Fafa293: checks 
*** SHOW DOWN ***
nastja336: shows [6c 2s] (a pair of Sixes)
Fafa293: mucks hand 
nastja336 collected $2.38 from pot
*** SUMMARY ***
Total pot $2.50 | Rake $0.12 
Board [7c Td Ad Qh 6h]
Seat 1: whlzor folded before Flop (didn't bet)
Seat 2: Fafa293 (button) mucked
Seat 3: Espada Fish (small blind) folded before Flop
Seat 4: nastja336 (big blind) showed [6c 2s] and won ($2.38) with a pair of Sixes
Seat 5: ReVeu710 folded before Flop (didn't bet)
Seat 6: Evelexy1 folded before Flop (didn't bet)



PokerStars Hand #254433172312:  Hold'em No Limit ($0.50/$1.00 USD) - 2025/01/18 16:45:38 WET [2025/01/18 11:45:38 ET]
Table 'Irus IV' 6-max Seat #3 is the button
Seat 1: whlzor ($107.83 in chips) 
Seat 2: Fafa293 ($139.57 in chips) 
Seat 3: Espada Fish ($210.92 in chips) 
Seat 4: nastja336 ($112.93 in chips) 
Seat 5: ReVeu710 ($130.42 in chips) 
Seat 6: Evelexy1 ($116.14 in chips) 
nastja336: posts small blind $0.50
ReVeu710: posts big blind $1
*** HOLE CARDS ***
Evelexy1: folds 
whlzor: folds 
Fafa293: calls $1
Espada Fish: folds 
nastja336: raises $3 to $4
ReVeu710: folds 
Fafa293: calls $3
*** FLOP *** [9s Ac Kc]
nastja336: bets $2.82
Fafa293: calls $2.82
*** TURN *** [9s Ac Kc] [Jc]
nastja336: checks 
Fafa293: bets $1
nastja336: calls $1
*** RIVER *** [9s Ac Kc Jc] [Ks]
nastja336: checks 
Fafa293: bets $1
nastja336: calls $1
*** SHOW DOWN ***
Fafa293: shows [5h 9c] (two pair, Kings and Nines)
nastja336: shows [7h Jh] (two pair, Kings and Jacks)
nastja336 collected $17.71 from pot
*** SUMMARY ***
Total pot $18.64 | Rake $0.93 
Board [9s Ac Kc Jc Ks]
Seat 1: whlzor folded before Flop (didn't bet)
Seat 2: Fafa293 showed [5h 9c] and lost with two pair, Kings and Nines
Seat 3: Espada Fish (button) folded before Flop (didn't bet)
Seat 4: nastja336 (small blind) showed [7h Jh] and won ($17.71) with two pair, Kings and Jacks
Seat 5: ReVeu710 (big blind) folded before Flop
Seat 6: Evelexy1 folded before Flop (didn't bet)



PokerStars Hand #254433183075:  Hold'em No Limit ($0.50/$1.00 USD) - 2025/01/18 16:46:22 WET [2025/01/18 11:46:22 ET]
Table 'Irus IV' 6-max Seat #4 is the button
Seat 1: whlzor ($107.83 in chips) 
Seat 2: Fafa293 ($130.75 in chips) 
Seat 3: Espada Fish ($210.92 in chips) 
Seat 4: nastja336 ($121.82 in chips) 
Seat 5: ReVeu710 ($129.42 in chips) 
Seat 6: Evelexy1 ($116.14 in chips) 
ReVeu710: posts small blind $0.50
Evelexy1: posts big blind $1
*** HOLE CARDS ***
whlzor: folds 
Fafa293: calls $1
Espada Fish: folds 
nastja336: folds 
ReVeu710: folds 
Evelexy1: raises $3.50 to $4.50
Fafa293: calls $3.50
*** FLOP *** [9c 7c 8h]
Evelexy1: bets $3.01
Fafa293: folds 
Uncalled bet ($3.01) returned to Evelexy1
Evelexy1 collected $9.02 from pot
Evelexy1: doesn't show hand 
*** SUMMARY ***
Total pot $9.50 | Rake $0.48 
Board [9c 7c 8h]
Seat 1: whlzor folded before Flop (didn't bet)
Seat 2: Fafa293 folded on the Flop
Seat 3: Espada Fish folded before Flop (didn't bet)
Seat 4: nastja336 (button) folded before Flop (didn't bet)
Seat 5: ReVeu710 (small blind) folded before Flop
Seat 6: Evelexy1 (big blind) collected ($9.02)



PokerStars Hand #254433189430:  Hold'em No Limit ($0.50/$1.00 USD) - 2025/01/18 16:46:48 WET [2025/01/18 11:46:48 ET]
Table 'Irus IV' 6-max Seat #5 is the button
Seat 1: whlzor ($107.83 in chips) 
Seat 2: Fafa293 ($126.25 in chips) 
Seat 3: Espada Fish ($210.92 in chips) 
Seat 4: nastja336 ($121.82 in chips) 
Seat 5: ReVeu710 ($128.92 in chips) 
Seat 6: Evelexy1 ($120.66 in chips) 
Evelexy1: posts small blind $0.50
whlzor: posts big blind $1
*** HOLE CARDS ***
Fafa293: calls $1
Espada Fish: raises $2.50 to $3.50
nastja336: folds 
ReVeu710: folds 
Evelexy1: folds 
whlzor: folds 
Fafa293: calls $2.50
*** FLOP *** [8s As 9s]
Fafa293: checks 
Espada Fish: bets $2.67
Fafa293: calls $2.67
*** TURN *** [8s As 9s] [4s]
Fafa293: checks 
Espada Fish: checks 
*** RIVER *** [8s As 9s 4s] [6s]
Fafa293: bets $58
Espada Fish: folds 
Uncalled bet ($58) returned to Fafa293
Fafa293 collected $13.15 from pot
Fafa293: doesn't show hand 
*** SUMMARY ***
Total pot $13.84 | Rake $0.69 
Board [8s As 9s 4s 6s]
Seat 1: whlzor (big blind) folded before Flop
Seat 2: Fafa293 collected ($13.15)
Seat 3: Espada Fish folded on the River
Seat 4: nastja336 folded before Flop (didn't bet)
Seat 5: ReVeu710 (button) folded before Flop (didn't bet)
Seat 6: Evelexy1 (small blind) folded before Flop



PokerStars Hand #254433204175:  Hold'em No Limit ($0.50/$1.00 USD) - 2025/01/18 16:47:48 WET [2025/01/18 11:47:48 ET]
Table 'Irus IV' 6-max Seat #6 is the button
Seat 1: whlzor ($106.83 in chips) 
Seat 2: Fafa293 ($133.23 in chips) 
Seat 3: Espada Fish ($204.75 in chips) 
Seat 4: nastja336 ($121.82 in chips) 
Seat 5: ReVeu710 ($128.92 in chips) 
Seat 6: Evelexy1 ($120.16 in chips) 
whlzor: posts small blind $0.50
Fafa293: posts big blind $1
*** HOLE CARDS ***
Espada Fish: folds 
Espada Fish leaves the table
nastja336: raises $1.50 to $2.50
ReVeu710: raises $5 to $7.50
Evelexy1: folds 
whlzor: folds 
Fafa293: calls $6.50
nastja336: calls $5
*** FLOP *** [7s 7d As]
Fafa293: checks 
nastja336: checks 
ReVeu710: bets $5.46
Fafa293: raises $5.46 to $10.92
nastja336: folds 
ReVeu710: calls $5.46
*** TURN *** [7s 7d As] [2d]
Fafa293: bets $52
ReVeu710: folds 
Uncalled bet ($52) returned to Fafa293
Fafa293 collected $42.60 from pot
Fafa293: doesn't show hand 
*** SUMMARY ***
Total pot $44.84 | Rake $2.24 
Board [7s 7d As 2d]
Seat 1: whlzor (small blind) folded before Flop
Seat 2: Fafa293 (big blind) collected ($42.60)
Seat 3: Espada Fish folded before Flop (didn't bet)
Seat 4: nastja336 folded on the Flop
Seat 5: ReVeu710 folded on the Turn
Seat 6: Evelexy1 (button) folded before Flop (didn't bet)



PokerStars Hand #254433215158:  Hold'em No Limit ($0.50/$1.00 USD) - 2025/01/18 16:48:33 WET [2025/01/18 11:48:33 ET]
Table 'Irus IV' 6-max Seat #1 is the button
Seat 1: whlzor ($106.33 in chips) 
Seat 2: Fafa293 ($157.41 in chips) 
Seat 4: nastja336 ($114.32 in chips) 
Seat 5: ReVeu710 ($110.50 in chips) 
Seat 6: Evelexy1 ($120.16 in chips) 
Fafa293: posts small blind $0.50
nastja336: posts big blind $1
*** HOLE CARDS ***
ReVeu710: folds 
Evelexy1: folds 
whlzor: folds 
Fafa293: calls $0.50
nastja336: checks 
*** FLOP *** [4d Jd Qs]
Unipoker11 joins the table at seat #3 
Fafa293: checks 
nastja336: checks 
*** TURN *** [4d Jd Qs] [4c]
Fafa293: checks 
nastja336: checks 
*** RIVER *** [4d Jd Qs 4c] [7d]
Fafa293: checks 
nastja336: checks 
*** SHOW DOWN ***
Fafa293: shows [5s Ts] (a pair of Fours)
nastja336: shows [7c Tc] (two pair, Sevens and Fours)
nastja336 collected $1.90 from pot
*** SUMMARY ***
Total pot $2 | Rake $0.10 
Board [4d Jd Qs 4c 7d]
Seat 1: whlzor (button) folded before Flop (didn't bet)
Seat 2: Fafa293 (small blind) showed [5s Ts] and lost with a pair of Fours
Seat 4: nastja336 (big blind) showed [7c Tc] and won ($1.90) with two pair, Sevens and Fours
Seat 5: ReVeu710 folded before Flop (didn't bet)
Seat 6: Evelexy1 folded before Flop (didn't bet)



PokerStars Hand #254433220228:  Hold'em No Limit ($0.50/$1.00 USD) - 2025/01/18 16:48:54 WET [2025/01/18 11:48:54 ET]
Table 'Irus IV' 6-max Seat #2 is the button
Seat 3: Unipoker11 ($100 in chips) is sitting out
Seat 1: whlzor ($106.33 in chips) 
Seat 2: Fafa293 ($156.41 in chips) 
Seat 4: nastja336 ($115.22 in chips) 
Seat 5: ReVeu710 ($110.50 in chips) 
Seat 6: Evelexy1 ($120.16 in chips) 
nastja336: posts small blind $0.50
ReVeu710: posts big blind $1
*** HOLE CARDS ***
Evelexy1: folds 
whlzor: folds 
Fafa293: calls $1
nastja336: folds 
ReVeu710: checks 
*** FLOP *** [2d Jd Kc]
ReVeu710: checks 
Fafa293: checks 
*** TURN *** [2d Jd Kc] [6h]
ReVeu710: checks 
Fafa293: checks 
*** RIVER *** [2d Jd Kc 6h] [Th]
ReVeu710: checks 
Fafa293: checks 
*** SHOW DOWN ***
ReVeu710: shows [6c Ah] (a pair of Sixes)
Fafa293: mucks hand 
ReVeu710 collected $2.38 from pot
*** SUMMARY ***
Total pot $2.50 | Rake $0.12 
Board [2d Jd Kc 6h Th]
Seat 3: Unipoker11
Seat 1: whlzor folded before Flop (didn't bet)
Seat 2: Fafa293 (button) mucked
Seat 4: nastja336 (small blind) folded before Flop
Seat 5: ReVeu710 (big blind) showed [6c Ah] and won ($2.38) with a pair of Sixes
Seat 6: Evelexy1 folded before Flop (didn't bet)



PokerStars Hand #254433225767:  Hold'em No Limit ($0.50/$1.00 USD) - 2025/01/18 16:49:16 WET [2025/01/18 11:49:16 ET]
Table 'Irus IV' 6-max Seat #4 is the button
Seat 3: Unipoker11 ($100 in chips) is sitting out
Seat 1: whlzor ($106.33 in chips) 
Seat 2: Fafa293 ($155.41 in chips) 
Seat 4: nastja336 ($114.72 in chips) 
Seat 5: ReVeu710 ($111.88 in chips) 
Seat 6: Evelexy1 ($120.16 in chips) 
ReVeu710: posts small blind $0.50
Evelexy1: posts big blind $1
Unipoker11: sits out 
*** HOLE CARDS ***
whlzor: folds 
Fafa293: calls $1
nastja336: raises $4 to $5
ReVeu710: folds 
Evelexy1: folds 
Fafa293: raises $4 to $9
nastja336: raises $15 to $24
Fafa293: calls $15
*** FLOP *** [Js 7d Kc]
Fafa293: bets $1
nastja336: raises $24.51 to $25.51
Fafa293: calls $24.51
*** TURN *** [Js 7d Kc] [8s]
Fafa293: bets $1
nastja336: raises $64.21 to $65.21 and is all-in
Fafa293: calls $64.21
*** RIVER *** [Js 7d Kc 8s] [Qc]
*** SHOW DOWN ***
Fafa293: shows [Th Ah] (a straight, Ten to Ace)
nastja336: shows [Ac As] (a pair of Aces)
Fafa293 cashed out the hand for $40.71 | Cash Out Fee $0.83
*** SUMMARY ***
Total pot $230.94 | Rake $2.50 
Board [Js 7d Kc 8s Qc]
Seat 3: Unipoker11
Seat 1: whlzor folded before Flop (didn't bet)
Seat 2: Fafa293 showed [Th Ah] and won ($228.44) with a straight, Ten to Ace (pot not awarded as player cashed out)
Seat 4: nastja336 (button) showed [Ac As] and lost with a pair of Aces
Seat 5: ReVeu710 (small blind) folded before Flop
Seat 6: Evelexy1 (big blind) folded before Flop



PokerStars Hand #254433237897:  Hold'em No Limit ($0.50/$1.00 USD) - 2025/01/18 16:50:05 WET [2025/01/18 11:50:05 ET]
Table 'Irus IV' 6-max Seat #5 is the button
Seat 3: Unipoker11 ($100 in chips) is sitting out
Seat 1: whlzor ($106.33 in chips) 
Seat 2: Fafa293 ($81.40 in chips) 
Seat 4: nastja336 ($100 in chips) 
Seat 5: ReVeu710 ($111.38 in chips) 
Seat 6: Evelexy1 ($119.16 in chips) 
Evelexy1: posts small blind $0.50
whlzor: posts big blind $1
Unipoker11: sits out 
*** HOLE CARDS ***
Fafa293: raises $1 to $2
nastja336: raises $5.50 to $7.50
ReVeu710: folds 
Evelexy1: folds 
whlzor: folds 
Fafa293: raises $5.50 to $13
nastja336: calls $5.50
*** FLOP *** [Tc 6s Qs]
Fafa293: bets $1
nastja336: raises $86 to $87 and is all-in
Fafa293: calls $67.40 and is all-in
Uncalled bet ($18.60) returned to nastja336
*** TURN *** [Tc 6s Qs] [5s]
*** RIVER *** [Tc 6s Qs 5s] [6c]
*** SHOW DOWN ***
Fafa293: shows [Kh As] (a pair of Sixes)
nastja336: shows [9s 8s] (a flush, Queen high)
nastja336 collected $161.80 from pot
Fafa293 cashed out the hand for $73.68 | Cash Out Fee $1.50
*** SUMMARY ***
Total pot $164.30 | Rake $2.50 
Board [Tc 6s Qs 5s 6c]
Seat 3: Unipoker11
Seat 1: whlzor (big blind) folded before Flop
Seat 2: Fafa293 showed [Kh As] and lost with a pair of Sixes (cashed out).
Seat 4: nastja336 showed [9s 8s] and won ($161.80) with a flush, Queen high
Seat 5: ReVeu710 (button) folded before Flop (didn't bet)
Seat 6: Evelexy1 (small blind) folded before Flop



PokerStars Hand #254433246414:  Hold'em No Limit ($0.50/$1.00 USD) - 2025/01/18 16:50:40 WET [2025/01/18 11:50:40 ET]
Table 'Irus IV' 6-max Seat #6 is the button
Seat 3: Unipoker11 ($100 in chips) is sitting out
Seat 1: whlzor ($105.33 in chips) 
Seat 2: Fafa293 ($73.68 in chips) 
Seat 4: nastja336 ($180.40 in chips) 
Seat 5: ReVeu710 ($111.38 in chips) 
Seat 6: Evelexy1 ($118.66 in chips) 
whlzor: posts small blind $0.50
Fafa293: posts big blind $1
Unipoker11: sits out 
*** HOLE CARDS ***
nastja336: folds 
ReVeu710: folds 
Evelexy1: raises $1.50 to $2.50
whlzor: raises $6.50 to $9
Fafa293: raises $6.50 to $15.50
Evelexy1: folds 
whlzor: raises $13.50 to $29
Fafa293: calls $13.50
*** FLOP *** [3s 2d 7s]
whlzor: bets $19.14
Fafa293: calls $19.14
*** TURN *** [3s 2d 7s] [4h]
whlzor: bets $31.77
Fafa293: folds 
Uncalled bet ($31.77) returned to whlzor
whlzor collected $96.28 from pot
whlzor: doesn't show hand 
*** SUMMARY ***
Total pot $98.78 | Rake $2.50 
Board [3s 2d 7s 4h]
Seat 3: Unipoker11
Seat 1: whlzor (small blind) collected ($96.28)
Seat 2: Fafa293 (big blind) folded on the Turn
Seat 4: nastja336 folded before Flop (didn't bet)
Seat 5: ReVeu710 folded before Flop (didn't bet)
Seat 6: Evelexy1 (button) folded before Flop



PokerStars Hand #254433259943:  Hold'em No Limit ($0.50/$1.00 USD) - 2025/01/18 16:51:34 WET [2025/01/18 11:51:34 ET]
Table 'Irus IV' 6-max Seat #1 is the button
Seat 1: whlzor ($153.47 in chips) 
Seat 2: Fafa293 ($25.54 in chips) 
Seat 3: Unipoker11 ($100 in chips) 
Seat 4: nastja336 ($180.40 in chips) 
Seat 5: ReVeu710 ($111.38 in chips) 
Seat 6: Evelexy1 ($116.16 in chips) 
Fafa293: posts small blind $0.50
Unipoker11: posts big blind $1
*** HOLE CARDS ***
nastja336: folds 
ReVeu710: folds 
Evelexy1: folds 
whlzor: folds 
Fafa293: calls $0.50
Unipoker11: checks 
*** FLOP *** [Qh 7s 4s]
Fafa293: checks 
Unipoker11: checks 
*** TURN *** [Qh 7s 4s] [Kd]
Fafa293: checks 
Unipoker11: checks 
*** RIVER *** [Qh 7s 4s Kd] [5s]
Fafa293: bets $1
Unipoker11: folds 
Uncalled bet ($1) returned to Fafa293
Fafa293 collected $1.90 from pot
Fafa293: doesn't show hand 
*** SUMMARY ***
Total pot $2 | Rake $0.10 
Board [Qh 7s 4s Kd 5s]
Seat 1: whlzor (button) folded before Flop (didn't bet)
Seat 2: Fafa293 (small blind) collected ($1.90)
Seat 3: Unipoker11 (big blind) folded on the River
Seat 4: nastja336 folded before Flop (didn't bet)
Seat 5: ReVeu710 folded before Flop (didn't bet)
Seat 6: Evelexy1 folded before Flop (didn't bet)



PokerStars Hand #254433276423:  Hold'em No Limit ($0.50/$1.00 USD) - 2025/01/18 16:52:41 WET [2025/01/18 11:52:41 ET]
Table 'Irus IV' 6-max Seat #2 is the button
Seat 1: whlzor ($153.47 in chips) 
Seat 2: Fafa293 ($26.44 in chips) 
Seat 3: Unipoker11 ($100 in chips) 
Seat 4: nastja336 ($180.40 in chips) 
Seat 5: ReVeu710 ($111.38 in chips) 
Seat 6: Evelexy1 ($116.16 in chips) 
Unipoker11: posts small blind $0.50
nastja336: posts big blind $1
*** HOLE CARDS ***
ReVeu710: folds 
Evelexy1: folds 
whlzor: folds 
Fafa293: calls $1
Unipoker11: folds 
nastja336: raises $179.40 to $180.40 and is all-in
Fafa293: calls $25.44 and is all-in
Uncalled bet ($153.96) returned to nastja336
*** FLOP *** [5c Ad As]
*** TURN *** [5c Ad As] [9h]
*** RIVER *** [5c Ad As 9h] [Qs]
*** SHOW DOWN ***
nastja336: shows [Ac Kh] (three of a kind, Aces)
Fafa293: shows [3s Jd] (a pair of Aces)
nastja336 collected $50.88 from pot
Fafa293 cashed out the hand for $16.19 | Cash Out Fee $0.33
*** SUMMARY ***
Total pot $53.38 | Rake $2.50 
Board [5c Ad As 9h Qs]
Seat 1: whlzor folded before Flop (didn't bet)
Seat 2: Fafa293 (button) showed [3s Jd] and lost with a pair of Aces (cashed out).
Seat 3: Unipoker11 (small blind) folded before Flop
Seat 4: nastja336 (big blind) showed [Ac Kh] and won ($50.88) with three of a kind, Aces
Seat 5: ReVeu710 folded before Flop (didn't bet)
Seat 6: Evelexy1 folded before Flop (didn't bet)



PokerStars Hand #254433282533:  Hold'em No Limit ($0.50/$1.00 USD) - 2025/01/18 16:53:05 WET [2025/01/18 11:53:05 ET]
Table 'Irus IV' 6-max Seat #3 is the button
Seat 1: whlzor ($153.47 in chips) 
Seat 2: Fafa293 ($16.19 in chips) 
Seat 3: Unipoker11 ($100 in chips) 
Seat 4: nastja336 ($204.84 in chips) 
Seat 5: ReVeu710 ($111.38 in chips) 
Seat 6: Evelexy1 ($116.16 in chips) 
nastja336: posts small blind $0.50
ReVeu710: posts big blind $1
*** HOLE CARDS ***
Evelexy1: folds 
whlzor: raises $1.50 to $2.50
Fafa293: raises $13.69 to $16.19 and is all-in
Unipoker11: folds 
nastja336: folds 
ReVeu710: folds 
whlzor: calls $13.69
*** FLOP *** [8h Ks 6c]
*** TURN *** [8h Ks 6c] [9s]
*** RIVER *** [8h Ks 6c 9s] [3c]
*** SHOW DOWN ***
whlzor: shows [9c 9d] (three of a kind, Nines)
Fafa293: shows [Kh Kd] (three of a kind, Kings)
Fafa293 collected $32.19 from pot
*** SUMMARY ***
Total pot $33.88 | Rake $1.69 
Board [8h Ks 6c 9s 3c]
Seat 1: whlzor showed [9c 9d] and lost with three of a kind, Nines
Seat 2: Fafa293 showed [Kh Kd] and won ($32.19) with three of a kind, Kings
Seat 3: Unipoker11 (button) folded before Flop (didn't bet)
Seat 4: nastja336 (small blind) folded before Flop
Seat 5: ReVeu710 (big blind) folded before Flop
Seat 6: Evelexy1 folded before Flop (didn't bet)



PokerStars Hand #254433289428:  Hold'em No Limit ($0.50/$1.00 USD) - 2025/01/18 16:53:33 WET [2025/01/18 11:53:33 ET]
Table 'Irus IV' 6-max Seat #4 is the button
Seat 1: whlzor ($137.28 in chips) 
Seat 2: Fafa293 ($32.19 in chips) 
Seat 3: Unipoker11 ($100 in chips) 
Seat 4: nastja336 ($204.34 in chips) 
Seat 5: ReVeu710 ($110.38 in chips) 
Seat 6: Evelexy1 ($116.16 in chips) 
ReVeu710: posts small blind $0.50
Evelexy1: posts big blind $1
*** HOLE CARDS ***
whlzor: folds 
whlzor leaves the table
Fafa293: calls $1
Unipoker11: folds 
nastja336: folds 
ReVeu710: calls $0.50
Evelexy1: checks 
*** FLOP *** [2c 3h 2h]
ReVeu710: checks 
Evelexy1: checks 
Fafa293: checks 
*** TURN *** [2c 3h 2h] [7s]
ReVeu710: checks 
Evelexy1: checks 
Fafa293: bets $1
AlexPinsk1 joins the table at seat #1 
ReVeu710: folds 
Evelexy1: folds 
Uncalled bet ($1) returned to Fafa293
Fafa293 collected $2.85 from pot
Fafa293: doesn't show hand 
*** SUMMARY ***
Total pot $3 | Rake $0.15 
Board [2c 3h 2h 7s]
Seat 1: whlzor folded before Flop (didn't bet)
Seat 2: Fafa293 collected ($2.85)
Seat 3: Unipoker11 folded before Flop (didn't bet)
Seat 4: nastja336 (button) folded before Flop (didn't bet)
Seat 5: ReVeu710 (small blind) folded on the Turn
Seat 6: Evelexy1 (big blind) folded on the Turn



PokerStars Hand #254433297625:  Hold'em No Limit ($0.50/$1.00 USD) - 2025/01/18 16:54:07 WET [2025/01/18 11:54:07 ET]
Table 'Irus IV' 6-max Seat #5 is the button
Seat 1: AlexPinsk1 ($100 in chips) 
Seat 2: Fafa293 ($34.04 in chips) 
Seat 3: Unipoker11 ($100 in chips) 
Seat 4: nastja336 ($204.34 in chips) 
Seat 5: ReVeu710 ($109.38 in chips) 
Seat 6: Evelexy1 ($115.16 in chips) 
Evelexy1: posts small blind $0.50
AlexPinsk1: posts big blind $1
*** HOLE CARDS ***
Fafa293: calls $1
Unipoker11: folds 
nastja336: folds 
ReVeu710: raises $3 to $4
Evelexy1: folds 
AlexPinsk1: folds 
Fafa293: raises $3 to $7
ReVeu710: calls $3
*** FLOP *** [4h Jc 7c]
Fafa293: bets $1
ReVeu710: raises $9.03 to $10.03
Fafa293: raises $9.03 to $19.06
ReVeu710: raises $29.94 to $49
Fafa293: calls $7.98 and is all-in
Uncalled bet ($21.96) returned to ReVeu710
*** TURN *** [4h Jc 7c] [3d]
*** RIVER *** [4h Jc 7c 3d] [As]
*** SHOW DOWN ***
Fafa293: shows [8s Ad] (a pair of Aces)
ReVeu710: shows [Qc Js] (a pair of Jacks)
Fafa293 collected $67.08 from pot
*** SUMMARY ***
Total pot $69.58 | Rake $2.50 
Board [4h Jc 7c 3d As]
Seat 1: AlexPinsk1 (big blind) folded before Flop
Seat 2: Fafa293 showed [8s Ad] and won ($67.08) with a pair of Aces
Seat 3: Unipoker11 folded before Flop (didn't bet)
Seat 4: nastja336 folded before Flop (didn't bet)
Seat 5: ReVeu710 (button) showed [Qc Js] and lost with a pair of Jacks
Seat 6: Evelexy1 (small blind) folded before Flop



PokerStars Hand #254433308814:  Hold'em No Limit ($0.50/$1.00 USD) - 2025/01/18 16:54:52 WET [2025/01/18 11:54:52 ET]
Table 'Irus IV' 6-max Seat #6 is the button
Seat 1: AlexPinsk1 ($100 in chips) 
Seat 2: Fafa293 ($67.08 in chips) 
Seat 3: Unipoker11 ($100 in chips) 
Seat 4: nastja336 ($204.34 in chips) 
Seat 5: ReVeu710 ($100 in chips) 
Seat 6: Evelexy1 ($114.66 in chips) 
AlexPinsk1: posts small blind $0.50
Fafa293: posts big blind $1
*** HOLE CARDS ***
Unipoker11: folds 
nastja336: folds 
ReVeu710: folds 
Evelexy1: folds 
AlexPinsk1: folds 
Uncalled bet ($0.50) returned to Fafa293
Fafa293 collected $1 from pot
Fafa293: doesn't show hand 
*** SUMMARY ***
Total pot $1 | Rake $0 
Seat 1: AlexPinsk1 (small blind) folded before Flop
Seat 2: Fafa293 (big blind) collected ($1)
Seat 3: Unipoker11 folded before Flop (didn't bet)
Seat 4: nastja336 folded before Flop (didn't bet)
Seat 5: ReVeu710 folded before Flop (didn't bet)
Seat 6: Evelexy1 (button) folded before Flop (didn't bet)



PokerStars Hand #254433311675:  Hold'em No Limit ($0.50/$1.00 USD) - 2025/01/18 16:55:03 WET [2025/01/18 11:55:03 ET]
Table 'Irus IV' 6-max Seat #1 is the button
Seat 1: AlexPinsk1 ($100 in chips) 
Seat 2: Fafa293 ($67.58 in chips) 
Seat 3: Unipoker11 ($100 in chips) 
Seat 4: nastja336 ($204.34 in chips) 
Seat 5: ReVeu710 ($100 in chips) 
Seat 6: Evelexy1 ($114.66 in chips) 
Fafa293: posts small blind $0.50
Unipoker11: posts big blind $1
*** HOLE CARDS ***
nastja336: folds 
ReVeu710: folds 
Evelexy1: folds 
AlexPinsk1: folds 
Fafa293: calls $0.50
Unipoker11: checks 
*** FLOP *** [Jd Ad 3s]
Fafa293: checks 
Unipoker11: checks 
*** TURN *** [Jd Ad 3s] [5s]
Fafa293: checks 
Unipoker11: bets $1.43
Fafa293: calls $1.43
*** RIVER *** [Jd Ad 3s 5s] [6h]
Fafa293: checks 
Unipoker11: checks 
*** SHOW DOWN ***
Fafa293: shows [7d Js] (a pair of Jacks)
Unipoker11: mucks hand 
Fafa293 collected $4.62 from pot
*** SUMMARY ***
Total pot $4.86 | Rake $0.24 
Board [Jd Ad 3s 5s 6h]
Seat 1: AlexPinsk1 (button) folded before Flop (didn't bet)
Seat 2: Fafa293 (small blind) showed [7d Js] and won ($4.62) with a pair of Jacks
Seat 3: Unipoker11 (big blind) mucked
Seat 4: nastja336 folded before Flop (didn't bet)
Seat 5: ReVeu710 folded before Flop (didn't bet)
Seat 6: Evelexy1 folded before Flop (didn't bet)



PokerStars Hand #254433321682:  Hold'em No Limit ($0.50/$1.00 USD) - 2025/01/18 16:55:57 WET [2025/01/18 11:55:57 ET]
Table 'Irus IV' 6-max Seat #2 is the button
Seat 1: AlexPinsk1 ($100 in chips) 
Seat 2: Fafa293 ($69.77 in chips) 
Seat 3: Unipoker11 ($100 in chips) 
Seat 4: nastja336 ($204.34 in chips) 
Seat 5: ReVeu710 ($100 in chips) 
Seat 6: Evelexy1 ($114.66 in chips) 
Unipoker11: posts small blind $0.50
nastja336: posts big blind $1
*** HOLE CARDS ***
ReVeu710: folds 
Evelexy1: folds 
AlexPinsk1: raises $1.50 to $2.50
Fafa293: calls $2.50
Unipoker11: folds 
nastja336: raises $201.84 to $204.34 and is all-in
AlexPinsk1: folds 
Fafa293: folds 
Uncalled bet ($201.84) returned to nastja336
nastja336 collected $8 from pot
nastja336: doesn't show hand 
*** SUMMARY ***
Total pot $8 | Rake $0 
Seat 1: AlexPinsk1 folded before Flop
Seat 2: Fafa293 (button) folded before Flop
Seat 3: Unipoker11 (small blind) folded before Flop
Seat 4: nastja336 (big blind) collected ($8)
Seat 5: ReVeu710 folded before Flop (didn't bet)
Seat 6: Evelexy1 folded before Flop (didn't bet)



PokerStars Hand #254433326617:  Hold'em No Limit ($0.50/$1.00 USD) - 2025/01/18 16:56:24 WET [2025/01/18 11:56:24 ET]
Table 'Irus IV' 6-max Seat #3 is the button
Seat 1: AlexPinsk1 ($100 in chips) 
Seat 2: Fafa293 ($67.27 in chips) 
Seat 3: Unipoker11 ($100 in chips) 
Seat 4: nastja336 ($209.84 in chips) 
Seat 5: ReVeu710 ($100 in chips) 
Seat 6: Evelexy1 ($114.66 in chips) 
nastja336: posts small blind $0.50
ReVeu710: posts big blind $1
*** HOLE CARDS ***
Evelexy1: raises $1 to $2
AlexPinsk1: folds 
Fafa293: calls $2
Unipoker11: folds 
nastja336: raises $12 to $14
ReVeu710: folds 
Evelexy1: folds 
Fafa293: calls $12
*** FLOP *** [8s 7d 4h]
nastja336: checks 
Fafa293: bets $14
nastja336: folds 
Uncalled bet ($14) returned to Fafa293
Fafa293 collected $29.45 from pot
Fafa293: doesn't show hand 
*** SUMMARY ***
Total pot $31 | Rake $1.55 
Board [8s 7d 4h]
Seat 1: AlexPinsk1 folded before Flop (didn't bet)
Seat 2: Fafa293 collected ($29.45)
Seat 3: Unipoker11 (button) folded before Flop (didn't bet)
Seat 4: nastja336 (small blind) folded on the Flop
Seat 5: ReVeu710 (big blind) folded before Flop
Seat 6: Evelexy1 folded before Flop



PokerStars Hand #254433334268:  Hold'em No Limit ($0.50/$1.00 USD) - 2025/01/18 16:57:06 WET [2025/01/18 11:57:06 ET]
Table 'Irus IV' 6-max Seat #4 is the button
Seat 1: AlexPinsk1 ($100 in chips) 
Seat 2: Fafa293 ($82.72 in chips) 
Seat 3: Unipoker11 ($100 in chips) 
Seat 4: nastja336 ($195.84 in chips) 
Seat 5: ReVeu710 ($100 in chips) 
Seat 6: Evelexy1 ($112.66 in chips) 
ReVeu710: posts small blind $0.50
Evelexy1: posts big blind $1
*** HOLE CARDS ***
AlexPinsk1: raises $1.50 to $2.50
Fafa293: calls $2.50
Unipoker11: folds 
nastja336: folds 
ReVeu710: folds 
Evelexy1: folds 
*** FLOP *** [Jc 3d Th]
AlexPinsk1: checks 
Fafa293: checks 
*** TURN *** [Jc 3d Th] [6c]
AlexPinsk1: bets $4.64
Fafa293: raises $4.64 to $9.28
AlexPinsk1: raises $14.72 to $24
Fafa293: raises $14.72 to $38.72
AlexPinsk1: raises $22.78 to $61.50
Fafa293: raises $18.72 to $80.22 and is all-in
AlexPinsk1: calls $18.72
*** RIVER *** [Jc 3d Th 6c] [9c]
*** SHOW DOWN ***
AlexPinsk1: shows [Kd Jh] (a pair of Jacks)
Fafa293: shows [Jd Ts] (two pair, Jacks and Tens)
Fafa293 collected $164.44 from pot
*** SUMMARY ***
Total pot $166.94 | Rake $2.50 
Board [Jc 3d Th 6c 9c]
Seat 1: AlexPinsk1 showed [Kd Jh] and lost with a pair of Jacks
Seat 2: Fafa293 showed [Jd Ts] and won ($164.44) with two pair, Jacks and Tens
Seat 3: Unipoker11 folded before Flop (didn't bet)
Seat 4: nastja336 (button) folded before Flop (didn't bet)
Seat 5: ReVeu710 (small blind) folded before Flop
Seat 6: Evelexy1 (big blind) folded before Flop



PokerStars Hand #254433350160:  Hold'em No Limit ($0.50/$1.00 USD) - 2025/01/18 16:58:32 WET [2025/01/18 11:58:32 ET]
Table 'Irus IV' 6-max Seat #5 is the button
Seat 1: AlexPinsk1 ($100 in chips) 
Seat 2: Fafa293 ($164.44 in chips) 
Seat 3: Unipoker11 ($100 in chips) 
Seat 4: nastja336 ($195.84 in chips) 
Seat 5: ReVeu710 ($100 in chips) 
Seat 6: Evelexy1 ($111.66 in chips) 
Evelexy1: posts small blind $0.50
AlexPinsk1: posts big blind $1
*** HOLE CARDS ***
Fafa293: calls $1
Unipoker11: folds 
nastja336: raises $6 to $7
ReVeu710: folds 
Evelexy1: folds 
AlexPinsk1: folds 
Fafa293: folds 
Uncalled bet ($6) returned to nastja336
Fafa293 leaves the table
nastja336 collected $3.50 from pot
nastja336: doesn't show hand 
*** SUMMARY ***
Total pot $3.50 | Rake $0 
Seat 1: AlexPinsk1 (big blind) folded before Flop
Seat 2: Fafa293 folded before Flop
Seat 3: Unipoker11 folded before Flop (didn't bet)
Seat 4: nastja336 collected ($3.50)
Seat 5: ReVeu710 (button) folded before Flop (didn't bet)
Seat 6: Evelexy1 (small blind) folded before Flop



PokerStars Hand #254433354578:  Hold'em No Limit ($0.50/$1.00 USD) - 2025/01/18 16:58:56 WET [2025/01/18 11:58:56 ET]
Table 'Irus IV' 6-max Seat #6 is the button
Seat 1: AlexPinsk1 ($100 in chips) 
Seat 3: Unipoker11 ($100 in chips) 
Seat 4: nastja336 ($198.34 in chips) 
Seat 5: ReVeu710 ($100 in chips) 
Seat 6: Evelexy1 ($111.16 in chips) 
AlexPinsk1: posts small blind $0.50
Unipoker11: posts big blind $1
*** HOLE CARDS ***
nastja336: folds 
nastja336 leaves the table
ReVeu710: raises $1.30 to $2.30
Evelexy1: raises $4.60 to $6.90
AlexPinsk1: folds 
Unipoker11: folds 
ReVeu710: calls $4.60
*** FLOP *** [6s Ts 2h]
ReVeu710: checks 
Evelexy1: bets $4.85
ReVeu710: raises $13.09 to $17.94
Evelexy1: folds 
Uncalled bet ($13.09) returned to ReVeu710
Evelexy1 leaves the table
ReVeu710 collected $23.75 from pot
ReVeu710: doesn't show hand 
*** SUMMARY ***
Total pot $25 | Rake $1.25 
Board [6s Ts 2h]
Seat 1: AlexPinsk1 (small blind) folded before Flop
Seat 3: Unipoker11 (big blind) folded before Flop
Seat 4: nastja336 folded before Flop (didn't bet)
Seat 5: ReVeu710 collected ($23.75)
Seat 6: Evelexy1 (button) folded on the Flop



PokerStars Hand #254433362495:  Hold'em No Limit ($0.50/$1.00 USD) - 2025/01/18 16:59:39 WET [2025/01/18 11:59:39 ET]
Table 'Irus IV' 6-max Seat #3 is the button
Seat 1: AlexPinsk1 ($100 in chips) is sitting out
Seat 6: coeeeelho ($100 in chips) is sitting out
Seat 3: Unipoker11 ($100 in chips) 
Seat 4: sta$igk ($100 in chips) 
Unipoker11: posts small blind $0.50
sta$igk: posts big blind $1
*** HOLE CARDS ***
coeeeelho leaves the table
Unipoker11: folds 
Uncalled bet ($0.50) returned to sta$igk
sta$igk collected $1 from pot
sta$igk: doesn't show hand 
*** SUMMARY ***
Total pot $1 | Rake $0 
Seat 1: AlexPinsk1
Seat 6: coeeeelho
Seat 3: Unipoker11 (button) (small blind) folded before Flop
Seat 4: sta$igk (big blind) collected ($1)



