PokerStars Hand #254427733904:  Hold'em No Limit ($0.50/$1.00 USD) - 2025/01/18 6:25:15 WET [2025/01/18 1:25:15 ET]
Table 'Alfreda II' 6-max Seat #6 is the button
Seat 4: Melenya ($100 in chips) is sitting out
Seat 1: mironchikvld ($100 in chips) 
Seat 5: TheRadgie ($100 in chips) 
Seat 6: Mr_Dick666 ($100 in chips) 
mironchikvld is connected 
mironchikvld: posts small blind $0.50
TheRadgie: posts big blind $1
*** HOLE CARDS ***
Mr_Dick666: folds 
mironchikvld: raises $2 to $3
TheRadgie: calls $2
*** FLOP *** [As 2d 9d]
mironchikvld: checks 
TheRadgie: bets $5.70
mironchikvld: calls $5.70
*** TURN *** [As 2d 9d] [9c]
mironchikvld: checks 
TheRadgie: checks 
*** RIVER *** [As 2d 9d 9c] [7c]
mironchikvld: checks 
TheRadgie: bets $8.27
mironchikvld: calls $8.27
*** SHOW DOWN ***
TheRadgie: shows [8h Ad] (two pair, Aces and Nines)
mironchikvld: mucks hand 
TheRadgie collected $32.94 from pot
*** SUMMARY ***
Total pot $33.94 | Rake $1 
Board [As 2d 9d 9c 7c]
Seat 4: Melenya
Seat 1: mironchikvld (small blind) mucked
Seat 5: TheRadgie (big blind) showed [8h Ad] and won ($32.94) with two pair, Aces and Nines
Seat 6: Mr_Dick666 (button) folded before Flop (didn't bet)



PokerStars Hand #254427738996:  Hold'em No Limit ($0.50/$1.00 USD) - 2025/01/18 6:26:13 WET [2025/01/18 1:26:13 ET]
Table 'Alfreda II' 6-max Seat #1 is the button
Seat 4: Melenya ($100 in chips) is sitting out
Seat 1: mironchikvld ($100 in chips) 
Seat 5: TheRadgie ($115.97 in chips) 
Seat 6: Mr_Dick666 ($100 in chips) 
TheRadgie: posts small blind $0.50
Mr_Dick666: posts big blind $1
*** HOLE CARDS ***
mironchikvld: folds 
TheRadgie: folds 
Uncalled bet ($0.50) returned to Mr_Dick666
Mr_Dick666 collected $1 from pot
Mr_Dick666: doesn't show hand 
*** SUMMARY ***
Total pot $1 | Rake $0 
Seat 4: Melenya
Seat 1: mironchikvld (button) folded before Flop (didn't bet)
Seat 5: TheRadgie (small blind) folded before Flop
Seat 6: Mr_Dick666 (big blind) collected ($1)



PokerStars Hand #254427740330:  Hold'em No Limit ($0.50/$1.00 USD) - 2025/01/18 6:26:29 WET [2025/01/18 1:26:29 ET]
Table 'Alfreda II' 6-max Seat #5 is the button
Seat 4: Melenya ($100 in chips) is sitting out
Seat 1: mironchikvld ($100 in chips) 
Seat 5: TheRadgie ($115.47 in chips) 
Seat 6: Mr_Dick666 ($100.50 in chips) 
Mr_Dick666: posts small blind $0.50
mironchikvld: posts big blind $1
Melenya: sits out 
*** HOLE CARDS ***
TheRadgie: raises $2 to $3
Melenya leaves the table
Mr_Dick666: folds 
mironchikvld: folds 
Uncalled bet ($2) returned to TheRadgie
TheRadgie collected $2.50 from pot
*** SUMMARY ***
Total pot $2.50 | Rake $0 
Seat 4: Melenya
Seat 1: mironchikvld (big blind) folded before Flop
Seat 5: TheRadgie (button) collected ($2.50)
Seat 6: Mr_Dick666 (small blind) folded before Flop



PokerStars Hand #254427741637:  Hold'em No Limit ($0.50/$1.00 USD) - 2025/01/18 6:26:44 WET [2025/01/18 1:26:44 ET]
Table 'Alfreda II' 6-max Seat #6 is the button
Seat 1: mironchikvld ($100 in chips) 
Seat 5: TheRadgie ($116.97 in chips) 
Seat 6: Mr_Dick666 ($100 in chips) 
mironchikvld: posts small blind $0.50
TheRadgie: posts big blind $1
*** HOLE CARDS ***
Mr_Dick666: folds 
mironchikvld: folds 
Uncalled bet ($0.50) returned to TheRadgie
TheRadgie collected $1 from pot
*** SUMMARY ***
Total pot $1 | Rake $0 
Seat 1: mironchikvld (small blind) folded before Flop
Seat 5: TheRadgie (big blind) collected ($1)
Seat 6: Mr_Dick666 (button) folded before Flop (didn't bet)



PokerStars Hand #254427743028:  Hold'em No Limit ($0.50/$1.00 USD) - 2025/01/18 6:27:00 WET [2025/01/18 1:27:00 ET]
Table 'Alfreda II' 6-max Seat #5 is the button
Seat 6: Mr_Dick666 ($100 in chips) is sitting out
Seat 1: mironchikvld ($100 in chips) 
Seat 5: TheRadgie ($117.47 in chips) 
TheRadgie: posts small blind $0.50
Mr_Dick666: is sitting out 
mironchikvld: posts big blind $1
*** HOLE CARDS ***
TheRadgie: folds 
Uncalled bet ($0.50) returned to mironchikvld
mironchikvld collected $1 from pot
mironchikvld: doesn't show hand 
Mr_Dick666 leaves the table
*** SUMMARY ***
Total pot $1 | Rake $0 
Seat 6: Mr_Dick666
Seat 1: mironchikvld (big blind) collected ($1)
Seat 5: TheRadgie (button) (small blind) folded before Flop



PokerStars Hand #254427743676:  Hold'em No Limit ($0.50/$1.00 USD) - 2025/01/18 6:27:08 WET [2025/01/18 1:27:08 ET]
Table 'Alfreda II' 6-max Seat #1 is the button
Seat 1: mironchikvld ($100.50 in chips) 
Seat 5: TheRadgie ($116.97 in chips) 
mironchikvld: posts small blind $0.50
TheRadgie: posts big blind $1
*** HOLE CARDS ***
mironchikvld: raises $2 to $3
TheRadgie: folds 
Uncalled bet ($2) returned to mironchikvld
mironchikvld collected $2 from pot
mironchikvld: doesn't show hand 
*** SUMMARY ***
Total pot $2 | Rake $0 
Seat 1: mironchikvld (button) (small blind) collected ($2)
Seat 5: TheRadgie (big blind) folded before Flop



PokerStars Hand #254427744894:  Hold'em No Limit ($0.50/$1.00 USD) - 2025/01/18 6:27:22 WET [2025/01/18 1:27:22 ET]
Table 'Alfreda II' 6-max Seat #5 is the button
Seat 1: mironchikvld ($101.50 in chips) 
Seat 5: TheRadgie ($115.97 in chips) 
TheRadgie: posts small blind $0.50
mironchikvld: posts big blind $1
*** HOLE CARDS ***
7bekon7 joins the table at seat #6 
TheRadgie: folds 
Uncalled bet ($0.50) returned to mironchikvld
mironchikvld collected $1 from pot
mironchikvld: doesn't show hand 
*** SUMMARY ***
Total pot $1 | Rake $0 
Seat 1: mironchikvld (big blind) collected ($1)
Seat 5: TheRadgie (button) (small blind) folded before Flop



PokerStars Hand #254427745610:  Hold'em No Limit ($0.50/$1.00 USD) - 2025/01/18 6:27:30 WET [2025/01/18 1:27:30 ET]
Table 'Alfreda II' 6-max Seat #1 is the button
Seat 1: mironchikvld ($102 in chips) 
Seat 5: TheRadgie ($115.47 in chips) 
Seat 6: 7bekon7 ($100 in chips) 
TheRadgie: posts small blind $0.50
7bekon7: posts big blind $1
*** HOLE CARDS ***
mironchikvld: raises $2 to $3
TheRadgie: raises $2 to $5
7bekon7: folds 
mironchikvld: calls $2
*** FLOP *** [7h 2h Ks]
TheRadgie: checks 
mironchikvld: checks 
*** TURN *** [7h 2h Ks] [6h]
TheRadgie: bets $5.23
mironchikvld: calls $5.23
*** RIVER *** [7h 2h Ks 6h] [7d]
TheRadgie: checks 
mironchikvld: bets $7
TheRadgie: folds 
Uncalled bet ($7) returned to mironchikvld
mironchikvld collected $20.46 from pot
MoRsCeReBruM joins the table at seat #2 
mironchikvld: doesn't show hand 
*** SUMMARY ***
Total pot $21.46 | Rake $1 
Board [7h 2h Ks 6h 7d]
Seat 1: mironchikvld (button) collected ($20.46)
Seat 5: TheRadgie (small blind) folded on the River
Seat 6: 7bekon7 (big blind) folded before Flop



PokerStars Hand #254427752233:  Hold'em No Limit ($0.50/$1.00 USD) - 2025/01/18 6:28:48 WET [2025/01/18 1:28:48 ET]
Table 'Alfreda II' 6-max Seat #5 is the button
Seat 2: MoRsCeReBruM ($100 in chips) is sitting out
Seat 1: mironchikvld ($112.23 in chips) 
Seat 5: TheRadgie ($105.24 in chips) 
Seat 6: 7bekon7 ($100 in chips) 
7bekon7: posts small blind $0.50
mironchikvld: posts big blind $1
MoRsCeReBruM: sits out 
*** HOLE CARDS ***
TheRadgie: folds 
7bekon7: calls $0.50
mironchikvld: checks 
*** FLOP *** [6s Ad 9s]
7bekon7: checks 
mironchikvld: bets $1
7bekon7: calls $1
*** TURN *** [6s Ad 9s] [Ks]
7bekon7: checks 
Christianzt1 joins the table at seat #3 
mironchikvld: bets $2.51
7bekon7: folds 
Uncalled bet ($2.51) returned to mironchikvld
mironchikvld collected $3.80 from pot
mironchikvld: doesn't show hand 
*** SUMMARY ***
Total pot $4 | Rake $0.20 
Board [6s Ad 9s Ks]
Seat 2: MoRsCeReBruM
Seat 1: mironchikvld (big blind) collected ($3.80)
Seat 5: TheRadgie (button) folded before Flop (didn't bet)
Seat 6: 7bekon7 (small blind) folded on the Turn



PokerStars Hand #254427757333:  Hold'em No Limit ($0.50/$1.00 USD) - 2025/01/18 6:29:46 WET [2025/01/18 1:29:46 ET]
Table 'Alfreda II' 6-max Seat #6 is the button
Seat 3: Christianzt1 ($100 in chips) is sitting out
Seat 1: mironchikvld ($114.03 in chips) 
Seat 2: MoRsCeReBruM ($100 in chips) 
Seat 5: TheRadgie ($105.24 in chips) 
Seat 6: 7bekon7 ($100 in chips) 
mironchikvld: posts small blind $0.50
MoRsCeReBruM: posts big blind $1
Christianzt1: sits out 
*** HOLE CARDS ***
TheRadgie: folds 
7bekon7: folds 
mironchikvld: folds 
Uncalled bet ($0.50) returned to MoRsCeReBruM
MoRsCeReBruM collected $1 from pot
MoRsCeReBruM: doesn't show hand 
*** SUMMARY ***
Total pot $1 | Rake $0 
Seat 3: Christianzt1
Seat 1: mironchikvld (small blind) folded before Flop
Seat 2: MoRsCeReBruM (big blind) collected ($1)
Seat 5: TheRadgie folded before Flop (didn't bet)
Seat 6: 7bekon7 (button) folded before Flop (didn't bet)



PokerStars Hand #254427760225:  Hold'em No Limit ($0.50/$1.00 USD) - 2025/01/18 6:30:19 WET [2025/01/18 1:30:19 ET]
Table 'Alfreda II' 6-max Seat #1 is the button
Seat 1: mironchikvld ($113.53 in chips) 
Seat 2: MoRsCeReBruM ($100.50 in chips) 
Seat 3: Christianzt1 ($100 in chips) 
Seat 5: TheRadgie ($105.24 in chips) 
Seat 6: 7bekon7 ($100 in chips) 
MoRsCeReBruM: posts small blind $0.50
Christianzt1: posts big blind $1
*** HOLE CARDS ***
TheRadgie: calls $1
7bekon7: folds 
mironchikvld: raises $4 to $5
MoRsCeReBruM: folds 
Christianzt1: folds 
TheRadgie: raises $11.50 to $16.50
mironchikvld: raises $97.03 to $113.53 and is all-in
TheRadgie: calls $88.74 and is all-in
Uncalled bet ($8.29) returned to mironchikvld
AlexEliseev7 joins the table at seat #4 
*** FLOP *** [9d 7c 4h]
*** TURN *** [9d 7c 4h] [6d]
*** RIVER *** [9d 7c 4h 6d] [7s]
*** SHOW DOWN ***
TheRadgie: shows [Qc Qs] (two pair, Queens and Sevens)
mironchikvld: shows [Ks Kd] (two pair, Kings and Sevens)
mironchikvld collected $209.48 from pot
*** SUMMARY ***
Total pot $211.98 | Rake $2.50 
Board [9d 7c 4h 6d 7s]
Seat 1: mironchikvld (button) showed [Ks Kd] and won ($209.48) with two pair, Kings and Sevens
Seat 2: MoRsCeReBruM (small blind) folded before Flop
Seat 3: Christianzt1 (big blind) folded before Flop
Seat 5: TheRadgie showed [Qc Qs] and lost with two pair, Queens and Sevens
Seat 6: 7bekon7 folded before Flop (didn't bet)



PokerStars Hand #254427764624:  Hold'em No Limit ($0.50/$1.00 USD) - 2025/01/18 6:31:10 WET [2025/01/18 1:31:10 ET]
Table 'Alfreda II' 6-max Seat #2 is the button
Seat 1: mironchikvld ($217.77 in chips) 
Seat 2: MoRsCeReBruM ($100 in chips) 
Seat 3: Christianzt1 ($100 in chips) 
Seat 4: AlexEliseev7 ($100 in chips) 
Seat 5: TheRadgie ($100 in chips) 
Seat 6: 7bekon7 ($100 in chips) 
Christianzt1: posts small blind $0.50
AlexEliseev7: posts big blind $1
*** HOLE CARDS ***
TheRadgie: folds 
7bekon7: folds 
TheRadgie leaves the table
mironchikvld: raises $2 to $3
MoRsCeReBruM: folds 
Christianzt1: folds 
AlexEliseev7: raises $10.50 to $13.50
mironchikvld: folds 
Uncalled bet ($10.50) returned to AlexEliseev7
AlexEliseev7 collected $6.50 from pot
AlexEliseev7: doesn't show hand 
*** SUMMARY ***
Total pot $6.50 | Rake $0 
Seat 1: mironchikvld folded before Flop
Seat 2: MoRsCeReBruM (button) folded before Flop (didn't bet)
Seat 3: Christianzt1 (small blind) folded before Flop
Seat 4: AlexEliseev7 (big blind) collected ($6.50)
Seat 5: TheRadgie folded before Flop (didn't bet)
Seat 6: 7bekon7 folded before Flop (didn't bet)



PokerStars Hand #254427768118:  Hold'em No Limit ($0.50/$1.00 USD) - 2025/01/18 6:31:51 WET [2025/01/18 1:31:51 ET]
Table 'Alfreda II' 6-max Seat #3 is the button
Seat 1: mironchikvld ($214.77 in chips) is sitting out
Seat 6: 7bekon7 ($100 in chips) is sitting out
Seat 2: MoRsCeReBruM ($100 in chips) 
Seat 3: Christianzt1 ($100 in chips) 
Seat 4: AlexEliseev7 ($103.50 in chips) 
AlexEliseev7: posts small blind $0.50
7bekon7: is sitting out 
mironchikvld: is sitting out 
MoRsCeReBruM: posts big blind $1
*** HOLE CARDS ***
7bekon7 leaves the table
Christianzt1: folds 
AlexEliseev7: folds 
Uncalled bet ($0.50) returned to MoRsCeReBruM
MoRsCeReBruM collected $1 from pot
MoRsCeReBruM: doesn't show hand 
*** SUMMARY ***
Total pot $1 | Rake $0 
Seat 1: mironchikvld
Seat 6: 7bekon7
Seat 2: MoRsCeReBruM (big blind) collected ($1)
Seat 3: Christianzt1 (button) folded before Flop (didn't bet)
Seat 4: AlexEliseev7 (small blind) folded before Flop



PokerStars Hand #254427768930:  Hold'em No Limit ($0.50/$1.00 USD) - 2025/01/18 6:32:00 WET [2025/01/18 1:32:00 ET]
Table 'Alfreda II' 6-max Seat #4 is the button
Seat 1: mironchikvld ($214.77 in chips) is sitting out
Seat 2: MoRsCeReBruM ($100.50 in chips) 
Seat 3: Christianzt1 ($100 in chips) 
Seat 4: AlexEliseev7 ($103 in chips) 
MoRsCeReBruM: posts small blind $0.50
Christianzt1: posts big blind $1
*** HOLE CARDS ***
AlexEliseev7: folds 
MoRsCeReBruM: raises $2 to $3
Christianzt1: folds 
Uncalled bet ($2) returned to MoRsCeReBruM
MoRsCeReBruM collected $2 from pot
MoRsCeReBruM: doesn't show hand 
*** SUMMARY ***
Total pot $2 | Rake $0 
Seat 1: mironchikvld
Seat 2: MoRsCeReBruM (small blind) collected ($2)
Seat 3: Christianzt1 (big blind) folded before Flop
Seat 4: AlexEliseev7 (button) folded before Flop (didn't bet)



PokerStars Hand #254427770338:  Hold'em No Limit ($0.50/$1.00 USD) - 2025/01/18 6:32:17 WET [2025/01/18 1:32:17 ET]
Table 'Alfreda II' 6-max Seat #2 is the button
Seat 1: mironchikvld ($214.77 in chips) is sitting out
Seat 2: MoRsCeReBruM ($101.50 in chips) 
Seat 3: Christianzt1 ($100 in chips) 
Seat 4: AlexEliseev7 ($103 in chips) 
Christianzt1: posts small blind $0.50
AlexEliseev7: posts big blind $1
*** HOLE CARDS ***
mironchikvld leaves the table
MoRsCeReBruM has timed out
MoRsCeReBruM: folds 
Christianzt1: raises $2 to $3
AlexEliseev7: raises $7 to $10
Christianzt1: folds 
Uncalled bet ($7) returned to AlexEliseev7
AlexEliseev7 collected $6 from pot
AlexEliseev7: doesn't show hand 
*** SUMMARY ***
Total pot $6 | Rake $0 
Seat 1: mironchikvld
Seat 2: MoRsCeReBruM (button) folded before Flop (didn't bet)
Seat 3: Christianzt1 (small blind) folded before Flop
Seat 4: AlexEliseev7 (big blind) collected ($6)



PokerStars Hand #254427801973:  Hold'em No Limit ($0.50/$1.00 USD) - 2025/01/18 6:38:24 WET [2025/01/18 1:38:24 ET]
Table 'Alfreda II' 6-max Seat #6 is the button
Seat 1: vezis3 ($100 in chips) 
Seat 2: MoRsCeReBruM ($101.50 in chips) 
Seat 6: eric2023happy ($49.11 in chips) 
vezis3: posts small blind $0.50
MoRsCeReBruM: posts big blind $1
*** HOLE CARDS ***
eric2023happy: raises $2.50 to $3.50
vezis3: folds 
MoRsCeReBruM: folds 
Uncalled bet ($2.50) returned to eric2023happy
eric2023happy collected $2.50 from pot
eric2023happy: doesn't show hand 
*** SUMMARY ***
Total pot $2.50 | Rake $0 
Seat 1: vezis3 (small blind) folded before Flop
Seat 2: MoRsCeReBruM (big blind) folded before Flop
Seat 6: eric2023happy (button) collected ($2.50)



PokerStars Hand #254427803015:  Hold'em No Limit ($0.50/$1.00 USD) - 2025/01/18 6:38:36 WET [2025/01/18 1:38:36 ET]
Table 'Alfreda II' 6-max Seat #1 is the button
Seat 1: vezis3 ($100 in chips) 
Seat 2: MoRsCeReBruM ($100.50 in chips) 
Seat 6: eric2023happy ($50.61 in chips) 
MoRsCeReBruM: posts small blind $0.50
eric2023happy: posts big blind $1
*** HOLE CARDS ***
vezis3: folds 
MoRsCeReBruM: raises $2 to $3
eric2023happy: folds 
Uncalled bet ($2) returned to MoRsCeReBruM
MoRsCeReBruM collected $2 from pot
MoRsCeReBruM: doesn't show hand 
*** SUMMARY ***
Total pot $2 | Rake $0 
Seat 1: vezis3 (button) folded before Flop (didn't bet)
Seat 2: MoRsCeReBruM (small blind) collected ($2)
Seat 6: eric2023happy (big blind) folded before Flop



PokerStars Hand #254427803995:  Hold'em No Limit ($0.50/$1.00 USD) - 2025/01/18 6:38:48 WET [2025/01/18 1:38:48 ET]
Table 'Alfreda II' 6-max Seat #2 is the button
Seat 1: vezis3 ($100 in chips) 
Seat 2: MoRsCeReBruM ($101.50 in chips) 
Seat 6: eric2023happy ($49.61 in chips) 
eric2023happy: posts small blind $0.50
vezis3: posts big blind $1
*** HOLE CARDS ***
MoRsCeReBruM: folds 
eric2023happy: folds 
Uncalled bet ($0.50) returned to vezis3
vezis3 collected $1 from pot
vezis3: doesn't show hand 
*** SUMMARY ***
Total pot $1 | Rake $0 
Seat 1: vezis3 (big blind) collected ($1)
Seat 2: MoRsCeReBruM (button) folded before Flop (didn't bet)
Seat 6: eric2023happy (small blind) folded before Flop



PokerStars Hand #254427804946:  Hold'em No Limit ($0.50/$1.00 USD) - 2025/01/18 6:38:59 WET [2025/01/18 1:38:59 ET]
Table 'Alfreda II' 6-max Seat #6 is the button
Seat 1: vezis3 ($100.50 in chips) 
Seat 2: MoRsCeReBruM ($101.50 in chips) 
Seat 6: eric2023happy ($49.11 in chips) 
vezis3: posts small blind $0.50
MoRsCeReBruM: posts big blind $1
*** HOLE CARDS ***
eric2023happy: folds 
vezis3: raises $2 to $3
MoRsCeReBruM: calls $2
*** FLOP *** [8c Jh 4d]
vezis3: bets $1.88
MoRsCeReBruM: folds 
Uncalled bet ($1.88) returned to vezis3
vezis3 collected $5.70 from pot
vezis3: doesn't show hand 
*** SUMMARY ***
Total pot $6 | Rake $0.30 
Board [8c Jh 4d]
Seat 1: vezis3 (small blind) collected ($5.70)
Seat 2: MoRsCeReBruM (big blind) folded on the Flop
Seat 6: eric2023happy (button) folded before Flop (didn't bet)



PokerStars Hand #254427808143:  Hold'em No Limit ($0.50/$1.00 USD) - 2025/01/18 6:39:35 WET [2025/01/18 1:39:35 ET]
Table 'Alfreda II' 6-max Seat #1 is the button
Seat 1: vezis3 ($103.20 in chips) 
Seat 2: MoRsCeReBruM ($100 in chips) 
Seat 6: eric2023happy ($49.11 in chips) 
MoRsCeReBruM: posts small blind $0.50
eric2023happy: posts big blind $1
*** HOLE CARDS ***
vezis3: raises $1.40 to $2.40
MoRsCeReBruM: raises $8.60 to $11
eric2023happy: calls $10
vezis3: folds 
*** FLOP *** [3s Ks Js]
MoRsCeReBruM: bets $7.72
eric2023happy: raises $30.39 to $38.11 and is all-in
MoRsCeReBruM: calls $30.39
*** TURN *** [3s Ks Js] [8d]
*** RIVER *** [3s Ks Js 8d] [4d]
*** SHOW DOWN ***
MoRsCeReBruM: shows [As Ah] (a pair of Aces)
eric2023happy: shows [9d 9s] (a pair of Nines)
CashfishT joins the table at seat #3 
MoRsCeReBruM collected $99.62 from pot
*** SUMMARY ***
Total pot $100.62 | Rake $1 
Board [3s Ks Js 8d 4d]
Seat 1: vezis3 (button) folded before Flop
Seat 2: MoRsCeReBruM (small blind) showed [As Ah] and won ($99.62) with a pair of Aces
Seat 6: eric2023happy (big blind) showed [9d 9s] and lost with a pair of Nines



