PokerStars Hand #254427061482:  Hold'em No Limit ($0.50/$1.00 USD) - 2025/01/18 5:52:52 WET [2025/01/18 0:52:52 ET]
Table 'Jokaste III' 6-max Seat #6 is the button
Seat 1: tukeiron ($163.87 in chips) 
Seat 2: HenriqueCHEW ($84.57 in chips) 
Seat 3: MoRsCeReBruM ($100 in chips) 
Seat 4: CashfishT ($173.93 in chips) 
Seat 5: LuckyShikari ($100 in chips) 
Seat 6: AlexEliseev7 ($129.88 in chips) 
tukeiron: posts small blind $0.50
HenriqueCHEW: posts big blind $1
*** HOLE CARDS ***
MoRsCeReBruM: raises $1 to $2
CashfishT: folds 
LuckyShikari: calls $2
AlexEliseev7: folds 
tukeiron: folds 
HenriqueCHEW: raises $6.50 to $8.50
MoRsCeReBruM: folds 
LuckyShikari: calls $6.50
*** FLOP *** [Jc Kd Ts]
HenriqueCHEW: bets $18.52
LuckyShikari: calls $18.52
*** TURN *** [Jc Kd Ts] [6c]
HenriqueCHEW: checks 
LuckyShikari: bets $13
HenriqueCHEW: calls $13
*** RIVER *** [Jc Kd Ts 6c] [7s]
HenriqueCHEW: bets $44.55 and is all-in
LuckyShikari: calls $44.55
*** SHOW DOWN ***
HenriqueCHEW: shows [Qd Js] (a pair of Jacks)
LuckyShikari: shows [As Qs] (a straight, Ten to Ace)
LuckyShikari collected $169.14 from pot
*** SUMMARY ***
Total pot $171.64 | Rake $2.50 
Board [Jc Kd Ts 6c 7s]
Seat 1: tukeiron (small blind) folded before Flop
Seat 2: HenriqueCHEW (big blind) showed [Qd Js] and lost with a pair of Jacks
Seat 3: MoRsCeReBruM folded before Flop
Seat 4: CashfishT folded before Flop (didn't bet)
Seat 5: LuckyShikari showed [As Qs] and won ($169.14) with a straight, Ten to Ace
Seat 6: AlexEliseev7 (button) folded before Flop (didn't bet)



PokerStars Hand #254427068666:  Hold'em No Limit ($0.50/$1.00 USD) - 2025/01/18 5:54:09 WET [2025/01/18 0:54:09 ET]
Table 'Jokaste III' 6-max Seat #1 is the button
Seat 2: HenriqueCHEW ($0 in chips) is sitting out
Seat 1: tukeiron ($163.37 in chips) 
Seat 3: MoRsCeReBruM ($100 in chips) 
Seat 4: CashfishT ($173.93 in chips) 
Seat 5: LuckyShikari ($184.57 in chips) 
Seat 6: AlexEliseev7 ($129.88 in chips) 
MoRsCeReBruM: posts small blind $0.50
CashfishT: posts big blind $1
*** HOLE CARDS ***
HenriqueCHEW is disconnected 
LuckyShikari: raises $1.50 to $2.50
AlexEliseev7: folds 
tukeiron: folds 
MoRsCeReBruM: folds 
CashfishT: calls $1.50
*** FLOP *** [4s 4c 4d]
CashfishT: checks 
LuckyShikari: bets $3.03
CashfishT: calls $3.03
*** TURN *** [4s 4c 4d] [As]
CashfishT: checks 
LuckyShikari: checks 
*** RIVER *** [4s 4c 4d As] [3s]
CashfishT: bets $13.73
LuckyShikari: folds 
Uncalled bet ($13.73) returned to CashfishT
CashfishT collected $10.98 from pot
CashfishT: doesn't show hand 
*** SUMMARY ***
Total pot $11.56 | Rake $0.58 
Board [4s 4c 4d As 3s]
Seat 2: HenriqueCHEW
Seat 1: tukeiron (button) folded before Flop (didn't bet)
Seat 3: MoRsCeReBruM (small blind) folded before Flop
Seat 4: CashfishT (big blind) collected ($10.98)
Seat 5: LuckyShikari folded on the River
Seat 6: AlexEliseev7 folded before Flop (didn't bet)



PokerStars Hand #254427074823:  Hold'em No Limit ($0.50/$1.00 USD) - 2025/01/18 5:55:14 WET [2025/01/18 0:55:14 ET]
Table 'Jokaste III' 6-max Seat #3 is the button
Seat 2: HenriqueCHEW ($0 in chips) is sitting out
Seat 1: tukeiron ($163.37 in chips) 
Seat 3: MoRsCeReBruM ($100 in chips) 
Seat 4: CashfishT ($179.38 in chips) 
Seat 5: LuckyShikari ($179.04 in chips) 
Seat 6: AlexEliseev7 ($129.88 in chips) 
CashfishT: posts small blind $0.50
LuckyShikari: posts big blind $1
*** HOLE CARDS ***
AlexEliseev7: folds 
tukeiron: raises $1.50 to $2.50
MoRsCeReBruM: folds 
CashfishT: folds 
LuckyShikari: folds 
Uncalled bet ($1.50) returned to tukeiron
tukeiron collected $2.50 from pot
*** SUMMARY ***
Total pot $2.50 | Rake $0 
Seat 2: HenriqueCHEW
Seat 1: tukeiron collected ($2.50)
Seat 3: MoRsCeReBruM (button) folded before Flop (didn't bet)
Seat 4: CashfishT (small blind) folded before Flop
Seat 5: LuckyShikari (big blind) folded before Flop
Seat 6: AlexEliseev7 folded before Flop (didn't bet)



PokerStars Hand #254427076329:  Hold'em No Limit ($0.50/$1.00 USD) - 2025/01/18 5:55:33 WET [2025/01/18 0:55:33 ET]
Table 'Jokaste III' 6-max Seat #4 is the button
Seat 2: HenriqueCHEW ($0 in chips) is sitting out
Seat 1: tukeiron ($164.87 in chips) 
Seat 3: MoRsCeReBruM ($100 in chips) 
Seat 4: CashfishT ($178.88 in chips) 
Seat 5: LuckyShikari ($178.04 in chips) 
Seat 6: AlexEliseev7 ($129.88 in chips) 
LuckyShikari: posts small blind $0.50
AlexEliseev7: posts big blind $1
*** HOLE CARDS ***
tukeiron: folds 
MoRsCeReBruM: raises $1.20 to $2.20
CashfishT: raises $4.80 to $7
LuckyShikari: folds 
AlexEliseev7: folds 
MoRsCeReBruM: folds 
Uncalled bet ($4.80) returned to CashfishT
CashfishT collected $5.90 from pot
CashfishT: doesn't show hand 
*** SUMMARY ***
Total pot $5.90 | Rake $0 
Seat 2: HenriqueCHEW
Seat 1: tukeiron folded before Flop (didn't bet)
Seat 3: MoRsCeReBruM folded before Flop
Seat 4: CashfishT (button) collected ($5.90)
Seat 5: LuckyShikari (small blind) folded before Flop
Seat 6: AlexEliseev7 (big blind) folded before Flop



PokerStars Hand #254427078362:  Hold'em No Limit ($0.50/$1.00 USD) - 2025/01/18 5:55:58 WET [2025/01/18 0:55:58 ET]
Table 'Jokaste III' 6-max Seat #5 is the button
Seat 2: HenriqueCHEW ($0 in chips) is sitting out
Seat 1: tukeiron ($164.87 in chips) 
Seat 3: MoRsCeReBruM ($100 in chips) 
Seat 4: CashfishT ($182.58 in chips) 
Seat 5: LuckyShikari ($177.54 in chips) 
Seat 6: AlexEliseev7 ($128.88 in chips) 
AlexEliseev7: posts small blind $0.50
tukeiron: posts big blind $1
*** HOLE CARDS ***
MoRsCeReBruM: folds 
CashfishT: raises $1.20 to $2.20
LuckyShikari: calls $2.20
AlexEliseev7: raises $12.30 to $14.50
tukeiron: folds 
CashfishT: calls $12.30
LuckyShikari: folds 
*** FLOP *** [Qs Ad 9h]
AlexEliseev7: checks 
CashfishT: bets $10.09
AlexEliseev7: calls $10.09
*** TURN *** [Qs Ad 9h] [2c]
AlexEliseev7: checks 
CashfishT: checks 
*** RIVER *** [Qs Ad 9h 2c] [Kc]
AlexEliseev7: checks 
CashfishT: checks 
*** SHOW DOWN ***
AlexEliseev7: shows [Th Ah] (a pair of Aces)
CashfishT: mucks hand 
AlexEliseev7 collected $49.88 from pot
*** SUMMARY ***
Total pot $52.38 | Rake $2.50 
Board [Qs Ad 9h 2c Kc]
Seat 2: HenriqueCHEW
Seat 1: tukeiron (big blind) folded before Flop
Seat 3: MoRsCeReBruM folded before Flop (didn't bet)
Seat 4: CashfishT mucked
Seat 5: LuckyShikari (button) folded before Flop
Seat 6: AlexEliseev7 (small blind) showed [Th Ah] and won ($49.88) with a pair of Aces



PokerStars Hand #254427086727:  Hold'em No Limit ($0.50/$1.00 USD) - 2025/01/18 5:57:41 WET [2025/01/18 0:57:41 ET]
Table 'Jokaste III' 6-max Seat #6 is the button
Seat 2: HenriqueCHEW ($0 in chips) is sitting out
Seat 3: MoRsCeReBruM ($100 in chips) is sitting out
Seat 1: tukeiron ($163.87 in chips) 
Seat 4: CashfishT ($157.99 in chips) 
Seat 5: LuckyShikari ($175.34 in chips) 
Seat 6: AlexEliseev7 ($154.17 in chips) 
tukeiron: posts small blind $0.50
MoRsCeReBruM: is sitting out 
CashfishT: posts big blind $1
*** HOLE CARDS ***
MoRsCeReBruM leaves the table
LuckyShikari: raises $1.25 to $2.25
AlexEliseev7: raises $6.75 to $9
tukeiron: folds 
CashfishT: folds 
LuckyShikari: folds 
Uncalled bet ($6.75) returned to AlexEliseev7
tukeiron leaves the table
AlexEliseev7 collected $6 from pot
AlexEliseev7: doesn't show hand 
*** SUMMARY ***
Total pot $6 | Rake $0 
Seat 2: HenriqueCHEW
Seat 3: MoRsCeReBruM
Seat 1: tukeiron (small blind) folded before Flop
Seat 4: CashfishT (big blind) folded before Flop
Seat 5: LuckyShikari folded before Flop
Seat 6: AlexEliseev7 (button) collected ($6)



PokerStars Hand #254427088400:  Hold'em No Limit ($0.50/$1.00 USD) - 2025/01/18 5:58:02 WET [2025/01/18 0:58:02 ET]
Table 'Jokaste III' 6-max Seat #5 is the button
Seat 2: HenriqueCHEW ($0 in chips) is sitting out
Seat 6: AlexEliseev7 ($157.92 in chips) is sitting out
Seat 4: CashfishT ($156.99 in chips) 
Seat 5: LuckyShikari ($173.09 in chips) 
LuckyShikari: posts small blind $0.50
AlexEliseev7: is sitting out 
CashfishT: posts big blind $1
*** HOLE CARDS ***
AlexEliseev7 leaves the table
LuckyShikari: raises $1.25 to $2.25
CashfishT: folds 
Uncalled bet ($1.25) returned to LuckyShikari
LuckyShikari collected $2 from pot
LuckyShikari: doesn't show hand 
*** SUMMARY ***
Total pot $2 | Rake $0 
Seat 2: HenriqueCHEW
Seat 6: AlexEliseev7
Seat 4: CashfishT (big blind) folded before Flop
Seat 5: LuckyShikari (button) (small blind) collected ($2)



PokerStars Hand #254427595673:  Hold'em No Limit ($0.50/$1.00 USD) - 2025/01/18 5:59:32 WET [2025/01/18 0:59:32 ET]
Table 'Jokaste III' 6-max Seat #4 is the button
Seat 2: HenriqueCHEW ($0 in chips) is sitting out
Seat 3: JoeBlack_MS ($100 in chips) is sitting out
Seat 4: CashfishT ($155.99 in chips) 
Seat 5: LuckyShikari ($174.09 in chips) 
CashfishT: posts small blind $0.50
LuckyShikari: posts big blind $1
*** HOLE CARDS ***
CashfishT: raises $1.20 to $2.20
LuckyShikari: calls $1.20
*** FLOP *** [7d 5h Qs]
LuckyShikari: checks 
CashfishT: bets $1.38
LuckyShikari: folds 
Uncalled bet ($1.38) returned to CashfishT
CashfishT collected $4.18 from pot
CashfishT: doesn't show hand 
*** SUMMARY ***
Total pot $4.40 | Rake $0.22 
Board [7d 5h Qs]
Seat 2: HenriqueCHEW
Seat 3: JoeBlack_MS
Seat 4: CashfishT (button) (small blind) collected ($4.18)
Seat 5: LuckyShikari (big blind) folded on the Flop



PokerStars Hand #254426963148:  Hold'em No Limit ($0.50/$1.00 USD) - 2025/01/18 5:36:02 WET [2025/01/18 0:36:02 ET]
Table 'Jokaste III' 6-max Seat #6 is the button
Seat 1: tukeiron ($112.99 in chips) 
Seat 2: HenriqueCHEW ($123.91 in chips) 
Seat 3: Timonessb ($100 in chips) 
Seat 4: CashfishT ($117.20 in chips) 
Seat 5: zeek9966 ($112.85 in chips) 
Seat 6: AlexEliseev7 ($113.94 in chips) 
tukeiron: posts small blind $0.50
HenriqueCHEW: posts big blind $1
*** HOLE CARDS ***
Timonessb: folds 
CashfishT: folds 
zeek9966: folds 
AlexEliseev7: folds 
tukeiron: folds 
Uncalled bet ($0.50) returned to HenriqueCHEW
HenriqueCHEW collected $1 from pot
HenriqueCHEW: doesn't show hand 
*** SUMMARY ***
Total pot $1 | Rake $0 
Seat 1: tukeiron (small blind) folded before Flop
Seat 2: HenriqueCHEW (big blind) collected ($1)
Seat 3: Timonessb folded before Flop (didn't bet)
Seat 4: CashfishT folded before Flop (didn't bet)
Seat 5: zeek9966 folded before Flop (didn't bet)
Seat 6: AlexEliseev7 (button) folded before Flop (didn't bet)



PokerStars Hand #254426964216:  Hold'em No Limit ($0.50/$1.00 USD) - 2025/01/18 5:36:13 WET [2025/01/18 0:36:13 ET]
Table 'Jokaste III' 6-max Seat #1 is the button
Seat 1: tukeiron ($112.49 in chips) 
Seat 2: HenriqueCHEW ($124.41 in chips) 
Seat 3: Timonessb ($100 in chips) 
Seat 4: CashfishT ($117.20 in chips) 
Seat 5: zeek9966 ($112.85 in chips) 
Seat 6: AlexEliseev7 ($113.94 in chips) 
HenriqueCHEW: posts small blind $0.50
Timonessb: posts big blind $1
*** HOLE CARDS ***
CashfishT: folds 
zeek9966: folds 
AlexEliseev7: folds 
tukeiron: raises $1.50 to $2.50
HenriqueCHEW: calls $2
Timonessb: folds 
*** FLOP *** [2c 2h 6h]
HenriqueCHEW: checks 
tukeiron: checks 
*** TURN *** [2c 2h 6h] [Tc]
HenriqueCHEW: checks 
tukeiron: checks 
*** RIVER *** [2c 2h 6h Tc] [Jd]
HenriqueCHEW: bets $5.70
tukeiron: folds 
Uncalled bet ($5.70) returned to HenriqueCHEW
HenriqueCHEW collected $5.70 from pot
HenriqueCHEW: doesn't show hand 
*** SUMMARY ***
Total pot $6 | Rake $0.30 
Board [2c 2h 6h Tc Jd]
Seat 1: tukeiron (button) folded on the River
Seat 2: HenriqueCHEW (small blind) collected ($5.70)
Seat 3: Timonessb (big blind) folded before Flop
Seat 4: CashfishT folded before Flop (didn't bet)
Seat 5: zeek9966 folded before Flop (didn't bet)
Seat 6: AlexEliseev7 folded before Flop (didn't bet)



PokerStars Hand #254426973053:  Hold'em No Limit ($0.50/$1.00 USD) - 2025/01/18 5:37:42 WET [2025/01/18 0:37:42 ET]
Table 'Jokaste III' 6-max Seat #2 is the button
Seat 1: tukeiron ($109.99 in chips) 
Seat 2: HenriqueCHEW ($127.61 in chips) 
Seat 3: Timonessb ($100 in chips) 
Seat 4: CashfishT ($117.20 in chips) 
Seat 5: zeek9966 ($112.85 in chips) 
Seat 6: AlexEliseev7 ($113.94 in chips) 
Timonessb: posts small blind $0.50
CashfishT: posts big blind $1
*** HOLE CARDS ***
zeek9966: folds 
AlexEliseev7: raises $1.50 to $2.50
tukeiron: folds 
HenriqueCHEW: folds 
Timonessb: raises $9.50 to $12
CashfishT: folds 
AlexEliseev7: folds 
Uncalled bet ($9.50) returned to Timonessb
Timonessb collected $6 from pot
Timonessb: doesn't show hand 
*** SUMMARY ***
Total pot $6 | Rake $0 
Seat 1: tukeiron folded before Flop (didn't bet)
Seat 2: HenriqueCHEW (button) folded before Flop (didn't bet)
Seat 3: Timonessb (small blind) collected ($6)
Seat 4: CashfishT (big blind) folded before Flop
Seat 5: zeek9966 folded before Flop (didn't bet)
Seat 6: AlexEliseev7 folded before Flop



PokerStars Hand #254426976444:  Hold'em No Limit ($0.50/$1.00 USD) - 2025/01/18 5:38:16 WET [2025/01/18 0:38:16 ET]
Table 'Jokaste III' 6-max Seat #3 is the button
Seat 1: tukeiron ($109.99 in chips) 
Seat 2: HenriqueCHEW ($127.61 in chips) 
Seat 3: Timonessb ($103.50 in chips) 
Seat 4: CashfishT ($116.20 in chips) 
Seat 5: zeek9966 ($112.85 in chips) 
Seat 6: AlexEliseev7 ($111.44 in chips) 
CashfishT: posts small blind $0.50
zeek9966: posts big blind $1
*** HOLE CARDS ***
AlexEliseev7: folds 
tukeiron: folds 
HenriqueCHEW: folds 
Timonessb: folds 
CashfishT: folds 
Uncalled bet ($0.50) returned to zeek9966
zeek9966 collected $1 from pot
*** SUMMARY ***
Total pot $1 | Rake $0 
Seat 1: tukeiron folded before Flop (didn't bet)
Seat 2: HenriqueCHEW folded before Flop (didn't bet)
Seat 3: Timonessb (button) folded before Flop (didn't bet)
Seat 4: CashfishT (small blind) folded before Flop
Seat 5: zeek9966 (big blind) collected ($1)
Seat 6: AlexEliseev7 folded before Flop (didn't bet)



PokerStars Hand #254426977740:  Hold'em No Limit ($0.50/$1.00 USD) - 2025/01/18 5:38:30 WET [2025/01/18 0:38:30 ET]
Table 'Jokaste III' 6-max Seat #4 is the button
Seat 1: tukeiron ($109.99 in chips) 
Seat 2: HenriqueCHEW ($127.61 in chips) 
Seat 3: Timonessb ($103.50 in chips) 
Seat 4: CashfishT ($115.70 in chips) 
Seat 5: zeek9966 ($113.35 in chips) 
Seat 6: AlexEliseev7 ($111.44 in chips) 
zeek9966: posts small blind $0.50
AlexEliseev7: posts big blind $1
*** HOLE CARDS ***
tukeiron: folds 
HenriqueCHEW: folds 
Timonessb: folds 
CashfishT: folds 
zeek9966: calls $0.50
AlexEliseev7: raises $3.50 to $4.50
zeek9966: calls $3.50
*** FLOP *** [Td 6c Ah]
zeek9966: checks 
AlexEliseev7: checks 
*** TURN *** [Td 6c Ah] [Js]
zeek9966: checks 
AlexEliseev7: checks 
*** RIVER *** [Td 6c Ah Js] [2c]
zeek9966: checks 
AlexEliseev7: checks 
*** SHOW DOWN ***
zeek9966: shows [5h Qh] (high card Ace)
AlexEliseev7: shows [4c 4d] (a pair of Fours)
AlexEliseev7 collected $8.55 from pot
*** SUMMARY ***
Total pot $9 | Rake $0.45 
Board [Td 6c Ah Js 2c]
Seat 1: tukeiron folded before Flop (didn't bet)
Seat 2: HenriqueCHEW folded before Flop (didn't bet)
Seat 3: Timonessb folded before Flop (didn't bet)
Seat 4: CashfishT (button) folded before Flop (didn't bet)
Seat 5: zeek9966 (small blind) showed [5h Qh] and lost with high card Ace
Seat 6: AlexEliseev7 (big blind) showed [4c 4d] and won ($8.55) with a pair of Fours



PokerStars Hand #254426982965:  Hold'em No Limit ($0.50/$1.00 USD) - 2025/01/18 5:39:22 WET [2025/01/18 0:39:22 ET]
Table 'Jokaste III' 6-max Seat #5 is the button
Seat 1: tukeiron ($109.99 in chips) 
Seat 2: HenriqueCHEW ($127.61 in chips) 
Seat 3: Timonessb ($103.50 in chips) 
Seat 4: CashfishT ($115.70 in chips) 
Seat 5: zeek9966 ($108.85 in chips) 
Seat 6: AlexEliseev7 ($115.49 in chips) 
AlexEliseev7: posts small blind $0.50
tukeiron: posts big blind $1
*** HOLE CARDS ***
HenriqueCHEW: folds 
Timonessb: folds 
CashfishT: folds 
zeek9966: folds 
AlexEliseev7: raises $2 to $3
tukeiron: calls $2
*** FLOP *** [8c 9d 9h]
AlexEliseev7: checks 
tukeiron: bets $1.43
AlexEliseev7: raises $6.68 to $8.11
tukeiron: raises $15.39 to $23.50
AlexEliseev7: folds 
Uncalled bet ($15.39) returned to tukeiron
tukeiron collected $21.11 from pot
*** SUMMARY ***
Total pot $22.22 | Rake $1.11 
Board [8c 9d 9h]
Seat 1: tukeiron (big blind) collected ($21.11)
Seat 2: HenriqueCHEW folded before Flop (didn't bet)
Seat 3: Timonessb folded before Flop (didn't bet)
Seat 4: CashfishT folded before Flop (didn't bet)
Seat 5: zeek9966 (button) folded before Flop (didn't bet)
Seat 6: AlexEliseev7 (small blind) folded on the Flop



PokerStars Hand #254426989217:  Hold'em No Limit ($0.50/$1.00 USD) - 2025/01/18 5:40:25 WET [2025/01/18 0:40:25 ET]
Table 'Jokaste III' 6-max Seat #6 is the button
Seat 1: tukeiron ($119.99 in chips) 
Seat 2: HenriqueCHEW ($127.61 in chips) 
Seat 3: Timonessb ($103.50 in chips) 
Seat 4: CashfishT ($115.70 in chips) 
Seat 5: zeek9966 ($108.85 in chips) 
Seat 6: AlexEliseev7 ($104.38 in chips) 
tukeiron: posts small blind $0.50
HenriqueCHEW: posts big blind $1
*** HOLE CARDS ***
Timonessb: folds 
CashfishT: folds 
Timonessb leaves the table
zeek9966: raises $2 to $3
MoRsCeReBruM joins the table at seat #3 
AlexEliseev7: calls $3
tukeiron: folds 
HenriqueCHEW: folds 
*** FLOP *** [Js Ah 9c]
zeek9966: checks 
AlexEliseev7: checks 
*** TURN *** [Js Ah 9c] [Qc]
zeek9966: checks 
AlexEliseev7: checks 
*** RIVER *** [Js Ah 9c Qc] [7d]
zeek9966: bets $5.85
AlexEliseev7: folds 
Uncalled bet ($5.85) returned to zeek9966
zeek9966 collected $7.12 from pot
*** SUMMARY ***
Total pot $7.50 | Rake $0.38 
Board [Js Ah 9c Qc 7d]
Seat 1: tukeiron (small blind) folded before Flop
Seat 2: HenriqueCHEW (big blind) folded before Flop
Seat 3: Timonessb folded before Flop (didn't bet)
Seat 4: CashfishT folded before Flop (didn't bet)
Seat 5: zeek9966 collected ($7.12)
Seat 6: AlexEliseev7 (button) folded on the River



PokerStars Hand #254426994552:  Hold'em No Limit ($0.50/$1.00 USD) - 2025/01/18 5:41:20 WET [2025/01/18 0:41:20 ET]
Table 'Jokaste III' 6-max Seat #1 is the button
Seat 1: tukeiron ($119.49 in chips) 
Seat 2: HenriqueCHEW ($126.61 in chips) 
Seat 3: MoRsCeReBruM ($100 in chips) 
Seat 4: CashfishT ($115.70 in chips) 
Seat 5: zeek9966 ($112.97 in chips) 
Seat 6: AlexEliseev7 ($101.38 in chips) 
HenriqueCHEW: posts small blind $0.50
MoRsCeReBruM: posts big blind $1
*** HOLE CARDS ***
CashfishT: folds 
zeek9966: folds 
AlexEliseev7: folds 
tukeiron: folds 
HenriqueCHEW: folds 
Uncalled bet ($0.50) returned to MoRsCeReBruM
MoRsCeReBruM collected $1 from pot
MoRsCeReBruM: doesn't show hand 
*** SUMMARY ***
Total pot $1 | Rake $0 
Seat 1: tukeiron (button) folded before Flop (didn't bet)
Seat 2: HenriqueCHEW (small blind) folded before Flop
Seat 3: MoRsCeReBruM (big blind) collected ($1)
Seat 4: CashfishT folded before Flop (didn't bet)
Seat 5: zeek9966 folded before Flop (didn't bet)
Seat 6: AlexEliseev7 folded before Flop (didn't bet)



PokerStars Hand #254426996042:  Hold'em No Limit ($0.50/$1.00 USD) - 2025/01/18 5:41:35 WET [2025/01/18 0:41:35 ET]
Table 'Jokaste III' 6-max Seat #2 is the button
Seat 1: tukeiron ($119.49 in chips) 
Seat 2: HenriqueCHEW ($126.11 in chips) 
Seat 3: MoRsCeReBruM ($100.50 in chips) 
Seat 4: CashfishT ($115.70 in chips) 
Seat 5: zeek9966 ($112.97 in chips) 
Seat 6: AlexEliseev7 ($101.38 in chips) 
MoRsCeReBruM: posts small blind $0.50
CashfishT: posts big blind $1
*** HOLE CARDS ***
zeek9966: folds 
AlexEliseev7: raises $1.50 to $2.50
tukeiron: folds 
HenriqueCHEW: folds 
MoRsCeReBruM: folds 
CashfishT: folds 
Uncalled bet ($1.50) returned to AlexEliseev7
AlexEliseev7 collected $2.50 from pot
AlexEliseev7: doesn't show hand 
*** SUMMARY ***
Total pot $2.50 | Rake $0 
Seat 1: tukeiron folded before Flop (didn't bet)
Seat 2: HenriqueCHEW (button) folded before Flop (didn't bet)
Seat 3: MoRsCeReBruM (small blind) folded before Flop
Seat 4: CashfishT (big blind) folded before Flop
Seat 5: zeek9966 folded before Flop (didn't bet)
Seat 6: AlexEliseev7 collected ($2.50)



PokerStars Hand #254426998947:  Hold'em No Limit ($0.50/$1.00 USD) - 2025/01/18 5:42:04 WET [2025/01/18 0:42:04 ET]
Table 'Jokaste III' 6-max Seat #3 is the button
Seat 1: tukeiron ($119.49 in chips) 
Seat 2: HenriqueCHEW ($126.11 in chips) 
Seat 3: MoRsCeReBruM ($100 in chips) 
Seat 4: CashfishT ($114.70 in chips) 
Seat 5: zeek9966 ($112.97 in chips) 
Seat 6: AlexEliseev7 ($102.88 in chips) 
CashfishT: posts small blind $0.50
zeek9966: posts big blind $1
*** HOLE CARDS ***
AlexEliseev7: folds 
tukeiron: folds 
HenriqueCHEW: folds 
MoRsCeReBruM: folds 
CashfishT: folds 
Uncalled bet ($0.50) returned to zeek9966
zeek9966 collected $1 from pot
*** SUMMARY ***
Total pot $1 | Rake $0 
Seat 1: tukeiron folded before Flop (didn't bet)
Seat 2: HenriqueCHEW folded before Flop (didn't bet)
Seat 3: MoRsCeReBruM (button) folded before Flop (didn't bet)
Seat 4: CashfishT (small blind) folded before Flop
Seat 5: zeek9966 (big blind) collected ($1)
Seat 6: AlexEliseev7 folded before Flop (didn't bet)



PokerStars Hand #254427001351:  Hold'em No Limit ($0.50/$1.00 USD) - 2025/01/18 5:42:29 WET [2025/01/18 0:42:29 ET]
Table 'Jokaste III' 6-max Seat #4 is the button
Seat 1: tukeiron ($119.49 in chips) 
Seat 2: HenriqueCHEW ($126.11 in chips) 
Seat 3: MoRsCeReBruM ($100 in chips) 
Seat 4: CashfishT ($114.20 in chips) 
Seat 5: zeek9966 ($113.47 in chips) 
Seat 6: AlexEliseev7 ($102.88 in chips) 
zeek9966: posts small blind $0.50
AlexEliseev7: posts big blind $1
*** HOLE CARDS ***
tukeiron: folds 
HenriqueCHEW: folds 
MoRsCeReBruM: raises $1.20 to $2.20
CashfishT: raises $5.30 to $7.50
zeek9966: calls $7
AlexEliseev7: folds 
MoRsCeReBruM: folds 
*** FLOP *** [2d Js 7c]
zeek9966: checks 
CashfishT: bets $8.65
zeek9966: calls $8.65
*** TURN *** [2d Js 7c] [Jc]
zeek9966: checks 
CashfishT: checks 
*** RIVER *** [2d Js 7c Jc] [Td]
zeek9966: bets $17.84
CashfishT: calls $17.84
*** SHOW DOWN ***
zeek9966: shows [8d 8h] (two pair, Jacks and Eights)
CashfishT: shows [Qd Qh] (two pair, Queens and Jacks)
CashfishT collected $68.68 from pot
*** SUMMARY ***
Total pot $71.18 | Rake $2.50 
Board [2d Js 7c Jc Td]
Seat 1: tukeiron folded before Flop (didn't bet)
Seat 2: HenriqueCHEW folded before Flop (didn't bet)
Seat 3: MoRsCeReBruM folded before Flop
Seat 4: CashfishT (button) showed [Qd Qh] and won ($68.68) with two pair, Queens and Jacks
Seat 5: zeek9966 (small blind) showed [8d 8h] and lost with two pair, Jacks and Eights
Seat 6: AlexEliseev7 (big blind) folded before Flop



PokerStars Hand #254427009455:  Hold'em No Limit ($0.50/$1.00 USD) - 2025/01/18 5:43:52 WET [2025/01/18 0:43:52 ET]
Table 'Jokaste III' 6-max Seat #5 is the button
Seat 1: tukeiron ($119.49 in chips) 
Seat 2: HenriqueCHEW ($126.11 in chips) 
Seat 3: MoRsCeReBruM ($100 in chips) 
Seat 4: CashfishT ($148.89 in chips) 
Seat 5: zeek9966 ($79.48 in chips) 
Seat 6: AlexEliseev7 ($101.88 in chips) 
AlexEliseev7: posts small blind $0.50
tukeiron: posts big blind $1
*** HOLE CARDS ***
HenriqueCHEW: folds 
MoRsCeReBruM: folds 
CashfishT: folds 
zeek9966: calls $1
AlexEliseev7: folds 
tukeiron: raises $4.50 to $5.50
zeek9966: calls $4.50
*** FLOP *** [6c Tc Jh]
tukeiron: bets $4.37
zeek9966: folds 
Uncalled bet ($4.37) returned to tukeiron
tukeiron collected $10.92 from pot
*** SUMMARY ***
Total pot $11.50 | Rake $0.58 
Board [6c Tc Jh]
Seat 1: tukeiron (big blind) collected ($10.92)
Seat 2: HenriqueCHEW folded before Flop (didn't bet)
Seat 3: MoRsCeReBruM folded before Flop (didn't bet)
Seat 4: CashfishT folded before Flop (didn't bet)
Seat 5: zeek9966 (button) folded on the Flop
Seat 6: AlexEliseev7 (small blind) folded before Flop



PokerStars Hand #254427012003:  Hold'em No Limit ($0.50/$1.00 USD) - 2025/01/18 5:44:17 WET [2025/01/18 0:44:17 ET]
Table 'Jokaste III' 6-max Seat #6 is the button
Seat 1: tukeiron ($124.91 in chips) 
Seat 2: HenriqueCHEW ($126.11 in chips) 
Seat 3: MoRsCeReBruM ($100 in chips) 
Seat 4: CashfishT ($148.89 in chips) 
Seat 5: zeek9966 ($73.98 in chips) 
Seat 6: AlexEliseev7 ($101.38 in chips) 
tukeiron: posts small blind $0.50
HenriqueCHEW: posts big blind $1
*** HOLE CARDS ***
MoRsCeReBruM: raises $1 to $2
CashfishT: calls $2
zeek9966: folds 
AlexEliseev7: raises $10 to $12
tukeiron: folds 
HenriqueCHEW: calls $11
MoRsCeReBruM: folds 
CashfishT: calls $10
*** FLOP *** [7s 7d 6c]
HenriqueCHEW: checks 
CashfishT: checks 
AlexEliseev7: bets $12.07
HenriqueCHEW: folds 
CashfishT: calls $12.07
*** TURN *** [7s 7d 6c] [8c]
CashfishT: checks 
AlexEliseev7: checks 
*** RIVER *** [7s 7d 6c 8c] [6d]
CashfishT: bets $124.82 and is all-in
AlexEliseev7: folds 
Uncalled bet ($124.82) returned to CashfishT
CashfishT collected $60.14 from pot
CashfishT: doesn't show hand 
*** SUMMARY ***
Total pot $62.64 | Rake $2.50 
Board [7s 7d 6c 8c 6d]
Seat 1: tukeiron (small blind) folded before Flop
Seat 2: HenriqueCHEW (big blind) folded on the Flop
Seat 3: MoRsCeReBruM folded before Flop
Seat 4: CashfishT collected ($60.14)
Seat 5: zeek9966 folded before Flop (didn't bet)
Seat 6: AlexEliseev7 (button) folded on the River



PokerStars Hand #254427024618:  Hold'em No Limit ($0.50/$1.00 USD) - 2025/01/18 5:46:27 WET [2025/01/18 0:46:27 ET]
Table 'Jokaste III' 6-max Seat #1 is the button
Seat 3: MoRsCeReBruM ($100 in chips) is sitting out
Seat 1: tukeiron ($124.41 in chips) 
Seat 2: HenriqueCHEW ($114.11 in chips) 
Seat 4: CashfishT ($184.96 in chips) 
Seat 5: zeek9966 ($73.98 in chips) 
Seat 6: AlexEliseev7 ($100 in chips) 
HenriqueCHEW: posts small blind $0.50
MoRsCeReBruM: is sitting out 
CashfishT: posts big blind $1
*** HOLE CARDS ***
zeek9966: folds 
AlexEliseev7: folds 
tukeiron: folds 
HenriqueCHEW: folds 
Uncalled bet ($0.50) returned to CashfishT
CashfishT collected $1 from pot
CashfishT: doesn't show hand 
*** SUMMARY ***
Total pot $1 | Rake $0 
Seat 3: MoRsCeReBruM
Seat 1: tukeiron (button) folded before Flop (didn't bet)
Seat 2: HenriqueCHEW (small blind) folded before Flop
Seat 4: CashfishT (big blind) collected ($1)
Seat 5: zeek9966 folded before Flop (didn't bet)
Seat 6: AlexEliseev7 folded before Flop (didn't bet)



PokerStars Hand #254427025788:  Hold'em No Limit ($0.50/$1.00 USD) - 2025/01/18 5:46:40 WET [2025/01/18 0:46:40 ET]
Table 'Jokaste III' 6-max Seat #2 is the button
Seat 3: MoRsCeReBruM ($100 in chips) is sitting out
Seat 1: tukeiron ($124.41 in chips) 
Seat 2: HenriqueCHEW ($113.61 in chips) 
Seat 4: CashfishT ($185.46 in chips) 
Seat 5: zeek9966 ($73.98 in chips) 
Seat 6: AlexEliseev7 ($100 in chips) 
CashfishT: posts small blind $0.50
zeek9966: posts big blind $1
*** HOLE CARDS ***
AlexEliseev7: folds 
tukeiron: folds 
HenriqueCHEW: folds 
CashfishT: folds 
Uncalled bet ($0.50) returned to zeek9966
zeek9966 collected $1 from pot
*** SUMMARY ***
Total pot $1 | Rake $0 
Seat 3: MoRsCeReBruM
Seat 1: tukeiron folded before Flop (didn't bet)
Seat 2: HenriqueCHEW (button) folded before Flop (didn't bet)
Seat 4: CashfishT (small blind) folded before Flop
Seat 5: zeek9966 (big blind) collected ($1)
Seat 6: AlexEliseev7 folded before Flop (didn't bet)



PokerStars Hand #254427027353:  Hold'em No Limit ($0.50/$1.00 USD) - 2025/01/18 5:46:56 WET [2025/01/18 0:46:56 ET]
Table 'Jokaste III' 6-max Seat #4 is the button
Seat 3: MoRsCeReBruM ($100 in chips) is sitting out
Seat 1: tukeiron ($124.41 in chips) 
Seat 2: HenriqueCHEW ($113.61 in chips) 
Seat 4: CashfishT ($184.96 in chips) 
Seat 5: zeek9966 ($74.48 in chips) 
Seat 6: AlexEliseev7 ($100 in chips) 
zeek9966: posts small blind $0.50
AlexEliseev7: posts big blind $1
MoRsCeReBruM: sits out 
*** HOLE CARDS ***
tukeiron: folds 
HenriqueCHEW: folds 
CashfishT: raises $1.20 to $2.20
zeek9966: calls $1.70
AlexEliseev7: calls $1.20
*** FLOP *** [5c 8c Qh]
zeek9966: checks 
AlexEliseev7: checks 
CashfishT: checks 
*** TURN *** [5c 8c Qh] [4c]
zeek9966: checks 
AlexEliseev7: bets $2.07
CashfishT: calls $2.07
zeek9966: folds 
*** RIVER *** [5c 8c Qh 4c] [Ks]
AlexEliseev7: checks 
CashfishT: bets $10
AlexEliseev7: folds 
Uncalled bet ($10) returned to CashfishT
CashfishT collected $10.20 from pot
CashfishT: doesn't show hand 
*** SUMMARY ***
Total pot $10.74 | Rake $0.54 
Board [5c 8c Qh 4c Ks]
Seat 3: MoRsCeReBruM
Seat 1: tukeiron folded before Flop (didn't bet)
Seat 2: HenriqueCHEW folded before Flop (didn't bet)
Seat 4: CashfishT (button) collected ($10.20)
Seat 5: zeek9966 (small blind) folded on the Turn
Seat 6: AlexEliseev7 (big blind) folded on the River



PokerStars Hand #254427033212:  Hold'em No Limit ($0.50/$1.00 USD) - 2025/01/18 5:47:58 WET [2025/01/18 0:47:58 ET]
Table 'Jokaste III' 6-max Seat #5 is the button
Seat 3: MoRsCeReBruM ($100 in chips) is sitting out
Seat 1: tukeiron ($124.41 in chips) 
Seat 2: HenriqueCHEW ($113.61 in chips) 
Seat 4: CashfishT ($190.89 in chips) 
Seat 5: zeek9966 ($72.28 in chips) 
Seat 6: AlexEliseev7 ($100 in chips) 
AlexEliseev7: posts small blind $0.50
tukeiron: posts big blind $1
MoRsCeReBruM: sits out 
*** HOLE CARDS ***
HenriqueCHEW: folds 
CashfishT: folds 
zeek9966: raises $2 to $3
AlexEliseev7: folds 
tukeiron: raises $12 to $15
zeek9966: calls $12
*** FLOP *** [8d 4h Ah]
tukeiron: bets $11.59
zeek9966: calls $11.59
*** TURN *** [8d 4h Ah] [Td]
tukeiron: bets $46
zeek9966: folds 
Uncalled bet ($46) returned to tukeiron
tukeiron collected $51.18 from pot
*** SUMMARY ***
Total pot $53.68 | Rake $2.50 
Board [8d 4h Ah Td]
Seat 3: MoRsCeReBruM
Seat 1: tukeiron (big blind) collected ($51.18)
Seat 2: HenriqueCHEW folded before Flop (didn't bet)
Seat 4: CashfishT folded before Flop (didn't bet)
Seat 5: zeek9966 (button) folded on the Turn
Seat 6: AlexEliseev7 (small blind) folded before Flop



PokerStars Hand #254427038236:  Hold'em No Limit ($0.50/$1.00 USD) - 2025/01/18 5:48:50 WET [2025/01/18 0:48:50 ET]
Table 'Jokaste III' 6-max Seat #6 is the button
Seat 3: MoRsCeReBruM ($100 in chips) is sitting out
Seat 1: tukeiron ($149 in chips) 
Seat 2: HenriqueCHEW ($113.61 in chips) 
Seat 4: CashfishT ($190.89 in chips) 
Seat 5: zeek9966 ($45.69 in chips) 
Seat 6: AlexEliseev7 ($100 in chips) 
tukeiron: posts small blind $0.50
HenriqueCHEW: posts big blind $1
MoRsCeReBruM: sits out 
*** HOLE CARDS ***
CashfishT: raises $1.20 to $2.20
zeek9966: folds 
AlexEliseev7: folds 
tukeiron: folds 
zeek9966 leaves the table
HenriqueCHEW: calls $1.20
*** FLOP *** [3s Kc Js]
HenriqueCHEW: checks 
CashfishT: bets $1.54
HenriqueCHEW: calls $1.54
*** TURN *** [3s Kc Js] [As]
HenriqueCHEW: checks 
LuckyShikari joins the table at seat #5 
CashfishT: checks 
*** RIVER *** [3s Kc Js As] [3c]
HenriqueCHEW: bets $7.58
CashfishT: folds 
Uncalled bet ($7.58) returned to HenriqueCHEW
HenriqueCHEW collected $7.58 from pot
HenriqueCHEW: doesn't show hand 
*** SUMMARY ***
Total pot $7.98 | Rake $0.40 
Board [3s Kc Js As 3c]
Seat 3: MoRsCeReBruM
Seat 1: tukeiron (small blind) folded before Flop
Seat 2: HenriqueCHEW (big blind) collected ($7.58)
Seat 4: CashfishT folded on the River
Seat 5: zeek9966 folded before Flop (didn't bet)
Seat 6: AlexEliseev7 (button) folded before Flop (didn't bet)



PokerStars Hand #254427042719:  Hold'em No Limit ($0.50/$1.00 USD) - 2025/01/18 5:49:36 WET [2025/01/18 0:49:36 ET]
Table 'Jokaste III' 6-max Seat #1 is the button
Seat 5: LuckyShikari ($100 in chips) is sitting out
Seat 1: tukeiron ($148.50 in chips) 
Seat 2: HenriqueCHEW ($117.45 in chips) 
Seat 3: MoRsCeReBruM ($100 in chips) 
Seat 4: CashfishT ($187.15 in chips) 
Seat 6: AlexEliseev7 ($100 in chips) 
HenriqueCHEW: posts small blind $0.50
MoRsCeReBruM: posts big blind $1
LuckyShikari: sits out 
*** HOLE CARDS ***
CashfishT: raises $1.20 to $2.20
AlexEliseev7: folds 
tukeiron: folds 
HenriqueCHEW: folds 
MoRsCeReBruM: folds 
Uncalled bet ($1.20) returned to CashfishT
CashfishT collected $2.50 from pot
CashfishT: doesn't show hand 
*** SUMMARY ***
Total pot $2.50 | Rake $0 
Seat 5: LuckyShikari
Seat 1: tukeiron (button) folded before Flop (didn't bet)
Seat 2: HenriqueCHEW (small blind) folded before Flop
Seat 3: MoRsCeReBruM (big blind) folded before Flop
Seat 4: CashfishT collected ($2.50)
Seat 6: AlexEliseev7 folded before Flop (didn't bet)



PokerStars Hand #254427044285:  Hold'em No Limit ($0.50/$1.00 USD) - 2025/01/18 5:49:53 WET [2025/01/18 0:49:53 ET]
Table 'Jokaste III' 6-max Seat #2 is the button
Seat 5: LuckyShikari ($100 in chips) is sitting out
Seat 1: tukeiron ($148.50 in chips) 
Seat 2: HenriqueCHEW ($116.95 in chips) 
Seat 3: MoRsCeReBruM ($100 in chips) 
Seat 4: CashfishT ($188.65 in chips) 
Seat 6: AlexEliseev7 ($100 in chips) 
MoRsCeReBruM: posts small blind $0.50
CashfishT: posts big blind $1
LuckyShikari: sits out 
*** HOLE CARDS ***
AlexEliseev7: folds 
tukeiron: raises $1.50 to $2.50
HenriqueCHEW: folds 
MoRsCeReBruM: folds 
CashfishT: folds 
Uncalled bet ($1.50) returned to tukeiron
tukeiron collected $2.50 from pot
*** SUMMARY ***
Total pot $2.50 | Rake $0 
Seat 5: LuckyShikari
Seat 1: tukeiron collected ($2.50)
Seat 2: HenriqueCHEW (button) folded before Flop (didn't bet)
Seat 3: MoRsCeReBruM (small blind) folded before Flop
Seat 4: CashfishT (big blind) folded before Flop
Seat 6: AlexEliseev7 folded before Flop (didn't bet)



PokerStars Hand #254427045572:  Hold'em No Limit ($0.50/$1.00 USD) - 2025/01/18 5:50:06 WET [2025/01/18 0:50:06 ET]
Table 'Jokaste III' 6-max Seat #3 is the button
Seat 1: tukeiron ($150 in chips) 
Seat 2: HenriqueCHEW ($116.95 in chips) 
Seat 3: MoRsCeReBruM ($100 in chips) 
Seat 4: CashfishT ($187.65 in chips) 
Seat 5: LuckyShikari ($100 in chips) 
Seat 6: AlexEliseev7 ($100 in chips) 
CashfishT: posts small blind $0.50
LuckyShikari: posts big blind $1
*** HOLE CARDS ***
AlexEliseev7: folds 
tukeiron: raises $1.50 to $2.50
HenriqueCHEW: folds 
MoRsCeReBruM: folds 
CashfishT: folds 
LuckyShikari: folds 
Uncalled bet ($1.50) returned to tukeiron
tukeiron collected $2.50 from pot
*** SUMMARY ***
Total pot $2.50 | Rake $0 
Seat 1: tukeiron collected ($2.50)
Seat 2: HenriqueCHEW folded before Flop (didn't bet)
Seat 3: MoRsCeReBruM (button) folded before Flop (didn't bet)
Seat 4: CashfishT (small blind) folded before Flop
Seat 5: LuckyShikari (big blind) folded before Flop
Seat 6: AlexEliseev7 folded before Flop (didn't bet)



PokerStars Hand #254427047628:  Hold'em No Limit ($0.50/$1.00 USD) - 2025/01/18 5:50:27 WET [2025/01/18 0:50:27 ET]
Table 'Jokaste III' 6-max Seat #4 is the button
Seat 1: tukeiron ($151.50 in chips) 
Seat 2: HenriqueCHEW ($116.95 in chips) 
Seat 3: MoRsCeReBruM ($100 in chips) 
Seat 4: CashfishT ($187.15 in chips) 
Seat 5: LuckyShikari ($100 in chips) 
Seat 6: AlexEliseev7 ($100 in chips) 
LuckyShikari: posts small blind $0.50
AlexEliseev7: posts big blind $1
*** HOLE CARDS ***
tukeiron: folds 
HenriqueCHEW: raises $1 to $2
MoRsCeReBruM: folds 
CashfishT: folds 
LuckyShikari: folds 
AlexEliseev7: raises $9 to $11
HenriqueCHEW: calls $9
*** FLOP *** [7h Qd 4h]
AlexEliseev7: checks 
HenriqueCHEW: checks 
*** TURN *** [7h Qd 4h] [6d]
AlexEliseev7: checks 
HenriqueCHEW: checks 
*** RIVER *** [7h Qd 4h 6d] [9h]
AlexEliseev7: checks 
HenriqueCHEW: bets $21.38
AlexEliseev7: raises $67.62 to $89 and is all-in
HenriqueCHEW: folds 
Uncalled bet ($67.62) returned to AlexEliseev7
AlexEliseev7 collected $62.76 from pot
AlexEliseev7: doesn't show hand 
*** SUMMARY ***
Total pot $65.26 | Rake $2.50 
Board [7h Qd 4h 6d 9h]
Seat 1: tukeiron folded before Flop (didn't bet)
Seat 2: HenriqueCHEW folded on the River
Seat 3: MoRsCeReBruM folded before Flop (didn't bet)
Seat 4: CashfishT (button) folded before Flop (didn't bet)
Seat 5: LuckyShikari (small blind) folded before Flop
Seat 6: AlexEliseev7 (big blind) collected ($62.76)



PokerStars Hand #254427057205:  Hold'em No Limit ($0.50/$1.00 USD) - 2025/01/18 5:52:06 WET [2025/01/18 0:52:06 ET]
Table 'Jokaste III' 6-max Seat #5 is the button
Seat 1: tukeiron ($151.50 in chips) 
Seat 2: HenriqueCHEW ($84.57 in chips) 
Seat 3: MoRsCeReBruM ($100 in chips) 
Seat 4: CashfishT ($187.15 in chips) 
Seat 5: LuckyShikari ($100 in chips) 
Seat 6: AlexEliseev7 ($130.38 in chips) 
AlexEliseev7: posts small blind $0.50
tukeiron: posts big blind $1
*** HOLE CARDS ***
HenriqueCHEW: folds 
MoRsCeReBruM: folds 
CashfishT: raises $1.20 to $2.20
LuckyShikari: folds 
AlexEliseev7: folds 
tukeiron: calls $1.20
*** FLOP *** [3d Qc 9h]
tukeiron: checks 
CashfishT: bets $1.54
tukeiron: calls $1.54
*** TURN *** [3d Qc 9h] [As]
tukeiron: checks 
CashfishT: bets $9.48
tukeiron: calls $9.48
*** RIVER *** [3d Qc 9h As] [Js]
tukeiron: checks 
CashfishT: checks 
*** SHOW DOWN ***
tukeiron: shows [Ad Jh] (two pair, Aces and Jacks)
CashfishT: mucks hand 
tukeiron collected $25.59 from pot
*** SUMMARY ***
Total pot $26.94 | Rake $1.35 
Board [3d Qc 9h As Js]
Seat 1: tukeiron (big blind) showed [Ad Jh] and won ($25.59) with two pair, Aces and Jacks
Seat 2: HenriqueCHEW folded before Flop (didn't bet)
Seat 3: MoRsCeReBruM folded before Flop (didn't bet)
Seat 4: CashfishT mucked
Seat 5: LuckyShikari (button) folded before Flop (didn't bet)
Seat 6: AlexEliseev7 (small blind) folded before Flop



PokerStars Hand #254426871886:  Hold'em No Limit ($0.50/$1.00 USD) - 2025/01/18 5:21:13 WET [2025/01/18 0:21:13 ET]
Table 'Jokaste III' 6-max Seat #2 is the button
Seat 6: AlexEliseev7 ($100 in chips) is sitting out
Seat 1: tukeiron ($100 in chips) 
Seat 2: HenriqueCHEW ($130.93 in chips) 
Seat 3: Timonessb ($100 in chips) 
Seat 4: CashfishT ($100 in chips) 
Seat 5: zeek9966 ($106.38 in chips) 
Timonessb: posts small blind $0.50
CashfishT: posts big blind $1
AlexEliseev7: sits out 
*** HOLE CARDS ***
zeek9966: folds 
tukeiron: folds 
HenriqueCHEW: raises $2 to $3
Timonessb: folds 
CashfishT: calls $2
*** FLOP *** [Jh 8h 4h]
CashfishT: checks 
HenriqueCHEW: bets $7.18
CashfishT: folds 
Uncalled bet ($7.18) returned to HenriqueCHEW
HenriqueCHEW collected $6.18 from pot
HenriqueCHEW: doesn't show hand 
*** SUMMARY ***
Total pot $6.50 | Rake $0.32 
Board [Jh 8h 4h]
Seat 6: AlexEliseev7
Seat 1: tukeiron folded before Flop (didn't bet)
Seat 2: HenriqueCHEW (button) collected ($6.18)
Seat 3: Timonessb (small blind) folded before Flop
Seat 4: CashfishT (big blind) folded on the Flop
Seat 5: zeek9966 folded before Flop (didn't bet)



PokerStars Hand #254426874949:  Hold'em No Limit ($0.50/$1.00 USD) - 2025/01/18 5:21:42 WET [2025/01/18 0:21:42 ET]
Table 'Jokaste III' 6-max Seat #3 is the button
Seat 6: AlexEliseev7 ($100 in chips) is sitting out
Seat 1: tukeiron ($100 in chips) 
Seat 2: HenriqueCHEW ($134.11 in chips) 
Seat 3: Timonessb ($100 in chips) 
Seat 4: CashfishT ($100 in chips) 
Seat 5: zeek9966 ($106.38 in chips) 
CashfishT: posts small blind $0.50
zeek9966: posts big blind $1
AlexEliseev7: sits out 
*** HOLE CARDS ***
tukeiron: folds 
HenriqueCHEW: folds 
Timonessb: raises $1.50 to $2.50
CashfishT: folds 
zeek9966: folds 
Uncalled bet ($1.50) returned to Timonessb
Timonessb collected $2.50 from pot
Timonessb: doesn't show hand 
*** SUMMARY ***
Total pot $2.50 | Rake $0 
Seat 6: AlexEliseev7
Seat 1: tukeiron folded before Flop (didn't bet)
Seat 2: HenriqueCHEW folded before Flop (didn't bet)
Seat 3: Timonessb (button) collected ($2.50)
Seat 4: CashfishT (small blind) folded before Flop
Seat 5: zeek9966 (big blind) folded before Flop



PokerStars Hand #254426877346:  Hold'em No Limit ($0.50/$1.00 USD) - 2025/01/18 5:22:05 WET [2025/01/18 0:22:05 ET]
Table 'Jokaste III' 6-max Seat #4 is the button
Seat 1: tukeiron ($100 in chips) 
Seat 2: HenriqueCHEW ($134.11 in chips) 
Seat 3: Timonessb ($101.50 in chips) 
Seat 4: CashfishT ($100 in chips) 
Seat 5: zeek9966 ($105.38 in chips) 
Seat 6: AlexEliseev7 ($100 in chips) 
zeek9966: posts small blind $0.50
AlexEliseev7: posts big blind $1
*** HOLE CARDS ***
tukeiron: raises $4 to $5
HenriqueCHEW: folds 
Timonessb: folds 
CashfishT: folds 
zeek9966: folds 
AlexEliseev7: folds 
Uncalled bet ($4) returned to tukeiron
tukeiron collected $2.50 from pot
*** SUMMARY ***
Total pot $2.50 | Rake $0 
Seat 1: tukeiron collected ($2.50)
Seat 2: HenriqueCHEW folded before Flop (didn't bet)
Seat 3: Timonessb folded before Flop (didn't bet)
Seat 4: CashfishT (button) folded before Flop (didn't bet)
Seat 5: zeek9966 (small blind) folded before Flop
Seat 6: AlexEliseev7 (big blind) folded before Flop



PokerStars Hand #254426879101:  Hold'em No Limit ($0.50/$1.00 USD) - 2025/01/18 5:22:22 WET [2025/01/18 0:22:22 ET]
Table 'Jokaste III' 6-max Seat #5 is the button
Seat 1: tukeiron ($101.50 in chips) 
Seat 2: HenriqueCHEW ($134.11 in chips) 
Seat 3: Timonessb ($101.50 in chips) 
Seat 4: CashfishT ($100 in chips) 
Seat 5: zeek9966 ($104.88 in chips) 
Seat 6: AlexEliseev7 ($100 in chips) 
AlexEliseev7: posts small blind $0.50
tukeiron: posts big blind $1
*** HOLE CARDS ***
HenriqueCHEW: folds 
Timonessb: raises $1.30 to $2.30
CashfishT: folds 
zeek9966: folds 
AlexEliseev7: raises $8.70 to $11
tukeiron: folds 
Timonessb: folds 
Uncalled bet ($8.70) returned to AlexEliseev7
AlexEliseev7 collected $5.60 from pot
AlexEliseev7: doesn't show hand 
*** SUMMARY ***
Total pot $5.60 | Rake $0 
Seat 1: tukeiron (big blind) folded before Flop
Seat 2: HenriqueCHEW folded before Flop (didn't bet)
Seat 3: Timonessb folded before Flop
Seat 4: CashfishT folded before Flop (didn't bet)
Seat 5: zeek9966 (button) folded before Flop (didn't bet)
Seat 6: AlexEliseev7 (small blind) collected ($5.60)



PokerStars Hand #254426881884:  Hold'em No Limit ($0.50/$1.00 USD) - 2025/01/18 5:22:48 WET [2025/01/18 0:22:48 ET]
Table 'Jokaste III' 6-max Seat #6 is the button
Seat 1: tukeiron ($100.50 in chips) 
Seat 2: HenriqueCHEW ($134.11 in chips) 
Seat 3: Timonessb ($100 in chips) 
Seat 4: CashfishT ($100 in chips) 
Seat 5: zeek9966 ($104.88 in chips) 
Seat 6: AlexEliseev7 ($103.30 in chips) 
tukeiron: posts small blind $0.50
HenriqueCHEW: posts big blind $1
*** HOLE CARDS ***
Timonessb: folds 
CashfishT: raises $1.20 to $2.20
zeek9966: folds 
AlexEliseev7: folds 
tukeiron: folds 
HenriqueCHEW: folds 
Uncalled bet ($1.20) returned to CashfishT
CashfishT collected $2.50 from pot
CashfishT: doesn't show hand 
*** SUMMARY ***
Total pot $2.50 | Rake $0 
Seat 1: tukeiron (small blind) folded before Flop
Seat 2: HenriqueCHEW (big blind) folded before Flop
Seat 3: Timonessb folded before Flop (didn't bet)
Seat 4: CashfishT collected ($2.50)
Seat 5: zeek9966 folded before Flop (didn't bet)
Seat 6: AlexEliseev7 (button) folded before Flop (didn't bet)



PokerStars Hand #254426883830:  Hold'em No Limit ($0.50/$1.00 USD) - 2025/01/18 5:23:08 WET [2025/01/18 0:23:08 ET]
Table 'Jokaste III' 6-max Seat #1 is the button
Seat 1: tukeiron ($100 in chips) 
Seat 2: HenriqueCHEW ($133.11 in chips) 
Seat 3: Timonessb ($100 in chips) 
Seat 4: CashfishT ($101.50 in chips) 
Seat 5: zeek9966 ($104.88 in chips) 
Seat 6: AlexEliseev7 ($103.30 in chips) 
HenriqueCHEW: posts small blind $0.50
Timonessb: posts big blind $1
*** HOLE CARDS ***
CashfishT: folds 
zeek9966: raises $2 to $3
AlexEliseev7: raises $5 to $8
tukeiron: folds 
HenriqueCHEW: folds 
Timonessb: folds 
zeek9966: calls $5
*** FLOP *** [Qd Jh 5s]
zeek9966: checks 
AlexEliseev7: bets $5.48
zeek9966: calls $5.48
*** TURN *** [Qd Jh 5s] [4c]
zeek9966: checks 
AlexEliseev7: bets $21.09
zeek9966: folds 
Uncalled bet ($21.09) returned to AlexEliseev7
AlexEliseev7 collected $27.04 from pot
AlexEliseev7: doesn't show hand 
*** SUMMARY ***
Total pot $28.46 | Rake $1.42 
Board [Qd Jh 5s 4c]
Seat 1: tukeiron (button) folded before Flop (didn't bet)
Seat 2: HenriqueCHEW (small blind) folded before Flop
Seat 3: Timonessb (big blind) folded before Flop
Seat 4: CashfishT folded before Flop (didn't bet)
Seat 5: zeek9966 folded on the Turn
Seat 6: AlexEliseev7 collected ($27.04)



PokerStars Hand #254426890805:  Hold'em No Limit ($0.50/$1.00 USD) - 2025/01/18 5:24:16 WET [2025/01/18 0:24:16 ET]
Table 'Jokaste III' 6-max Seat #2 is the button
Seat 1: tukeiron ($100 in chips) 
Seat 2: HenriqueCHEW ($132.61 in chips) 
Seat 3: Timonessb ($100 in chips) 
Seat 4: CashfishT ($101.50 in chips) 
Seat 5: zeek9966 ($91.40 in chips) 
Seat 6: AlexEliseev7 ($116.86 in chips) 
Timonessb: posts small blind $0.50
CashfishT: posts big blind $1
*** HOLE CARDS ***
zeek9966: folds 
AlexEliseev7: folds 
tukeiron: folds 
HenriqueCHEW: raises $1 to $2
Timonessb: folds 
CashfishT: folds 
Uncalled bet ($1) returned to HenriqueCHEW
HenriqueCHEW collected $2.50 from pot
HenriqueCHEW: doesn't show hand 
*** SUMMARY ***
Total pot $2.50 | Rake $0 
Seat 1: tukeiron folded before Flop (didn't bet)
Seat 2: HenriqueCHEW (button) collected ($2.50)
Seat 3: Timonessb (small blind) folded before Flop
Seat 4: CashfishT (big blind) folded before Flop
Seat 5: zeek9966 folded before Flop (didn't bet)
Seat 6: AlexEliseev7 folded before Flop (didn't bet)



PokerStars Hand #254426892429:  Hold'em No Limit ($0.50/$1.00 USD) - 2025/01/18 5:24:31 WET [2025/01/18 0:24:31 ET]
Table 'Jokaste III' 6-max Seat #3 is the button
Seat 1: tukeiron ($100 in chips) 
Seat 2: HenriqueCHEW ($134.11 in chips) 
Seat 3: Timonessb ($100 in chips) 
Seat 4: CashfishT ($100.50 in chips) 
Seat 5: zeek9966 ($91.40 in chips) 
Seat 6: AlexEliseev7 ($116.86 in chips) 
CashfishT: posts small blind $0.50
zeek9966: posts big blind $1
*** HOLE CARDS ***
AlexEliseev7: folds 
tukeiron: folds 
HenriqueCHEW: folds 
Timonessb: folds 
CashfishT: folds 
Uncalled bet ($0.50) returned to zeek9966
zeek9966 collected $1 from pot
*** SUMMARY ***
Total pot $1 | Rake $0 
Seat 1: tukeiron folded before Flop (didn't bet)
Seat 2: HenriqueCHEW folded before Flop (didn't bet)
Seat 3: Timonessb (button) folded before Flop (didn't bet)
Seat 4: CashfishT (small blind) folded before Flop
Seat 5: zeek9966 (big blind) collected ($1)
Seat 6: AlexEliseev7 folded before Flop (didn't bet)



PokerStars Hand #254426893391:  Hold'em No Limit ($0.50/$1.00 USD) - 2025/01/18 5:24:41 WET [2025/01/18 0:24:41 ET]
Table 'Jokaste III' 6-max Seat #4 is the button
Seat 1: tukeiron ($100 in chips) 
Seat 2: HenriqueCHEW ($134.11 in chips) 
Seat 3: Timonessb ($100 in chips) 
Seat 4: CashfishT ($100 in chips) 
Seat 5: zeek9966 ($91.90 in chips) 
Seat 6: AlexEliseev7 ($116.86 in chips) 
zeek9966: posts small blind $0.50
AlexEliseev7: posts big blind $1
*** HOLE CARDS ***
tukeiron: folds 
HenriqueCHEW: folds 
Timonessb: folds 
CashfishT: folds 
zeek9966: calls $0.50
AlexEliseev7: checks 
*** FLOP *** [7d 4h Jc]
zeek9966: bets $1
AlexEliseev7: raises $3.04 to $4.04
zeek9966: calls $3.04
*** TURN *** [7d 4h Jc] [Kc]
zeek9966: checks 
AlexEliseev7: checks 
*** RIVER *** [7d 4h Jc Kc] [Js]
zeek9966: checks 
AlexEliseev7: checks 
*** SHOW DOWN ***
zeek9966: shows [8c 4c] (two pair, Jacks and Fours)
AlexEliseev7: shows [7s 6s] (two pair, Jacks and Sevens)
AlexEliseev7 collected $9.58 from pot
*** SUMMARY ***
Total pot $10.08 | Rake $0.50 
Board [7d 4h Jc Kc Js]
Seat 1: tukeiron folded before Flop (didn't bet)
Seat 2: HenriqueCHEW folded before Flop (didn't bet)
Seat 3: Timonessb folded before Flop (didn't bet)
Seat 4: CashfishT (button) folded before Flop (didn't bet)
Seat 5: zeek9966 (small blind) showed [8c 4c] and lost with two pair, Jacks and Fours
Seat 6: AlexEliseev7 (big blind) showed [7s 6s] and won ($9.58) with two pair, Jacks and Sevens



PokerStars Hand #254426898590:  Hold'em No Limit ($0.50/$1.00 USD) - 2025/01/18 5:25:30 WET [2025/01/18 0:25:30 ET]
Table 'Jokaste III' 6-max Seat #5 is the button
Seat 1: tukeiron ($100 in chips) 
Seat 2: HenriqueCHEW ($134.11 in chips) 
Seat 3: Timonessb ($100 in chips) 
Seat 4: CashfishT ($100 in chips) 
Seat 5: zeek9966 ($86.86 in chips) 
Seat 6: AlexEliseev7 ($121.40 in chips) 
AlexEliseev7: posts small blind $0.50
tukeiron: posts big blind $1
*** HOLE CARDS ***
HenriqueCHEW: folds 
Timonessb: folds 
CashfishT: folds 
zeek9966: folds 
AlexEliseev7: folds 
Uncalled bet ($0.50) returned to tukeiron
tukeiron collected $1 from pot
*** SUMMARY ***
Total pot $1 | Rake $0 
Seat 1: tukeiron (big blind) collected ($1)
Seat 2: HenriqueCHEW folded before Flop (didn't bet)
Seat 3: Timonessb folded before Flop (didn't bet)
Seat 4: CashfishT folded before Flop (didn't bet)
Seat 5: zeek9966 (button) folded before Flop (didn't bet)
Seat 6: AlexEliseev7 (small blind) folded before Flop



PokerStars Hand #254426899854:  Hold'em No Limit ($0.50/$1.00 USD) - 2025/01/18 5:25:43 WET [2025/01/18 0:25:43 ET]
Table 'Jokaste III' 6-max Seat #6 is the button
Seat 1: tukeiron ($100.50 in chips) 
Seat 2: HenriqueCHEW ($134.11 in chips) 
Seat 3: Timonessb ($100 in chips) 
Seat 4: CashfishT ($100 in chips) 
Seat 5: zeek9966 ($86.86 in chips) 
Seat 6: AlexEliseev7 ($120.90 in chips) 
tukeiron: posts small blind $0.50
HenriqueCHEW: posts big blind $1
*** HOLE CARDS ***
Timonessb: folds 
CashfishT: raises $1.20 to $2.20
zeek9966: folds 
AlexEliseev7: folds 
tukeiron: folds 
HenriqueCHEW: folds 
Uncalled bet ($1.20) returned to CashfishT
CashfishT collected $2.50 from pot
CashfishT: doesn't show hand 
*** SUMMARY ***
Total pot $2.50 | Rake $0 
Seat 1: tukeiron (small blind) folded before Flop
Seat 2: HenriqueCHEW (big blind) folded before Flop
Seat 3: Timonessb folded before Flop (didn't bet)
Seat 4: CashfishT collected ($2.50)
Seat 5: zeek9966 folded before Flop (didn't bet)
Seat 6: AlexEliseev7 (button) folded before Flop (didn't bet)



PokerStars Hand #254426902267:  Hold'em No Limit ($0.50/$1.00 USD) - 2025/01/18 5:26:05 WET [2025/01/18 0:26:05 ET]
Table 'Jokaste III' 6-max Seat #1 is the button
Seat 1: tukeiron ($100 in chips) 
Seat 2: HenriqueCHEW ($133.11 in chips) 
Seat 3: Timonessb ($100 in chips) 
Seat 4: CashfishT ($101.50 in chips) 
Seat 5: zeek9966 ($86.86 in chips) 
Seat 6: AlexEliseev7 ($120.90 in chips) 
HenriqueCHEW: posts small blind $0.50
Timonessb: posts big blind $1
*** HOLE CARDS ***
CashfishT: raises $1.20 to $2.20
zeek9966: folds 
AlexEliseev7: raises $5.30 to $7.50
tukeiron: folds 
HenriqueCHEW: folds 
Timonessb: folds 
CashfishT: folds 
Uncalled bet ($5.30) returned to AlexEliseev7
AlexEliseev7 collected $5.90 from pot
AlexEliseev7: doesn't show hand 
*** SUMMARY ***
Total pot $5.90 | Rake $0 
Seat 1: tukeiron (button) folded before Flop (didn't bet)
Seat 2: HenriqueCHEW (small blind) folded before Flop
Seat 3: Timonessb (big blind) folded before Flop
Seat 4: CashfishT folded before Flop
Seat 5: zeek9966 folded before Flop (didn't bet)
Seat 6: AlexEliseev7 collected ($5.90)



PokerStars Hand #254426905411:  Hold'em No Limit ($0.50/$1.00 USD) - 2025/01/18 5:26:36 WET [2025/01/18 0:26:36 ET]
Table 'Jokaste III' 6-max Seat #2 is the button
Seat 1: tukeiron ($100 in chips) 
Seat 2: HenriqueCHEW ($132.61 in chips) 
Seat 3: Timonessb ($100 in chips) 
Seat 4: CashfishT ($100 in chips) 
Seat 5: zeek9966 ($86.86 in chips) 
Seat 6: AlexEliseev7 ($124.60 in chips) 
Timonessb: posts small blind $0.50
CashfishT: posts big blind $1
*** HOLE CARDS ***
zeek9966: folds 
AlexEliseev7: raises $1.50 to $2.50
tukeiron: folds 
HenriqueCHEW: raises $1.50 to $4
Timonessb: folds 
CashfishT: raises $12 to $16
AlexEliseev7: folds 
HenriqueCHEW: folds 
Uncalled bet ($12) returned to CashfishT
CashfishT collected $11 from pot
CashfishT: doesn't show hand 
*** SUMMARY ***
Total pot $11 | Rake $0 
Seat 1: tukeiron folded before Flop (didn't bet)
Seat 2: HenriqueCHEW (button) folded before Flop
Seat 3: Timonessb (small blind) folded before Flop
Seat 4: CashfishT (big blind) collected ($11)
Seat 5: zeek9966 folded before Flop (didn't bet)
Seat 6: AlexEliseev7 folded before Flop



PokerStars Hand #254426908622:  Hold'em No Limit ($0.50/$1.00 USD) - 2025/01/18 5:27:06 WET [2025/01/18 0:27:06 ET]
Table 'Jokaste III' 6-max Seat #3 is the button
Seat 1: tukeiron ($100 in chips) 
Seat 2: HenriqueCHEW ($128.61 in chips) 
Seat 3: Timonessb ($100 in chips) 
Seat 4: CashfishT ($107 in chips) 
Seat 5: zeek9966 ($86.86 in chips) 
Seat 6: AlexEliseev7 ($122.10 in chips) 
CashfishT: posts small blind $0.50
zeek9966: posts big blind $1
*** HOLE CARDS ***
AlexEliseev7: folds 
tukeiron: folds 
HenriqueCHEW: folds 
Timonessb: folds 
CashfishT: folds 
Uncalled bet ($0.50) returned to zeek9966
zeek9966 collected $1 from pot
*** SUMMARY ***
Total pot $1 | Rake $0 
Seat 1: tukeiron folded before Flop (didn't bet)
Seat 2: HenriqueCHEW folded before Flop (didn't bet)
Seat 3: Timonessb (button) folded before Flop (didn't bet)
Seat 4: CashfishT (small blind) folded before Flop
Seat 5: zeek9966 (big blind) collected ($1)
Seat 6: AlexEliseev7 folded before Flop (didn't bet)



PokerStars Hand #254426909996:  Hold'em No Limit ($0.50/$1.00 USD) - 2025/01/18 5:27:20 WET [2025/01/18 0:27:20 ET]
Table 'Jokaste III' 6-max Seat #4 is the button
Seat 1: tukeiron ($100 in chips) 
Seat 2: HenriqueCHEW ($128.61 in chips) 
Seat 3: Timonessb ($100 in chips) 
Seat 4: CashfishT ($106.50 in chips) 
Seat 5: zeek9966 ($87.36 in chips) 
Seat 6: AlexEliseev7 ($122.10 in chips) 
zeek9966: posts small blind $0.50
AlexEliseev7: posts big blind $1
*** HOLE CARDS ***
tukeiron: folds 
HenriqueCHEW: folds 
Timonessb: raises $1.50 to $2.50
CashfishT: raises $4.50 to $7
zeek9966: folds 
AlexEliseev7: folds 
Timonessb: calls $4.50
*** FLOP *** [Ks 4c 2d]
Timonessb: checks 
CashfishT: bets $4.86
Timonessb: calls $4.86
*** TURN *** [Ks 4c 2d] [7c]
Timonessb: checks 
CashfishT: checks 
*** RIVER *** [Ks 4c 2d 7c] [As]
Timonessb: checks 
CashfishT: bets $17.97
Timonessb: folds 
Uncalled bet ($17.97) returned to CashfishT
CashfishT collected $23.96 from pot
CashfishT: doesn't show hand 
*** SUMMARY ***
Total pot $25.22 | Rake $1.26 
Board [Ks 4c 2d 7c As]
Seat 1: tukeiron folded before Flop (didn't bet)
Seat 2: HenriqueCHEW folded before Flop (didn't bet)
Seat 3: Timonessb folded on the River
Seat 4: CashfishT (button) collected ($23.96)
Seat 5: zeek9966 (small blind) folded before Flop
Seat 6: AlexEliseev7 (big blind) folded before Flop



PokerStars Hand #254426915534:  Hold'em No Limit ($0.50/$1.00 USD) - 2025/01/18 5:28:14 WET [2025/01/18 0:28:14 ET]
Table 'Jokaste III' 6-max Seat #5 is the button
Seat 1: tukeiron ($100 in chips) 
Seat 2: HenriqueCHEW ($128.61 in chips) 
Seat 3: Timonessb ($100 in chips) 
Seat 4: CashfishT ($118.60 in chips) 
Seat 5: zeek9966 ($86.86 in chips) 
Seat 6: AlexEliseev7 ($121.10 in chips) 
AlexEliseev7: posts small blind $0.50
tukeiron: posts big blind $1
*** HOLE CARDS ***
HenriqueCHEW: folds 
Timonessb: folds 
CashfishT: raises $1.20 to $2.20
zeek9966: folds 
AlexEliseev7: raises $9.80 to $12
tukeiron: folds 
CashfishT: folds 
Uncalled bet ($9.80) returned to AlexEliseev7
AlexEliseev7 collected $5.40 from pot
AlexEliseev7: doesn't show hand 
*** SUMMARY ***
Total pot $5.40 | Rake $0 
Seat 1: tukeiron (big blind) folded before Flop
Seat 2: HenriqueCHEW folded before Flop (didn't bet)
Seat 3: Timonessb folded before Flop (didn't bet)
Seat 4: CashfishT folded before Flop
Seat 5: zeek9966 (button) folded before Flop (didn't bet)
Seat 6: AlexEliseev7 (small blind) collected ($5.40)



PokerStars Hand #254426917993:  Hold'em No Limit ($0.50/$1.00 USD) - 2025/01/18 5:28:38 WET [2025/01/18 0:28:38 ET]
Table 'Jokaste III' 6-max Seat #6 is the button
Seat 1: tukeiron ($100 in chips) 
Seat 2: HenriqueCHEW ($128.61 in chips) 
Seat 3: Timonessb ($100 in chips) 
Seat 4: CashfishT ($116.40 in chips) 
Seat 5: zeek9966 ($86.86 in chips) 
Seat 6: AlexEliseev7 ($124.30 in chips) 
tukeiron: posts small blind $0.50
HenriqueCHEW: posts big blind $1
*** HOLE CARDS ***
Timonessb: folds 
CashfishT: folds 
zeek9966: folds 
AlexEliseev7: raises $1.50 to $2.50
tukeiron: folds 
HenriqueCHEW: folds 
Uncalled bet ($1.50) returned to AlexEliseev7
AlexEliseev7 collected $2.50 from pot
AlexEliseev7: doesn't show hand 
*** SUMMARY ***
Total pot $2.50 | Rake $0 
Seat 1: tukeiron (small blind) folded before Flop
Seat 2: HenriqueCHEW (big blind) folded before Flop
Seat 3: Timonessb folded before Flop (didn't bet)
Seat 4: CashfishT folded before Flop (didn't bet)
Seat 5: zeek9966 folded before Flop (didn't bet)
Seat 6: AlexEliseev7 (button) collected ($2.50)



