PokerStars Hand #254429630767:  Hold'em No Limit ($0.50/$1.00 USD) - 2025/01/18 11:38:53 WET [2025/01/18 6:38:53 ET]
Table 'Scheddi III' 6-max Seat #2 is the button
Seat 2: vadjkeee ($100 in chips) 
Seat 4: Diamondplaces ($78.90 in chips) 
Seat 5: Quahrino ($100 in chips) 
Seat 6: AlexEliseev7 ($103.40 in chips) 
Diamondplaces: posts small blind $0.50
Quahrino: posts big blind $1
*** HOLE CARDS ***
AlexEliseev7: folds 
Pacifistas joins the table at seat #1 
vadjkeee: raises $1.50 to $2.50
Diamondplaces: calls $2
Quahrino: calls $1.50
*** FLOP *** [Qs Jh Ad]
Diamondplaces: bets $7.12
Quahrino: folds 
vadjkeee: folds 
Uncalled bet ($7.12) returned to Diamondplaces
Diamondplaces collected $7.12 from pot
*** SUMMARY ***
Total pot $7.50 | Rake $0.38 
Board [Qs Jh Ad]
Seat 2: vadjkeee (button) folded on the Flop
Seat 4: Diamondplaces (small blind) collected ($7.12)
Seat 5: Quahrino (big blind) folded on the Flop
Seat 6: AlexEliseev7 folded before Flop (didn't bet)



PokerStars Hand #254429636513:  Hold'em No Limit ($0.50/$1.00 USD) - 2025/01/18 11:39:34 WET [2025/01/18 6:39:34 ET]
Table 'Scheddi III' 6-max Seat #4 is the button
Seat 1: Pacifistas ($100 in chips) is sitting out
Seat 2: vadjkeee ($100 in chips) 
Seat 4: Diamondplaces ($83.52 in chips) 
Seat 5: Quahrino ($100 in chips) 
Seat 6: AlexEliseev7 ($103.40 in chips) 
Quahrino: posts small blind $0.50
AlexEliseev7: posts big blind $1
Pacifistas: sits out 
*** HOLE CARDS ***
vadjkeee: folds 
Diamondplaces: folds 
Quahrino: folds 
Uncalled bet ($0.50) returned to AlexEliseev7
AlexEliseev7 collected $1 from pot
AlexEliseev7: doesn't show hand 
*** SUMMARY ***
Total pot $1 | Rake $0 
Seat 1: Pacifistas
Seat 2: vadjkeee folded before Flop (didn't bet)
Seat 4: Diamondplaces (button) folded before Flop (didn't bet)
Seat 5: Quahrino (small blind) folded before Flop
Seat 6: AlexEliseev7 (big blind) collected ($1)



PokerStars Hand #254429637545:  Hold'em No Limit ($0.50/$1.00 USD) - 2025/01/18 11:39:41 WET [2025/01/18 6:39:41 ET]
Table 'Scheddi III' 6-max Seat #5 is the button
Seat 1: Pacifistas ($100 in chips) 
Seat 2: vadjkeee ($100 in chips) 
Seat 4: Diamondplaces ($83.52 in chips) 
Seat 5: Quahrino ($100 in chips) 
Seat 6: AlexEliseev7 ($103.90 in chips) 
AlexEliseev7: posts small blind $0.50
Pacifistas: posts big blind $1
*** HOLE CARDS ***
vadjkeee: folds 
Diamondplaces: folds 
Quahrino: folds 
AlexEliseev7: raises $2 to $3
Pacifistas: raises $6 to $9
AlexEliseev7: calls $6
*** FLOP *** [6h 4s Th]
AlexEliseev7: checks 
Pacifistas: bets $5.64
AlexEliseev7: folds 
Uncalled bet ($5.64) returned to Pacifistas
Pacifistas collected $17.10 from pot
Pacifistas: doesn't show hand 
*** SUMMARY ***
Total pot $18 | Rake $0.90 
Board [6h 4s Th]
Seat 1: Pacifistas (big blind) collected ($17.10)
Seat 2: vadjkeee folded before Flop (didn't bet)
Seat 4: Diamondplaces folded before Flop (didn't bet)
Seat 5: Quahrino (button) folded before Flop (didn't bet)
Seat 6: AlexEliseev7 (small blind) folded on the Flop



PokerStars Hand #254429643503:  Hold'em No Limit ($0.50/$1.00 USD) - 2025/01/18 11:40:24 WET [2025/01/18 6:40:24 ET]
Table 'Scheddi III' 6-max Seat #6 is the button
Seat 1: Pacifistas ($108.10 in chips) 
Seat 2: vadjkeee ($100 in chips) 
Seat 4: Diamondplaces ($83.52 in chips) 
Seat 5: Quahrino ($100 in chips) 
Seat 6: AlexEliseev7 ($100 in chips) 
Pacifistas: posts small blind $0.50
vadjkeee: posts big blind $1
*** HOLE CARDS ***
Diamondplaces: folds 
Quahrino: raises $1.30 to $2.30
AlexEliseev7: raises $5.20 to $7.50
Pacifistas: folds 
vadjkeee: folds 
Quahrino: folds 
Uncalled bet ($5.20) returned to AlexEliseev7
AlexEliseev7 collected $6.10 from pot
AlexEliseev7: doesn't show hand 
*** SUMMARY ***
Total pot $6.10 | Rake $0 
Seat 1: Pacifistas (small blind) folded before Flop
Seat 2: vadjkeee (big blind) folded before Flop
Seat 4: Diamondplaces folded before Flop (didn't bet)
Seat 5: Quahrino folded before Flop
Seat 6: AlexEliseev7 (button) collected ($6.10)



PokerStars Hand #254429647205:  Hold'em No Limit ($0.50/$1.00 USD) - 2025/01/18 11:40:50 WET [2025/01/18 6:40:50 ET]
Table 'Scheddi III' 6-max Seat #1 is the button
Seat 1: Pacifistas ($107.60 in chips) 
Seat 2: vadjkeee ($100 in chips) 
Seat 4: Diamondplaces ($83.52 in chips) 
Seat 5: Quahrino ($100 in chips) 
AlexEliseev7 leaves the table
vadjkeee: posts small blind $0.50
Diamondplaces: posts big blind $1
*** HOLE CARDS ***
Quahrino: folds 
blistein joins the table at seat #6 
Pacifistas: raises $1.50 to $2.50
vadjkeee: folds 
Diamondplaces: raises $5.50 to $8
Pacifistas: raises $12.50 to $20.50
Diamondplaces: calls $12.50
*** FLOP *** [3d 3h 8c]
Diamondplaces: bets $1
Pacifistas: raises $26 to $27
Diamondplaces: calls $26
*** TURN *** [3d 3h 8c] [Jh]
Diamondplaces: checks 
Pacifistas: bets $60.10 and is all-in
Diamondplaces: calls $36.02 and is all-in
Uncalled bet ($24.08) returned to Pacifistas
*** RIVER *** [3d 3h 8c Jh] [7s]
*** SHOW DOWN ***
Diamondplaces: shows [Tc Ts] (two pair, Tens and Threes)
Pacifistas: shows [Qh Qd] (two pair, Queens and Threes)
Pacifistas collected $166.54 from pot
Diamondplaces cashed out the hand for $7.43 | Cash Out Fee $0.15
*** SUMMARY ***
Total pot $167.54 | Rake $1 
Board [3d 3h 8c Jh 7s]
Seat 1: Pacifistas (button) showed [Qh Qd] and won ($166.54) with two pair, Queens and Threes
Seat 2: vadjkeee (small blind) folded before Flop
Seat 4: Diamondplaces (big blind) showed [Tc Ts] and lost with two pair, Tens and Threes (cashed out).
Seat 5: Quahrino folded before Flop (didn't bet)



PokerStars Hand #254429657630:  Hold'em No Limit ($0.50/$1.00 USD) - 2025/01/18 11:42:04 WET [2025/01/18 6:42:04 ET]
Table 'Scheddi III' 6-max Seat #2 is the button
Seat 6: blistein ($100 in chips) is sitting out
Seat 1: Pacifistas ($190.62 in chips) 
Seat 2: vadjkeee ($100 in chips) 
Seat 4: Diamondplaces ($7.43 in chips) 
Seat 5: Quahrino ($100 in chips) 
Diamondplaces: posts small blind $0.50
Quahrino: posts big blind $1
blistein: sits out 
*** HOLE CARDS ***
Pacifistas: raises $1.50 to $2.50
vadjkeee: folds 
Diamondplaces: folds 
Quahrino: folds 
Uncalled bet ($1.50) returned to Pacifistas
Pacifistas collected $2.50 from pot
Pacifistas: doesn't show hand 
*** SUMMARY ***
Total pot $2.50 | Rake $0 
Seat 6: blistein
Seat 1: Pacifistas collected ($2.50)
Seat 2: vadjkeee (button) folded before Flop (didn't bet)
Seat 4: Diamondplaces (small blind) folded before Flop
Seat 5: Quahrino (big blind) folded before Flop



PokerStars Hand #254429658723:  Hold'em No Limit ($0.50/$1.00 USD) - 2025/01/18 11:42:11 WET [2025/01/18 6:42:11 ET]
Table 'Scheddi III' 6-max Seat #4 is the button
Seat 1: Pacifistas ($192.12 in chips) 
Seat 2: vadjkeee ($100 in chips) 
Seat 4: Diamondplaces ($6.93 in chips) 
Seat 5: Quahrino ($100 in chips) 
Seat 6: blistein ($100 in chips) 
Quahrino: posts small blind $0.50
blistein: posts big blind $1
*** HOLE CARDS ***
Pacifistas: raises $1.50 to $2.50
vadjkeee: folds 
Diamondplaces: folds 
Quahrino: folds 
blistein: folds 
Uncalled bet ($1.50) returned to Pacifistas
Pacifistas collected $2.50 from pot
Pacifistas: doesn't show hand 
*** SUMMARY ***
Total pot $2.50 | Rake $0 
Seat 1: Pacifistas collected ($2.50)
Seat 2: vadjkeee folded before Flop (didn't bet)
Seat 4: Diamondplaces (button) folded before Flop (didn't bet)
Seat 5: Quahrino (small blind) folded before Flop
Seat 6: blistein (big blind) folded before Flop



PokerStars Hand #254429662560:  Hold'em No Limit ($0.50/$1.00 USD) - 2025/01/18 11:42:38 WET [2025/01/18 6:42:38 ET]
Table 'Scheddi III' 6-max Seat #5 is the button
Seat 2: vadjkeee ($100 in chips) is sitting out
Seat 1: Pacifistas ($193.62 in chips) 
Seat 4: Diamondplaces ($6.93 in chips) 
Seat 5: Quahrino ($100 in chips) 
Seat 6: blistein ($100 in chips) 
blistein: posts small blind $0.50
Pacifistas: posts big blind $1
*** HOLE CARDS ***
vadjkeee leaves the table
Diamondplaces: folds 
Quahrino: raises $1.50 to $2.50
blistein: raises $9.50 to $12
Pacifistas: folds 
Quahrino: folds 
Uncalled bet ($9.50) returned to blistein
blistein collected $6 from pot
blistein: doesn't show hand 
*** SUMMARY ***
Total pot $6 | Rake $0 
Seat 2: vadjkeee
Seat 1: Pacifistas (big blind) folded before Flop
Seat 4: Diamondplaces folded before Flop (didn't bet)
Seat 5: Quahrino (button) folded before Flop
Seat 6: blistein (small blind) collected ($6)



PokerStars Hand #254429665514:  Hold'em No Limit ($0.50/$1.00 USD) - 2025/01/18 11:42:59 WET [2025/01/18 6:42:59 ET]
Table 'Scheddi III' 6-max Seat #6 is the button
Seat 1: Pacifistas ($192.62 in chips) 
Seat 4: Diamondplaces ($6.93 in chips) 
Seat 5: Quahrino ($100 in chips) 
Seat 6: blistein ($103.50 in chips) 
Pacifistas: posts small blind $0.50
Diamondplaces: posts big blind $1
*** HOLE CARDS ***
Quahrino: folds 
blistein: folds 
Pacifistas: raises $2 to $3
Diamondplaces: folds 
Uncalled bet ($2) returned to Pacifistas
Pacifistas collected $2 from pot
Pacifistas: doesn't show hand 
*** SUMMARY ***
Total pot $2 | Rake $0 
Seat 1: Pacifistas (small blind) collected ($2)
Seat 4: Diamondplaces (big blind) folded before Flop
Seat 5: Quahrino folded before Flop (didn't bet)
Seat 6: blistein (button) folded before Flop (didn't bet)



PokerStars Hand #254429667126:  Hold'em No Limit ($0.50/$1.00 USD) - 2025/01/18 11:43:10 WET [2025/01/18 6:43:10 ET]
Table 'Scheddi III' 6-max Seat #1 is the button
Seat 1: Pacifistas ($193.62 in chips) 
Seat 4: Diamondplaces ($5.93 in chips) 
Seat 5: Quahrino ($100 in chips) 
Seat 6: blistein ($103.50 in chips) 
Diamondplaces: posts small blind $0.50
Quahrino: posts big blind $1
*** HOLE CARDS ***
blistein: folds 
blistein leaves the table
Pacifistas: raises $1.50 to $2.50
Diamondplaces: folds 
Quahrino: raises $10.50 to $13
Pacifistas: calls $10.50
*** FLOP *** [Js 5c Jc]
Quahrino: bets $8.42
Pacifistas: calls $8.42
*** TURN *** [Js 5c Jc] [2c]
Quahrino: bets $29.64
Pacifistas: calls $29.64
*** RIVER *** [Js 5c Jc 2c] [Tc]
Quahrino: bets $48.94 and is all-in
Pacifistas: folds 
Uncalled bet ($48.94) returned to Quahrino
Quahrino collected $101.62 from pot
Quahrino: doesn't show hand 
*** SUMMARY ***
Total pot $102.62 | Rake $1 
Board [Js 5c Jc 2c Tc]
Seat 1: Pacifistas (button) folded on the River
Seat 4: Diamondplaces (small blind) folded before Flop
Seat 5: Quahrino (big blind) collected ($101.62)
Seat 6: blistein folded before Flop (didn't bet)



PokerStars Hand #254429680230:  Hold'em No Limit ($0.50/$1.00 USD) - 2025/01/18 11:44:42 WET [2025/01/18 6:44:42 ET]
Table 'Scheddi III' 6-max Seat #4 is the button
Seat 1: Pacifistas ($142.56 in chips) 
Seat 4: Diamondplaces ($5.43 in chips) 
Seat 5: Quahrino ($150.56 in chips) 
Quahrino: posts small blind $0.50
Pacifistas: posts big blind $1
*** HOLE CARDS ***
Diamondplaces: folds 
Quahrino: raises $2 to $3
Pacifistas: folds 
Uncalled bet ($2) returned to Quahrino
Quahrino collected $2 from pot
Quahrino: doesn't show hand 
*** SUMMARY ***
Total pot $2 | Rake $0 
Seat 1: Pacifistas (big blind) folded before Flop
Seat 4: Diamondplaces (button) folded before Flop (didn't bet)
Seat 5: Quahrino (small blind) collected ($2)



PokerStars Hand #254429682069:  Hold'em No Limit ($0.50/$1.00 USD) - 2025/01/18 11:44:55 WET [2025/01/18 6:44:55 ET]
Table 'Scheddi III' 6-max Seat #5 is the button
Seat 1: Pacifistas ($141.56 in chips) 
Seat 4: Diamondplaces ($5.43 in chips) 
Seat 5: Quahrino ($151.56 in chips) 
Pacifistas: posts small blind $0.50
Diamondplaces: posts big blind $1
*** HOLE CARDS ***
lesserhehe joins the table at seat #6 
lesserhehe is disconnected 
Quahrino: raises $1.50 to $2.50
Pacifistas: folds 
Diamondplaces: folds 
Uncalled bet ($1.50) returned to Quahrino
Quahrino collected $2.50 from pot
Quahrino: doesn't show hand 
*** SUMMARY ***
Total pot $2.50 | Rake $0 
Seat 1: Pacifistas (small blind) folded before Flop
Seat 4: Diamondplaces (big blind) folded before Flop
Seat 5: Quahrino (button) collected ($2.50)



PokerStars Hand #254429683098:  Hold'em No Limit ($0.50/$1.00 USD) - 2025/01/18 11:45:02 WET [2025/01/18 6:45:02 ET]
Table 'Scheddi III' 6-max Seat #1 is the button
Seat 1: Pacifistas ($141.06 in chips) 
Seat 4: Diamondplaces ($4.43 in chips) 
Seat 5: Quahrino ($153.06 in chips) 
Seat 6: lesserhehe ($41.53 in chips) 
Diamondplaces: posts small blind $0.50
Quahrino: posts big blind $1
lesserhehe: posts big blind $1
*** HOLE CARDS ***
gig.gyty joins the table at seat #3 
lesserhehe: raises $1 to $2
Pacifistas: folds 
Diamondplaces: folds 
Quahrino: folds 
Uncalled bet ($1) returned to lesserhehe
lesserhehe collected $2.50 from pot
*** SUMMARY ***
Total pot $2.50 | Rake $0 
Seat 1: Pacifistas (button) folded before Flop (didn't bet)
Seat 4: Diamondplaces (small blind) folded before Flop
Seat 5: Quahrino (big blind) folded before Flop
Seat 6: lesserhehe collected ($2.50)



PokerStars Hand #254429684702:  Hold'em No Limit ($0.50/$1.00 USD) - 2025/01/18 11:45:13 WET [2025/01/18 6:45:13 ET]
Table 'Scheddi III' 6-max Seat #4 is the button
Seat 3: gig.gyty ($100 in chips) is sitting out
Seat 1: Pacifistas ($141.06 in chips) 
Seat 4: Diamondplaces ($3.93 in chips) 
Seat 5: Quahrino ($152.06 in chips) 
Seat 6: lesserhehe ($43.03 in chips) 
Quahrino: posts small blind $0.50
lesserhehe: posts big blind $1
gig.gyty: sits out 
*** HOLE CARDS ***
Pacifistas: raises $1.50 to $2.50
Diamondplaces: raises $1.43 to $3.93 and is all-in
Quahrino: folds 
blistein joins the table at seat #2 
lesserhehe: calls $2.93
Pacifistas: calls $1.43
*** FLOP *** [5d 6d As]
lesserhehe: bets $11.68
Pacifistas: folds 
Uncalled bet ($11.68) returned to lesserhehe
*** TURN *** [5d 6d As] [2d]
*** RIVER *** [5d 6d As 2d] [8s]
*** SHOW DOWN ***
lesserhehe: shows [Kc 4s] (high card Ace)
Diamondplaces: shows [5s Ah] (two pair, Aces and Fives)
Diamondplaces collected $11.68 from pot
*** SUMMARY ***
Total pot $12.29 | Rake $0.61 
Board [5d 6d As 2d 8s]
Seat 3: gig.gyty
Seat 1: Pacifistas folded on the Flop
Seat 4: Diamondplaces (button) showed [5s Ah] and won ($11.68) with two pair, Aces and Fives
Seat 5: Quahrino (small blind) folded before Flop
Seat 6: lesserhehe (big blind) showed [Kc 4s] and lost with high card Ace



PokerStars Hand #254429691317:  Hold'em No Limit ($0.50/$1.00 USD) - 2025/01/18 11:46:00 WET [2025/01/18 6:46:00 ET]
Table 'Scheddi III' 6-max Seat #5 is the button
Seat 2: blistein ($103.50 in chips) is sitting out
Seat 3: gig.gyty ($100 in chips) is sitting out
Seat 1: Pacifistas ($137.13 in chips) 
Seat 4: Diamondplaces ($11.68 in chips) 
Seat 5: Quahrino ($151.56 in chips) 
Seat 6: lesserhehe ($39.10 in chips) 
lesserhehe: posts small blind $0.50
Pacifistas: posts big blind $1
blistein: sits out 
gig.gyty: sits out 
*** HOLE CARDS ***
Diamondplaces: raises $10.68 to $11.68 and is all-in
Quahrino: folds 
lesserhehe: folds 
Pacifistas: folds 
Uncalled bet ($10.68) returned to Diamondplaces
Diamondplaces collected $2.50 from pot
*** SUMMARY ***
Total pot $2.50 | Rake $0 
Seat 2: blistein
Seat 3: gig.gyty
Seat 1: Pacifistas (big blind) folded before Flop
Seat 4: Diamondplaces collected ($2.50)
Seat 5: Quahrino (button) folded before Flop (didn't bet)
Seat 6: lesserhehe (small blind) folded before Flop



PokerStars Hand #254429694760:  Hold'em No Limit ($0.50/$1.00 USD) - 2025/01/18 11:46:24 WET [2025/01/18 6:46:24 ET]
Table 'Scheddi III' 6-max Seat #6 is the button
Seat 3: gig.gyty ($100 in chips) is sitting out
Seat 1: Pacifistas ($136.13 in chips) 
Seat 2: blistein ($103.50 in chips) 
Seat 4: Diamondplaces ($13.18 in chips) 
Seat 5: Quahrino ($151.56 in chips) 
Seat 6: lesserhehe ($38.60 in chips) 
Pacifistas: posts small blind $0.50
blistein: posts big blind $1
gig.gyty: sits out 
*** HOLE CARDS ***
Diamondplaces: folds 
Quahrino: folds 
lesserhehe: folds 
Pacifistas: folds 
Uncalled bet ($0.50) returned to blistein
blistein collected $1 from pot
blistein: doesn't show hand 
*** SUMMARY ***
Total pot $1 | Rake $0 
Seat 3: gig.gyty
Seat 1: Pacifistas (small blind) folded before Flop
Seat 2: blistein (big blind) collected ($1)
Seat 4: Diamondplaces folded before Flop (didn't bet)
Seat 5: Quahrino folded before Flop (didn't bet)
Seat 6: lesserhehe (button) folded before Flop (didn't bet)



PokerStars Hand #254429697073:  Hold'em No Limit ($0.50/$1.00 USD) - 2025/01/18 11:46:40 WET [2025/01/18 6:46:40 ET]
Table 'Scheddi III' 6-max Seat #1 is the button
Seat 1: Pacifistas ($135.63 in chips) 
Seat 2: blistein ($104 in chips) 
Seat 3: gig.gyty ($100 in chips) 
Seat 4: Diamondplaces ($13.18 in chips) 
Seat 5: Quahrino ($151.56 in chips) 
Seat 6: lesserhehe ($38.60 in chips) 
blistein: posts small blind $0.50
gig.gyty: posts big blind $1
*** HOLE CARDS ***
Diamondplaces: folds 
Quahrino: folds 
lesserhehe: folds 
Pacifistas: raises $1.50 to $2.50
blistein: folds 
gig.gyty: folds 
Uncalled bet ($1.50) returned to Pacifistas
Pacifistas collected $2.50 from pot
Pacifistas: doesn't show hand 
*** SUMMARY ***
Total pot $2.50 | Rake $0 
Seat 1: Pacifistas (button) collected ($2.50)
Seat 2: blistein (small blind) folded before Flop
Seat 3: gig.gyty (big blind) folded before Flop
Seat 4: Diamondplaces folded before Flop (didn't bet)
Seat 5: Quahrino folded before Flop (didn't bet)
Seat 6: lesserhehe folded before Flop (didn't bet)



PokerStars Hand #254429698822:  Hold'em No Limit ($0.50/$1.00 USD) - 2025/01/18 11:46:52 WET [2025/01/18 6:46:52 ET]
Table 'Scheddi III' 6-max Seat #2 is the button
Seat 1: Pacifistas ($137.13 in chips) 
Seat 2: blistein ($103.50 in chips) 
Seat 3: gig.gyty ($100 in chips) 
Seat 4: Diamondplaces ($13.18 in chips) 
Seat 5: Quahrino ($151.56 in chips) 
Seat 6: lesserhehe ($38.60 in chips) 
gig.gyty: posts small blind $0.50
Diamondplaces: posts big blind $1
*** HOLE CARDS ***
Quahrino: folds 
lesserhehe: calls $1
Pacifistas: folds 
blistein: folds 
gig.gyty: folds 
Diamondplaces: checks 
*** FLOP *** [Ah Kh 5h]
Diamondplaces: bets $12.18 and is all-in
lesserhehe: calls $12.18
*** TURN *** [Ah Kh 5h] [8c]
*** RIVER *** [Ah Kh 5h 8c] [9h]
*** SHOW DOWN ***
Diamondplaces: shows [5s 3d] (a pair of Fives)
lesserhehe: shows [5d Kd] (two pair, Kings and Fives)
lesserhehe collected $25.52 from pot
Diamondplaces cashed out the hand for $1.07 | Cash Out Fee $0.02
*** SUMMARY ***
Total pot $26.86 | Rake $1.34 
Board [Ah Kh 5h 8c 9h]
Seat 1: Pacifistas folded before Flop (didn't bet)
Seat 2: blistein (button) folded before Flop (didn't bet)
Seat 3: gig.gyty (small blind) folded before Flop
Seat 4: Diamondplaces (big blind) showed [5s 3d] and lost with a pair of Fives (cashed out).
Seat 5: Quahrino folded before Flop (didn't bet)
Seat 6: lesserhehe showed [5d Kd] and won ($25.52) with two pair, Kings and Fives



PokerStars Hand #254429704992:  Hold'em No Limit ($0.50/$1.00 USD) - 2025/01/18 11:47:35 WET [2025/01/18 6:47:35 ET]
Table 'Scheddi III' 6-max Seat #3 is the button
Seat 1: Pacifistas ($137.13 in chips) 
Seat 2: blistein ($103.50 in chips) 
Seat 3: gig.gyty ($100 in chips) 
Seat 4: Diamondplaces ($1.07 in chips) 
Seat 5: Quahrino ($151.56 in chips) 
Seat 6: lesserhehe ($50.94 in chips) 
Diamondplaces: posts small blind $0.50
Quahrino: posts big blind $1
*** HOLE CARDS ***
lesserhehe: folds 
Pacifistas: folds 
blistein: folds 
gig.gyty: folds 
lesserhehe leaves the table
Diamondplaces: raises $0.07 to $1.07 and is all-in
Quahrino: calls $0.07
*** FLOP *** [8h 5s 4c]
*** TURN *** [8h 5s 4c] [Jd]
*** RIVER *** [8h 5s 4c Jd] [Js]
*** SHOW DOWN ***
Diamondplaces: shows [Kd 8d] (two pair, Jacks and Eights)
Quahrino: shows [5d 4d] (two pair, Jacks and Fives)
Diamondplaces collected $2.03 from pot
*** SUMMARY ***
Total pot $2.14 | Rake $0.11 
Board [8h 5s 4c Jd Js]
Seat 1: Pacifistas folded before Flop (didn't bet)
Seat 2: blistein folded before Flop (didn't bet)
Seat 3: gig.gyty (button) folded before Flop (didn't bet)
Seat 4: Diamondplaces (small blind) showed [Kd 8d] and won ($2.03) with two pair, Jacks and Eights
Seat 5: Quahrino (big blind) showed [5d 4d] and lost with two pair, Jacks and Fives
Seat 6: lesserhehe folded before Flop (didn't bet)



PokerStars Hand #254429708535:  Hold'em No Limit ($0.50/$1.00 USD) - 2025/01/18 11:47:59 WET [2025/01/18 6:47:59 ET]
Table 'Scheddi III' 6-max Seat #4 is the button
Seat 1: Pacifistas ($137.13 in chips) 
Seat 2: blistein ($103.50 in chips) 
Seat 3: gig.gyty ($100 in chips) 
Seat 4: Diamondplaces ($2.03 in chips) 
Seat 5: Quahrino ($150.49 in chips) 
Quahrino: posts small blind $0.50
Pacifistas: posts big blind $1
*** HOLE CARDS ***
blistein: raises $1.20 to $2.20
gig.gyty: folds 
Diamondplaces: folds 
Quahrino: folds 
Pacifistas: raises $8.80 to $11
blistein: folds 
Uncalled bet ($8.80) returned to Pacifistas
blistein leaves the table
Pacifistas collected $4.90 from pot
Pacifistas: doesn't show hand 
*** SUMMARY ***
Total pot $4.90 | Rake $0 
Seat 1: Pacifistas (big blind) collected ($4.90)
Seat 2: blistein folded before Flop
Seat 3: gig.gyty folded before Flop (didn't bet)
Seat 4: Diamondplaces (button) folded before Flop (didn't bet)
Seat 5: Quahrino (small blind) folded before Flop



PokerStars Hand #254429711669:  Hold'em No Limit ($0.50/$1.00 USD) - 2025/01/18 11:48:22 WET [2025/01/18 6:48:22 ET]
Table 'Scheddi III' 6-max Seat #5 is the button
Seat 1: Pacifistas ($139.83 in chips) 
Seat 3: gig.gyty ($100 in chips) 
Seat 4: Diamondplaces ($2.03 in chips) 
Seat 5: Quahrino ($149.99 in chips) 
Pacifistas: posts small blind $0.50
gig.gyty: posts big blind $1
*** HOLE CARDS ***
Diamondplaces: raises $1.03 to $2.03 and is all-in
Quahrino: raises $5.47 to $7.50
Pacifistas: folds 
gig.gyty: folds 
Uncalled bet ($5.47) returned to Quahrino
*** FLOP *** [6h 9d Kc]
*** TURN *** [6h 9d Kc] [Ks]
*** RIVER *** [6h 9d Kc Ks] [2c]
*** SHOW DOWN ***
Diamondplaces: shows [2d 2s] (a full house, Deuces full of Kings)
Quahrino: shows [5c 5d] (two pair, Kings and Fives)
Diamondplaces collected $5.28 from pot
*** SUMMARY ***
Total pot $5.56 | Rake $0.28 
Board [6h 9d Kc Ks 2c]
Seat 1: Pacifistas (small blind) folded before Flop
Seat 3: gig.gyty (big blind) folded before Flop
Seat 4: Diamondplaces showed [2d 2s] and won ($5.28) with a full house, Deuces full of Kings
Seat 5: Quahrino (button) showed [5c 5d] and lost with two pair, Kings and Fives



PokerStars Hand #254429716296:  Hold'em No Limit ($0.50/$1.00 USD) - 2025/01/18 11:48:54 WET [2025/01/18 6:48:54 ET]
Table 'Scheddi III' 6-max Seat #1 is the button
Seat 1: Pacifistas ($139.33 in chips) 
Seat 3: gig.gyty ($100 in chips) 
Seat 4: Diamondplaces ($5.28 in chips) 
Seat 5: Quahrino ($147.96 in chips) 
gig.gyty: posts small blind $0.50
Diamondplaces: posts big blind $1
*** HOLE CARDS ***
Quahrino: folds 
Pacifistas: raises $1.50 to $2.50
gig.gyty: folds 
Diamondplaces: raises $2.78 to $5.28 and is all-in
Pacifistas: calls $2.78
*** FLOP *** [As Ks 5c]
*** TURN *** [As Ks 5c] [2h]
*** RIVER *** [As Ks 5c 2h] [3s]
*** SHOW DOWN ***
Diamondplaces: shows [Kc 3c] (two pair, Kings and Threes)
Pacifistas: shows [Ts Ac] (a pair of Aces)
Diamondplaces cashed out the hand for $3.87 | Cash Out Fee $0.08
*** SUMMARY ***
Total pot $11.06 | Rake $0.55 
Board [As Ks 5c 2h 3s]
Seat 1: Pacifistas (button) showed [Ts Ac] and lost with a pair of Aces
Seat 3: gig.gyty (small blind) folded before Flop
Seat 4: Diamondplaces (big blind) showed [Kc 3c] and won ($10.51) with two pair, Kings and Threes (pot not awarded as player cashed out)
Seat 5: Quahrino folded before Flop (didn't bet)



PokerStars Hand #254429721456:  Hold'em No Limit ($0.50/$1.00 USD) - 2025/01/18 11:49:30 WET [2025/01/18 6:49:30 ET]
Table 'Scheddi III' 6-max Seat #3 is the button
Seat 1: Pacifistas ($134.05 in chips) 
Seat 3: gig.gyty ($100 in chips) 
Seat 4: Diamondplaces ($3.87 in chips) 
Seat 5: Quahrino ($147.96 in chips) 
Diamondplaces: posts small blind $0.50
Quahrino: posts big blind $1
*** HOLE CARDS ***
Pacifistas: raises $1.50 to $2.50
gig.gyty: folds 
Diamondplaces: folds 
Quahrino: folds 
Uncalled bet ($1.50) returned to Pacifistas
Pacifistas collected $2.50 from pot
Pacifistas: doesn't show hand 
*** SUMMARY ***
Total pot $2.50 | Rake $0 
Seat 1: Pacifistas collected ($2.50)
Seat 3: gig.gyty (button) folded before Flop (didn't bet)
Seat 4: Diamondplaces (small blind) folded before Flop
Seat 5: Quahrino (big blind) folded before Flop



PokerStars Hand #254429722885:  Hold'em No Limit ($0.50/$1.00 USD) - 2025/01/18 11:49:40 WET [2025/01/18 6:49:40 ET]
Table 'Scheddi III' 6-max Seat #4 is the button
Seat 1: Pacifistas ($135.55 in chips) 
Seat 3: gig.gyty ($100 in chips) 
Seat 4: Diamondplaces ($3.37 in chips) 
Seat 5: Quahrino ($146.96 in chips) 
Quahrino: posts small blind $0.50
Pacifistas: posts big blind $1
*** HOLE CARDS ***
gig.gyty: folds 
Diamondplaces: folds 
Quahrino: raises $2 to $3
Pacifistas: folds 
Uncalled bet ($2) returned to Quahrino
Quahrino collected $2 from pot
Quahrino: doesn't show hand 
*** SUMMARY ***
Total pot $2 | Rake $0 
Seat 1: Pacifistas (big blind) folded before Flop
Seat 3: gig.gyty folded before Flop (didn't bet)
Seat 4: Diamondplaces (button) folded before Flop (didn't bet)
Seat 5: Quahrino (small blind) collected ($2)



PokerStars Hand #254429724514:  Hold'em No Limit ($0.50/$1.00 USD) - 2025/01/18 11:49:51 WET [2025/01/18 6:49:51 ET]
Table 'Scheddi III' 6-max Seat #5 is the button
Seat 3: gig.gyty ($100 in chips) is sitting out
Seat 1: Pacifistas ($134.55 in chips) 
Seat 4: Diamondplaces ($3.37 in chips) 
Seat 5: Quahrino ($147.96 in chips) 
Pacifistas: posts small blind $0.50
gig.gyty: is sitting out 
Diamondplaces: posts big blind $1
*** HOLE CARDS ***
Quahrino: folds 
gig.gyty leaves the table
Pacifistas: raises $2 to $3
Diamondplaces: folds 
Uncalled bet ($2) returned to Pacifistas
Pacifistas collected $2 from pot
Pacifistas: doesn't show hand 
*** SUMMARY ***
Total pot $2 | Rake $0 
Seat 3: gig.gyty
Seat 1: Pacifistas (small blind) collected ($2)
Seat 4: Diamondplaces (big blind) folded before Flop
Seat 5: Quahrino (button) folded before Flop (didn't bet)



PokerStars Hand #254429726576:  Hold'em No Limit ($0.50/$1.00 USD) - 2025/01/18 11:50:06 WET [2025/01/18 6:50:06 ET]
Table 'Scheddi III' 6-max Seat #1 is the button
Seat 1: Pacifistas ($135.55 in chips) 
Seat 4: Diamondplaces ($2.37 in chips) 
Seat 5: Quahrino ($147.96 in chips) 
Diamondplaces: posts small blind $0.50
Quahrino: posts big blind $1
*** HOLE CARDS ***
Pacifistas: raises $1.50 to $2.50
Diamondplaces: calls $1.87 and is all-in
Quahrino: calls $1.50
*** FLOP *** [7s Tc 5h]
Quahrino: checks 
Pacifistas: checks 
*** TURN *** [7s Tc 5h] [Jd]
Quahrino: checks 
Pacifistas: checks 
*** RIVER *** [7s Tc 5h Jd] [9d]
Quahrino: bets $4.90
Pacifistas: folds 
Uncalled bet ($4.90) returned to Quahrino
*** SHOW DOWN ***
Quahrino: shows [Td Jc] (two pair, Jacks and Tens)
Quahrino collected $0.25 from side pot
Diamondplaces: shows [6c 6h] (a pair of Sixes)
Quahrino collected $6.75 from main pot
*** SUMMARY ***
Total pot $7.37 Main pot $6.75. Side pot $0.25. | Rake $0.37 
Board [7s Tc 5h Jd 9d]
Seat 1: Pacifistas (button) folded on the River
Seat 4: Diamondplaces (small blind) showed [6c 6h] and lost with a pair of Sixes
Seat 5: Quahrino (big blind) showed [Td Jc] and won ($7) with two pair, Jacks and Tens



PokerStars Hand #254429730782:  Hold'em No Limit ($0.50/$1.00 USD) - 2025/01/18 11:50:35 WET [2025/01/18 6:50:35 ET]
Table 'Scheddi III' 6-max Seat #5 is the button
Seat 4: Diamondplaces ($0 in chips) is sitting out
Seat 1: Pacifistas ($133.05 in chips) 
Seat 5: Quahrino ($152.46 in chips) 
Quahrino: posts small blind $0.50
Pacifistas: posts big blind $1
*** HOLE CARDS ***
Quahrino: folds 
Uncalled bet ($0.50) returned to Pacifistas
Pacifistas collected $1 from pot
Pacifistas: doesn't show hand 
*** SUMMARY ***
Total pot $1 | Rake $0 
Seat 4: Diamondplaces
Seat 1: Pacifistas (big blind) collected ($1)
Seat 5: Quahrino (button) (small blind) folded before Flop



PokerStars Hand #254429731553:  Hold'em No Limit ($0.50/$1.00 USD) - 2025/01/18 11:50:41 WET [2025/01/18 6:50:41 ET]
Table 'Scheddi III' 6-max Seat #1 is the button
Seat 4: Diamondplaces ($0 in chips) is sitting out
Seat 1: Pacifistas ($133.55 in chips) 
Seat 5: Quahrino ($151.96 in chips) 
Pacifistas: posts small blind $0.50
Quahrino: posts big blind $1
*** HOLE CARDS ***
Pacifistas: raises $1.50 to $2.50
Quahrino: calls $1.50
*** FLOP *** [4d 2s Jc]
Quahrino: checks 
Pacifistas: bets $1.57
Diamondplaces leaves the table
Quahrino: calls $1.57
*** TURN *** [4d 2s Jc] [4c]
Quahrino: checks 
Pacifistas: checks 
*** RIVER *** [4d 2s Jc 4c] [7h]
Quahrino: checks 
Pacifistas: bets $3.87
Quahrino: calls $3.87
*** SHOW DOWN ***
Pacifistas: shows [Kd 9c] (a pair of Fours)
Quahrino: shows [8c Ah] (a pair of Fours - Ace kicker)
Quahrino collected $15.09 from pot
*** SUMMARY ***
Total pot $15.88 | Rake $0.79 
Board [4d 2s Jc 4c 7h]
Seat 4: Diamondplaces
Seat 1: Pacifistas (button) (small blind) showed [Kd 9c] and lost with a pair of Fours
Seat 5: Quahrino (big blind) showed [8c Ah] and won ($15.09) with a pair of Fours



PokerStars Hand #254429737750:  Hold'em No Limit ($0.50/$1.00 USD) - 2025/01/18 11:51:25 WET [2025/01/18 6:51:25 ET]
Table 'Scheddi III' 6-max Seat #5 is the button
Seat 1: Pacifistas ($125.61 in chips) 
Seat 5: Quahrino ($159.11 in chips) 
Quahrino: posts small blind $0.50
Pacifistas: posts big blind $1
*** HOLE CARDS ***
Quahrino: folds 
Uncalled bet ($0.50) returned to Pacifistas
Pacifistas collected $1 from pot
Pacifistas: doesn't show hand 
*** SUMMARY ***
Total pot $1 | Rake $0 
Seat 1: Pacifistas (big blind) collected ($1)
Seat 5: Quahrino (button) (small blind) folded before Flop



PokerStars Hand #254429738454:  Hold'em No Limit ($0.50/$1.00 USD) - 2025/01/18 11:51:30 WET [2025/01/18 6:51:30 ET]
Table 'Scheddi III' 6-max Seat #1 is the button
Seat 1: Pacifistas ($126.11 in chips) 
Seat 5: Quahrino ($158.61 in chips) 
Pacifistas: posts small blind $0.50
Quahrino: posts big blind $1
*** HOLE CARDS ***
Pacifistas: raises $1.50 to $2.50
Quahrino: calls $1.50
*** FLOP *** [5c 9d Kd]
Quahrino: checks 
Pacifistas: bets $1.57
Quahrino: calls $1.57
*** TURN *** [5c 9d Kd] [2h]
Quahrino: checks 
Pacifistas: checks 
*** RIVER *** [5c 9d Kd 2h] [8s]
Quahrino: checks 
Pacifistas: checks 
*** SHOW DOWN ***
Quahrino: shows [5s 7c] (a pair of Fives)
Pacifistas: shows [Jc 8c] (a pair of Eights)
Pacifistas collected $7.73 from pot
*** SUMMARY ***
Total pot $8.14 | Rake $0.41 
Board [5c 9d Kd 2h 8s]
Seat 1: Pacifistas (button) (small blind) showed [Jc 8c] and won ($7.73) with a pair of Eights
Seat 5: Quahrino (big blind) showed [5s 7c] and lost with a pair of Fives



