PokerStars Hand #254432748207:  Hold'em No Limit ($0.50/$1.00 USD) - 2025/01/18 16:16:46 WET [2025/01/18 11:16:46 ET]
Table 'Algoa III' 6-max Seat #3 is the button
Seat 1: Nicedaymybro ($100 in chips) is sitting out
Seat 2: YeeesMan ($100 in chips) 
Seat 3: Maximysss85 ($100 in chips) 
Seat 4: Aescul@pius ($106.70 in chips) 
Seat 5: socito ($100 in chips) 
Aescul@pius: posts small blind $0.50
socito: posts big blind $1
Nicedaymybro: sits out 
*** HOLE CARDS ***
YeeesMan: raises $1.50 to $2.50
Maximysss85: folds 
Aescul@pius: folds 
socito: calls $1.50
*** FLOP *** [5d 8c 2c]
socito: checks 
YeeesMan: checks 
*** TURN *** [5d 8c 2c] [6h]
Unipoker11 joins the table at seat #6 
socito: checks 
YeeesMan: bets $3.92
socito: folds 
Uncalled bet ($3.92) returned to YeeesMan
YeeesMan collected $5.22 from pot
YeeesMan: doesn't show hand 
*** SUMMARY ***
Total pot $5.50 | Rake $0.28 
Board [5d 8c 2c 6h]
Seat 1: Nicedaymybro
Seat 2: YeeesMan collected ($5.22)
Seat 3: Maximysss85 (button) folded before Flop (didn't bet)
Seat 4: Aescul@pius (small blind) folded before Flop
Seat 5: socito (big blind) folded on the Turn



PokerStars Hand #254432766280:  Hold'em No Limit ($0.50/$1.00 USD) - 2025/01/18 16:17:59 WET [2025/01/18 11:17:59 ET]
Table 'Algoa III' 6-max Seat #4 is the button
Seat 1: Nicedaymybro ($100 in chips) is sitting out
Seat 2: YeeesMan ($102.72 in chips) 
Seat 3: Maximysss85 ($100 in chips) 
Seat 4: Aescul@pius ($106.20 in chips) 
Seat 5: socito ($100 in chips) 
Seat 6: Unipoker11 ($100 in chips) 
socito: posts small blind $0.50
Unipoker11: posts big blind $1
Nicedaymybro: sits out 
*** HOLE CARDS ***
YeeesMan: folds 
Maximysss85: folds 
Aescul@pius: folds 
socito: raises $2 to $3
Unipoker11: folds 
Uncalled bet ($2) returned to socito
socito collected $2 from pot
socito: doesn't show hand 
*** SUMMARY ***
Total pot $2 | Rake $0 
Seat 1: Nicedaymybro
Seat 2: YeeesMan folded before Flop (didn't bet)
Seat 3: Maximysss85 folded before Flop (didn't bet)
Seat 4: Aescul@pius (button) folded before Flop (didn't bet)
Seat 5: socito (small blind) collected ($2)
Seat 6: Unipoker11 (big blind) folded before Flop



PokerStars Hand #254432773210:  Hold'em No Limit ($0.50/$1.00 USD) - 2025/01/18 16:18:26 WET [2025/01/18 11:18:26 ET]
Table 'Algoa III' 6-max Seat #5 is the button
Seat 1: Nicedaymybro ($100 in chips) 
Seat 2: YeeesMan ($102.72 in chips) 
Seat 3: Maximysss85 ($100 in chips) 
Seat 4: Aescul@pius ($106.20 in chips) 
Seat 5: socito ($101 in chips) 
Seat 6: Unipoker11 ($100 in chips) 
Unipoker11: posts small blind $0.50
Nicedaymybro: posts big blind $1
*** HOLE CARDS ***
YeeesMan: folds 
Maximysss85: folds 
Aescul@pius: raises $1.20 to $2.20
socito: folds 
Unipoker11: folds 
Nicedaymybro: folds 
Uncalled bet ($1.20) returned to Aescul@pius
Aescul@pius collected $2.50 from pot
Aescul@pius: doesn't show hand 
*** SUMMARY ***
Total pot $2.50 | Rake $0 
Seat 1: Nicedaymybro (big blind) folded before Flop
Seat 2: YeeesMan folded before Flop (didn't bet)
Seat 3: Maximysss85 folded before Flop (didn't bet)
Seat 4: Aescul@pius collected ($2.50)
Seat 5: socito (button) folded before Flop (didn't bet)
Seat 6: Unipoker11 (small blind) folded before Flop



PokerStars Hand #254432778105:  Hold'em No Limit ($0.50/$1.00 USD) - 2025/01/18 16:18:46 WET [2025/01/18 11:18:46 ET]
Table 'Algoa III' 6-max Seat #6 is the button
Seat 2: YeeesMan ($102.72 in chips) is sitting out
Seat 3: Maximysss85 ($100 in chips) is sitting out
Seat 1: Nicedaymybro ($100 in chips) 
Seat 4: Aescul@pius ($107.70 in chips) 
Seat 5: socito ($101 in chips) 
Seat 6: Unipoker11 ($100 in chips) 
Nicedaymybro: posts small blind $0.50
YeeesMan: is sitting out 
Maximysss85: is sitting out 
Aescul@pius: posts big blind $1
*** HOLE CARDS ***
Maximysss85 leaves the table
socito: folds 
YeeesMan leaves the table
Unipoker11: folds 
Nicedaymybro: folds 
Uncalled bet ($0.50) returned to Aescul@pius
Aescul@pius collected $1 from pot
Aescul@pius: doesn't show hand 
*** SUMMARY ***
Total pot $1 | Rake $0 
Seat 2: YeeesMan
Seat 3: Maximysss85
Seat 1: Nicedaymybro (small blind) folded before Flop
Seat 4: Aescul@pius (big blind) collected ($1)
Seat 5: socito folded before Flop (didn't bet)
Seat 6: Unipoker11 (button) folded before Flop (didn't bet)



PokerStars Hand #254432780571:  Hold'em No Limit ($0.50/$1.00 USD) - 2025/01/18 16:18:56 WET [2025/01/18 11:18:56 ET]
Table 'Algoa III' 6-max Seat #1 is the button
Seat 1: Nicedaymybro ($100 in chips) 
Seat 4: Aescul@pius ($108.20 in chips) 
Seat 5: socito ($101 in chips) 
Seat 6: Unipoker11 ($100 in chips) 
Aescul@pius: posts small blind $0.50
socito: posts big blind $1
*** HOLE CARDS ***
Unipoker11: folds 
Nicedaymybro: folds 
Aescul@pius: folds 
Uncalled bet ($0.50) returned to socito
Maximysss85 joins the table at seat #3 
socito collected $1 from pot
socito: doesn't show hand 
*** SUMMARY ***
Total pot $1 | Rake $0 
Seat 1: Nicedaymybro (button) folded before Flop (didn't bet)
Seat 4: Aescul@pius (small blind) folded before Flop
Seat 5: socito (big blind) collected ($1)
Seat 6: Unipoker11 folded before Flop (didn't bet)



PokerStars Hand #254432782764:  Hold'em No Limit ($0.50/$1.00 USD) - 2025/01/18 16:19:05 WET [2025/01/18 11:19:05 ET]
Table 'Algoa III' 6-max Seat #4 is the button
Seat 3: Maximysss85 ($100 in chips) is sitting out
Seat 1: Nicedaymybro ($100 in chips) 
Seat 4: Aescul@pius ($107.70 in chips) 
Seat 5: socito ($101.50 in chips) 
Seat 6: Unipoker11 ($100 in chips) 
socito: posts small blind $0.50
Unipoker11: posts big blind $1
Maximysss85: sits out 
*** HOLE CARDS ***
Nicedaymybro: raises $1.50 to $2.50
Aescul@pius: folds 
socito: folds 
Unipoker11: folds 
Uncalled bet ($1.50) returned to Nicedaymybro
Nicedaymybro collected $2.50 from pot
Nicedaymybro: doesn't show hand 
*** SUMMARY ***
Total pot $2.50 | Rake $0 
Seat 3: Maximysss85
Seat 1: Nicedaymybro collected ($2.50)
Seat 4: Aescul@pius (button) folded before Flop (didn't bet)
Seat 5: socito (small blind) folded before Flop
Seat 6: Unipoker11 (big blind) folded before Flop



PokerStars Hand #254432786708:  Hold'em No Limit ($0.50/$1.00 USD) - 2025/01/18 16:19:21 WET [2025/01/18 11:19:21 ET]
Table 'Algoa III' 6-max Seat #5 is the button
Seat 3: Maximysss85 ($100 in chips) is sitting out
Seat 1: Nicedaymybro ($101.50 in chips) 
Seat 4: Aescul@pius ($107.70 in chips) 
Seat 5: socito ($101 in chips) 
Seat 6: Unipoker11 ($100 in chips) 
Unipoker11: posts small blind $0.50
Nicedaymybro: posts big blind $1
Maximysss85: sits out 
*** HOLE CARDS ***
Aescul@pius: folds 
socito: folds 
Unipoker11: folds 
Uncalled bet ($0.50) returned to Nicedaymybro
Nicedaymybro collected $1 from pot
Nicedaymybro: doesn't show hand 
*** SUMMARY ***
Total pot $1 | Rake $0 
Seat 3: Maximysss85
Seat 1: Nicedaymybro (big blind) collected ($1)
Seat 4: Aescul@pius folded before Flop (didn't bet)
Seat 5: socito (button) folded before Flop (didn't bet)
Seat 6: Unipoker11 (small blind) folded before Flop



PokerStars Hand #254432791706:  Hold'em No Limit ($0.50/$1.00 USD) - 2025/01/18 16:19:42 WET [2025/01/18 11:19:42 ET]
Table 'Algoa III' 6-max Seat #6 is the button
Seat 1: Nicedaymybro ($102 in chips) 
Seat 3: Maximysss85 ($100 in chips) 
Seat 4: Aescul@pius ($107.70 in chips) 
Seat 5: socito ($101 in chips) 
Seat 6: Unipoker11 ($100 in chips) 
Nicedaymybro: posts small blind $0.50
Maximysss85: posts big blind $1
*** HOLE CARDS ***
Aescul@pius: raises $1 to $2
socito: folds 
Maltesers123 joins the table at seat #2 
Maltesers123 is disconnected 
Unipoker11: folds 
Nicedaymybro: folds 
Maximysss85: raises $8 to $10
Aescul@pius: folds 
Uncalled bet ($8) returned to Maximysss85
Maximysss85 collected $4.50 from pot
Maximysss85: doesn't show hand 
*** SUMMARY ***
Total pot $4.50 | Rake $0 
Seat 1: Nicedaymybro (small blind) folded before Flop
Seat 3: Maximysss85 (big blind) collected ($4.50)
Seat 4: Aescul@pius folded before Flop
Seat 5: socito folded before Flop (didn't bet)
Seat 6: Unipoker11 (button) folded before Flop (didn't bet)



PokerStars Hand #254432802774:  Hold'em No Limit ($0.50/$1.00 USD) - 2025/01/18 16:20:27 WET [2025/01/18 11:20:27 ET]
Table 'Algoa III' 6-max Seat #1 is the button
Seat 2: Maltesers123 ($80 in chips) is sitting out
Seat 1: Nicedaymybro ($101.50 in chips) 
Seat 3: Maximysss85 ($102.50 in chips) 
Seat 4: Aescul@pius ($105.70 in chips) 
Seat 5: socito ($101 in chips) 
Seat 6: Unipoker11 ($100 in chips) 
Maximysss85: posts small blind $0.50
Aescul@pius: posts big blind $1
*** HOLE CARDS ***
socito: folds 
Unipoker11: folds 
Nicedaymybro: folds 
Maximysss85: folds 
Uncalled bet ($0.50) returned to Aescul@pius
Aescul@pius collected $1 from pot
Aescul@pius: doesn't show hand 
*** SUMMARY ***
Total pot $1 | Rake $0 
Seat 2: Maltesers123
Seat 1: Nicedaymybro (button) folded before Flop (didn't bet)
Seat 3: Maximysss85 (small blind) folded before Flop
Seat 4: Aescul@pius (big blind) collected ($1)
Seat 5: socito folded before Flop (didn't bet)
Seat 6: Unipoker11 folded before Flop (didn't bet)



PokerStars Hand #254432804869:  Hold'em No Limit ($0.50/$1.00 USD) - 2025/01/18 16:20:35 WET [2025/01/18 11:20:35 ET]
Table 'Algoa III' 6-max Seat #3 is the button
Seat 5: socito ($101 in chips) is sitting out
Seat 1: Nicedaymybro ($101.50 in chips) 
Seat 2: Maltesers123 ($80 in chips) 
Seat 3: Maximysss85 ($102 in chips) 
Seat 4: Aescul@pius ($106.20 in chips) 
Seat 6: Unipoker11 ($100 in chips) 
Aescul@pius: posts small blind $0.50
socito: is sitting out 
Unipoker11: posts big blind $1
Maltesers123: posts big blind $1
*** HOLE CARDS ***
Nicedaymybro: raises $4 to $5
Maltesers123: folds 
Maximysss85: folds 
Aescul@pius: folds 
Unipoker11: folds 
Uncalled bet ($4) returned to Nicedaymybro
Nicedaymybro collected $3.50 from pot
Nicedaymybro: doesn't show hand 
*** SUMMARY ***
Total pot $3.50 | Rake $0 
Seat 5: socito
Seat 1: Nicedaymybro collected ($3.50)
Seat 2: Maltesers123 folded before Flop (didn't bet)
Seat 3: Maximysss85 (button) folded before Flop (didn't bet)
Seat 4: Aescul@pius (small blind) folded before Flop
Seat 6: Unipoker11 (big blind) folded before Flop



PokerStars Hand #254432811533:  Hold'em No Limit ($0.50/$1.00 USD) - 2025/01/18 16:21:02 WET [2025/01/18 11:21:02 ET]
Table 'Algoa III' 6-max Seat #4 is the button
Seat 5: socito ($101 in chips) is sitting out
Seat 1: Nicedaymybro ($104 in chips) 
Seat 2: Maltesers123 ($79 in chips) 
Seat 3: Maximysss85 ($102 in chips) 
Seat 4: Aescul@pius ($105.70 in chips) 
Seat 6: Unipoker11 ($100 in chips) 
Unipoker11: posts small blind $0.50
Nicedaymybro: posts big blind $1
*** HOLE CARDS ***
Maltesers123: calls $1
Maximysss85: folds 
Aescul@pius: folds 
Unipoker11: folds 
Nicedaymybro: checks 
*** FLOP *** [3d Kc Qc]
Nicedaymybro: checks 
Maltesers123: bets $1
Nicedaymybro: folds 
Uncalled bet ($1) returned to Maltesers123
Maltesers123 collected $2.38 from pot
*** SUMMARY ***
Total pot $2.50 | Rake $0.12 
Board [3d Kc Qc]
Seat 5: socito
Seat 1: Nicedaymybro (big blind) folded on the Flop
Seat 2: Maltesers123 collected ($2.38)
Seat 3: Maximysss85 folded before Flop (didn't bet)
Seat 4: Aescul@pius (button) folded before Flop (didn't bet)
Seat 6: Unipoker11 (small blind) folded before Flop



PokerStars Hand #254432817378:  Hold'em No Limit ($0.50/$1.00 USD) - 2025/01/18 16:21:26 WET [2025/01/18 11:21:26 ET]
Table 'Algoa III' 6-max Seat #6 is the button
Seat 5: socito ($101 in chips) is sitting out
Seat 1: Nicedaymybro ($103 in chips) 
Seat 2: Maltesers123 ($80.38 in chips) 
Seat 3: Maximysss85 ($102 in chips) 
Seat 4: Aescul@pius ($105.70 in chips) 
Seat 6: Unipoker11 ($100 in chips) 
Nicedaymybro: posts small blind $0.50
Maltesers123: posts big blind $1
socito: sits out 
*** HOLE CARDS ***
Maximysss85: raises $1.50 to $2.50
Aescul@pius: folds 
Unipoker11: folds 
Nicedaymybro: folds 
Maltesers123: folds 
Uncalled bet ($1.50) returned to Maximysss85
Maximysss85 collected $2.50 from pot
Maximysss85: doesn't show hand 
*** SUMMARY ***
Total pot $2.50 | Rake $0 
Seat 5: socito
Seat 1: Nicedaymybro (small blind) folded before Flop
Seat 2: Maltesers123 (big blind) folded before Flop
Seat 3: Maximysss85 collected ($2.50)
Seat 4: Aescul@pius folded before Flop (didn't bet)
Seat 6: Unipoker11 (button) folded before Flop (didn't bet)



PokerStars Hand #254432820617:  Hold'em No Limit ($0.50/$1.00 USD) - 2025/01/18 16:21:40 WET [2025/01/18 11:21:40 ET]
Table 'Algoa III' 6-max Seat #1 is the button
Seat 5: socito ($101 in chips) is sitting out
Seat 1: Nicedaymybro ($102.50 in chips) 
Seat 2: Maltesers123 ($79.38 in chips) 
Seat 3: Maximysss85 ($103.50 in chips) 
Seat 4: Aescul@pius ($105.70 in chips) 
Seat 6: Unipoker11 ($100 in chips) 
Maltesers123: posts small blind $0.50
Maximysss85: posts big blind $1
socito: sits out 
*** HOLE CARDS ***
Aescul@pius: folds 
Unipoker11: folds 
Nicedaymybro: raises $1.50 to $2.50
Maltesers123: folds 
Maximysss85: folds 
Uncalled bet ($1.50) returned to Nicedaymybro
Nicedaymybro collected $2.50 from pot
Nicedaymybro: doesn't show hand 
*** SUMMARY ***
Total pot $2.50 | Rake $0 
Seat 5: socito
Seat 1: Nicedaymybro (button) collected ($2.50)
Seat 2: Maltesers123 (small blind) folded before Flop
Seat 3: Maximysss85 (big blind) folded before Flop
Seat 4: Aescul@pius folded before Flop (didn't bet)
Seat 6: Unipoker11 folded before Flop (didn't bet)



PokerStars Hand #254432824076:  Hold'em No Limit ($0.50/$1.00 USD) - 2025/01/18 16:21:54 WET [2025/01/18 11:21:54 ET]
Table 'Algoa III' 6-max Seat #2 is the button
Seat 5: socito ($101 in chips) is sitting out
Seat 1: Nicedaymybro ($104 in chips) 
Seat 2: Maltesers123 ($78.88 in chips) 
Seat 3: Maximysss85 ($102.50 in chips) 
Seat 4: Aescul@pius ($105.70 in chips) 
Seat 6: Unipoker11 ($100 in chips) 
Maximysss85: posts small blind $0.50
Aescul@pius: posts big blind $1
socito: sits out 
*** HOLE CARDS ***
Unipoker11: folds 
Nicedaymybro: folds 
Maltesers123: calls $1
Maximysss85: calls $0.50
Aescul@pius: checks 
*** FLOP *** [9h 6h 6c]
Maximysss85: checks 
Aescul@pius: bets $1.50
Maltesers123: folds 
Maximysss85: folds 
Uncalled bet ($1.50) returned to Aescul@pius
Aescul@pius collected $2.85 from pot
Aescul@pius: doesn't show hand 
*** SUMMARY ***
Total pot $3 | Rake $0.15 
Board [9h 6h 6c]
Seat 5: socito
Seat 1: Nicedaymybro folded before Flop (didn't bet)
Seat 2: Maltesers123 (button) folded on the Flop
Seat 3: Maximysss85 (small blind) folded on the Flop
Seat 4: Aescul@pius (big blind) collected ($2.85)
Seat 6: Unipoker11 folded before Flop (didn't bet)



PokerStars Hand #254432832590:  Hold'em No Limit ($0.50/$1.00 USD) - 2025/01/18 16:22:29 WET [2025/01/18 11:22:29 ET]
Table 'Algoa III' 6-max Seat #3 is the button
Seat 1: Nicedaymybro ($104 in chips) 
Seat 2: Maltesers123 ($77.88 in chips) 
Seat 3: Maximysss85 ($101.50 in chips) 
Seat 4: Aescul@pius ($107.55 in chips) 
Seat 5: socito ($101 in chips) 
Seat 6: Unipoker11 ($100 in chips) 
Aescul@pius: posts small blind $0.50
socito: posts big blind $1
*** HOLE CARDS ***
Unipoker11: raises $1 to $2
Nicedaymybro: folds 
Maltesers123: folds 
Maximysss85: calls $2
Aescul@pius: folds 
socito: folds 
*** FLOP *** [2d Kh 9s]
Unipoker11: checks 
Maximysss85: checks 
*** TURN *** [2d Kh 9s] [4s]
Unipoker11: checks 
Maximysss85: checks 
*** RIVER *** [2d Kh 9s 4s] [7c]
Unipoker11: bets $3.91
Maximysss85: calls $3.91
*** SHOW DOWN ***
Unipoker11: shows [Ts Td] (a pair of Tens)
Maximysss85: mucks hand 
Unipoker11 collected $12.65 from pot
*** SUMMARY ***
Total pot $13.32 | Rake $0.67 
Board [2d Kh 9s 4s 7c]
Seat 1: Nicedaymybro folded before Flop (didn't bet)
Seat 2: Maltesers123 folded before Flop (didn't bet)
Seat 3: Maximysss85 (button) mucked
Seat 4: Aescul@pius (small blind) folded before Flop
Seat 5: socito (big blind) folded before Flop
Seat 6: Unipoker11 showed [Ts Td] and won ($12.65) with a pair of Tens



PokerStars Hand #254432843356:  Hold'em No Limit ($0.50/$1.00 USD) - 2025/01/18 16:23:14 WET [2025/01/18 11:23:14 ET]
Table 'Algoa III' 6-max Seat #4 is the button
Seat 1: Nicedaymybro ($104 in chips) 
Seat 2: Maltesers123 ($77.88 in chips) 
Seat 3: Maximysss85 ($100 in chips) 
Seat 4: Aescul@pius ($107.05 in chips) 
Seat 5: socito ($100 in chips) 
Seat 6: Unipoker11 ($106.74 in chips) 
socito: posts small blind $0.50
Unipoker11: posts big blind $1
*** HOLE CARDS ***
Nicedaymybro: raises $1.50 to $2.50
Maltesers123: calls $2.50
Maximysss85: folds 
Aescul@pius: folds 
socito: folds 
Unipoker11: calls $1.50
*** FLOP *** [5s Tc 6d]
Unipoker11: checks 
Nicedaymybro: checks 
Maltesers123: bets $3.80
Unipoker11: calls $3.80
Nicedaymybro: folds 
*** TURN *** [5s Tc 6d] [Ts]
Unipoker11: checks 
Maltesers123: checks 
*** RIVER *** [5s Tc 6d Ts] [Qc]
Unipoker11: checks 
Maltesers123: bets $14.82
Unipoker11: calls $14.82
*** SHOW DOWN ***
Maltesers123: shows [Th Td] (four of a kind, Tens)
Unipoker11: mucks hand 
Maltesers123 collected $42.98 from pot
*** SUMMARY ***
Total pot $45.24 | Rake $2.26 
Board [5s Tc 6d Ts Qc]
Seat 1: Nicedaymybro folded on the Flop
Seat 2: Maltesers123 showed [Th Td] and won ($42.98) with four of a kind, Tens
Seat 3: Maximysss85 folded before Flop (didn't bet)
Seat 4: Aescul@pius (button) folded before Flop (didn't bet)
Seat 5: socito (small blind) folded before Flop
Seat 6: Unipoker11 (big blind) mucked



PokerStars Hand #254432863874:  Hold'em No Limit ($0.50/$1.00 USD) - 2025/01/18 16:24:39 WET [2025/01/18 11:24:39 ET]
Table 'Algoa III' 6-max Seat #5 is the button
Seat 1: Nicedaymybro ($101.50 in chips) 
Seat 2: Maltesers123 ($99.74 in chips) 
Seat 3: Maximysss85 ($100 in chips) 
Seat 4: Aescul@pius ($107.05 in chips) 
Seat 5: socito ($100 in chips) 
Seat 6: Unipoker11 ($100 in chips) 
Unipoker11: posts small blind $0.50
Nicedaymybro: posts big blind $1
*** HOLE CARDS ***
Maltesers123: calls $1
Maximysss85: raises $3 to $4
Aescul@pius: folds 
socito: folds 
Unipoker11: folds 
Nicedaymybro: folds 
Maltesers123: calls $3
*** FLOP *** [4h 5c 5s]
Maltesers123: checks 
Maximysss85: bets $3.61
Maltesers123: calls $3.61
*** TURN *** [4h 5c 5s] [Th]
Maltesers123: checks 
Maximysss85: bets $10.64
Maltesers123: folds 
Uncalled bet ($10.64) returned to Maximysss85
Maximysss85 collected $15.88 from pot
Maximysss85: doesn't show hand 
*** SUMMARY ***
Total pot $16.72 | Rake $0.84 
Board [4h 5c 5s Th]
Seat 1: Nicedaymybro (big blind) folded before Flop
Seat 2: Maltesers123 folded on the Turn
Seat 3: Maximysss85 collected ($15.88)
Seat 4: Aescul@pius folded before Flop (didn't bet)
Seat 5: socito (button) folded before Flop (didn't bet)
Seat 6: Unipoker11 (small blind) folded before Flop



PokerStars Hand #254432870548:  Hold'em No Limit ($0.50/$1.00 USD) - 2025/01/18 16:25:06 WET [2025/01/18 11:25:06 ET]
Table 'Algoa III' 6-max Seat #6 is the button
Seat 1: Nicedaymybro ($100.50 in chips) 
Seat 2: Maltesers123 ($92.13 in chips) 
Seat 3: Maximysss85 ($108.27 in chips) 
Seat 4: Aescul@pius ($107.05 in chips) 
Seat 5: socito ($100 in chips) 
Seat 6: Unipoker11 ($100 in chips) 
Nicedaymybro: posts small blind $0.50
Maltesers123: posts big blind $1
*** HOLE CARDS ***
Maximysss85: folds 
Aescul@pius: raises $1 to $2
socito: folds 
Unipoker11: folds 
Nicedaymybro: folds 
Maltesers123: folds 
Uncalled bet ($1) returned to Aescul@pius
Aescul@pius collected $2.50 from pot
Aescul@pius: doesn't show hand 
*** SUMMARY ***
Total pot $2.50 | Rake $0 
Seat 1: Nicedaymybro (small blind) folded before Flop
Seat 2: Maltesers123 (big blind) folded before Flop
Seat 3: Maximysss85 folded before Flop (didn't bet)
Seat 4: Aescul@pius collected ($2.50)
Seat 5: socito folded before Flop (didn't bet)
Seat 6: Unipoker11 (button) folded before Flop (didn't bet)



PokerStars Hand #254432874085:  Hold'em No Limit ($0.50/$1.00 USD) - 2025/01/18 16:25:21 WET [2025/01/18 11:25:21 ET]
Table 'Algoa III' 6-max Seat #1 is the button
Seat 1: Nicedaymybro ($100 in chips) 
Seat 2: Maltesers123 ($91.13 in chips) 
Seat 3: Maximysss85 ($108.27 in chips) 
Seat 4: Aescul@pius ($108.55 in chips) 
Seat 5: socito ($100 in chips) 
Seat 6: Unipoker11 ($100 in chips) 
Maltesers123: posts small blind $0.50
Maximysss85: posts big blind $1
*** HOLE CARDS ***
Aescul@pius: folds 
socito: folds 
Unipoker11: folds 
Nicedaymybro: folds 
Maltesers123: calls $0.50
Maximysss85: raises $3 to $4
Maltesers123: calls $3
*** FLOP *** [8c 2c Jc]
Maltesers123: checks 
Maximysss85: bets $3.04
Maltesers123: folds 
Uncalled bet ($3.04) returned to Maximysss85
Maximysss85 collected $7.60 from pot
Maximysss85: doesn't show hand 
*** SUMMARY ***
Total pot $8 | Rake $0.40 
Board [8c 2c Jc]
Seat 1: Nicedaymybro (button) folded before Flop (didn't bet)
Seat 2: Maltesers123 (small blind) folded on the Flop
Seat 3: Maximysss85 (big blind) collected ($7.60)
Seat 4: Aescul@pius folded before Flop (didn't bet)
Seat 5: socito folded before Flop (didn't bet)
Seat 6: Unipoker11 folded before Flop (didn't bet)



PokerStars Hand #254432881851:  Hold'em No Limit ($0.50/$1.00 USD) - 2025/01/18 16:25:53 WET [2025/01/18 11:25:53 ET]
Table 'Algoa III' 6-max Seat #2 is the button
Seat 1: Nicedaymybro ($100 in chips) 
Seat 2: Maltesers123 ($87.13 in chips) 
Seat 3: Maximysss85 ($111.87 in chips) 
Seat 4: Aescul@pius ($108.55 in chips) 
Seat 5: socito ($100 in chips) 
Seat 6: Unipoker11 ($100 in chips) 
Maximysss85: posts small blind $0.50
Aescul@pius: posts big blind $1
*** HOLE CARDS ***
socito: folds 
Unipoker11: folds 
Nicedaymybro: folds 
Maltesers123: folds 
Maximysss85: folds 
Uncalled bet ($0.50) returned to Aescul@pius
Aescul@pius collected $1 from pot
Aescul@pius: doesn't show hand 
*** SUMMARY ***
Total pot $1 | Rake $0 
Seat 1: Nicedaymybro folded before Flop (didn't bet)
Seat 2: Maltesers123 (button) folded before Flop (didn't bet)
Seat 3: Maximysss85 (small blind) folded before Flop
Seat 4: Aescul@pius (big blind) collected ($1)
Seat 5: socito folded before Flop (didn't bet)
Seat 6: Unipoker11 folded before Flop (didn't bet)



PokerStars Hand #254432885624:  Hold'em No Limit ($0.50/$1.00 USD) - 2025/01/18 16:26:09 WET [2025/01/18 11:26:09 ET]
Table 'Algoa III' 6-max Seat #3 is the button
Seat 1: Nicedaymybro ($100 in chips) 
Seat 2: Maltesers123 ($87.13 in chips) 
Seat 3: Maximysss85 ($111.37 in chips) 
Seat 4: Aescul@pius ($109.05 in chips) 
Seat 5: socito ($100 in chips) 
Seat 6: Unipoker11 ($100 in chips) 
Aescul@pius: posts small blind $0.50
socito: posts big blind $1
*** HOLE CARDS ***
Unipoker11: raises $1 to $2
Nicedaymybro: folds 
Maltesers123: folds 
Maximysss85: folds 
Aescul@pius: raises $9 to $11
socito: folds 
Unipoker11: folds 
Uncalled bet ($9) returned to Aescul@pius
Aescul@pius collected $5 from pot
Aescul@pius: doesn't show hand 
*** SUMMARY ***
Total pot $5 | Rake $0 
Seat 1: Nicedaymybro folded before Flop (didn't bet)
Seat 2: Maltesers123 folded before Flop (didn't bet)
Seat 3: Maximysss85 (button) folded before Flop (didn't bet)
Seat 4: Aescul@pius (small blind) collected ($5)
Seat 5: socito (big blind) folded before Flop
Seat 6: Unipoker11 folded before Flop



PokerStars Hand #254432892126:  Hold'em No Limit ($0.50/$1.00 USD) - 2025/01/18 16:26:35 WET [2025/01/18 11:26:35 ET]
Table 'Algoa III' 6-max Seat #4 is the button
Seat 1: Nicedaymybro ($100 in chips) 
Seat 2: Maltesers123 ($87.13 in chips) 
Seat 3: Maximysss85 ($111.37 in chips) 
Seat 4: Aescul@pius ($112.05 in chips) 
Seat 5: socito ($100 in chips) 
Seat 6: Unipoker11 ($100 in chips) 
socito: posts small blind $0.50
Unipoker11: posts big blind $1
*** HOLE CARDS ***
Nicedaymybro: folds 
Maltesers123: calls $1
Maximysss85: folds 
Aescul@pius: raises $3 to $4
socito: folds 
Unipoker11: folds 
Maltesers123: calls $3
*** FLOP *** [7s 3s 6s]
Maltesers123: bets $4.51
Aescul@pius: folds 
Uncalled bet ($4.51) returned to Maltesers123
Maltesers123 collected $9.02 from pot
*** SUMMARY ***
Total pot $9.50 | Rake $0.48 
Board [7s 3s 6s]
Seat 1: Nicedaymybro folded before Flop (didn't bet)
Seat 2: Maltesers123 collected ($9.02)
Seat 3: Maximysss85 folded before Flop (didn't bet)
Seat 4: Aescul@pius (button) folded on the Flop
Seat 5: socito (small blind) folded before Flop
Seat 6: Unipoker11 (big blind) folded before Flop



PokerStars Hand #254432900634:  Hold'em No Limit ($0.50/$1.00 USD) - 2025/01/18 16:27:11 WET [2025/01/18 11:27:11 ET]
Table 'Algoa III' 6-max Seat #5 is the button
Seat 1: Nicedaymybro ($100 in chips) 
Seat 2: Maltesers123 ($92.15 in chips) 
Seat 3: Maximysss85 ($111.37 in chips) 
Seat 4: Aescul@pius ($108.05 in chips) 
Seat 5: socito ($100 in chips) 
Seat 6: Unipoker11 ($100 in chips) 
Unipoker11: posts small blind $0.50
Nicedaymybro: posts big blind $1
*** HOLE CARDS ***
Maltesers123: folds 
Maximysss85: folds 
Aescul@pius: folds 
socito: raises $1.50 to $2.50
Unipoker11: folds 
Nicedaymybro: calls $1.50
*** FLOP *** [Th 3d 4h]
Nicedaymybro: checks 
socito: bets $1.72
Nicedaymybro: folds 
Uncalled bet ($1.72) returned to socito
socito collected $5.22 from pot
socito: doesn't show hand 
*** SUMMARY ***
Total pot $5.50 | Rake $0.28 
Board [Th 3d 4h]
Seat 1: Nicedaymybro (big blind) folded on the Flop
Seat 2: Maltesers123 folded before Flop (didn't bet)
Seat 3: Maximysss85 folded before Flop (didn't bet)
Seat 4: Aescul@pius folded before Flop (didn't bet)
Seat 5: socito (button) collected ($5.22)
Seat 6: Unipoker11 (small blind) folded before Flop



PokerStars Hand #254432907161:  Hold'em No Limit ($0.50/$1.00 USD) - 2025/01/18 16:27:38 WET [2025/01/18 11:27:38 ET]
Table 'Algoa III' 6-max Seat #6 is the button
Seat 1: Nicedaymybro ($100 in chips) 
Seat 2: Maltesers123 ($92.15 in chips) 
Seat 3: Maximysss85 ($111.37 in chips) 
Seat 4: Aescul@pius ($108.05 in chips) 
Seat 5: socito ($102.72 in chips) 
Seat 6: Unipoker11 ($100 in chips) 
Nicedaymybro: posts small blind $0.50
Maltesers123: posts big blind $1
*** HOLE CARDS ***
Maximysss85: folds 
Aescul@pius: raises $1.20 to $2.20
socito: folds 
Unipoker11: folds 
Nicedaymybro: folds 
Maltesers123: calls $1.20
*** FLOP *** [5d 2d 8h]
Maltesers123: checks 
Aescul@pius: checks 
*** TURN *** [5d 2d 8h] [Jc]
Maltesers123: bets $1
Aescul@pius: calls $1
*** RIVER *** [5d 2d 8h Jc] [Kd]
Maltesers123: bets $6.56
Aescul@pius: calls $6.56
*** SHOW DOWN ***
Maltesers123: shows [2h Jd] (two pair, Jacks and Deuces)
Aescul@pius: mucks hand 
Maltesers123 collected $19.02 from pot
*** SUMMARY ***
Total pot $20.02 | Rake $1 
Board [5d 2d 8h Jc Kd]
Seat 1: Nicedaymybro (small blind) folded before Flop
Seat 2: Maltesers123 (big blind) showed [2h Jd] and won ($19.02) with two pair, Jacks and Deuces
Seat 3: Maximysss85 folded before Flop (didn't bet)
Seat 4: Aescul@pius mucked
Seat 5: socito folded before Flop (didn't bet)
Seat 6: Unipoker11 (button) folded before Flop (didn't bet)



PokerStars Hand #254432925230:  Hold'em No Limit ($0.50/$1.00 USD) - 2025/01/18 16:28:53 WET [2025/01/18 11:28:53 ET]
Table 'Algoa III' 6-max Seat #1 is the button
Seat 1: Nicedaymybro ($100 in chips) 
Seat 2: Maltesers123 ($101.41 in chips) 
Seat 3: Maximysss85 ($111.37 in chips) 
Seat 4: Aescul@pius ($100 in chips) 
Seat 5: socito ($102.72 in chips) 
Seat 6: Unipoker11 ($100 in chips) 
Maltesers123: posts small blind $0.50
Maximysss85: posts big blind $1
*** HOLE CARDS ***
Aescul@pius: raises $1 to $2
socito: folds 
Unipoker11: folds 
Nicedaymybro: folds 
Maltesers123: folds 
Maximysss85: folds 
Uncalled bet ($1) returned to Aescul@pius
Aescul@pius collected $2.50 from pot
Aescul@pius: doesn't show hand 
*** SUMMARY ***
Total pot $2.50 | Rake $0 
Seat 1: Nicedaymybro (button) folded before Flop (didn't bet)
Seat 2: Maltesers123 (small blind) folded before Flop
Seat 3: Maximysss85 (big blind) folded before Flop
Seat 4: Aescul@pius collected ($2.50)
Seat 5: socito folded before Flop (didn't bet)
Seat 6: Unipoker11 folded before Flop (didn't bet)



PokerStars Hand #254432929927:  Hold'em No Limit ($0.50/$1.00 USD) - 2025/01/18 16:29:13 WET [2025/01/18 11:29:13 ET]
Table 'Algoa III' 6-max Seat #2 is the button
Seat 1: Nicedaymybro ($100 in chips) 
Seat 2: Maltesers123 ($100.91 in chips) 
Seat 3: Maximysss85 ($110.37 in chips) 
Seat 4: Aescul@pius ($101.50 in chips) 
Seat 5: socito ($102.72 in chips) 
Seat 6: Unipoker11 ($100 in chips) 
Maximysss85: posts small blind $0.50
Aescul@pius: posts big blind $1
*** HOLE CARDS ***
socito: folds 
Unipoker11: folds 
Nicedaymybro: folds 
Maltesers123: folds 
Maximysss85: folds 
Uncalled bet ($0.50) returned to Aescul@pius
Aescul@pius collected $1 from pot
Aescul@pius: doesn't show hand 
*** SUMMARY ***
Total pot $1 | Rake $0 
Seat 1: Nicedaymybro folded before Flop (didn't bet)
Seat 2: Maltesers123 (button) folded before Flop (didn't bet)
Seat 3: Maximysss85 (small blind) folded before Flop
Seat 4: Aescul@pius (big blind) collected ($1)
Seat 5: socito folded before Flop (didn't bet)
Seat 6: Unipoker11 folded before Flop (didn't bet)



PokerStars Hand #254432933378:  Hold'em No Limit ($0.50/$1.00 USD) - 2025/01/18 16:29:28 WET [2025/01/18 11:29:28 ET]
Table 'Algoa III' 6-max Seat #3 is the button
Seat 1: Nicedaymybro ($100 in chips) 
Seat 2: Maltesers123 ($100.91 in chips) 
Seat 3: Maximysss85 ($109.87 in chips) 
Seat 4: Aescul@pius ($102 in chips) 
Seat 5: socito ($102.72 in chips) 
Seat 6: Unipoker11 ($100 in chips) 
Aescul@pius: posts small blind $0.50
socito: posts big blind $1
*** HOLE CARDS ***
Unipoker11: folds 
Nicedaymybro: folds 
Maltesers123: folds 
Maximysss85: folds 
Aescul@pius: folds 
Uncalled bet ($0.50) returned to socito
socito collected $1 from pot
socito: doesn't show hand 
*** SUMMARY ***
Total pot $1 | Rake $0 
Seat 1: Nicedaymybro folded before Flop (didn't bet)
Seat 2: Maltesers123 folded before Flop (didn't bet)
Seat 3: Maximysss85 (button) folded before Flop (didn't bet)
Seat 4: Aescul@pius (small blind) folded before Flop
Seat 5: socito (big blind) collected ($1)
Seat 6: Unipoker11 folded before Flop (didn't bet)



PokerStars Hand #254432936484:  Hold'em No Limit ($0.50/$1.00 USD) - 2025/01/18 16:29:40 WET [2025/01/18 11:29:40 ET]
Table 'Algoa III' 6-max Seat #4 is the button
Seat 1: Nicedaymybro ($100 in chips) 
Seat 2: Maltesers123 ($100.91 in chips) 
Seat 3: Maximysss85 ($109.87 in chips) 
Seat 4: Aescul@pius ($101.50 in chips) 
Seat 5: socito ($103.22 in chips) 
Seat 6: Unipoker11 ($100 in chips) 
socito: posts small blind $0.50
Unipoker11: posts big blind $1
*** HOLE CARDS ***
Nicedaymybro: folds 
Maltesers123: folds 
Maximysss85: raises $1.50 to $2.50
Aescul@pius: folds 
socito: folds 
Unipoker11: folds 
Uncalled bet ($1.50) returned to Maximysss85
Maximysss85 collected $2.50 from pot
Maximysss85: doesn't show hand 
*** SUMMARY ***
Total pot $2.50 | Rake $0 
Seat 1: Nicedaymybro folded before Flop (didn't bet)
Seat 2: Maltesers123 folded before Flop (didn't bet)
Seat 3: Maximysss85 collected ($2.50)
Seat 4: Aescul@pius (button) folded before Flop (didn't bet)
Seat 5: socito (small blind) folded before Flop
Seat 6: Unipoker11 (big blind) folded before Flop



PokerStars Hand #254432940580:  Hold'em No Limit ($0.50/$1.00 USD) - 2025/01/18 16:29:56 WET [2025/01/18 11:29:56 ET]
Table 'Algoa III' 6-max Seat #5 is the button
Seat 1: Nicedaymybro ($100 in chips) 
Seat 2: Maltesers123 ($100.91 in chips) 
Seat 3: Maximysss85 ($111.37 in chips) 
Seat 4: Aescul@pius ($101.50 in chips) 
Seat 5: socito ($102.72 in chips) 
Seat 6: Unipoker11 ($100 in chips) 
Unipoker11: posts small blind $0.50
Nicedaymybro: posts big blind $1
*** HOLE CARDS ***
Maltesers123: calls $1
Maximysss85: folds 
Aescul@pius: folds 
socito: folds 
Unipoker11: calls $0.50
Nicedaymybro: checks 
*** FLOP *** [2h 7d Ad]
Unipoker11: checks 
Nicedaymybro: checks 
Maltesers123: checks 
*** TURN *** [2h 7d Ad] [6c]
Unipoker11: checks 
Nicedaymybro: bets $3.99
Maltesers123: folds 
Unipoker11: folds 
Uncalled bet ($3.99) returned to Nicedaymybro
Nicedaymybro collected $2.85 from pot
Nicedaymybro: doesn't show hand 
*** SUMMARY ***
Total pot $3 | Rake $0.15 
Board [2h 7d Ad 6c]
Seat 1: Nicedaymybro (big blind) collected ($2.85)
Seat 2: Maltesers123 folded on the Turn
Seat 3: Maximysss85 folded before Flop (didn't bet)
Seat 4: Aescul@pius folded before Flop (didn't bet)
Seat 5: socito (button) folded before Flop (didn't bet)
Seat 6: Unipoker11 (small blind) folded on the Turn



PokerStars Hand #254432951204:  Hold'em No Limit ($0.50/$1.00 USD) - 2025/01/18 16:30:40 WET [2025/01/18 11:30:40 ET]
Table 'Algoa III' 6-max Seat #6 is the button
Seat 1: Nicedaymybro ($101.85 in chips) 
Seat 2: Maltesers123 ($99.91 in chips) 
Seat 3: Maximysss85 ($111.37 in chips) 
Seat 4: Aescul@pius ($101.50 in chips) 
Seat 5: socito ($102.72 in chips) 
Seat 6: Unipoker11 ($100 in chips) 
Nicedaymybro: posts small blind $0.50
Maltesers123: posts big blind $1
*** HOLE CARDS ***
Maximysss85: folds 
Aescul@pius: raises $1 to $2
socito: folds 
Unipoker11: folds 
Nicedaymybro: folds 
Maltesers123: calls $1
*** FLOP *** [Ah 5s 7d]
Maltesers123: checks 
Aescul@pius: bets $1.42
Maltesers123: folds 
Uncalled bet ($1.42) returned to Aescul@pius
Aescul@pius collected $4.28 from pot
Aescul@pius: doesn't show hand 
*** SUMMARY ***
Total pot $4.50 | Rake $0.22 
Board [Ah 5s 7d]
Seat 1: Nicedaymybro (small blind) folded before Flop
Seat 2: Maltesers123 (big blind) folded on the Flop
Seat 3: Maximysss85 folded before Flop (didn't bet)
Seat 4: Aescul@pius collected ($4.28)
Seat 5: socito folded before Flop (didn't bet)
Seat 6: Unipoker11 (button) folded before Flop (didn't bet)



PokerStars Hand #254432958236:  Hold'em No Limit ($0.50/$1.00 USD) - 2025/01/18 16:31:08 WET [2025/01/18 11:31:08 ET]
Table 'Algoa III' 6-max Seat #1 is the button
Seat 1: Nicedaymybro ($101.35 in chips) 
Seat 2: Maltesers123 ($97.91 in chips) 
Seat 3: Maximysss85 ($111.37 in chips) 
Seat 4: Aescul@pius ($103.78 in chips) 
Seat 5: socito ($102.72 in chips) 
Seat 6: Unipoker11 ($100 in chips) 
Maltesers123: posts small blind $0.50
Maximysss85: posts big blind $1
*** HOLE CARDS ***
Aescul@pius: raises $1 to $2
socito: folds 
Unipoker11: folds 
Nicedaymybro: folds 
Maltesers123: folds 
Maximysss85: folds 
Uncalled bet ($1) returned to Aescul@pius
Aescul@pius collected $2.50 from pot
Aescul@pius: doesn't show hand 
*** SUMMARY ***
Total pot $2.50 | Rake $0 
Seat 1: Nicedaymybro (button) folded before Flop (didn't bet)
Seat 2: Maltesers123 (small blind) folded before Flop
Seat 3: Maximysss85 (big blind) folded before Flop
Seat 4: Aescul@pius collected ($2.50)
Seat 5: socito folded before Flop (didn't bet)
Seat 6: Unipoker11 folded before Flop (didn't bet)



PokerStars Hand #254432965353:  Hold'em No Limit ($0.50/$1.00 USD) - 2025/01/18 16:31:37 WET [2025/01/18 11:31:37 ET]
Table 'Algoa III' 6-max Seat #2 is the button
Seat 1: Nicedaymybro ($101.35 in chips) 
Seat 2: Maltesers123 ($97.41 in chips) 
Seat 3: Maximysss85 ($110.37 in chips) 
Seat 4: Aescul@pius ($105.28 in chips) 
Seat 5: socito ($102.72 in chips) 
Seat 6: Unipoker11 ($100 in chips) 
Maximysss85: posts small blind $0.50
Aescul@pius: posts big blind $1
*** HOLE CARDS ***
socito: folds 
Unipoker11: folds 
Nicedaymybro: folds 
Maltesers123: calls $1
Maximysss85: folds 
Aescul@pius: checks 
*** FLOP *** [Qh Qc 8s]
Aescul@pius: checks 
Maltesers123: bets $1
Aescul@pius: folds 
Uncalled bet ($1) returned to Maltesers123
Maltesers123 collected $2.38 from pot
*** SUMMARY ***
Total pot $2.50 | Rake $0.12 
Board [Qh Qc 8s]
Seat 1: Nicedaymybro folded before Flop (didn't bet)
Seat 2: Maltesers123 (button) collected ($2.38)
Seat 3: Maximysss85 (small blind) folded before Flop
Seat 4: Aescul@pius (big blind) folded on the Flop
Seat 5: socito folded before Flop (didn't bet)
Seat 6: Unipoker11 folded before Flop (didn't bet)



PokerStars Hand #254432972951:  Hold'em No Limit ($0.50/$1.00 USD) - 2025/01/18 16:32:08 WET [2025/01/18 11:32:08 ET]
Table 'Algoa III' 6-max Seat #3 is the button
Seat 1: Nicedaymybro ($101.35 in chips) 
Seat 2: Maltesers123 ($98.79 in chips) 
Seat 3: Maximysss85 ($109.87 in chips) 
Seat 4: Aescul@pius ($104.28 in chips) 
Seat 5: socito ($102.72 in chips) 
Seat 6: Unipoker11 ($100 in chips) 
Aescul@pius: posts small blind $0.50
socito: posts big blind $1
*** HOLE CARDS ***
Unipoker11: folds 
Nicedaymybro: folds 
Maltesers123: folds 
Maximysss85: raises $1.50 to $2.50
Aescul@pius: folds 
socito: folds 
Uncalled bet ($1.50) returned to Maximysss85
Maximysss85 collected $2.50 from pot
Maximysss85: doesn't show hand 
*** SUMMARY ***
Total pot $2.50 | Rake $0 
Seat 1: Nicedaymybro folded before Flop (didn't bet)
Seat 2: Maltesers123 folded before Flop (didn't bet)
Seat 3: Maximysss85 (button) collected ($2.50)
Seat 4: Aescul@pius (small blind) folded before Flop
Seat 5: socito (big blind) folded before Flop
Seat 6: Unipoker11 folded before Flop (didn't bet)



PokerStars Hand #254432978141:  Hold'em No Limit ($0.50/$1.00 USD) - 2025/01/18 16:32:29 WET [2025/01/18 11:32:29 ET]
Table 'Algoa III' 6-max Seat #4 is the button
Seat 1: Nicedaymybro ($101.35 in chips) is sitting out
Seat 2: Maltesers123 ($98.79 in chips) 
Seat 3: Maximysss85 ($111.37 in chips) 
Seat 4: Aescul@pius ($103.78 in chips) 
Seat 5: socito ($101.72 in chips) 
Seat 6: Unipoker11 ($100 in chips) 
socito: posts small blind $0.50
Unipoker11: posts big blind $1
*** HOLE CARDS ***
Maltesers123: folds 
Maximysss85: folds 
Aescul@pius: folds 
socito: raises $2 to $3
Unipoker11: calls $2
*** FLOP *** [4d Kh 9c]
socito: checks 
Unipoker11: checks 
*** TURN *** [4d Kh 9c] [5h]
socito: checks 
Unipoker11: bets $2.85
socito: calls $2.85
*** RIVER *** [4d Kh 9c 5h] [4h]
socito: checks 
Unipoker11: bets $8.34
socito: calls $8.34
*** SHOW DOWN ***
Unipoker11: shows [8c 7c] (a pair of Fours)
socito: shows [8d 9d] (two pair, Nines and Fours)
socito collected $26.96 from pot
*** SUMMARY ***
Total pot $28.38 | Rake $1.42 
Board [4d Kh 9c 5h 4h]
Seat 1: Nicedaymybro
Seat 2: Maltesers123 folded before Flop (didn't bet)
Seat 3: Maximysss85 folded before Flop (didn't bet)
Seat 4: Aescul@pius (button) folded before Flop (didn't bet)
Seat 5: socito (small blind) showed [8d 9d] and won ($26.96) with two pair, Nines and Fours
Seat 6: Unipoker11 (big blind) showed [8c 7c] and lost with a pair of Fours



PokerStars Hand #254433005489:  Hold'em No Limit ($0.50/$1.00 USD) - 2025/01/18 16:34:21 WET [2025/01/18 11:34:21 ET]
Table 'Algoa III' 6-max Seat #5 is the button
Seat 1: Nicedaymybro ($101.35 in chips) is sitting out
Seat 2: Maltesers123 ($98.79 in chips) 
Seat 3: Maximysss85 ($111.37 in chips) 
Seat 4: Aescul@pius ($103.78 in chips) 
Seat 5: socito ($114.49 in chips) 
Seat 6: Unipoker11 ($100 in chips) 
Unipoker11: posts small blind $0.50
Maltesers123: posts big blind $1
*** HOLE CARDS ***
Maximysss85: folds 
Aescul@pius: folds 
socito: folds 
Unipoker11: raises $2 to $3
Maltesers123: folds 
Uncalled bet ($2) returned to Unipoker11
Unipoker11 collected $2 from pot
Unipoker11: doesn't show hand 
*** SUMMARY ***
Total pot $2 | Rake $0 
Seat 1: Nicedaymybro
Seat 2: Maltesers123 (big blind) folded before Flop
Seat 3: Maximysss85 folded before Flop (didn't bet)
Seat 4: Aescul@pius folded before Flop (didn't bet)
Seat 5: socito (button) folded before Flop (didn't bet)
Seat 6: Unipoker11 (small blind) collected ($2)



PokerStars Hand #254433009522:  Hold'em No Limit ($0.50/$1.00 USD) - 2025/01/18 16:34:37 WET [2025/01/18 11:34:37 ET]
Table 'Algoa III' 6-max Seat #6 is the button
Seat 1: Nicedaymybro ($101.35 in chips) is sitting out
Seat 2: Maltesers123 ($97.79 in chips) 
Seat 3: Maximysss85 ($111.37 in chips) 
Seat 4: Aescul@pius ($103.78 in chips) 
Seat 5: socito ($114.49 in chips) 
Seat 6: Unipoker11 ($101 in chips) 
Maltesers123: posts small blind $0.50
Maximysss85: posts big blind $1
*** HOLE CARDS ***
Aescul@pius: folds 
socito: raises $1.50 to $2.50
Unipoker11: folds 
Maltesers123: folds 
Maximysss85: folds 
Uncalled bet ($1.50) returned to socito
socito collected $2.50 from pot
socito: doesn't show hand 
*** SUMMARY ***
Total pot $2.50 | Rake $0 
Seat 1: Nicedaymybro
Seat 2: Maltesers123 (small blind) folded before Flop
Seat 3: Maximysss85 (big blind) folded before Flop
Seat 4: Aescul@pius folded before Flop (didn't bet)
Seat 5: socito collected ($2.50)
Seat 6: Unipoker11 (button) folded before Flop (didn't bet)



PokerStars Hand #254433012270:  Hold'em No Limit ($0.50/$1.00 USD) - 2025/01/18 16:34:48 WET [2025/01/18 11:34:48 ET]
Table 'Algoa III' 6-max Seat #2 is the button
Seat 1: Nicedaymybro ($101.35 in chips) is sitting out
Seat 2: Maltesers123 ($97.29 in chips) 
Seat 3: Maximysss85 ($110.37 in chips) 
Seat 4: Aescul@pius ($103.78 in chips) 
Seat 5: socito ($115.99 in chips) 
Seat 6: Unipoker11 ($101 in chips) 
Maximysss85: posts small blind $0.50
Aescul@pius: posts big blind $1
*** HOLE CARDS ***
socito: folds 
Unipoker11: raises $1.30 to $2.30
Maltesers123: calls $2.30
Maximysss85: folds 
Aescul@pius: raises $11.20 to $13.50
Unipoker11: folds 
Maltesers123: folds 
Uncalled bet ($11.20) returned to Aescul@pius
Aescul@pius collected $7.40 from pot
Aescul@pius: doesn't show hand 
*** SUMMARY ***
Total pot $7.40 | Rake $0 
Seat 1: Nicedaymybro
Seat 2: Maltesers123 (button) folded before Flop
Seat 3: Maximysss85 (small blind) folded before Flop
Seat 4: Aescul@pius (big blind) collected ($7.40)
Seat 5: socito folded before Flop (didn't bet)
Seat 6: Unipoker11 folded before Flop



PokerStars Hand #254433021127:  Hold'em No Limit ($0.50/$1.00 USD) - 2025/01/18 16:35:24 WET [2025/01/18 11:35:24 ET]
Table 'Algoa III' 6-max Seat #3 is the button
Seat 1: Nicedaymybro ($101.35 in chips) is sitting out
Seat 2: Maltesers123 ($94.99 in chips) 
Seat 3: Maximysss85 ($109.87 in chips) 
Seat 4: Aescul@pius ($108.88 in chips) 
Seat 5: socito ($115.99 in chips) 
Seat 6: Unipoker11 ($100 in chips) 
Aescul@pius: posts small blind $0.50
socito: posts big blind $1
*** HOLE CARDS ***
Unipoker11: folds 
Maltesers123: folds 
Maximysss85: folds 
Aescul@pius: folds 
Uncalled bet ($0.50) returned to socito
socito collected $1 from pot
socito: doesn't show hand 
*** SUMMARY ***
Total pot $1 | Rake $0 
Seat 1: Nicedaymybro
Seat 2: Maltesers123 folded before Flop (didn't bet)
Seat 3: Maximysss85 (button) folded before Flop (didn't bet)
Seat 4: Aescul@pius (small blind) folded before Flop
Seat 5: socito (big blind) collected ($1)
Seat 6: Unipoker11 folded before Flop (didn't bet)



PokerStars Hand #254433026151:  Hold'em No Limit ($0.50/$1.00 USD) - 2025/01/18 16:35:44 WET [2025/01/18 11:35:44 ET]
Table 'Algoa III' 6-max Seat #4 is the button
Seat 1: Nicedaymybro ($101.35 in chips) is sitting out
Seat 2: Maltesers123 ($94.99 in chips) 
Seat 3: Maximysss85 ($109.87 in chips) 
Seat 4: Aescul@pius ($108.38 in chips) 
Seat 5: socito ($116.49 in chips) 
Seat 6: Unipoker11 ($100 in chips) 
socito: posts small blind $0.50
Unipoker11: posts big blind $1
*** HOLE CARDS ***
Maltesers123: folds 
Maximysss85: raises $1.50 to $2.50
Aescul@pius: folds 
socito: folds 
Unipoker11: calls $1.50
*** FLOP *** [8s 6s 9h]
Unipoker11: checks 
Maximysss85: checks 
*** TURN *** [8s 6s 9h] [7d]
Unipoker11: checks 
Maximysss85: checks 
*** RIVER *** [8s 6s 9h 7d] [8c]
Unipoker11: bets $3.91
Maximysss85: folds 
Uncalled bet ($3.91) returned to Unipoker11
Unipoker11 collected $5.22 from pot
Unipoker11: doesn't show hand 
*** SUMMARY ***
Total pot $5.50 | Rake $0.28 
Board [8s 6s 9h 7d 8c]
Seat 1: Nicedaymybro
Seat 2: Maltesers123 folded before Flop (didn't bet)
Seat 3: Maximysss85 folded on the River
Seat 4: Aescul@pius (button) folded before Flop (didn't bet)
Seat 5: socito (small blind) folded before Flop
Seat 6: Unipoker11 (big blind) collected ($5.22)



PokerStars Hand #254433040390:  Hold'em No Limit ($0.50/$1.00 USD) - 2025/01/18 16:36:42 WET [2025/01/18 11:36:42 ET]
Table 'Algoa III' 6-max Seat #5 is the button
Seat 1: Nicedaymybro ($101.35 in chips) 
Seat 2: Maltesers123 ($94.99 in chips) 
Seat 3: Maximysss85 ($107.37 in chips) 
Seat 4: Aescul@pius ($108.38 in chips) 
Seat 5: socito ($115.99 in chips) 
Seat 6: Unipoker11 ($102.72 in chips) 
Unipoker11: posts small blind $0.50
Nicedaymybro: posts big blind $1
*** HOLE CARDS ***
Maltesers123: folds 
Maximysss85: folds 
Aescul@pius: folds 
socito: raises $1.50 to $2.50
Unipoker11: raises $8.50 to $11
Nicedaymybro: folds 
socito: folds 
Uncalled bet ($8.50) returned to Unipoker11
Unipoker11 collected $6 from pot
Unipoker11: doesn't show hand 
*** SUMMARY ***
Total pot $6 | Rake $0 
Seat 1: Nicedaymybro (big blind) folded before Flop
Seat 2: Maltesers123 folded before Flop (didn't bet)
Seat 3: Maximysss85 folded before Flop (didn't bet)
Seat 4: Aescul@pius folded before Flop (didn't bet)
Seat 5: socito (button) folded before Flop
Seat 6: Unipoker11 (small blind) collected ($6)



PokerStars Hand #254433047382:  Hold'em No Limit ($0.50/$1.00 USD) - 2025/01/18 16:37:10 WET [2025/01/18 11:37:10 ET]
Table 'Algoa III' 6-max Seat #6 is the button
Seat 1: Nicedaymybro ($100.35 in chips) 
Seat 2: Maltesers123 ($94.99 in chips) 
Seat 3: Maximysss85 ($107.37 in chips) 
Seat 4: Aescul@pius ($108.38 in chips) 
Seat 5: socito ($113.49 in chips) 
Seat 6: Unipoker11 ($106.22 in chips) 
Nicedaymybro: posts small blind $0.50
Maltesers123: posts big blind $1
*** HOLE CARDS ***
Maximysss85: folds 
Maximysss85 leaves the table
Aescul@pius: folds 
socito: raises $1.50 to $2.50
Unipoker11: folds 
Nicedaymybro: folds 
BGS013 joins the table at seat #3 
Maltesers123: folds 
Uncalled bet ($1.50) returned to socito
socito collected $2.50 from pot
socito: doesn't show hand 
*** SUMMARY ***
Total pot $2.50 | Rake $0 
Seat 1: Nicedaymybro (small blind) folded before Flop
Seat 2: Maltesers123 (big blind) folded before Flop
Seat 3: Maximysss85 folded before Flop (didn't bet)
Seat 4: Aescul@pius folded before Flop (didn't bet)
Seat 5: socito collected ($2.50)
Seat 6: Unipoker11 (button) folded before Flop (didn't bet)



PokerStars Hand #254433054842:  Hold'em No Limit ($0.50/$1.00 USD) - 2025/01/18 16:37:40 WET [2025/01/18 11:37:40 ET]
Table 'Algoa III' 6-max Seat #1 is the button
Seat 1: Nicedaymybro ($100 in chips) 
Seat 2: Maltesers123 ($93.99 in chips) 
Seat 3: BGS013 ($100 in chips) 
Seat 4: Aescul@pius ($108.38 in chips) 
Seat 5: socito ($114.99 in chips) 
Seat 6: Unipoker11 ($106.22 in chips) 
Maltesers123: posts small blind $0.50
BGS013: posts big blind $1
*** HOLE CARDS ***
Aescul@pius: raises $1 to $2
socito: folds 
Unipoker11: folds 
Nicedaymybro: folds 
Maltesers123: calls $1.50
BGS013: calls $1
*** FLOP *** [3s Kc Ad]
Maltesers123: checks 
BGS013: checks 
Aescul@pius: checks 
*** TURN *** [3s Kc Ad] [Kd]
Maltesers123: bets $2.85
BGS013: folds 
Aescul@pius: raises $7.85 to $10.70
Maltesers123: folds 
Uncalled bet ($7.85) returned to Aescul@pius
Aescul@pius collected $11.12 from pot
Aescul@pius: doesn't show hand 
*** SUMMARY ***
Total pot $11.70 | Rake $0.58 
Board [3s Kc Ad Kd]
Seat 1: Nicedaymybro (button) folded before Flop (didn't bet)
Seat 2: Maltesers123 (small blind) folded on the Turn
Seat 3: BGS013 (big blind) folded on the Turn
Seat 4: Aescul@pius collected ($11.12)
Seat 5: socito folded before Flop (didn't bet)
Seat 6: Unipoker11 folded before Flop (didn't bet)



PokerStars Hand #254433067251:  Hold'em No Limit ($0.50/$1.00 USD) - 2025/01/18 16:38:31 WET [2025/01/18 11:38:31 ET]
Table 'Algoa III' 6-max Seat #2 is the button
Seat 1: Nicedaymybro ($100 in chips) 
Seat 2: Maltesers123 ($89.14 in chips) 
Seat 3: BGS013 ($100 in chips) 
Seat 4: Aescul@pius ($114.65 in chips) 
Seat 5: socito ($114.99 in chips) 
Seat 6: Unipoker11 ($106.22 in chips) 
BGS013: posts small blind $0.50
Aescul@pius: posts big blind $1
*** HOLE CARDS ***
socito: folds 
Unipoker11: raises $1 to $2
Nicedaymybro: raises $5 to $7
Maltesers123: folds 
BGS013: folds 
Aescul@pius: folds 
Unipoker11: folds 
Uncalled bet ($5) returned to Nicedaymybro
Nicedaymybro collected $5.50 from pot
Nicedaymybro: doesn't show hand 
*** SUMMARY ***
Total pot $5.50 | Rake $0 
Seat 1: Nicedaymybro collected ($5.50)
Seat 2: Maltesers123 (button) folded before Flop (didn't bet)
Seat 3: BGS013 (small blind) folded before Flop
Seat 4: Aescul@pius (big blind) folded before Flop
Seat 5: socito folded before Flop (didn't bet)
Seat 6: Unipoker11 folded before Flop



PokerStars Hand #254433072778:  Hold'em No Limit ($0.50/$1.00 USD) - 2025/01/18 16:38:54 WET [2025/01/18 11:38:54 ET]
Table 'Algoa III' 6-max Seat #3 is the button
Seat 1: Nicedaymybro ($103.50 in chips) 
Seat 2: Maltesers123 ($89.14 in chips) 
Seat 3: BGS013 ($100 in chips) 
Seat 4: Aescul@pius ($113.65 in chips) 
Seat 5: socito ($114.99 in chips) 
Seat 6: Unipoker11 ($104.22 in chips) 
Aescul@pius: posts small blind $0.50
socito: posts big blind $1
*** HOLE CARDS ***
Unipoker11: folds 
Nicedaymybro: folds 
Maltesers123: folds 
BGS013: folds 
Aescul@pius: folds 
Uncalled bet ($0.50) returned to socito
socito collected $1 from pot
socito: doesn't show hand 
*** SUMMARY ***
Total pot $1 | Rake $0 
Seat 1: Nicedaymybro folded before Flop (didn't bet)
Seat 2: Maltesers123 folded before Flop (didn't bet)
Seat 3: BGS013 (button) folded before Flop (didn't bet)
Seat 4: Aescul@pius (small blind) folded before Flop
Seat 5: socito (big blind) collected ($1)
Seat 6: Unipoker11 folded before Flop (didn't bet)



PokerStars Hand #254433077046:  Hold'em No Limit ($0.50/$1.00 USD) - 2025/01/18 16:39:11 WET [2025/01/18 11:39:11 ET]
Table 'Algoa III' 6-max Seat #4 is the button
Seat 1: Nicedaymybro ($103.50 in chips) 
Seat 2: Maltesers123 ($89.14 in chips) 
Seat 3: BGS013 ($100 in chips) 
Seat 4: Aescul@pius ($113.15 in chips) 
Seat 5: socito ($115.49 in chips) 
Seat 6: Unipoker11 ($104.22 in chips) 
socito: posts small blind $0.50
Unipoker11: posts big blind $1
*** HOLE CARDS ***
Nicedaymybro: folds 
Maltesers123: folds 
BGS013: folds 
Aescul@pius: folds 
socito: folds 
Uncalled bet ($0.50) returned to Unipoker11
Unipoker11 collected $1 from pot
Unipoker11: doesn't show hand 
*** SUMMARY ***
Total pot $1 | Rake $0 
Seat 1: Nicedaymybro folded before Flop (didn't bet)
Seat 2: Maltesers123 folded before Flop (didn't bet)
Seat 3: BGS013 folded before Flop (didn't bet)
Seat 4: Aescul@pius (button) folded before Flop (didn't bet)
Seat 5: socito (small blind) folded before Flop
Seat 6: Unipoker11 (big blind) collected ($1)



PokerStars Hand #254433080830:  Hold'em No Limit ($0.50/$1.00 USD) - 2025/01/18 16:39:27 WET [2025/01/18 11:39:27 ET]
Table 'Algoa III' 6-max Seat #5 is the button
Seat 1: Nicedaymybro ($103.50 in chips) 
Seat 2: Maltesers123 ($89.14 in chips) 
Seat 3: BGS013 ($100 in chips) 
Seat 4: Aescul@pius ($113.15 in chips) 
Seat 5: socito ($114.99 in chips) 
Seat 6: Unipoker11 ($104.72 in chips) 
Unipoker11: posts small blind $0.50
Nicedaymybro: posts big blind $1
*** HOLE CARDS ***
Maltesers123: folds 
BGS013: folds 
Aescul@pius: folds 
socito: raises $1.50 to $2.50
Unipoker11: folds 
Nicedaymybro: calls $1.50
*** FLOP *** [3c Ac 4c]
Nicedaymybro: checks 
socito: bets $1.31
Nicedaymybro: calls $1.31
*** TURN *** [3c Ac 4c] [8h]
Nicedaymybro: checks 
socito: checks 
*** RIVER *** [3c Ac 4c 8h] [2s]
Nicedaymybro: bets $1.93
socito: calls $1.93
*** SHOW DOWN ***
Nicedaymybro: shows [Ad Jh] (a pair of Aces)
socito: mucks hand 
Nicedaymybro collected $11.38 from pot
*** SUMMARY ***
Total pot $11.98 | Rake $0.60 
Board [3c Ac 4c 8h 2s]
Seat 1: Nicedaymybro (big blind) showed [Ad Jh] and won ($11.38) with a pair of Aces
Seat 2: Maltesers123 folded before Flop (didn't bet)
Seat 3: BGS013 folded before Flop (didn't bet)
Seat 4: Aescul@pius folded before Flop (didn't bet)
Seat 5: socito (button) mucked
Seat 6: Unipoker11 (small blind) folded before Flop



PokerStars Hand #254433095854:  Hold'em No Limit ($0.50/$1.00 USD) - 2025/01/18 16:40:28 WET [2025/01/18 11:40:28 ET]
Table 'Algoa III' 6-max Seat #6 is the button
Seat 1: Nicedaymybro ($109.14 in chips) 
Seat 2: Maltesers123 ($89.14 in chips) 
Seat 3: BGS013 ($100 in chips) 
Seat 4: Aescul@pius ($113.15 in chips) 
Seat 5: socito ($109.25 in chips) 
Seat 6: Unipoker11 ($104.22 in chips) 
Nicedaymybro: posts small blind $0.50
Maltesers123: posts big blind $1
*** HOLE CARDS ***
BGS013: folds 
Aescul@pius: folds 
socito: folds 
Unipoker11: raises $1.50 to $2.50
Nicedaymybro: folds 
Maltesers123: calls $1.50
*** FLOP *** [Th As Td]
Maltesers123: checks 
Unipoker11: bets $1.30
Maltesers123: calls $1.30
*** TURN *** [Th As Td] [6h]
Maltesers123: checks 
Unipoker11: checks 
*** RIVER *** [Th As Td 6h] [Ks]
Maltesers123: bets $7.70
Unipoker11: raises $15.48 to $23.18
Maltesers123: calls $15.48
*** SHOW DOWN ***
Unipoker11: shows [Js Qc] (a straight, Ten to Ace)
Maltesers123: mucks hand 
Unipoker11 collected $51.96 from pot
*** SUMMARY ***
Total pot $54.46 | Rake $2.50 
Board [Th As Td 6h Ks]
Seat 1: Nicedaymybro (small blind) folded before Flop
Seat 2: Maltesers123 (big blind) mucked
Seat 3: BGS013 folded before Flop (didn't bet)
Seat 4: Aescul@pius folded before Flop (didn't bet)
Seat 5: socito folded before Flop (didn't bet)
Seat 6: Unipoker11 (button) showed [Js Qc] and won ($51.96) with a straight, Ten to Ace



PokerStars Hand #254433109219:  Hold'em No Limit ($0.50/$1.00 USD) - 2025/01/18 16:41:22 WET [2025/01/18 11:41:22 ET]
Table 'Algoa III' 6-max Seat #1 is the button
Seat 1: Nicedaymybro ($108.64 in chips) 
Seat 2: Maltesers123 ($62.16 in chips) 
Seat 3: BGS013 ($100 in chips) 
Seat 4: Aescul@pius ($113.15 in chips) 
Seat 5: socito ($109.25 in chips) 
Seat 6: Unipoker11 ($129.20 in chips) 
Maltesers123: posts small blind $0.50
BGS013: posts big blind $1
*** HOLE CARDS ***
Aescul@pius: folds 
socito: raises $1.50 to $2.50
Unipoker11: folds 
Nicedaymybro: folds 
Maltesers123: calls $2
BGS013: raises $11 to $13.50
socito: folds 
Maltesers123: calls $11
*** FLOP *** [9c 6c 9d]
Maltesers123: checks 
BGS013: bets $5.79
Maltesers123: raises $42.87 to $48.66 and is all-in
BGS013: calls $42.87
*** TURN *** [9c 6c 9d] [Qd]
*** RIVER *** [9c 6c 9d Qd] [Kc]
*** SHOW DOWN ***
Maltesers123: shows [Ac 9s] (three of a kind, Nines)
BGS013: shows [Jh Ad] (a pair of Nines)
Maltesers123 collected $124.32 from pot
*** SUMMARY ***
Total pot $126.82 | Rake $2.50 
Board [9c 6c 9d Qd Kc]
Seat 1: Nicedaymybro (button) folded before Flop (didn't bet)
Seat 2: Maltesers123 (small blind) showed [Ac 9s] and won ($124.32) with three of a kind, Nines
Seat 3: BGS013 (big blind) showed [Jh Ad] and lost with a pair of Nines
Seat 4: Aescul@pius folded before Flop (didn't bet)
Seat 5: socito folded before Flop
Seat 6: Unipoker11 folded before Flop (didn't bet)



PokerStars Hand #254433125978:  Hold'em No Limit ($0.50/$1.00 USD) - 2025/01/18 16:42:31 WET [2025/01/18 11:42:31 ET]
Table 'Algoa III' 6-max Seat #2 is the button
Seat 1: Nicedaymybro ($108.64 in chips) 
Seat 2: Maltesers123 ($124.32 in chips) 
Seat 3: BGS013 ($100 in chips) 
Seat 4: Aescul@pius ($113.15 in chips) 
Seat 5: socito ($106.75 in chips) 
Seat 6: Unipoker11 ($129.20 in chips) 
BGS013: posts small blind $0.50
Aescul@pius: posts big blind $1
*** HOLE CARDS ***
socito: folds 
Unipoker11: folds 
Nicedaymybro: raises $1.50 to $2.50
Maltesers123: folds 
BGS013: raises $8.50 to $11
Aescul@pius: folds 
Nicedaymybro: folds 
Uncalled bet ($8.50) returned to BGS013
BGS013 collected $6 from pot
BGS013: doesn't show hand 
*** SUMMARY ***
Total pot $6 | Rake $0 
Seat 1: Nicedaymybro folded before Flop
Seat 2: Maltesers123 (button) folded before Flop (didn't bet)
Seat 3: BGS013 (small blind) collected ($6)
Seat 4: Aescul@pius (big blind) folded before Flop
Seat 5: socito folded before Flop (didn't bet)
Seat 6: Unipoker11 folded before Flop (didn't bet)



PokerStars Hand #254433130488:  Hold'em No Limit ($0.50/$1.00 USD) - 2025/01/18 16:42:49 WET [2025/01/18 11:42:49 ET]
Table 'Algoa III' 6-max Seat #3 is the button
Seat 1: Nicedaymybro ($106.14 in chips) 
Seat 2: Maltesers123 ($124.32 in chips) 
Seat 3: BGS013 ($103.50 in chips) 
Seat 4: Aescul@pius ($112.15 in chips) 
Seat 5: socito ($106.75 in chips) 
Seat 6: Unipoker11 ($129.20 in chips) 
Aescul@pius: posts small blind $0.50
socito: posts big blind $1
*** HOLE CARDS ***
Unipoker11: raises $1 to $2
Nicedaymybro: folds 
Maltesers123: calls $2
BGS013: folds 
Aescul@pius: folds 
socito: calls $1
*** FLOP *** [6h Th 7s]
socito: checks 
Unipoker11: checks 
Maltesers123: bets $2
socito: folds 
Unipoker11: calls $2
*** TURN *** [6h Th 7s] [6s]
Unipoker11: checks 
Maltesers123: bets $4
Unipoker11: folds 
Uncalled bet ($4) returned to Maltesers123
Maltesers123 collected $9.98 from pot
*** SUMMARY ***
Total pot $10.50 | Rake $0.52 
Board [6h Th 7s 6s]
Seat 1: Nicedaymybro folded before Flop (didn't bet)
Seat 2: Maltesers123 collected ($9.98)
Seat 3: BGS013 (button) folded before Flop (didn't bet)
Seat 4: Aescul@pius (small blind) folded before Flop
Seat 5: socito (big blind) folded on the Flop
Seat 6: Unipoker11 folded on the Turn



PokerStars Hand #254433146579:  Hold'em No Limit ($0.50/$1.00 USD) - 2025/01/18 16:43:54 WET [2025/01/18 11:43:54 ET]
Table 'Algoa III' 6-max Seat #4 is the button
Seat 1: Nicedaymybro ($106.14 in chips) 
Seat 2: Maltesers123 ($130.30 in chips) 
Seat 3: BGS013 ($103.50 in chips) 
Seat 4: Aescul@pius ($111.65 in chips) 
Seat 5: socito ($104.75 in chips) 
Seat 6: Unipoker11 ($125.20 in chips) 
socito: posts small blind $0.50
Unipoker11: posts big blind $1
*** HOLE CARDS ***
Nicedaymybro: folds 
Maltesers123: calls $1
BGS013: folds 
Aescul@pius: folds 
socito: calls $0.50
Unipoker11: checks 
*** FLOP *** [6h 9c Ks]
socito: checks 
Unipoker11: checks 
Maltesers123: checks 
*** TURN *** [6h 9c Ks] [4h]
socito: bets $1.43
Unipoker11: calls $1.43
Maltesers123: folds 
*** RIVER *** [6h 9c Ks 4h] [8h]
socito: checks 
Unipoker11: checks 
*** SHOW DOWN ***
socito: shows [7d 9d] (a pair of Nines)
Unipoker11: mucks hand 
socito collected $5.57 from pot
*** SUMMARY ***
Total pot $5.86 | Rake $0.29 
Board [6h 9c Ks 4h 8h]
Seat 1: Nicedaymybro folded before Flop (didn't bet)
Seat 2: Maltesers123 folded on the Turn
Seat 3: BGS013 folded before Flop (didn't bet)
Seat 4: Aescul@pius (button) folded before Flop (didn't bet)
Seat 5: socito (small blind) showed [7d 9d] and won ($5.57) with a pair of Nines
Seat 6: Unipoker11 (big blind) mucked



PokerStars Hand #254433163761:  Hold'em No Limit ($0.50/$1.00 USD) - 2025/01/18 16:45:03 WET [2025/01/18 11:45:03 ET]
Table 'Algoa III' 6-max Seat #5 is the button
Seat 1: Nicedaymybro ($106.14 in chips) 
Seat 2: Maltesers123 ($129.30 in chips) 
Seat 3: BGS013 ($103.50 in chips) 
Seat 4: Aescul@pius ($111.65 in chips) 
Seat 5: socito ($107.89 in chips) 
Seat 6: Unipoker11 ($122.77 in chips) 
Unipoker11: posts small blind $0.50
Nicedaymybro: posts big blind $1
*** HOLE CARDS ***
Maltesers123: folds 
BGS013: folds 
Aescul@pius: folds 
socito: folds 
Unipoker11: folds 
Uncalled bet ($0.50) returned to Nicedaymybro
Nicedaymybro collected $1 from pot
Nicedaymybro: doesn't show hand 
*** SUMMARY ***
Total pot $1 | Rake $0 
Seat 1: Nicedaymybro (big blind) collected ($1)
Seat 2: Maltesers123 folded before Flop (didn't bet)
Seat 3: BGS013 folded before Flop (didn't bet)
Seat 4: Aescul@pius folded before Flop (didn't bet)
Seat 5: socito (button) folded before Flop (didn't bet)
Seat 6: Unipoker11 (small blind) folded before Flop



PokerStars Hand #254433170527:  Hold'em No Limit ($0.50/$1.00 USD) - 2025/01/18 16:45:31 WET [2025/01/18 11:45:31 ET]
Table 'Algoa III' 6-max Seat #6 is the button
Seat 1: Nicedaymybro ($106.64 in chips) 
Seat 2: Maltesers123 ($129.30 in chips) 
Seat 3: BGS013 ($103.50 in chips) 
Seat 4: Aescul@pius ($111.65 in chips) 
Seat 5: socito ($107.89 in chips) 
Seat 6: Unipoker11 ($122.27 in chips) 
Nicedaymybro: posts small blind $0.50
Maltesers123: posts big blind $1
*** HOLE CARDS ***
BGS013: raises $1 to $2
Aescul@pius: folds 
socito: folds 
Unipoker11: folds 
Nicedaymybro: folds 
Maltesers123: calls $1
*** FLOP *** [6c Jc Js]
Maltesers123: checks 
BGS013: bets $1.11
Maltesers123: folds 
Uncalled bet ($1.11) returned to BGS013
BGS013 collected $4.28 from pot
BGS013: doesn't show hand 
*** SUMMARY ***
Total pot $4.50 | Rake $0.22 
Board [6c Jc Js]
Seat 1: Nicedaymybro (small blind) folded before Flop
Seat 2: Maltesers123 (big blind) folded on the Flop
Seat 3: BGS013 collected ($4.28)
Seat 4: Aescul@pius folded before Flop (didn't bet)
Seat 5: socito folded before Flop (didn't bet)
Seat 6: Unipoker11 (button) folded before Flop (didn't bet)



PokerStars Hand #254433177611:  Hold'em No Limit ($0.50/$1.00 USD) - 2025/01/18 16:46:00 WET [2025/01/18 11:46:00 ET]
Table 'Algoa III' 6-max Seat #1 is the button
Seat 1: Nicedaymybro ($106.14 in chips) 
Seat 2: Maltesers123 ($127.30 in chips) 
Seat 3: BGS013 ($105.78 in chips) 
Seat 4: Aescul@pius ($111.65 in chips) 
Seat 5: socito ($107.89 in chips) 
Seat 6: Unipoker11 ($122.27 in chips) 
Maltesers123: posts small blind $0.50
BGS013: posts big blind $1
*** HOLE CARDS ***
Aescul@pius: folds 
socito: folds 
Unipoker11: raises $1.30 to $2.30
Nicedaymybro: folds 
Maltesers123: calls $1.80
BGS013: folds 
*** FLOP *** [2c 2d Qs]
Maltesers123: bets $1
Unipoker11: calls $1
*** TURN *** [2c 2d Qs] [Kd]
Maltesers123: bets $124 and is all-in
Unipoker11: folds 
Uncalled bet ($124) returned to Maltesers123
Maltesers123 collected $7.22 from pot
*** SUMMARY ***
Total pot $7.60 | Rake $0.38 
Board [2c 2d Qs Kd]
Seat 1: Nicedaymybro (button) folded before Flop (didn't bet)
Seat 2: Maltesers123 (small blind) collected ($7.22)
Seat 3: BGS013 (big blind) folded before Flop
Seat 4: Aescul@pius folded before Flop (didn't bet)
Seat 5: socito folded before Flop (didn't bet)
Seat 6: Unipoker11 folded on the Turn



PokerStars Hand #254433184988:  Hold'em No Limit ($0.50/$1.00 USD) - 2025/01/18 16:46:30 WET [2025/01/18 11:46:30 ET]
Table 'Algoa III' 6-max Seat #2 is the button
Seat 1: Nicedaymybro ($106.14 in chips) 
Seat 2: Maltesers123 ($131.22 in chips) 
Seat 3: BGS013 ($104.78 in chips) 
Seat 4: Aescul@pius ($111.65 in chips) 
Seat 5: socito ($107.89 in chips) 
Seat 6: Unipoker11 ($118.97 in chips) 
BGS013: posts small blind $0.50
Aescul@pius: posts big blind $1
*** HOLE CARDS ***
socito: folds 
socito leaves the table
Unipoker11: raises $1 to $2
Nicedaymybro: folds 
Maltesers123: folds 
sta$igk joins the table at seat #5 
BGS013: folds 
Aescul@pius: raises $9 to $11
Unipoker11: calls $9
*** FLOP *** [Kh Jh Ad]
Aescul@pius: bets $21.38
Unipoker11: folds 
Uncalled bet ($21.38) returned to Aescul@pius
Aescul@pius collected $21.38 from pot
Aescul@pius: doesn't show hand 
*** SUMMARY ***
Total pot $22.50 | Rake $1.12 
Board [Kh Jh Ad]
Seat 1: Nicedaymybro folded before Flop (didn't bet)
Seat 2: Maltesers123 (button) folded before Flop (didn't bet)
Seat 3: BGS013 (small blind) folded before Flop
Seat 4: Aescul@pius (big blind) collected ($21.38)
Seat 5: socito folded before Flop (didn't bet)
Seat 6: Unipoker11 folded on the Flop



PokerStars Hand #254433208486:  Hold'em No Limit ($0.50/$1.00 USD) - 2025/01/18 16:48:06 WET [2025/01/18 11:48:06 ET]
Table 'Algoa III' 6-max Seat #3 is the button
Seat 1: Nicedaymybro ($106.14 in chips) 
Seat 2: Maltesers123 ($131.22 in chips) 
Seat 3: BGS013 ($104.28 in chips) 
Seat 4: Aescul@pius ($122.03 in chips) 
Seat 5: sta$igk ($100 in chips) 
Seat 6: Unipoker11 ($107.97 in chips) 
Aescul@pius: posts small blind $0.50
sta$igk: posts big blind $1
*** HOLE CARDS ***
Unipoker11: folds 
Nicedaymybro: folds 
Maltesers123: calls $1
BGS013: folds 
Aescul@pius: folds 
sta$igk: checks 
*** FLOP *** [2h 6c Jd]
sta$igk: checks 
Maltesers123: bets $1
sta$igk: folds 
Uncalled bet ($1) returned to Maltesers123
Maltesers123 collected $2.38 from pot
*** SUMMARY ***
Total pot $2.50 | Rake $0.12 
Board [2h 6c Jd]
Seat 1: Nicedaymybro folded before Flop (didn't bet)
Seat 2: Maltesers123 collected ($2.38)
Seat 3: BGS013 (button) folded before Flop (didn't bet)
Seat 4: Aescul@pius (small blind) folded before Flop
Seat 5: sta$igk (big blind) folded on the Flop
Seat 6: Unipoker11 folded before Flop (didn't bet)



PokerStars Hand #254433217029:  Hold'em No Limit ($0.50/$1.00 USD) - 2025/01/18 16:48:40 WET [2025/01/18 11:48:40 ET]
Table 'Algoa III' 6-max Seat #4 is the button
Seat 1: Nicedaymybro ($106.14 in chips) 
Seat 2: Maltesers123 ($132.60 in chips) 
Seat 3: BGS013 ($104.28 in chips) 
Seat 4: Aescul@pius ($121.53 in chips) 
Seat 5: sta$igk ($100 in chips) 
Seat 6: Unipoker11 ($107.97 in chips) 
sta$igk: posts small blind $0.50
Unipoker11: posts big blind $1
*** HOLE CARDS ***
Nicedaymybro: folds 
Maltesers123: folds 
BGS013: raises $1.50 to $2.50
Aescul@pius: folds 
sta$igk: folds 
Unipoker11: folds 
Uncalled bet ($1.50) returned to BGS013
BGS013 collected $2.50 from pot
BGS013: doesn't show hand 
*** SUMMARY ***
Total pot $2.50 | Rake $0 
Seat 1: Nicedaymybro folded before Flop (didn't bet)
Seat 2: Maltesers123 folded before Flop (didn't bet)
Seat 3: BGS013 collected ($2.50)
Seat 4: Aescul@pius (button) folded before Flop (didn't bet)
Seat 5: sta$igk (small blind) folded before Flop
Seat 6: Unipoker11 (big blind) folded before Flop



PokerStars Hand #254433221765:  Hold'em No Limit ($0.50/$1.00 USD) - 2025/01/18 16:49:00 WET [2025/01/18 11:49:00 ET]
Table 'Algoa III' 6-max Seat #5 is the button
Seat 1: Nicedaymybro ($106.14 in chips) 
Seat 2: Maltesers123 ($132.60 in chips) 
Seat 3: BGS013 ($105.78 in chips) 
Seat 4: Aescul@pius ($121.53 in chips) 
Seat 5: sta$igk ($100 in chips) 
Seat 6: Unipoker11 ($106.97 in chips) 
Unipoker11: posts small blind $0.50
Nicedaymybro: posts big blind $1
*** HOLE CARDS ***
Maltesers123: folds 
BGS013: folds 
Aescul@pius: folds 
sta$igk: folds 
Unipoker11: folds 
Uncalled bet ($0.50) returned to Nicedaymybro
Nicedaymybro collected $1 from pot
Nicedaymybro: doesn't show hand 
*** SUMMARY ***
Total pot $1 | Rake $0 
Seat 1: Nicedaymybro (big blind) collected ($1)
Seat 2: Maltesers123 folded before Flop (didn't bet)
Seat 3: BGS013 folded before Flop (didn't bet)
Seat 4: Aescul@pius folded before Flop (didn't bet)
Seat 5: sta$igk (button) folded before Flop (didn't bet)
Seat 6: Unipoker11 (small blind) folded before Flop



PokerStars Hand #254433224557:  Hold'em No Limit ($0.50/$1.00 USD) - 2025/01/18 16:49:11 WET [2025/01/18 11:49:11 ET]
Table 'Algoa III' 6-max Seat #6 is the button
Seat 1: Nicedaymybro ($106.64 in chips) 
Seat 2: Maltesers123 ($132.60 in chips) 
Seat 3: BGS013 ($105.78 in chips) 
Seat 4: Aescul@pius ($121.53 in chips) 
Seat 5: sta$igk ($100 in chips) 
Seat 6: Unipoker11 ($106.47 in chips) 
Nicedaymybro: posts small blind $0.50
Maltesers123: posts big blind $1
*** HOLE CARDS ***
BGS013: folds 
Aescul@pius: folds 
sta$igk: raises $1.50 to $2.50
Unipoker11: folds 
Nicedaymybro: folds 
Maltesers123: calls $1.50
*** FLOP *** [Qs 9s 5s]
Maltesers123: checks 
sta$igk: bets $1.30
Maltesers123: calls $1.30
*** TURN *** [Qs 9s 5s] [2h]
Maltesers123: checks 
sta$igk: checks 
*** RIVER *** [Qs 9s 5s 2h] [3c]
Maltesers123: bets $3.85
sta$igk: calls $3.85
*** SHOW DOWN ***
Maltesers123: shows [9c As] (a pair of Nines)
sta$igk: mucks hand 
Maltesers123 collected $15.01 from pot
*** SUMMARY ***
Total pot $15.80 | Rake $0.79 
Board [Qs 9s 5s 2h 3c]
Seat 1: Nicedaymybro (small blind) folded before Flop
Seat 2: Maltesers123 (big blind) showed [9c As] and won ($15.01) with a pair of Nines
Seat 3: BGS013 folded before Flop (didn't bet)
Seat 4: Aescul@pius folded before Flop (didn't bet)
Seat 5: sta$igk mucked
Seat 6: Unipoker11 (button) folded before Flop (didn't bet)



PokerStars Hand #254433237791:  Hold'em No Limit ($0.50/$1.00 USD) - 2025/01/18 16:50:05 WET [2025/01/18 11:50:05 ET]
Table 'Algoa III' 6-max Seat #1 is the button
Seat 1: Nicedaymybro ($106.14 in chips) 
Seat 2: Maltesers123 ($139.96 in chips) 
Seat 3: BGS013 ($105.78 in chips) 
Seat 4: Aescul@pius ($121.53 in chips) 
Seat 5: sta$igk ($100 in chips) 
Seat 6: Unipoker11 ($106.47 in chips) 
Maltesers123: posts small blind $0.50
BGS013: posts big blind $1
*** HOLE CARDS ***
Aescul@pius: raises $1 to $2
sta$igk: folds 
Unipoker11: folds 
Nicedaymybro: folds 
Maltesers123: calls $1.50
BGS013: folds 
*** FLOP *** [Td 2d 3s]
Maltesers123: checks 
Aescul@pius: checks 
*** TURN *** [Td 2d 3s] [2c]
Maltesers123: checks 
Aescul@pius: checks 
*** RIVER *** [Td 2d 3s 2c] [5c]
Maltesers123: checks 
Aescul@pius: checks 
*** SHOW DOWN ***
Maltesers123: shows [Jd Qh] (a pair of Deuces)
Aescul@pius: shows [9c Ac] (a pair of Deuces - Ace kicker)
Aescul@pius collected $4.75 from pot
*** SUMMARY ***
Total pot $5 | Rake $0.25 
Board [Td 2d 3s 2c 5c]
Seat 1: Nicedaymybro (button) folded before Flop (didn't bet)
Seat 2: Maltesers123 (small blind) showed [Jd Qh] and lost with a pair of Deuces
Seat 3: BGS013 (big blind) folded before Flop
Seat 4: Aescul@pius showed [9c Ac] and won ($4.75) with a pair of Deuces
Seat 5: sta$igk folded before Flop (didn't bet)
Seat 6: Unipoker11 folded before Flop (didn't bet)



PokerStars Hand #254433250847:  Hold'em No Limit ($0.50/$1.00 USD) - 2025/01/18 16:50:57 WET [2025/01/18 11:50:57 ET]
Table 'Algoa III' 6-max Seat #2 is the button
Seat 1: Nicedaymybro ($106.14 in chips) 
Seat 2: Maltesers123 ($137.96 in chips) 
Seat 3: BGS013 ($104.78 in chips) 
Seat 4: Aescul@pius ($124.28 in chips) 
Seat 5: sta$igk ($100 in chips) 
Seat 6: Unipoker11 ($106.47 in chips) 
BGS013: posts small blind $0.50
Aescul@pius: posts big blind $1
*** HOLE CARDS ***
sta$igk: folds 
Unipoker11: folds 
Nicedaymybro: folds 
Maltesers123: calls $1
BGS013: folds 
Aescul@pius: checks 
*** FLOP *** [9h 2d 5d]
Aescul@pius: checks 
Maltesers123: checks 
*** TURN *** [9h 2d 5d] [3s]
Aescul@pius: bets $2.38
Maltesers123: folds 
Uncalled bet ($2.38) returned to Aescul@pius
Aescul@pius collected $2.38 from pot
Aescul@pius: doesn't show hand 
*** SUMMARY ***
Total pot $2.50 | Rake $0.12 
Board [9h 2d 5d 3s]
Seat 1: Nicedaymybro folded before Flop (didn't bet)
Seat 2: Maltesers123 (button) folded on the Turn
Seat 3: BGS013 (small blind) folded before Flop
Seat 4: Aescul@pius (big blind) collected ($2.38)
Seat 5: sta$igk folded before Flop (didn't bet)
Seat 6: Unipoker11 folded before Flop (didn't bet)



PokerStars Hand #254433261813:  Hold'em No Limit ($0.50/$1.00 USD) - 2025/01/18 16:51:42 WET [2025/01/18 11:51:42 ET]
Table 'Algoa III' 6-max Seat #3 is the button
Seat 1: Nicedaymybro ($106.14 in chips) 
Seat 2: Maltesers123 ($136.96 in chips) 
Seat 3: BGS013 ($104.28 in chips) 
Seat 4: Aescul@pius ($125.66 in chips) 
Seat 5: sta$igk ($100 in chips) 
Seat 6: Unipoker11 ($106.47 in chips) 
Aescul@pius: posts small blind $0.50
sta$igk: posts big blind $1
*** HOLE CARDS ***
Unipoker11: folds 
Nicedaymybro: raises $1.50 to $2.50
Maltesers123: folds 
BGS013: folds 
Aescul@pius: folds 
sta$igk: folds 
Uncalled bet ($1.50) returned to Nicedaymybro
Nicedaymybro collected $2.50 from pot
Nicedaymybro: doesn't show hand 
*** SUMMARY ***
Total pot $2.50 | Rake $0 
Seat 1: Nicedaymybro collected ($2.50)
Seat 2: Maltesers123 folded before Flop (didn't bet)
Seat 3: BGS013 (button) folded before Flop (didn't bet)
Seat 4: Aescul@pius (small blind) folded before Flop
Seat 5: sta$igk (big blind) folded before Flop
Seat 6: Unipoker11 folded before Flop (didn't bet)



PokerStars Hand #254433267234:  Hold'em No Limit ($0.50/$1.00 USD) - 2025/01/18 16:52:04 WET [2025/01/18 11:52:04 ET]
Table 'Algoa III' 6-max Seat #4 is the button
Seat 1: Nicedaymybro ($107.64 in chips) 
Seat 2: Maltesers123 ($136.96 in chips) 
Seat 3: BGS013 ($104.28 in chips) 
Seat 4: Aescul@pius ($125.16 in chips) 
Seat 5: sta$igk ($100 in chips) 
Seat 6: Unipoker11 ($106.47 in chips) 
sta$igk: posts small blind $0.50
Unipoker11: posts big blind $1
*** HOLE CARDS ***
Nicedaymybro: folds 
Maltesers123: calls $1
BGS013: folds 
Aescul@pius: raises $3 to $4
sta$igk: folds 
Unipoker11: folds 
Maltesers123: folds 
Uncalled bet ($3) returned to Aescul@pius
Aescul@pius collected $3.50 from pot
Aescul@pius: doesn't show hand 
*** SUMMARY ***
Total pot $3.50 | Rake $0 
Seat 1: Nicedaymybro folded before Flop (didn't bet)
Seat 2: Maltesers123 folded before Flop
Seat 3: BGS013 folded before Flop (didn't bet)
Seat 4: Aescul@pius (button) collected ($3.50)
Seat 5: sta$igk (small blind) folded before Flop
Seat 6: Unipoker11 (big blind) folded before Flop



PokerStars Hand #254433274231:  Hold'em No Limit ($0.50/$1.00 USD) - 2025/01/18 16:52:32 WET [2025/01/18 11:52:32 ET]
Table 'Algoa III' 6-max Seat #5 is the button
Seat 1: Nicedaymybro ($107.64 in chips) 
Seat 2: Maltesers123 ($135.96 in chips) 
Seat 3: BGS013 ($104.28 in chips) 
Seat 4: Aescul@pius ($127.66 in chips) 
Seat 5: sta$igk ($100 in chips) 
Seat 6: Unipoker11 ($105.47 in chips) 
Unipoker11: posts small blind $0.50
Nicedaymybro: posts big blind $1
*** HOLE CARDS ***
Maltesers123: calls $1
BGS013: folds 
Aescul@pius: raises $3 to $4
sta$igk: folds 
Unipoker11: folds 
Nicedaymybro: folds 
Maltesers123: calls $3
*** FLOP *** [Jh 3h 4s]
Maltesers123: bets $4.51
Aescul@pius: folds 
Uncalled bet ($4.51) returned to Maltesers123
Maltesers123 collected $9.02 from pot
*** SUMMARY ***
Total pot $9.50 | Rake $0.48 
Board [Jh 3h 4s]
Seat 1: Nicedaymybro (big blind) folded before Flop
Seat 2: Maltesers123 collected ($9.02)
Seat 3: BGS013 folded before Flop (didn't bet)
Seat 4: Aescul@pius folded on the Flop
Seat 5: sta$igk (button) folded before Flop (didn't bet)
Seat 6: Unipoker11 (small blind) folded before Flop



PokerStars Hand #254433283000:  Hold'em No Limit ($0.50/$1.00 USD) - 2025/01/18 16:53:07 WET [2025/01/18 11:53:07 ET]
Table 'Algoa III' 6-max Seat #6 is the button
Seat 1: Nicedaymybro ($106.64 in chips) 
Seat 2: Maltesers123 ($140.98 in chips) 
Seat 3: BGS013 ($104.28 in chips) 
Seat 4: Aescul@pius ($123.66 in chips) 
Seat 5: sta$igk ($100 in chips) 
Seat 6: Unipoker11 ($104.97 in chips) 
Nicedaymybro: posts small blind $0.50
Maltesers123: posts big blind $1
*** HOLE CARDS ***
BGS013: folds 
Aescul@pius: folds 
sta$igk: raises $1.50 to $2.50
Unipoker11: folds 
Nicedaymybro: folds 
Maltesers123: calls $1.50
*** FLOP *** [2h 4c Kh]
Maltesers123: checks 
sta$igk: bets $3.92
Maltesers123: folds 
Uncalled bet ($3.92) returned to sta$igk
sta$igk collected $5.22 from pot
sta$igk: doesn't show hand 
*** SUMMARY ***
Total pot $5.50 | Rake $0.28 
Board [2h 4c Kh]
Seat 1: Nicedaymybro (small blind) folded before Flop
Seat 2: Maltesers123 (big blind) folded on the Flop
Seat 3: BGS013 folded before Flop (didn't bet)
Seat 4: Aescul@pius folded before Flop (didn't bet)
Seat 5: sta$igk collected ($5.22)
Seat 6: Unipoker11 (button) folded before Flop (didn't bet)



PokerStars Hand #254433294844:  Hold'em No Limit ($0.50/$1.00 USD) - 2025/01/18 16:53:55 WET [2025/01/18 11:53:55 ET]
Table 'Algoa III' 6-max Seat #1 is the button
Seat 1: Nicedaymybro ($106.14 in chips) 
Seat 2: Maltesers123 ($138.48 in chips) 
Seat 3: BGS013 ($104.28 in chips) 
Seat 4: Aescul@pius ($123.66 in chips) 
Seat 5: sta$igk ($102.72 in chips) 
Seat 6: Unipoker11 ($104.97 in chips) 
Maltesers123: posts small blind $0.50
BGS013: posts big blind $1
*** HOLE CARDS ***
Aescul@pius: folds 
sta$igk: folds 
Unipoker11: folds 
Nicedaymybro: folds 
Maltesers123: calls $0.50
BGS013: checks 
*** FLOP *** [2s 8h 7c]
Maltesers123: bets $1.90
BGS013: folds 
Uncalled bet ($1.90) returned to Maltesers123
Maltesers123 collected $1.90 from pot
*** SUMMARY ***
Total pot $2 | Rake $0.10 
Board [2s 8h 7c]
Seat 1: Nicedaymybro (button) folded before Flop (didn't bet)
Seat 2: Maltesers123 (small blind) collected ($1.90)
Seat 3: BGS013 (big blind) folded on the Flop
Seat 4: Aescul@pius folded before Flop (didn't bet)
Seat 5: sta$igk folded before Flop (didn't bet)
Seat 6: Unipoker11 folded before Flop (didn't bet)



PokerStars Hand #254433300999:  Hold'em No Limit ($0.50/$1.00 USD) - 2025/01/18 16:54:20 WET [2025/01/18 11:54:20 ET]
Table 'Algoa III' 6-max Seat #2 is the button
Seat 1: Nicedaymybro ($106.14 in chips) 
Seat 2: Maltesers123 ($139.38 in chips) 
Seat 3: BGS013 ($103.28 in chips) 
Seat 4: Aescul@pius ($123.66 in chips) 
Seat 5: sta$igk ($102.72 in chips) 
Seat 6: Unipoker11 ($104.97 in chips) 
BGS013: posts small blind $0.50
Aescul@pius: posts big blind $1
*** HOLE CARDS ***
sta$igk: folds 
Unipoker11: folds 
Nicedaymybro: folds 
Maltesers123: folds 
BGS013: raises $2 to $3
Aescul@pius: raises $6 to $9
BGS013: raises $14 to $23
Aescul@pius: calls $14
*** FLOP *** [Tc 8h 7s]
BGS013: checks 
Aescul@pius: checks 
*** TURN *** [Tc 8h 7s] [Qd]
BGS013: bets $20.04
Aescul@pius: calls $20.04
*** RIVER *** [Tc 8h 7s Qd] [7c]
BGS013: bets $60.24 and is all-in
Aescul@pius: calls $60.24
*** SHOW DOWN ***
BGS013: shows [As Ad] (two pair, Aces and Sevens)
Aescul@pius: shows [7h 6h] (three of a kind, Sevens)
Aescul@pius collected $204.06 from pot
*** SUMMARY ***
Total pot $206.56 | Rake $2.50 
Board [Tc 8h 7s Qd 7c]
Seat 1: Nicedaymybro folded before Flop (didn't bet)
Seat 2: Maltesers123 (button) folded before Flop (didn't bet)
Seat 3: BGS013 (small blind) showed [As Ad] and lost with two pair, Aces and Sevens
Seat 4: Aescul@pius (big blind) showed [7h 6h] and won ($204.06) with three of a kind, Sevens
Seat 5: sta$igk folded before Flop (didn't bet)
Seat 6: Unipoker11 folded before Flop (didn't bet)



PokerStars Hand #254433329036:  Hold'em No Limit ($0.50/$1.00 USD) - 2025/01/18 16:56:37 WET [2025/01/18 11:56:37 ET]
Table 'Algoa III' 6-max Seat #3 is the button
Seat 1: Nicedaymybro ($106.14 in chips) 
Seat 2: Maltesers123 ($139.38 in chips) 
Seat 3: BGS013 ($100 in chips) 
Seat 4: Aescul@pius ($224.44 in chips) 
Seat 5: sta$igk ($102.72 in chips) 
Seat 6: Unipoker11 ($104.97 in chips) 
Aescul@pius: posts small blind $0.50
sta$igk: posts big blind $1
*** HOLE CARDS ***
Unipoker11: folds 
Nicedaymybro: raises $1.50 to $2.50
Maltesers123: folds 
BGS013: folds 
Aescul@pius: folds 
sta$igk: folds 
Uncalled bet ($1.50) returned to Nicedaymybro
Nicedaymybro collected $2.50 from pot
Nicedaymybro: doesn't show hand 
*** SUMMARY ***
Total pot $2.50 | Rake $0 
Seat 1: Nicedaymybro collected ($2.50)
Seat 2: Maltesers123 folded before Flop (didn't bet)
Seat 3: BGS013 (button) folded before Flop (didn't bet)
Seat 4: Aescul@pius (small blind) folded before Flop
Seat 5: sta$igk (big blind) folded before Flop
Seat 6: Unipoker11 folded before Flop (didn't bet)



PokerStars Hand #254433331566:  Hold'em No Limit ($0.50/$1.00 USD) - 2025/01/18 16:56:51 WET [2025/01/18 11:56:51 ET]
Table 'Algoa III' 6-max Seat #4 is the button
Seat 1: Nicedaymybro ($107.64 in chips) 
Seat 2: Maltesers123 ($139.38 in chips) 
Seat 3: BGS013 ($100 in chips) 
Seat 4: Aescul@pius ($223.94 in chips) 
Seat 5: sta$igk ($101.72 in chips) 
Seat 6: Unipoker11 ($104.97 in chips) 
sta$igk: posts small blind $0.50
Unipoker11: posts big blind $1
*** HOLE CARDS ***
Nicedaymybro: folds 
Maltesers123: calls $1
BGS013: folds 
Aescul@pius: folds 
sta$igk: raises $4 to $5
Unipoker11: folds 
Maltesers123: folds 
Uncalled bet ($4) returned to sta$igk
sta$igk collected $3 from pot
sta$igk: doesn't show hand 
*** SUMMARY ***
Total pot $3 | Rake $0 
Seat 1: Nicedaymybro folded before Flop (didn't bet)
Seat 2: Maltesers123 folded before Flop
Seat 3: BGS013 folded before Flop (didn't bet)
Seat 4: Aescul@pius (button) folded before Flop (didn't bet)
Seat 5: sta$igk (small blind) collected ($3)
Seat 6: Unipoker11 (big blind) folded before Flop



PokerStars Hand #254433336183:  Hold'em No Limit ($0.50/$1.00 USD) - 2025/01/18 16:57:16 WET [2025/01/18 11:57:16 ET]
Table 'Algoa III' 6-max Seat #5 is the button
Seat 1: Nicedaymybro ($107.64 in chips) 
Seat 2: Maltesers123 ($138.38 in chips) 
Seat 3: BGS013 ($100 in chips) 
Seat 4: Aescul@pius ($223.94 in chips) 
Seat 5: sta$igk ($103.72 in chips) 
Seat 6: Unipoker11 ($103.97 in chips) 
Unipoker11: posts small blind $0.50
Nicedaymybro: posts big blind $1
*** HOLE CARDS ***
Maltesers123: calls $1
BGS013: folds 
Aescul@pius: folds 
sta$igk: folds 
Unipoker11: folds 
Nicedaymybro: checks 
*** FLOP *** [Qs 4s 8s]
Nicedaymybro: checks 
Maltesers123: bets $1
Nicedaymybro: raises $3.29 to $4.29
Maltesers123: calls $3.29
*** TURN *** [Qs 4s 8s] [Ah]
Nicedaymybro: bets $3.47
Maltesers123: calls $3.47
*** RIVER *** [Qs 4s 8s Ah] [Ts]
Nicedaymybro: bets $17.12
Maltesers123: folds 
Uncalled bet ($17.12) returned to Nicedaymybro
Nicedaymybro collected $17.12 from pot
Nicedaymybro: doesn't show hand 
*** SUMMARY ***
Total pot $18.02 | Rake $0.90 
Board [Qs 4s 8s Ah Ts]
Seat 1: Nicedaymybro (big blind) collected ($17.12)
Seat 2: Maltesers123 folded on the River
Seat 3: BGS013 folded before Flop (didn't bet)
Seat 4: Aescul@pius folded before Flop (didn't bet)
Seat 5: sta$igk (button) folded before Flop (didn't bet)
Seat 6: Unipoker11 (small blind) folded before Flop



PokerStars Hand #254433343597:  Hold'em No Limit ($0.50/$1.00 USD) - 2025/01/18 16:57:56 WET [2025/01/18 11:57:56 ET]
Table 'Algoa III' 6-max Seat #6 is the button
Seat 1: Nicedaymybro ($116 in chips) 
Seat 2: Maltesers123 ($129.62 in chips) 
Seat 3: BGS013 ($100 in chips) 
Seat 4: Aescul@pius ($223.94 in chips) 
Seat 5: sta$igk ($103.72 in chips) 
Seat 6: Unipoker11 ($103.47 in chips) 
Nicedaymybro: posts small blind $0.50
Maltesers123: posts big blind $1
*** HOLE CARDS ***
BGS013: folds 
Aescul@pius: folds 
sta$igk: raises $1.50 to $2.50
BGS013 leaves the table
Unipoker11: folds 
Nicedaymybro: raises $8.50 to $11
Maltesers123: folds 
sta$igk: folds 
Uncalled bet ($8.50) returned to Nicedaymybro
Nicedaymybro collected $6 from pot
Nicedaymybro: doesn't show hand 
*** SUMMARY ***
Total pot $6 | Rake $0 
Seat 1: Nicedaymybro (small blind) collected ($6)
Seat 2: Maltesers123 (big blind) folded before Flop
Seat 3: BGS013 folded before Flop (didn't bet)
Seat 4: Aescul@pius folded before Flop (didn't bet)
Seat 5: sta$igk folded before Flop
Seat 6: Unipoker11 (button) folded before Flop (didn't bet)



PokerStars Hand #254433348353:  Hold'em No Limit ($0.50/$1.00 USD) - 2025/01/18 16:58:23 WET [2025/01/18 11:58:23 ET]
Table 'Algoa III' 6-max Seat #1 is the button
Seat 4: Aescul@pius ($223.94 in chips) is sitting out
Seat 1: Nicedaymybro ($119.50 in chips) 
Seat 2: Maltesers123 ($128.62 in chips) 
Seat 5: sta$igk ($101.22 in chips) 
Seat 6: Unipoker11 ($103.47 in chips) 
Maltesers123: posts small blind $0.50
Aescul@pius: is sitting out 
sta$igk: posts big blind $1
*** HOLE CARDS ***
Unipoker11: folds 
Nicedaymybro: raises $1.50 to $2.50
Maltesers123: folds 
sta$igk: folds 
Uncalled bet ($1.50) returned to Nicedaymybro
Nicedaymybro collected $2.50 from pot
Nicedaymybro: doesn't show hand 
*** SUMMARY ***
Total pot $2.50 | Rake $0 
Seat 4: Aescul@pius
Seat 1: Nicedaymybro (button) collected ($2.50)
Seat 2: Maltesers123 (small blind) folded before Flop
Seat 5: sta$igk (big blind) folded before Flop
Seat 6: Unipoker11 folded before Flop (didn't bet)



PokerStars Hand #254433351458:  Hold'em No Limit ($0.50/$1.00 USD) - 2025/01/18 16:58:39 WET [2025/01/18 11:58:39 ET]
Table 'Algoa III' 6-max Seat #2 is the button
Seat 4: Aescul@pius ($223.94 in chips) is sitting out
Seat 1: Nicedaymybro ($121 in chips) 
Seat 2: Maltesers123 ($128.12 in chips) 
Seat 5: sta$igk ($100.22 in chips) 
Seat 6: Unipoker11 ($103.47 in chips) 
sta$igk: posts small blind $0.50
Unipoker11: posts big blind $1
*** HOLE CARDS ***
Nicedaymybro: folds 
Maltesers123: raises $1 to $2
sta$igk: folds 
Aescul@pius leaves the table
Unipoker11: calls $1
*** FLOP *** [6s Ts 3s]
Unipoker11: checks 
Maltesers123: checks 
*** TURN *** [6s Ts 3s] [2d]
Evelexy1 joins the table at seat #3 
Unipoker11: checks 
Maltesers123: bets $1
Unipoker11: calls $1
*** RIVER *** [6s Ts 3s 2d] [6h]
Unipoker11: checks 
Maltesers123: bets $3.09
Unipoker11: calls $3.09
*** SHOW DOWN ***
Maltesers123: shows [As Kd] (a pair of Sixes)
Unipoker11: shows [5c 2c] (two pair, Sixes and Deuces)
Unipoker11 collected $12.05 from pot
whlzor joins the table at seat #4 
*** SUMMARY ***
Total pot $12.68 | Rake $0.63 
Board [6s Ts 3s 2d 6h]
Seat 4: Aescul@pius
Seat 1: Nicedaymybro folded before Flop (didn't bet)
Seat 2: Maltesers123 (button) showed [As Kd] and lost with a pair of Sixes
Seat 5: sta$igk (small blind) folded before Flop
Seat 6: Unipoker11 (big blind) showed [5c 2c] and won ($12.05) with two pair, Sixes and Deuces



PokerStars Hand #254433362049:  Hold'em No Limit ($0.50/$1.00 USD) - 2025/01/18 16:59:37 WET [2025/01/18 11:59:37 ET]
Table 'Algoa III' 6-max Seat #5 is the button
Seat 3: Evelexy1 ($100 in chips) is sitting out
Seat 4: whlzor ($100 in chips) is sitting out
Seat 1: Nicedaymybro ($121 in chips) 
Seat 2: Maltesers123 ($122.03 in chips) 
Seat 5: sta$igk ($100 in chips) 
Seat 6: Unipoker11 ($109.43 in chips) 
Unipoker11: posts small blind $0.50
Nicedaymybro: posts big blind $1
Evelexy1: sits out 
whlzor: sits out 
*** HOLE CARDS ***
Maltesers123: folds 
sta$igk: folds 
Unipoker11: folds 
Uncalled bet ($0.50) returned to Nicedaymybro
Nicedaymybro collected $1 from pot
Nicedaymybro: doesn't show hand 
*** SUMMARY ***
Total pot $1 | Rake $0 
Seat 3: Evelexy1
Seat 4: whlzor
Seat 1: Nicedaymybro (big blind) collected ($1)
Seat 2: Maltesers123 folded before Flop (didn't bet)
Seat 5: sta$igk (button) folded before Flop (didn't bet)
Seat 6: Unipoker11 (small blind) folded before Flop



PokerStars Hand #254433364279:  Hold'em No Limit ($0.50/$1.00 USD) - 2025/01/18 16:59:49 WET [2025/01/18 11:59:49 ET]
Table 'Algoa III' 6-max Seat #6 is the button
Seat 3: Evelexy1 ($100 in chips) is sitting out
Seat 4: whlzor ($100 in chips) is sitting out
Seat 1: Nicedaymybro ($121.50 in chips) 
Seat 2: Maltesers123 ($122.03 in chips) 
Seat 5: sta$igk ($100 in chips) 
Seat 6: Unipoker11 ($108.93 in chips) 
Nicedaymybro: posts small blind $0.50
Maltesers123: posts big blind $1
Evelexy1: sits out 
whlzor: sits out 
*** HOLE CARDS ***
sta$igk: folds 
Unipoker11: folds 
Nicedaymybro: folds 
Uncalled bet ($0.50) returned to Maltesers123
Maltesers123 collected $1 from pot
*** SUMMARY ***
Total pot $1 | Rake $0 
Seat 3: Evelexy1
Seat 4: whlzor
Seat 1: Nicedaymybro (small blind) folded before Flop
Seat 2: Maltesers123 (big blind) collected ($1)
Seat 5: sta$igk folded before Flop (didn't bet)
Seat 6: Unipoker11 (button) folded before Flop (didn't bet)



PokerStars Hand #254433366122:  Hold'em No Limit ($0.50/$1.00 USD) - 2025/01/18 16:59:59 WET [2025/01/18 11:59:59 ET]
Table 'Algoa III' 6-max Seat #1 is the button
Seat 4: whlzor ($100 in chips) is sitting out
Seat 1: Nicedaymybro ($121 in chips) 
Seat 2: Maltesers123 ($122.53 in chips) 
Seat 3: Evelexy1 ($100 in chips) 
Seat 5: sta$igk ($100 in chips) 
Seat 6: Unipoker11 ($108.93 in chips) 
Maltesers123: posts small blind $0.50
Evelexy1: posts big blind $1
whlzor: sits out 
*** HOLE CARDS ***
sta$igk: folds 
Unipoker11: raises $1.30 to $2.30
Nicedaymybro: folds 
Maltesers123: calls $1.80
Evelexy1: folds 
*** FLOP *** [4c 8s Jd]
Maltesers123: checks 
Unipoker11: bets $1.33
Maltesers123: folds 
Uncalled bet ($1.33) returned to Unipoker11
Unipoker11 collected $5.32 from pot
Unipoker11: doesn't show hand 
*** SUMMARY ***
Total pot $5.60 | Rake $0.28 
Board [4c 8s Jd]
Seat 4: whlzor
Seat 1: Nicedaymybro (button) folded before Flop (didn't bet)
Seat 2: Maltesers123 (small blind) folded on the Flop
Seat 3: Evelexy1 (big blind) folded before Flop
Seat 5: sta$igk folded before Flop (didn't bet)
Seat 6: Unipoker11 collected ($5.32)



PokerStars Hand #254433373782:  Hold'em No Limit ($0.50/$1.00 USD) - 2025/01/18 17:00:39 WET [2025/01/18 12:00:39 ET]
Table 'Algoa III' 6-max Seat #2 is the button
Seat 1: Nicedaymybro ($121 in chips) 
Seat 2: Maltesers123 ($120.23 in chips) 
Seat 3: Evelexy1 ($100 in chips) 
Seat 4: whlzor ($100 in chips) 
Seat 5: sta$igk ($100 in chips) 
Seat 6: Unipoker11 ($111.95 in chips) 
Evelexy1: posts small blind $0.50
whlzor: posts big blind $1
*** HOLE CARDS ***
sta$igk: raises $1.50 to $2.50
Unipoker11: folds 
Nicedaymybro: folds 
Maltesers123: folds 
Evelexy1: folds 
whlzor: calls $1.50
*** FLOP *** [2h 5c 2c]
whlzor: checks 
sta$igk: bets $2.61
whlzor: calls $2.61
*** TURN *** [2h 5c 2c] [3h]
whlzor: checks 
sta$igk: checks 
*** RIVER *** [2h 5c 2c 3h] [5d]
whlzor: checks 
sta$igk: checks 
*** SHOW DOWN ***
whlzor: shows [As Qd] (two pair, Fives and Deuces)
sta$igk: mucks hand 
whlzor collected $10.18 from pot
*** SUMMARY ***
Total pot $10.72 | Rake $0.54 
Board [2h 5c 2c 3h 5d]
Seat 1: Nicedaymybro folded before Flop (didn't bet)
Seat 2: Maltesers123 (button) folded before Flop (didn't bet)
Seat 3: Evelexy1 (small blind) folded before Flop
Seat 4: whlzor (big blind) showed [As Qd] and won ($10.18) with two pair, Fives and Deuces
Seat 5: sta$igk mucked
Seat 6: Unipoker11 folded before Flop (didn't bet)



PokerStars Hand #254433385152:  Hold'em No Limit ($0.50/$1.00 USD) - 2025/01/18 17:01:31 WET [2025/01/18 12:01:31 ET]
Table 'Algoa III' 6-max Seat #3 is the button
Seat 1: Nicedaymybro ($121 in chips) 
Seat 2: Maltesers123 ($120.23 in chips) 
Seat 3: Evelexy1 ($100 in chips) 
Seat 4: whlzor ($105.07 in chips) 
Seat 5: sta$igk ($100 in chips) 
Seat 6: Unipoker11 ($111.95 in chips) 
whlzor: posts small blind $0.50
sta$igk: posts big blind $1
*** HOLE CARDS ***
Unipoker11: folds 
Nicedaymybro: folds 
Maltesers123: folds 
Evelexy1: folds 
whlzor: folds 
Uncalled bet ($0.50) returned to sta$igk
sta$igk collected $1 from pot
sta$igk: doesn't show hand 
*** SUMMARY ***
Total pot $1 | Rake $0 
Seat 1: Nicedaymybro folded before Flop (didn't bet)
Seat 2: Maltesers123 folded before Flop (didn't bet)
Seat 3: Evelexy1 (button) folded before Flop (didn't bet)
Seat 4: whlzor (small blind) folded before Flop
Seat 5: sta$igk (big blind) collected ($1)
Seat 6: Unipoker11 folded before Flop (didn't bet)



PokerStars Hand #254433388527:  Hold'em No Limit ($0.50/$1.00 USD) - 2025/01/18 17:01:46 WET [2025/01/18 12:01:46 ET]
Table 'Algoa III' 6-max Seat #4 is the button
Seat 1: Nicedaymybro ($121 in chips) 
Seat 2: Maltesers123 ($120.23 in chips) 
Seat 3: Evelexy1 ($100 in chips) 
Seat 4: whlzor ($104.57 in chips) 
Seat 5: sta$igk ($100.50 in chips) 
Seat 6: Unipoker11 ($111.95 in chips) 
sta$igk: posts small blind $0.50
Unipoker11: posts big blind $1
*** HOLE CARDS ***
Nicedaymybro: folds 
Maltesers123: calls $1
Evelexy1: folds 
whlzor: folds 
sta$igk: raises $4 to $5
Unipoker11: calls $4
Maltesers123: calls $4
*** FLOP *** [Tc 3d 3h]
sta$igk: bets $4.70
Unipoker11: calls $4.70
Maltesers123: calls $4.70
*** TURN *** [Tc 3d 3h] [7s]
sta$igk: checks 
Unipoker11: checks 
Maltesers123: bets $13.82
sta$igk: folds 
Unipoker11: raises $25.18 to $39
Maltesers123: calls $25.18
*** RIVER *** [Tc 3d 3h 7s] [Ad]
Unipoker11: bets $63.25 and is all-in
Maltesers123: folds 
Uncalled bet ($63.25) returned to Unipoker11
Unipoker11 collected $104.60 from pot
Unipoker11: doesn't show hand 
*** SUMMARY ***
Total pot $107.10 | Rake $2.50 
Board [Tc 3d 3h 7s Ad]
Seat 1: Nicedaymybro folded before Flop (didn't bet)
Seat 2: Maltesers123 folded on the River
Seat 3: Evelexy1 folded before Flop (didn't bet)
Seat 4: whlzor (button) folded before Flop (didn't bet)
Seat 5: sta$igk (small blind) folded on the Turn
Seat 6: Unipoker11 (big blind) collected ($104.60)



PokerStars Hand #254433414790:  Hold'em No Limit ($0.50/$1.00 USD) - 2025/01/18 17:03:34 WET [2025/01/18 12:03:34 ET]
Table 'Algoa III' 6-max Seat #5 is the button
Seat 1: Nicedaymybro ($121 in chips) 
Seat 2: Maltesers123 ($71.53 in chips) 
Seat 3: Evelexy1 ($100 in chips) 
Seat 4: whlzor ($104.57 in chips) 
Seat 5: sta$igk ($100 in chips) 
Seat 6: Unipoker11 ($167.85 in chips) 
Unipoker11: posts small blind $0.50
Nicedaymybro: posts big blind $1
*** HOLE CARDS ***
Maltesers123: calls $1
Evelexy1: folds 
whlzor: folds 
sta$igk: folds 
Unipoker11: folds 
Nicedaymybro: checks 
*** FLOP *** [Tc Qh Jh]
Nicedaymybro: bets $1
Maltesers123: folds 
Uncalled bet ($1) returned to Nicedaymybro
Nicedaymybro collected $2.38 from pot
Nicedaymybro: doesn't show hand 
*** SUMMARY ***
Total pot $2.50 | Rake $0.12 
Board [Tc Qh Jh]
Seat 1: Nicedaymybro (big blind) collected ($2.38)
Seat 2: Maltesers123 folded on the Flop
Seat 3: Evelexy1 folded before Flop (didn't bet)
Seat 4: whlzor folded before Flop (didn't bet)
Seat 5: sta$igk (button) folded before Flop (didn't bet)
Seat 6: Unipoker11 (small blind) folded before Flop



PokerStars Hand #254433419886:  Hold'em No Limit ($0.50/$1.00 USD) - 2025/01/18 17:03:55 WET [2025/01/18 12:03:55 ET]
Table 'Algoa III' 6-max Seat #6 is the button
Seat 1: Nicedaymybro ($122.38 in chips) 
Seat 2: Maltesers123 ($70.53 in chips) 
Seat 3: Evelexy1 ($100 in chips) 
Seat 4: whlzor ($104.57 in chips) 
Seat 5: sta$igk ($100 in chips) 
Seat 6: Unipoker11 ($167.35 in chips) 
Nicedaymybro: posts small blind $0.50
Maltesers123: posts big blind $1
*** HOLE CARDS ***
Evelexy1: folds 
whlzor: folds 
sta$igk: folds 
Unipoker11: folds 
Nicedaymybro: folds 
Uncalled bet ($0.50) returned to Maltesers123
Maltesers123 collected $1 from pot
*** SUMMARY ***
Total pot $1 | Rake $0 
Seat 1: Nicedaymybro (small blind) folded before Flop
Seat 2: Maltesers123 (big blind) collected ($1)
Seat 3: Evelexy1 folded before Flop (didn't bet)
Seat 4: whlzor folded before Flop (didn't bet)
Seat 5: sta$igk folded before Flop (didn't bet)
Seat 6: Unipoker11 (button) folded before Flop (didn't bet)



PokerStars Hand #254433423426:  Hold'em No Limit ($0.50/$1.00 USD) - 2025/01/18 17:04:09 WET [2025/01/18 12:04:09 ET]
Table 'Algoa III' 6-max Seat #1 is the button
Seat 1: Nicedaymybro ($121.88 in chips) 
Seat 2: Maltesers123 ($71.03 in chips) 
Seat 3: Evelexy1 ($100 in chips) 
Seat 4: whlzor ($104.57 in chips) 
Seat 5: sta$igk ($100 in chips) 
Seat 6: Unipoker11 ($167.35 in chips) 
Maltesers123: posts small blind $0.50
Evelexy1: posts big blind $1
*** HOLE CARDS ***
whlzor: folds 
sta$igk: folds 
Unipoker11: folds 
Nicedaymybro: raises $1.50 to $2.50
Maltesers123: calls $2
Evelexy1: folds 
*** FLOP *** [Qd 9h Qh]
Maltesers123: checks 
Nicedaymybro: checks 
*** TURN *** [Qd 9h Qh] [Kd]
Maltesers123: bets $2.85
Nicedaymybro: calls $2.85
*** RIVER *** [Qd 9h Qh Kd] [Ks]
Maltesers123: bets $21
Nicedaymybro: folds 
Uncalled bet ($21) returned to Maltesers123
Maltesers123 collected $11.12 from pot
*** SUMMARY ***
Total pot $11.70 | Rake $0.58 
Board [Qd 9h Qh Kd Ks]
Seat 1: Nicedaymybro (button) folded on the River
Seat 2: Maltesers123 (small blind) collected ($11.12)
Seat 3: Evelexy1 (big blind) folded before Flop
Seat 4: whlzor folded before Flop (didn't bet)
Seat 5: sta$igk folded before Flop (didn't bet)
Seat 6: Unipoker11 folded before Flop (didn't bet)



PokerStars Hand #254433432328:  Hold'em No Limit ($0.50/$1.00 USD) - 2025/01/18 17:04:45 WET [2025/01/18 12:04:45 ET]
Table 'Algoa III' 6-max Seat #2 is the button
Seat 1: Nicedaymybro ($116.53 in chips) 
Seat 2: Maltesers123 ($76.80 in chips) 
Seat 3: Evelexy1 ($100 in chips) 
Seat 4: whlzor ($104.57 in chips) 
Seat 5: sta$igk ($100 in chips) 
Seat 6: Unipoker11 ($167.35 in chips) 
Evelexy1: posts small blind $0.50
whlzor: posts big blind $1
*** HOLE CARDS ***
sta$igk: folds 
Unipoker11: folds 
Nicedaymybro: folds 
Maltesers123: calls $1
Evelexy1: calls $0.50
whlzor: checks 
*** FLOP *** [5s 2s 4c]
Evelexy1: bets $1
whlzor: folds 
Maltesers123: calls $1
*** TURN *** [5s 2s 4c] [2c]
Evelexy1: bets $2.38
Maltesers123: calls $2.38
*** RIVER *** [5s 2s 4c 2c] [3h]
Evelexy1: checks 
Maltesers123: bets $9.27
Evelexy1: folds 
Uncalled bet ($9.27) returned to Maltesers123
Maltesers123 collected $9.27 from pot
*** SUMMARY ***
Total pot $9.76 | Rake $0.49 
Board [5s 2s 4c 2c 3h]
Seat 1: Nicedaymybro folded before Flop (didn't bet)
Seat 2: Maltesers123 (button) collected ($9.27)
Seat 3: Evelexy1 (small blind) folded on the River
Seat 4: whlzor (big blind) folded on the Flop
Seat 5: sta$igk folded before Flop (didn't bet)
Seat 6: Unipoker11 folded before Flop (didn't bet)



PokerStars Hand #254433442458:  Hold'em No Limit ($0.50/$1.00 USD) - 2025/01/18 17:05:26 WET [2025/01/18 12:05:26 ET]
Table 'Algoa III' 6-max Seat #3 is the button
Seat 1: Nicedaymybro ($116.53 in chips) 
Seat 2: Maltesers123 ($81.69 in chips) 
Seat 3: Evelexy1 ($100 in chips) 
Seat 4: whlzor ($103.57 in chips) 
Seat 5: sta$igk ($100 in chips) 
Seat 6: Unipoker11 ($167.35 in chips) 
whlzor: posts small blind $0.50
sta$igk: posts big blind $1
*** HOLE CARDS ***
Unipoker11: folds 
Nicedaymybro: folds 
Maltesers123: folds 
Evelexy1: folds 
whlzor: folds 
Uncalled bet ($0.50) returned to sta$igk
sta$igk collected $1 from pot
sta$igk: doesn't show hand 
*** SUMMARY ***
Total pot $1 | Rake $0 
Seat 1: Nicedaymybro folded before Flop (didn't bet)
Seat 2: Maltesers123 folded before Flop (didn't bet)
Seat 3: Evelexy1 (button) folded before Flop (didn't bet)
Seat 4: whlzor (small blind) folded before Flop
Seat 5: sta$igk (big blind) collected ($1)
Seat 6: Unipoker11 folded before Flop (didn't bet)



PokerStars Hand #254433444291:  Hold'em No Limit ($0.50/$1.00 USD) - 2025/01/18 17:05:33 WET [2025/01/18 12:05:33 ET]
Table 'Algoa III' 6-max Seat #4 is the button
Seat 1: Nicedaymybro ($116.53 in chips) 
Seat 2: Maltesers123 ($81.69 in chips) 
Seat 3: Evelexy1 ($100 in chips) 
Seat 4: whlzor ($103.07 in chips) 
Seat 5: sta$igk ($100.50 in chips) 
Seat 6: Unipoker11 ($167.35 in chips) 
sta$igk: posts small blind $0.50
Unipoker11: posts big blind $1
*** HOLE CARDS ***
Nicedaymybro: folds 
Maltesers123: folds 
Evelexy1: raises $1.50 to $2.50
whlzor: raises $6 to $8.50
sta$igk: folds 
Unipoker11: folds 
Evelexy1: folds 
Uncalled bet ($6) returned to whlzor
Evelexy1 leaves the table
whlzor collected $6.50 from pot
whlzor: doesn't show hand 
*** SUMMARY ***
Total pot $6.50 | Rake $0 
Seat 1: Nicedaymybro folded before Flop (didn't bet)
Seat 2: Maltesers123 folded before Flop (didn't bet)
Seat 3: Evelexy1 folded before Flop
Seat 4: whlzor (button) collected ($6.50)
Seat 5: sta$igk (small blind) folded before Flop
Seat 6: Unipoker11 (big blind) folded before Flop



PokerStars Hand #254433450847:  Hold'em No Limit ($0.50/$1.00 USD) - 2025/01/18 17:05:59 WET [2025/01/18 12:05:59 ET]
Table 'Algoa III' 6-max Seat #5 is the button
Seat 1: Nicedaymybro ($116.53 in chips) 
Seat 2: Maltesers123 ($81.69 in chips) 
Seat 4: whlzor ($107.07 in chips) 
Seat 5: sta$igk ($100 in chips) 
Seat 6: Unipoker11 ($166.35 in chips) 
Unipoker11: posts small blind $0.50
Nicedaymybro: posts big blind $1
*** HOLE CARDS ***
Maltesers123: calls $1
whlzor: folds 
sta$igk: folds 
YeeesMan joins the table at seat #3 
Unipoker11: calls $0.50
Nicedaymybro: checks 
*** FLOP *** [3s 6h 7s]
Unipoker11: bets $1.91
Nicedaymybro: folds 
Maltesers123: folds 
Uncalled bet ($1.91) returned to Unipoker11
Unipoker11 collected $2.85 from pot
Unipoker11: doesn't show hand 
*** SUMMARY ***
Total pot $3 | Rake $0.15 
Board [3s 6h 7s]
Seat 1: Nicedaymybro (big blind) folded on the Flop
Seat 2: Maltesers123 folded on the Flop
Seat 4: whlzor folded before Flop (didn't bet)
Seat 5: sta$igk (button) folded before Flop (didn't bet)
Seat 6: Unipoker11 (small blind) collected ($2.85)



PokerStars Hand #254433459122:  Hold'em No Limit ($0.50/$1.00 USD) - 2025/01/18 17:06:33 WET [2025/01/18 12:06:33 ET]
Table 'Algoa III' 6-max Seat #6 is the button
Seat 3: YeeesMan ($102.72 in chips) is sitting out
Seat 1: Nicedaymybro ($115.53 in chips) 
Seat 2: Maltesers123 ($80.69 in chips) 
Seat 4: whlzor ($107.07 in chips) 
Seat 5: sta$igk ($100 in chips) 
Seat 6: Unipoker11 ($168.20 in chips) 
Nicedaymybro: posts small blind $0.50
Maltesers123: posts big blind $1
YeeesMan: sits out 
*** HOLE CARDS ***
whlzor: folds 
sta$igk: folds 
Unipoker11: folds 
Nicedaymybro: folds 
Uncalled bet ($0.50) returned to Maltesers123
Maltesers123 collected $1 from pot
*** SUMMARY ***
Total pot $1 | Rake $0 
Seat 3: YeeesMan
Seat 1: Nicedaymybro (small blind) folded before Flop
Seat 2: Maltesers123 (big blind) collected ($1)
Seat 4: whlzor folded before Flop (didn't bet)
Seat 5: sta$igk folded before Flop (didn't bet)
Seat 6: Unipoker11 (button) folded before Flop (didn't bet)



PokerStars Hand #254433462408:  Hold'em No Limit ($0.50/$1.00 USD) - 2025/01/18 17:06:46 WET [2025/01/18 12:06:46 ET]
Table 'Algoa III' 6-max Seat #1 is the button
Seat 1: Nicedaymybro ($115.03 in chips) 
Seat 2: Maltesers123 ($81.19 in chips) 
Seat 3: YeeesMan ($102.72 in chips) 
Seat 4: whlzor ($107.07 in chips) 
Seat 5: sta$igk ($100 in chips) 
Seat 6: Unipoker11 ($168.20 in chips) 
Maltesers123: posts small blind $0.50
YeeesMan: posts big blind $1
*** HOLE CARDS ***
whlzor: folds 
sta$igk: folds 
Unipoker11: folds 
Nicedaymybro: raises $1.50 to $2.50
Maltesers123: folds 
YeeesMan: folds 
Uncalled bet ($1.50) returned to Nicedaymybro
Nicedaymybro collected $2.50 from pot
Nicedaymybro: doesn't show hand 
*** SUMMARY ***
Total pot $2.50 | Rake $0 
Seat 1: Nicedaymybro (button) collected ($2.50)
Seat 2: Maltesers123 (small blind) folded before Flop
Seat 3: YeeesMan (big blind) folded before Flop
Seat 4: whlzor folded before Flop (didn't bet)
Seat 5: sta$igk folded before Flop (didn't bet)
Seat 6: Unipoker11 folded before Flop (didn't bet)



PokerStars Hand #254433467696:  Hold'em No Limit ($0.50/$1.00 USD) - 2025/01/18 17:07:07 WET [2025/01/18 12:07:07 ET]
Table 'Algoa III' 6-max Seat #2 is the button
Seat 1: Nicedaymybro ($116.53 in chips) 
Seat 2: Maltesers123 ($80.69 in chips) 
Seat 3: YeeesMan ($101.72 in chips) 
Seat 4: whlzor ($107.07 in chips) 
Seat 5: sta$igk ($100 in chips) 
Seat 6: Unipoker11 ($168.20 in chips) 
YeeesMan: posts small blind $0.50
whlzor: posts big blind $1
*** HOLE CARDS ***
sta$igk: folds 
Unipoker11: folds 
Nicedaymybro: folds 
Maltesers123: folds 
YeeesMan: folds 
Uncalled bet ($0.50) returned to whlzor
whlzor collected $1 from pot
whlzor: doesn't show hand 
*** SUMMARY ***
Total pot $1 | Rake $0 
Seat 1: Nicedaymybro folded before Flop (didn't bet)
Seat 2: Maltesers123 (button) folded before Flop (didn't bet)
Seat 3: YeeesMan (small blind) folded before Flop
Seat 4: whlzor (big blind) collected ($1)
Seat 5: sta$igk folded before Flop (didn't bet)
Seat 6: Unipoker11 folded before Flop (didn't bet)



PokerStars Hand #254433472028:  Hold'em No Limit ($0.50/$1.00 USD) - 2025/01/18 17:07:25 WET [2025/01/18 12:07:25 ET]
Table 'Algoa III' 6-max Seat #3 is the button
Seat 1: Nicedaymybro ($116.53 in chips) 
Seat 2: Maltesers123 ($80.69 in chips) 
Seat 3: YeeesMan ($101.22 in chips) 
Seat 4: whlzor ($107.57 in chips) 
Seat 5: sta$igk ($100 in chips) 
Seat 6: Unipoker11 ($168.20 in chips) 
whlzor: posts small blind $0.50
sta$igk: posts big blind $1
*** HOLE CARDS ***
Unipoker11: folds 
Nicedaymybro: folds 
Maltesers123: folds 
YeeesMan: raises $1.50 to $2.50
whlzor: raises $8.50 to $11
sta$igk: raises $13 to $24
YeeesMan: folds 
whlzor: raises $83.57 to $107.57 and is all-in
sta$igk: folds 
Uncalled bet ($83.57) returned to whlzor
whlzor collected $50.50 from pot
whlzor: doesn't show hand 
*** SUMMARY ***
Total pot $50.50 | Rake $0 
Seat 1: Nicedaymybro folded before Flop (didn't bet)
Seat 2: Maltesers123 folded before Flop (didn't bet)
Seat 3: YeeesMan (button) folded before Flop
Seat 4: whlzor (small blind) collected ($50.50)
Seat 5: sta$igk (big blind) folded before Flop
Seat 6: Unipoker11 folded before Flop (didn't bet)



PokerStars Hand #254433481902:  Hold'em No Limit ($0.50/$1.00 USD) - 2025/01/18 17:08:05 WET [2025/01/18 12:08:05 ET]
Table 'Algoa III' 6-max Seat #4 is the button
Seat 1: Nicedaymybro ($116.53 in chips) 
Seat 2: Maltesers123 ($80.69 in chips) 
Seat 3: YeeesMan ($100 in chips) 
Seat 4: whlzor ($134.07 in chips) 
Seat 5: sta$igk ($100 in chips) 
Seat 6: Unipoker11 ($168.20 in chips) 
sta$igk: posts small blind $0.50
Unipoker11: posts big blind $1
*** HOLE CARDS ***
Nicedaymybro: folds 
Maltesers123: calls $1
YeeesMan: raises $2.50 to $3.50
whlzor: folds 
sta$igk: folds 
Unipoker11: folds 
Maltesers123: calls $2.50
*** FLOP *** [8d 4c 2s]
Maltesers123: checks 
YeeesMan: checks 
*** TURN *** [8d 4c 2s] [3s]
Maltesers123: bets $4.04
YeeesMan: calls $4.04
*** RIVER *** [8d 4c 2s 3s] [5c]
Maltesers123: checks 
YeeesMan: bets $5.20
Maltesers123: folds 
Uncalled bet ($5.20) returned to YeeesMan
YeeesMan collected $15.75 from pot
YeeesMan: doesn't show hand 
*** SUMMARY ***
Total pot $16.58 | Rake $0.83 
Board [8d 4c 2s 3s 5c]
Seat 1: Nicedaymybro folded before Flop (didn't bet)
Seat 2: Maltesers123 folded on the River
Seat 3: YeeesMan collected ($15.75)
Seat 4: whlzor (button) folded before Flop (didn't bet)
Seat 5: sta$igk (small blind) folded before Flop
Seat 6: Unipoker11 (big blind) folded before Flop



PokerStars Hand #254433497590:  Hold'em No Limit ($0.50/$1.00 USD) - 2025/01/18 17:09:08 WET [2025/01/18 12:09:08 ET]
Table 'Algoa III' 6-max Seat #5 is the button
Seat 1: Nicedaymybro ($116.53 in chips) 
Seat 2: Maltesers123 ($73.15 in chips) 
Seat 3: YeeesMan ($108.21 in chips) 
Seat 4: whlzor ($134.07 in chips) 
Seat 5: sta$igk ($100 in chips) 
Seat 6: Unipoker11 ($167.20 in chips) 
Unipoker11: posts small blind $0.50
Nicedaymybro: posts big blind $1
*** HOLE CARDS ***
Maltesers123: calls $1
YeeesMan: folds 
whlzor: folds 
sta$igk: folds 
Unipoker11: folds 
Nicedaymybro: checks 
*** FLOP *** [Kh Qc Qd]
Nicedaymybro: bets $1
Maltesers123: folds 
Uncalled bet ($1) returned to Nicedaymybro
Nicedaymybro collected $2.38 from pot
Nicedaymybro: doesn't show hand 
*** SUMMARY ***
Total pot $2.50 | Rake $0.12 
Board [Kh Qc Qd]
Seat 1: Nicedaymybro (big blind) collected ($2.38)
Seat 2: Maltesers123 folded on the Flop
Seat 3: YeeesMan folded before Flop (didn't bet)
Seat 4: whlzor folded before Flop (didn't bet)
Seat 5: sta$igk (button) folded before Flop (didn't bet)
Seat 6: Unipoker11 (small blind) folded before Flop



PokerStars Hand #254433501552:  Hold'em No Limit ($0.50/$1.00 USD) - 2025/01/18 17:09:24 WET [2025/01/18 12:09:24 ET]
Table 'Algoa III' 6-max Seat #6 is the button
Seat 1: Nicedaymybro ($117.91 in chips) 
Seat 2: Maltesers123 ($72.15 in chips) 
Seat 3: YeeesMan ($108.21 in chips) 
Seat 4: whlzor ($134.07 in chips) 
Seat 5: sta$igk ($100 in chips) 
Seat 6: Unipoker11 ($166.70 in chips) 
Nicedaymybro: posts small blind $0.50
Maltesers123: posts big blind $1
*** HOLE CARDS ***
YeeesMan: folds 
whlzor: folds 
sta$igk: folds 
Unipoker11: raises $1.50 to $2.50
Nicedaymybro: folds 
Maltesers123: folds 
Uncalled bet ($1.50) returned to Unipoker11
Unipoker11 collected $2.50 from pot
Unipoker11: doesn't show hand 
*** SUMMARY ***
Total pot $2.50 | Rake $0 
Seat 1: Nicedaymybro (small blind) folded before Flop
Seat 2: Maltesers123 (big blind) folded before Flop
Seat 3: YeeesMan folded before Flop (didn't bet)
Seat 4: whlzor folded before Flop (didn't bet)
Seat 5: sta$igk folded before Flop (didn't bet)
Seat 6: Unipoker11 (button) collected ($2.50)



PokerStars Hand #254433505681:  Hold'em No Limit ($0.50/$1.00 USD) - 2025/01/18 17:09:40 WET [2025/01/18 12:09:40 ET]
Table 'Algoa III' 6-max Seat #1 is the button
Seat 1: Nicedaymybro ($117.41 in chips) 
Seat 2: Maltesers123 ($71.15 in chips) 
Seat 3: YeeesMan ($108.21 in chips) 
Seat 4: whlzor ($134.07 in chips) 
Seat 5: sta$igk ($100 in chips) 
Seat 6: Unipoker11 ($168.20 in chips) 
Maltesers123: posts small blind $0.50
YeeesMan: posts big blind $1
*** HOLE CARDS ***
whlzor: folds 
sta$igk: folds 
Unipoker11: folds 
Nicedaymybro: raises $1.50 to $2.50
Maltesers123: folds 
YeeesMan: calls $1.50
*** FLOP *** [5c Ac 3c]
YeeesMan: checks 
Nicedaymybro: bets $1.31
YeeesMan: folds 
Uncalled bet ($1.31) returned to Nicedaymybro
Nicedaymybro collected $5.22 from pot
Nicedaymybro: doesn't show hand 
*** SUMMARY ***
Total pot $5.50 | Rake $0.28 
Board [5c Ac 3c]
Seat 1: Nicedaymybro (button) collected ($5.22)
Seat 2: Maltesers123 (small blind) folded before Flop
Seat 3: YeeesMan (big blind) folded on the Flop
Seat 4: whlzor folded before Flop (didn't bet)
Seat 5: sta$igk folded before Flop (didn't bet)
Seat 6: Unipoker11 folded before Flop (didn't bet)



PokerStars Hand #254433518546:  Hold'em No Limit ($0.50/$1.00 USD) - 2025/01/18 17:10:31 WET [2025/01/18 12:10:31 ET]
Table 'Algoa III' 6-max Seat #2 is the button
Seat 1: Nicedaymybro ($120.13 in chips) 
Seat 2: Maltesers123 ($70.65 in chips) 
Seat 3: YeeesMan ($105.71 in chips) 
Seat 4: whlzor ($134.07 in chips) 
Seat 5: sta$igk ($100 in chips) 
Seat 6: Unipoker11 ($168.20 in chips) 
YeeesMan: posts small blind $0.50
whlzor: posts big blind $1
*** HOLE CARDS ***
sta$igk: folds 
Unipoker11: folds 
Nicedaymybro: folds 
Maltesers123: calls $1
YeeesMan: calls $0.50
whlzor: raises $5 to $6
Maltesers123: calls $5
YeeesMan: calls $5
*** FLOP *** [Qs Tc 7h]
YeeesMan: checks 
whlzor: checks 
Maltesers123: checks 
*** TURN *** [Qs Tc 7h] [Th]
YeeesMan: checks 
whlzor: checks 
Maltesers123: bets $8.55
YeeesMan: folds 
whlzor: folds 
Uncalled bet ($8.55) returned to Maltesers123
Maltesers123 collected $17.10 from pot
*** SUMMARY ***
Total pot $18 | Rake $0.90 
Board [Qs Tc 7h Th]
Seat 1: Nicedaymybro folded before Flop (didn't bet)
Seat 2: Maltesers123 (button) collected ($17.10)
Seat 3: YeeesMan (small blind) folded on the Turn
Seat 4: whlzor (big blind) folded on the Turn
Seat 5: sta$igk folded before Flop (didn't bet)
Seat 6: Unipoker11 folded before Flop (didn't bet)



PokerStars Hand #254433534763:  Hold'em No Limit ($0.50/$1.00 USD) - 2025/01/18 17:11:34 WET [2025/01/18 12:11:34 ET]
Table 'Algoa III' 6-max Seat #3 is the button
Seat 1: Nicedaymybro ($120.13 in chips) 
Seat 2: Maltesers123 ($81.75 in chips) 
Seat 3: YeeesMan ($100 in chips) 
Seat 4: whlzor ($128.07 in chips) 
Seat 5: sta$igk ($100 in chips) 
Seat 6: Unipoker11 ($168.20 in chips) 
whlzor: posts small blind $0.50
sta$igk: posts big blind $1
*** HOLE CARDS ***
Unipoker11: folds 
Nicedaymybro: folds 
Maltesers123: folds 
YeeesMan: folds 
whlzor: folds 
Uncalled bet ($0.50) returned to sta$igk
sta$igk collected $1 from pot
*** SUMMARY ***
Total pot $1 | Rake $0 
Seat 1: Nicedaymybro folded before Flop (didn't bet)
Seat 2: Maltesers123 folded before Flop (didn't bet)
Seat 3: YeeesMan (button) folded before Flop (didn't bet)
Seat 4: whlzor (small blind) folded before Flop
Seat 5: sta$igk (big blind) collected ($1)
Seat 6: Unipoker11 folded before Flop (didn't bet)



PokerStars Hand #254433537259:  Hold'em No Limit ($0.50/$1.00 USD) - 2025/01/18 17:11:44 WET [2025/01/18 12:11:44 ET]
Table 'Algoa III' 6-max Seat #4 is the button
Seat 6: Unipoker11 ($168.20 in chips) is sitting out
Seat 1: Nicedaymybro ($120.13 in chips) 
Seat 2: Maltesers123 ($81.75 in chips) 
Seat 3: YeeesMan ($100 in chips) 
Seat 4: whlzor ($127.57 in chips) 
Seat 5: sta$igk ($100.50 in chips) 
sta$igk: posts small blind $0.50
Unipoker11: is sitting out 
Nicedaymybro: posts big blind $1
*** HOLE CARDS ***
Unipoker11 leaves the table
Maltesers123: calls $1
YeeesMan: folds 
whlzor: raises $4 to $5
sta$igk: folds 
Nicedaymybro: folds 
Maltesers123: folds 
Uncalled bet ($4) returned to whlzor
whlzor collected $3.50 from pot
whlzor: doesn't show hand 
*** SUMMARY ***
Total pot $3.50 | Rake $0 
Seat 6: Unipoker11
Seat 1: Nicedaymybro (big blind) folded before Flop
Seat 2: Maltesers123 folded before Flop
Seat 3: YeeesMan folded before Flop (didn't bet)
Seat 4: whlzor (button) collected ($3.50)
Seat 5: sta$igk (small blind) folded before Flop



PokerStars Hand #254433542809:  Hold'em No Limit ($0.50/$1.00 USD) - 2025/01/18 17:12:05 WET [2025/01/18 12:12:05 ET]
Table 'Algoa III' 6-max Seat #5 is the button
Seat 1: Nicedaymybro ($119.13 in chips) 
Seat 2: Maltesers123 ($80.75 in chips) 
Seat 3: YeeesMan ($100 in chips) 
Seat 4: whlzor ($130.07 in chips) 
Seat 5: sta$igk ($100 in chips) 
Nicedaymybro: posts small blind $0.50
Maltesers123: posts big blind $1
*** HOLE CARDS ***
YeeesMan: folds 
whlzor: folds 
sta$igk: folds 
RAidakCo joins the table at seat #6 
Nicedaymybro: raises $2 to $3
Maltesers123: folds 
Uncalled bet ($2) returned to Nicedaymybro
Nicedaymybro collected $2 from pot
Nicedaymybro: doesn't show hand 
*** SUMMARY ***
Total pot $2 | Rake $0 
Seat 1: Nicedaymybro (small blind) collected ($2)
Seat 2: Maltesers123 (big blind) folded before Flop
Seat 3: YeeesMan folded before Flop (didn't bet)
Seat 4: whlzor folded before Flop (didn't bet)
Seat 5: sta$igk (button) folded before Flop (didn't bet)



PokerStars Hand #254433546660:  Hold'em No Limit ($0.50/$1.00 USD) - 2025/01/18 17:12:20 WET [2025/01/18 12:12:20 ET]
Table 'Algoa III' 6-max Seat #1 is the button
Seat 3: YeeesMan ($100 in chips) is sitting out
Seat 4: whlzor ($130.07 in chips) is sitting out
Seat 6: RAidakCo ($100 in chips) is sitting out
Seat 1: Nicedaymybro ($120.13 in chips) 
Seat 2: Maltesers123 ($79.75 in chips) 
Seat 5: sta$igk ($100 in chips) 
Maltesers123: posts small blind $0.50
YeeesMan: is sitting out 
whlzor: is sitting out 
sta$igk: posts big blind $1
RAidakCo: sits out 
*** HOLE CARDS ***
Nicedaymybro: folds 
whlzor leaves the table
Maltesers123: calls $0.50
YeeesMan leaves the table
sta$igk: checks 
*** FLOP *** [Js 2c 2s]
BoyLoc0 joins the table at seat #4 
raketkasix joins the table at seat #3 
Maltesers123: checks 
sta$igk: checks 
*** TURN *** [Js 2c 2s] [2d]
Maltesers123: checks 
sta$igk: bets $1
Maltesers123: calls $1
*** RIVER *** [Js 2c 2s 2d] [Kd]
Maltesers123: bets $3.80
sta$igk: raises $11.40 to $15.20
Maltesers123: calls $11.40
*** SHOW DOWN ***
sta$igk: shows [7h Ks] (a full house, Deuces full of Kings)
Maltesers123: mucks hand 
sta$igk collected $33.40 from pot
*** SUMMARY ***
Total pot $34.40 | Rake $1 
Board [Js 2c 2s 2d Kd]
Seat 3: YeeesMan
Seat 4: whlzor
Seat 6: RAidakCo
Seat 1: Nicedaymybro (button) folded before Flop (didn't bet)
Seat 2: Maltesers123 (small blind) mucked
Seat 5: sta$igk (big blind) showed [7h Ks] and won ($33.40) with a full house, Deuces full of Kings



PokerStars Hand #254433559267:  Hold'em No Limit ($0.50/$1.00 USD) - 2025/01/18 17:13:08 WET [2025/01/18 12:13:08 ET]
Table 'Algoa III' 6-max Seat #2 is the button
Seat 3: raketkasix ($100 in chips) is sitting out
Seat 4: BoyLoc0 ($100 in chips) is sitting out
Seat 1: Nicedaymybro ($120.13 in chips) 
Seat 2: Maltesers123 ($62.55 in chips) 
Seat 5: sta$igk ($116.20 in chips) 
Seat 6: RAidakCo ($100 in chips) 
sta$igk: posts small blind $0.50
RAidakCo: posts big blind $1
*** HOLE CARDS ***
Nicedaymybro: raises $1.50 to $2.50
Maltesers123: folds 
sta$igk: folds 
RAidakCo: folds 
Uncalled bet ($1.50) returned to Nicedaymybro
Nicedaymybro collected $2.50 from pot
Nicedaymybro: doesn't show hand 
*** SUMMARY ***
Total pot $2.50 | Rake $0 
Seat 3: raketkasix
Seat 4: BoyLoc0
Seat 1: Nicedaymybro collected ($2.50)
Seat 2: Maltesers123 (button) folded before Flop (didn't bet)
Seat 5: sta$igk (small blind) folded before Flop
Seat 6: RAidakCo (big blind) folded before Flop



PokerStars Hand #254433563534:  Hold'em No Limit ($0.50/$1.00 USD) - 2025/01/18 17:13:25 WET [2025/01/18 12:13:25 ET]
Table 'Algoa III' 6-max Seat #5 is the button
Seat 3: raketkasix ($100 in chips) is sitting out
Seat 4: BoyLoc0 ($100 in chips) is sitting out
Seat 1: Nicedaymybro ($121.63 in chips) 
Seat 2: Maltesers123 ($62.55 in chips) 
Seat 5: sta$igk ($115.70 in chips) 
Seat 6: RAidakCo ($100 in chips) 
RAidakCo: posts small blind $0.50
Nicedaymybro: posts big blind $1
raketkasix: sits out 
BoyLoc0: sits out 
*** HOLE CARDS ***
Maltesers123: folds 
sta$igk: folds 
RAidakCo: folds 
Uncalled bet ($0.50) returned to Nicedaymybro
Nicedaymybro collected $1 from pot
Nicedaymybro: doesn't show hand 
*** SUMMARY ***
Total pot $1 | Rake $0 
Seat 3: raketkasix
Seat 4: BoyLoc0
Seat 1: Nicedaymybro (big blind) collected ($1)
Seat 2: Maltesers123 folded before Flop (didn't bet)
Seat 5: sta$igk (button) folded before Flop (didn't bet)
Seat 6: RAidakCo (small blind) folded before Flop



PokerStars Hand #254433565699:  Hold'em No Limit ($0.50/$1.00 USD) - 2025/01/18 17:13:33 WET [2025/01/18 12:13:33 ET]
Table 'Algoa III' 6-max Seat #6 is the button
Seat 3: raketkasix ($100 in chips) is sitting out
Seat 4: BoyLoc0 ($100 in chips) is sitting out
Seat 1: Nicedaymybro ($122.13 in chips) 
Seat 2: Maltesers123 ($62.55 in chips) 
Seat 5: sta$igk ($115.70 in chips) 
Seat 6: RAidakCo ($100 in chips) 
Nicedaymybro: posts small blind $0.50
Maltesers123: posts big blind $1
raketkasix: sits out 
BoyLoc0: sits out 
*** HOLE CARDS ***
sta$igk: folds 
RAidakCo: raises $1.50 to $2.50
Nicedaymybro: folds 
Maltesers123: folds 
Uncalled bet ($1.50) returned to RAidakCo
RAidakCo collected $2.50 from pot
RAidakCo: doesn't show hand 
*** SUMMARY ***
Total pot $2.50 | Rake $0 
Seat 3: raketkasix
Seat 4: BoyLoc0
Seat 1: Nicedaymybro (small blind) folded before Flop
Seat 2: Maltesers123 (big blind) folded before Flop
Seat 5: sta$igk folded before Flop (didn't bet)
Seat 6: RAidakCo (button) collected ($2.50)



PokerStars Hand #254433568748:  Hold'em No Limit ($0.50/$1.00 USD) - 2025/01/18 17:13:44 WET [2025/01/18 12:13:44 ET]
Table 'Algoa III' 6-max Seat #1 is the button
Seat 4: BoyLoc0 ($100 in chips) is sitting out
Seat 1: Nicedaymybro ($121.63 in chips) 
Seat 2: Maltesers123 ($61.55 in chips) 
Seat 3: raketkasix ($100 in chips) 
Seat 5: sta$igk ($115.70 in chips) 
Seat 6: RAidakCo ($101.50 in chips) 
Maltesers123: posts small blind $0.50
raketkasix: posts big blind $1
BoyLoc0: sits out 
*** HOLE CARDS ***
sta$igk: folds 
RAidakCo: folds 
Nicedaymybro: raises $1.50 to $2.50
Maltesers123: folds 
raketkasix: raises $8.50 to $11
Nicedaymybro: folds 
Uncalled bet ($8.50) returned to raketkasix
raketkasix collected $5.50 from pot
raketkasix: doesn't show hand 
*** SUMMARY ***
Total pot $5.50 | Rake $0 
Seat 4: BoyLoc0
Seat 1: Nicedaymybro (button) folded before Flop
Seat 2: Maltesers123 (small blind) folded before Flop
Seat 3: raketkasix (big blind) collected ($5.50)
Seat 5: sta$igk folded before Flop (didn't bet)
Seat 6: RAidakCo folded before Flop (didn't bet)



PokerStars Hand #254433577722:  Hold'em No Limit ($0.50/$1.00 USD) - 2025/01/18 17:14:19 WET [2025/01/18 12:14:19 ET]
Table 'Algoa III' 6-max Seat #2 is the button
Seat 1: Nicedaymybro ($119.13 in chips) 
Seat 2: Maltesers123 ($61.05 in chips) 
Seat 3: raketkasix ($103 in chips) 
Seat 4: BoyLoc0 ($100 in chips) 
Seat 5: sta$igk ($115.70 in chips) 
Seat 6: RAidakCo ($101.50 in chips) 
raketkasix: posts small blind $0.50
BoyLoc0: posts big blind $1
*** HOLE CARDS ***
sta$igk: folds 
RAidakCo: raises $1.20 to $2.20
Nicedaymybro: folds 
Maltesers123: calls $2.20
raketkasix: folds 
BoyLoc0: folds 
*** FLOP *** [Ac 4c 3d]
RAidakCo: checks 
Maltesers123: bets $2.80
RAidakCo: folds 
Uncalled bet ($2.80) returned to Maltesers123
Maltesers123 collected $5.60 from pot
*** SUMMARY ***
Total pot $5.90 | Rake $0.30 
Board [Ac 4c 3d]
Seat 1: Nicedaymybro folded before Flop (didn't bet)
Seat 2: Maltesers123 (button) collected ($5.60)
Seat 3: raketkasix (small blind) folded before Flop
Seat 4: BoyLoc0 (big blind) folded before Flop
Seat 5: sta$igk folded before Flop (didn't bet)
Seat 6: RAidakCo folded on the Flop



PokerStars Hand #254433584316:  Hold'em No Limit ($0.50/$1.00 USD) - 2025/01/18 17:14:44 WET [2025/01/18 12:14:44 ET]
Table 'Algoa III' 6-max Seat #3 is the button
Seat 1: Nicedaymybro ($119.13 in chips) 
Seat 2: Maltesers123 ($64.45 in chips) 
Seat 3: raketkasix ($102.50 in chips) 
Seat 4: BoyLoc0 ($100 in chips) 
Seat 5: sta$igk ($115.70 in chips) 
Seat 6: RAidakCo ($100 in chips) 
BoyLoc0: posts small blind $0.50
sta$igk: posts big blind $1
*** HOLE CARDS ***
RAidakCo: raises $1 to $2
Nicedaymybro: folds 
Maltesers123: folds 
raketkasix: folds 
BoyLoc0: folds 
sta$igk: folds 
Uncalled bet ($1) returned to RAidakCo
RAidakCo collected $2.50 from pot
RAidakCo: doesn't show hand 
*** SUMMARY ***
Total pot $2.50 | Rake $0 
Seat 1: Nicedaymybro folded before Flop (didn't bet)
Seat 2: Maltesers123 folded before Flop (didn't bet)
Seat 3: raketkasix (button) folded before Flop (didn't bet)
Seat 4: BoyLoc0 (small blind) folded before Flop
Seat 5: sta$igk (big blind) folded before Flop
Seat 6: RAidakCo collected ($2.50)



PokerStars Hand #254433589219:  Hold'em No Limit ($0.50/$1.00 USD) - 2025/01/18 17:15:03 WET [2025/01/18 12:15:03 ET]
Table 'Algoa III' 6-max Seat #4 is the button
Seat 1: Nicedaymybro ($119.13 in chips) 
Seat 2: Maltesers123 ($64.45 in chips) 
Seat 3: raketkasix ($102.50 in chips) 
Seat 4: BoyLoc0 ($100 in chips) 
Seat 5: sta$igk ($114.70 in chips) 
Seat 6: RAidakCo ($101.50 in chips) 
sta$igk: posts small blind $0.50
RAidakCo: posts big blind $1
*** HOLE CARDS ***
Nicedaymybro: folds 
Maltesers123: raises $1 to $2
raketkasix: folds 
BoyLoc0: folds 
sta$igk: folds 
RAidakCo: calls $1
*** FLOP *** [9d Ad 5d]
RAidakCo: checks 
Maltesers123: checks 
*** TURN *** [9d Ad 5d] [Qh]
RAidakCo: bets $12
Maltesers123: calls $12
*** RIVER *** [9d Ad 5d Qh] [5s]
RAidakCo: bets $87.50 and is all-in
Maltesers123: calls $50.45 and is all-in
Uncalled bet ($37.05) returned to RAidakCo
*** SHOW DOWN ***
RAidakCo: shows [6d 3d] (a flush, Ace high)
Maltesers123: shows [Qd Qs] (a full house, Queens full of Fives)
Maltesers123 collected $126.90 from pot
*** SUMMARY ***
Total pot $129.40 | Rake $2.50 
Board [9d Ad 5d Qh 5s]
Seat 1: Nicedaymybro folded before Flop (didn't bet)
Seat 2: Maltesers123 showed [Qd Qs] and won ($126.90) with a full house, Queens full of Fives
Seat 3: raketkasix folded before Flop (didn't bet)
Seat 4: BoyLoc0 (button) folded before Flop (didn't bet)
Seat 5: sta$igk (small blind) folded before Flop
Seat 6: RAidakCo (big blind) showed [6d 3d] and lost with a flush, Ace high



PokerStars Hand #254433600084:  Hold'em No Limit ($0.50/$1.00 USD) - 2025/01/18 17:15:46 WET [2025/01/18 12:15:46 ET]
Table 'Algoa III' 6-max Seat #5 is the button
Seat 1: Nicedaymybro ($119.13 in chips) 
Seat 2: Maltesers123 ($126.90 in chips) 
Seat 3: raketkasix ($102.50 in chips) 
Seat 4: BoyLoc0 ($100 in chips) 
Seat 5: sta$igk ($114.20 in chips) 
Seat 6: RAidakCo ($100 in chips) 
RAidakCo: posts small blind $0.50
Nicedaymybro: posts big blind $1
*** HOLE CARDS ***
Maltesers123: calls $1
raketkasix: folds 
BoyLoc0: folds 
sta$igk: folds 
RAidakCo: calls $0.50
Nicedaymybro: checks 
*** FLOP *** [4h Kc Qc]
RAidakCo: checks 
Nicedaymybro: bets $1
Maltesers123: calls $1
RAidakCo: folds 
*** TURN *** [4h Kc Qc] [7s]
Nicedaymybro: bets $6.65
Maltesers123: folds 
Uncalled bet ($6.65) returned to Nicedaymybro
Nicedaymybro collected $4.75 from pot
Nicedaymybro: doesn't show hand 
*** SUMMARY ***
Total pot $5 | Rake $0.25 
Board [4h Kc Qc 7s]
Seat 1: Nicedaymybro (big blind) collected ($4.75)
Seat 2: Maltesers123 folded on the Turn
Seat 3: raketkasix folded before Flop (didn't bet)
Seat 4: BoyLoc0 folded before Flop (didn't bet)
Seat 5: sta$igk (button) folded before Flop (didn't bet)
Seat 6: RAidakCo (small blind) folded on the Flop



PokerStars Hand #254433607847:  Hold'em No Limit ($0.50/$1.00 USD) - 2025/01/18 17:16:16 WET [2025/01/18 12:16:16 ET]
Table 'Algoa III' 6-max Seat #6 is the button
Seat 1: Nicedaymybro ($121.88 in chips) 
Seat 2: Maltesers123 ($124.90 in chips) 
Seat 3: raketkasix ($102.50 in chips) 
Seat 4: BoyLoc0 ($100 in chips) 
Seat 5: sta$igk ($114.20 in chips) 
Seat 6: RAidakCo ($100 in chips) 
Nicedaymybro: posts small blind $0.50
Maltesers123: posts big blind $1
*** HOLE CARDS ***
raketkasix: folds 
BoyLoc0: folds 
sta$igk: folds 
RAidakCo: folds 
Nicedaymybro: folds 
Uncalled bet ($0.50) returned to Maltesers123
Maltesers123 collected $1 from pot
*** SUMMARY ***
Total pot $1 | Rake $0 
Seat 1: Nicedaymybro (small blind) folded before Flop
Seat 2: Maltesers123 (big blind) collected ($1)
Seat 3: raketkasix folded before Flop (didn't bet)
Seat 4: BoyLoc0 folded before Flop (didn't bet)
Seat 5: sta$igk folded before Flop (didn't bet)
Seat 6: RAidakCo (button) folded before Flop (didn't bet)



PokerStars Hand #254433611066:  Hold'em No Limit ($0.50/$1.00 USD) - 2025/01/18 17:16:28 WET [2025/01/18 12:16:28 ET]
Table 'Algoa III' 6-max Seat #1 is the button
Seat 1: Nicedaymybro ($121.38 in chips) 
Seat 2: Maltesers123 ($125.40 in chips) 
Seat 3: raketkasix ($102.50 in chips) 
Seat 4: BoyLoc0 ($100 in chips) 
Seat 5: sta$igk ($114.20 in chips) 
Seat 6: RAidakCo ($100 in chips) 
Maltesers123: posts small blind $0.50
raketkasix: posts big blind $1
*** HOLE CARDS ***
BoyLoc0: folds 
sta$igk: folds 
RAidakCo: folds 
Nicedaymybro: raises $1.50 to $2.50
Maltesers123: calls $2
raketkasix: folds 
*** FLOP *** [Qc 7d Jc]
Maltesers123: checks 
Nicedaymybro: checks 
*** TURN *** [Qc 7d Jc] [6d]
Maltesers123: checks 
Nicedaymybro: checks 
*** RIVER *** [Qc 7d Jc 6d] [4h]
Maltesers123: checks 
Nicedaymybro: checks 
*** SHOW DOWN ***
Maltesers123: shows [8h Ad] (high card Ace)
Nicedaymybro: shows [3s 3d] (a pair of Threes)
Nicedaymybro collected $5.70 from pot
*** SUMMARY ***
Total pot $6 | Rake $0.30 
Board [Qc 7d Jc 6d 4h]
Seat 1: Nicedaymybro (button) showed [3s 3d] and won ($5.70) with a pair of Threes
Seat 2: Maltesers123 (small blind) showed [8h Ad] and lost with high card Ace
Seat 3: raketkasix (big blind) folded before Flop
Seat 4: BoyLoc0 folded before Flop (didn't bet)
Seat 5: sta$igk folded before Flop (didn't bet)
Seat 6: RAidakCo folded before Flop (didn't bet)



PokerStars Hand #254433626889:  Hold'em No Limit ($0.50/$1.00 USD) - 2025/01/18 17:17:29 WET [2025/01/18 12:17:29 ET]
Table 'Algoa III' 6-max Seat #2 is the button
Seat 1: Nicedaymybro ($124.58 in chips) 
Seat 2: Maltesers123 ($122.90 in chips) 
Seat 3: raketkasix ($101.50 in chips) 
Seat 4: BoyLoc0 ($100 in chips) 
Seat 5: sta$igk ($114.20 in chips) 
Seat 6: RAidakCo ($100 in chips) 
raketkasix: posts small blind $0.50
BoyLoc0: posts big blind $1
*** HOLE CARDS ***
sta$igk: folds 
RAidakCo: folds 
Nicedaymybro: raises $1.50 to $2.50
Maltesers123: calls $2.50
raketkasix: folds 
BoyLoc0: folds 
*** FLOP *** [6d 2d 4c]
Nicedaymybro: checks 
Maltesers123: checks 
*** TURN *** [6d 2d 4c] [Ts]
Nicedaymybro: bets $4.64
Maltesers123: folds 
Uncalled bet ($4.64) returned to Nicedaymybro
Nicedaymybro collected $6.18 from pot
Nicedaymybro: doesn't show hand 
*** SUMMARY ***
Total pot $6.50 | Rake $0.32 
Board [6d 2d 4c Ts]
Seat 1: Nicedaymybro collected ($6.18)
Seat 2: Maltesers123 (button) folded on the Turn
Seat 3: raketkasix (small blind) folded before Flop
Seat 4: BoyLoc0 (big blind) folded before Flop
Seat 5: sta$igk folded before Flop (didn't bet)
Seat 6: RAidakCo folded before Flop (didn't bet)



PokerStars Hand #254433633498:  Hold'em No Limit ($0.50/$1.00 USD) - 2025/01/18 17:17:54 WET [2025/01/18 12:17:54 ET]
Table 'Algoa III' 6-max Seat #3 is the button
Seat 1: Nicedaymybro ($128.26 in chips) 
Seat 2: Maltesers123 ($120.40 in chips) 
Seat 3: raketkasix ($101 in chips) 
Seat 4: BoyLoc0 ($100 in chips) 
Seat 5: sta$igk ($114.20 in chips) 
Seat 6: RAidakCo ($100 in chips) 
BoyLoc0: posts small blind $0.50
sta$igk: posts big blind $1
*** HOLE CARDS ***
RAidakCo: raises $1.20 to $2.20
Nicedaymybro: folds 
Maltesers123: folds 
raketkasix: folds 
BoyLoc0: folds 
sta$igk: folds 
Uncalled bet ($1.20) returned to RAidakCo
RAidakCo collected $2.50 from pot
RAidakCo: doesn't show hand 
*** SUMMARY ***
Total pot $2.50 | Rake $0 
Seat 1: Nicedaymybro folded before Flop (didn't bet)
Seat 2: Maltesers123 folded before Flop (didn't bet)
Seat 3: raketkasix (button) folded before Flop (didn't bet)
Seat 4: BoyLoc0 (small blind) folded before Flop
Seat 5: sta$igk (big blind) folded before Flop
Seat 6: RAidakCo collected ($2.50)



PokerStars Hand #254433637403:  Hold'em No Limit ($0.50/$1.00 USD) - 2025/01/18 17:18:09 WET [2025/01/18 12:18:09 ET]
Table 'Algoa III' 6-max Seat #4 is the button
Seat 1: Nicedaymybro ($128.26 in chips) 
Seat 2: Maltesers123 ($120.40 in chips) 
Seat 3: raketkasix ($101 in chips) 
Seat 4: BoyLoc0 ($100 in chips) 
Seat 5: sta$igk ($113.20 in chips) 
Seat 6: RAidakCo ($101.50 in chips) 
sta$igk: posts small blind $0.50
RAidakCo: posts big blind $1
*** HOLE CARDS ***
Nicedaymybro: raises $1.50 to $2.50
Maltesers123: folds 
raketkasix: folds 
BoyLoc0: folds 
sta$igk: folds 
RAidakCo: calls $1.50
*** FLOP *** [8d 3c 7s]
RAidakCo: checks 
Nicedaymybro: checks 
*** TURN *** [8d 3c 7s] [Js]
RAidakCo: bets $12
Nicedaymybro: calls $12
*** RIVER *** [8d 3c 7s Js] [5c]
RAidakCo: bets $42.03
Nicedaymybro: folds 
Uncalled bet ($42.03) returned to RAidakCo
RAidakCo collected $28.02 from pot
RAidakCo: doesn't show hand 
*** SUMMARY ***
Total pot $29.50 | Rake $1.48 
Board [8d 3c 7s Js 5c]
Seat 1: Nicedaymybro folded on the River
Seat 2: Maltesers123 folded before Flop (didn't bet)
Seat 3: raketkasix folded before Flop (didn't bet)
Seat 4: BoyLoc0 (button) folded before Flop (didn't bet)
Seat 5: sta$igk (small blind) folded before Flop
Seat 6: RAidakCo (big blind) collected ($28.02)



PokerStars Hand #254433647658:  Hold'em No Limit ($0.50/$1.00 USD) - 2025/01/18 17:18:48 WET [2025/01/18 12:18:48 ET]
Table 'Algoa III' 6-max Seat #5 is the button
Seat 1: Nicedaymybro ($113.76 in chips) 
Seat 2: Maltesers123 ($120.40 in chips) 
Seat 3: raketkasix ($101 in chips) 
Seat 4: BoyLoc0 ($100 in chips) 
Seat 5: sta$igk ($112.70 in chips) 
Seat 6: RAidakCo ($115.02 in chips) 
RAidakCo: posts small blind $0.50
Nicedaymybro: posts big blind $1
*** HOLE CARDS ***
Maltesers123: calls $1
raketkasix: raises $3 to $4
BoyLoc0: raises $6 to $10
sta$igk: folds 
RAidakCo: folds 
Nicedaymybro: folds 
Maltesers123: folds 
raketkasix: folds 
Uncalled bet ($6) returned to BoyLoc0
BoyLoc0 collected $10.50 from pot
BoyLoc0: doesn't show hand 
*** SUMMARY ***
Total pot $10.50 | Rake $0 
Seat 1: Nicedaymybro (big blind) folded before Flop
Seat 2: Maltesers123 folded before Flop
Seat 3: raketkasix folded before Flop
Seat 4: BoyLoc0 collected ($10.50)
Seat 5: sta$igk (button) folded before Flop (didn't bet)
Seat 6: RAidakCo (small blind) folded before Flop



PokerStars Hand #254433655524:  Hold'em No Limit ($0.50/$1.00 USD) - 2025/01/18 17:19:18 WET [2025/01/18 12:19:18 ET]
Table 'Algoa III' 6-max Seat #6 is the button
Seat 1: Nicedaymybro ($112.76 in chips) 
Seat 2: Maltesers123 ($119.40 in chips) 
Seat 3: raketkasix ($100 in chips) 
Seat 4: BoyLoc0 ($106.50 in chips) 
Seat 5: sta$igk ($112.70 in chips) 
Seat 6: RAidakCo ($114.52 in chips) 
Nicedaymybro: posts small blind $0.50
Maltesers123: posts big blind $1
*** HOLE CARDS ***
raketkasix: folds 
BoyLoc0: folds 
sta$igk: folds 
RAidakCo: raises $1.50 to $2.50
Nicedaymybro: folds 
Maltesers123: folds 
Uncalled bet ($1.50) returned to RAidakCo
RAidakCo collected $2.50 from pot
RAidakCo: doesn't show hand 
*** SUMMARY ***
Total pot $2.50 | Rake $0 
Seat 1: Nicedaymybro (small blind) folded before Flop
Seat 2: Maltesers123 (big blind) folded before Flop
Seat 3: raketkasix folded before Flop (didn't bet)
Seat 4: BoyLoc0 folded before Flop (didn't bet)
Seat 5: sta$igk folded before Flop (didn't bet)
Seat 6: RAidakCo (button) collected ($2.50)



PokerStars Hand #254433661519:  Hold'em No Limit ($0.50/$1.00 USD) - 2025/01/18 17:19:41 WET [2025/01/18 12:19:41 ET]
Table 'Algoa III' 6-max Seat #1 is the button
Seat 1: Nicedaymybro ($112.26 in chips) 
Seat 2: Maltesers123 ($118.40 in chips) 
Seat 3: raketkasix ($100 in chips) 
Seat 4: BoyLoc0 ($106.50 in chips) 
Seat 5: sta$igk ($112.70 in chips) 
Seat 6: RAidakCo ($116.02 in chips) 
Maltesers123: posts small blind $0.50
raketkasix: posts big blind $1
*** HOLE CARDS ***
BoyLoc0: folds 
sta$igk: folds 
RAidakCo: folds 
Nicedaymybro: raises $1.50 to $2.50
Maltesers123: folds 
raketkasix: calls $1.50
*** FLOP *** [Qs As 2s]
raketkasix: checks 
Nicedaymybro: bets $1.31
raketkasix: folds 
Uncalled bet ($1.31) returned to Nicedaymybro
Nicedaymybro collected $5.22 from pot
Nicedaymybro: doesn't show hand 
*** SUMMARY ***
Total pot $5.50 | Rake $0.28 
Board [Qs As 2s]
Seat 1: Nicedaymybro (button) collected ($5.22)
Seat 2: Maltesers123 (small blind) folded before Flop
Seat 3: raketkasix (big blind) folded on the Flop
Seat 4: BoyLoc0 folded before Flop (didn't bet)
Seat 5: sta$igk folded before Flop (didn't bet)
Seat 6: RAidakCo folded before Flop (didn't bet)



PokerStars Hand #254433673819:  Hold'em No Limit ($0.50/$1.00 USD) - 2025/01/18 17:20:28 WET [2025/01/18 12:20:28 ET]
Table 'Algoa III' 6-max Seat #2 is the button
Seat 1: Nicedaymybro ($114.98 in chips) 
Seat 2: Maltesers123 ($117.90 in chips) 
Seat 3: raketkasix ($100 in chips) 
Seat 4: BoyLoc0 ($106.50 in chips) 
Seat 5: sta$igk ($112.70 in chips) 
Seat 6: RAidakCo ($116.02 in chips) 
raketkasix: posts small blind $0.50
BoyLoc0: posts big blind $1
*** HOLE CARDS ***
sta$igk: folds 
RAidakCo: folds 
Nicedaymybro: raises $1.50 to $2.50
Maltesers123: folds 
raketkasix: folds 
BoyLoc0: folds 
Uncalled bet ($1.50) returned to Nicedaymybro
Nicedaymybro collected $2.50 from pot
Nicedaymybro: doesn't show hand 
*** SUMMARY ***
Total pot $2.50 | Rake $0 
Seat 1: Nicedaymybro collected ($2.50)
Seat 2: Maltesers123 (button) folded before Flop (didn't bet)
Seat 3: raketkasix (small blind) folded before Flop
Seat 4: BoyLoc0 (big blind) folded before Flop
Seat 5: sta$igk folded before Flop (didn't bet)
Seat 6: RAidakCo folded before Flop (didn't bet)



PokerStars Hand #254433682062:  Hold'em No Limit ($0.50/$1.00 USD) - 2025/01/18 17:20:59 WET [2025/01/18 12:20:59 ET]
Table 'Algoa III' 6-max Seat #3 is the button
Seat 1: Nicedaymybro ($116.48 in chips) 
Seat 2: Maltesers123 ($117.90 in chips) 
Seat 3: raketkasix ($100 in chips) 
Seat 4: BoyLoc0 ($105.50 in chips) 
Seat 5: sta$igk ($112.70 in chips) 
Seat 6: RAidakCo ($116.02 in chips) 
BoyLoc0: posts small blind $0.50
sta$igk: posts big blind $1
*** HOLE CARDS ***
RAidakCo: raises $1.20 to $2.20
Nicedaymybro: folds 
Maltesers123: folds 
raketkasix: folds 
BoyLoc0: folds 
sta$igk: folds 
Uncalled bet ($1.20) returned to RAidakCo
RAidakCo collected $2.50 from pot
RAidakCo: doesn't show hand 
*** SUMMARY ***
Total pot $2.50 | Rake $0 
Seat 1: Nicedaymybro folded before Flop (didn't bet)
Seat 2: Maltesers123 folded before Flop (didn't bet)
Seat 3: raketkasix (button) folded before Flop (didn't bet)
Seat 4: BoyLoc0 (small blind) folded before Flop
Seat 5: sta$igk (big blind) folded before Flop
Seat 6: RAidakCo collected ($2.50)



PokerStars Hand #254433686099:  Hold'em No Limit ($0.50/$1.00 USD) - 2025/01/18 17:21:14 WET [2025/01/18 12:21:14 ET]
Table 'Algoa III' 6-max Seat #4 is the button
Seat 1: Nicedaymybro ($116.48 in chips) 
Seat 2: Maltesers123 ($117.90 in chips) 
Seat 3: raketkasix ($100 in chips) 
Seat 4: BoyLoc0 ($105 in chips) 
Seat 5: sta$igk ($111.70 in chips) 
Seat 6: RAidakCo ($117.52 in chips) 
sta$igk: posts small blind $0.50
RAidakCo: posts big blind $1
*** HOLE CARDS ***
Nicedaymybro: folds 
Maltesers123: folds 
raketkasix: folds 
BoyLoc0: folds 
sta$igk: folds 
Uncalled bet ($0.50) returned to RAidakCo
RAidakCo collected $1 from pot
RAidakCo: doesn't show hand 
*** SUMMARY ***
Total pot $1 | Rake $0 
Seat 1: Nicedaymybro folded before Flop (didn't bet)
Seat 2: Maltesers123 folded before Flop (didn't bet)
Seat 3: raketkasix folded before Flop (didn't bet)
Seat 4: BoyLoc0 (button) folded before Flop (didn't bet)
Seat 5: sta$igk (small blind) folded before Flop
Seat 6: RAidakCo (big blind) collected ($1)



PokerStars Hand #254433690977:  Hold'em No Limit ($0.50/$1.00 USD) - 2025/01/18 17:21:33 WET [2025/01/18 12:21:33 ET]
Table 'Algoa III' 6-max Seat #5 is the button
Seat 1: Nicedaymybro ($116.48 in chips) 
Seat 2: Maltesers123 ($117.90 in chips) 
Seat 3: raketkasix ($100 in chips) 
Seat 4: BoyLoc0 ($105 in chips) 
Seat 5: sta$igk ($111.20 in chips) 
Seat 6: RAidakCo ($118.02 in chips) 
RAidakCo: posts small blind $0.50
Nicedaymybro: posts big blind $1
*** HOLE CARDS ***
Maltesers123: folds 
raketkasix: folds 
BoyLoc0: folds 
sta$igk: folds 
RAidakCo: raises $2 to $3
Nicedaymybro: folds 
Uncalled bet ($2) returned to RAidakCo
RAidakCo collected $2 from pot
RAidakCo: doesn't show hand 
*** SUMMARY ***
Total pot $2 | Rake $0 
Seat 1: Nicedaymybro (big blind) folded before Flop
Seat 2: Maltesers123 folded before Flop (didn't bet)
Seat 3: raketkasix folded before Flop (didn't bet)
Seat 4: BoyLoc0 folded before Flop (didn't bet)
Seat 5: sta$igk (button) folded before Flop (didn't bet)
Seat 6: RAidakCo (small blind) collected ($2)



PokerStars Hand #254433695281:  Hold'em No Limit ($0.50/$1.00 USD) - 2025/01/18 17:21:49 WET [2025/01/18 12:21:49 ET]
Table 'Algoa III' 6-max Seat #6 is the button
Seat 1: Nicedaymybro ($115.48 in chips) 
Seat 2: Maltesers123 ($117.90 in chips) 
Seat 3: raketkasix ($100 in chips) 
Seat 4: BoyLoc0 ($105 in chips) 
Seat 5: sta$igk ($111.20 in chips) 
Seat 6: RAidakCo ($119.02 in chips) 
Nicedaymybro: posts small blind $0.50
Maltesers123: posts big blind $1
*** HOLE CARDS ***
raketkasix: folds 
BoyLoc0: folds 
sta$igk: raises $1.50 to $2.50
RAidakCo: folds 
Nicedaymybro: folds 
Maltesers123: calls $1.50
*** FLOP *** [2c 2s 9s]
Maltesers123: checks 
sta$igk: bets $3.92
Maltesers123: folds 
Uncalled bet ($3.92) returned to sta$igk
sta$igk collected $5.22 from pot
sta$igk: doesn't show hand 
*** SUMMARY ***
Total pot $5.50 | Rake $0.28 
Board [2c 2s 9s]
Seat 1: Nicedaymybro (small blind) folded before Flop
Seat 2: Maltesers123 (big blind) folded on the Flop
Seat 3: raketkasix folded before Flop (didn't bet)
Seat 4: BoyLoc0 folded before Flop (didn't bet)
Seat 5: sta$igk collected ($5.22)
Seat 6: RAidakCo (button) folded before Flop (didn't bet)



PokerStars Hand #254433705713:  Hold'em No Limit ($0.50/$1.00 USD) - 2025/01/18 17:22:29 WET [2025/01/18 12:22:29 ET]
Table 'Algoa III' 6-max Seat #1 is the button
Seat 1: Nicedaymybro ($114.98 in chips) 
Seat 2: Maltesers123 ($115.40 in chips) 
Seat 3: raketkasix ($100 in chips) 
Seat 4: BoyLoc0 ($105 in chips) 
Seat 5: sta$igk ($113.92 in chips) 
Seat 6: RAidakCo ($119.02 in chips) 
Maltesers123: posts small blind $0.50
raketkasix: posts big blind $1
*** HOLE CARDS ***
BoyLoc0 has timed out
BoyLoc0: folds 
sta$igk: folds 
RAidakCo: folds 
Nicedaymybro: folds 
Maltesers123: calls $0.50
raketkasix: checks 
*** FLOP *** [Ts 6s 8d]
Maltesers123: bets $1
raketkasix: folds 
Uncalled bet ($1) returned to Maltesers123
Maltesers123 collected $1.90 from pot
*** SUMMARY ***
Total pot $2 | Rake $0.10 
Board [Ts 6s 8d]
Seat 1: Nicedaymybro (button) folded before Flop (didn't bet)
Seat 2: Maltesers123 (small blind) collected ($1.90)
Seat 3: raketkasix (big blind) folded on the Flop
Seat 4: BoyLoc0 folded before Flop (didn't bet)
Seat 5: sta$igk folded before Flop (didn't bet)
Seat 6: RAidakCo folded before Flop (didn't bet)



PokerStars Hand #254433715974:  Hold'em No Limit ($0.50/$1.00 USD) - 2025/01/18 17:23:08 WET [2025/01/18 12:23:08 ET]
Table 'Algoa III' 6-max Seat #2 is the button
Seat 1: Nicedaymybro ($114.98 in chips) 
Seat 2: Maltesers123 ($116.30 in chips) 
Seat 3: raketkasix ($100 in chips) 
Seat 4: BoyLoc0 ($105 in chips) 
Seat 5: sta$igk ($113.92 in chips) 
Seat 6: RAidakCo ($119.02 in chips) 
raketkasix: posts small blind $0.50
BoyLoc0: posts big blind $1
*** HOLE CARDS ***
sta$igk: raises $1.50 to $2.50
RAidakCo: folds 
Nicedaymybro: folds 
Maltesers123: folds 
raketkasix: folds 
BoyLoc0: calls $1.50
*** FLOP *** [Ah Jh 2d]
BoyLoc0: checks 
sta$igk: bets $1.72
BoyLoc0: folds 
Uncalled bet ($1.72) returned to sta$igk
sta$igk collected $5.22 from pot
sta$igk: doesn't show hand 
*** SUMMARY ***
Total pot $5.50 | Rake $0.28 
Board [Ah Jh 2d]
Seat 1: Nicedaymybro folded before Flop (didn't bet)
Seat 2: Maltesers123 (button) folded before Flop (didn't bet)
Seat 3: raketkasix (small blind) folded before Flop
Seat 4: BoyLoc0 (big blind) folded on the Flop
Seat 5: sta$igk collected ($5.22)
Seat 6: RAidakCo folded before Flop (didn't bet)



PokerStars Hand #254433724971:  Hold'em No Limit ($0.50/$1.00 USD) - 2025/01/18 17:23:42 WET [2025/01/18 12:23:42 ET]
Table 'Algoa III' 6-max Seat #3 is the button
Seat 1: Nicedaymybro ($114.98 in chips) 
Seat 2: Maltesers123 ($116.30 in chips) 
Seat 3: raketkasix ($100 in chips) 
Seat 4: BoyLoc0 ($102.50 in chips) 
Seat 5: sta$igk ($116.64 in chips) 
Seat 6: RAidakCo ($119.02 in chips) 
BoyLoc0: posts small blind $0.50
sta$igk: posts big blind $1
*** HOLE CARDS ***
RAidakCo: raises $1 to $2
Nicedaymybro: folds 
Maltesers123: folds 
raketkasix: folds 
BoyLoc0: folds 
sta$igk: calls $1
*** FLOP *** [Ah As 4c]
sta$igk: checks 
RAidakCo: bets $1.41
sta$igk: calls $1.41
*** TURN *** [Ah As 4c] [6h]
sta$igk: checks 
RAidakCo: bets $5.21
sta$igk: folds 
Uncalled bet ($5.21) returned to RAidakCo
RAidakCo collected $6.95 from pot
RAidakCo: doesn't show hand 
*** SUMMARY ***
Total pot $7.32 | Rake $0.37 
Board [Ah As 4c 6h]
Seat 1: Nicedaymybro folded before Flop (didn't bet)
Seat 2: Maltesers123 folded before Flop (didn't bet)
Seat 3: raketkasix (button) folded before Flop (didn't bet)
Seat 4: BoyLoc0 (small blind) folded before Flop
Seat 5: sta$igk (big blind) folded on the Turn
Seat 6: RAidakCo collected ($6.95)



PokerStars Hand #254433742504:  Hold'em No Limit ($0.50/$1.00 USD) - 2025/01/18 17:24:49 WET [2025/01/18 12:24:49 ET]
Table 'Algoa III' 6-max Seat #4 is the button
Seat 1: Nicedaymybro ($114.98 in chips) is sitting out
Seat 6: RAidakCo ($122.56 in chips) is sitting out
Seat 2: Maltesers123 ($116.30 in chips) 
Seat 3: raketkasix ($100 in chips) 
Seat 4: BoyLoc0 ($102 in chips) 
Seat 5: sta$igk ($113.23 in chips) 
sta$igk: posts small blind $0.50
RAidakCo: is sitting out 
Maltesers123: posts big blind $1
*** HOLE CARDS ***
RAidakCo leaves the table
raketkasix: folds 
BoyLoc0: folds 
sta$igk: raises $2 to $3
Maltesers123: folds 
Uncalled bet ($2) returned to sta$igk
sta$igk collected $2 from pot
sta$igk: doesn't show hand 
*** SUMMARY ***
Total pot $2 | Rake $0 
Seat 1: Nicedaymybro
Seat 6: RAidakCo
Seat 2: Maltesers123 (big blind) folded before Flop
Seat 3: raketkasix folded before Flop (didn't bet)
Seat 4: BoyLoc0 (button) folded before Flop (didn't bet)
Seat 5: sta$igk (small blind) collected ($2)



PokerStars Hand #254433745252:  Hold'em No Limit ($0.50/$1.00 USD) - 2025/01/18 17:24:59 WET [2025/01/18 12:24:59 ET]
Table 'Algoa III' 6-max Seat #5 is the button
Seat 1: Nicedaymybro ($114.98 in chips) is sitting out
Seat 2: Maltesers123 ($115.30 in chips) 
Seat 3: raketkasix ($100 in chips) 
Seat 4: BoyLoc0 ($102 in chips) 
Seat 5: sta$igk ($114.23 in chips) 
Maltesers123: posts small blind $0.50
raketkasix: posts big blind $1
*** HOLE CARDS ***
blistein joins the table at seat #6 
BoyLoc0: raises $1.50 to $2.50
sta$igk: folds 
Maltesers123: calls $2
raketkasix: folds 
*** FLOP *** [9s Tc 7c]
Maltesers123: checks 
BoyLoc0: checks 
*** TURN *** [9s Tc 7c] [7s]
Maltesers123: checks 
BoyLoc0: checks 
*** RIVER *** [9s Tc 7c 7s] [4s]
Maltesers123: checks 
BoyLoc0: bets $4.28
Maltesers123: folds 
Uncalled bet ($4.28) returned to BoyLoc0
BoyLoc0 collected $5.70 from pot
BoyLoc0: doesn't show hand 
*** SUMMARY ***
Total pot $6 | Rake $0.30 
Board [9s Tc 7c 7s 4s]
Seat 1: Nicedaymybro
Seat 2: Maltesers123 (small blind) folded on the River
Seat 3: raketkasix (big blind) folded before Flop
Seat 4: BoyLoc0 collected ($5.70)
Seat 5: sta$igk (button) folded before Flop (didn't bet)



PokerStars Hand #254433756379:  Hold'em No Limit ($0.50/$1.00 USD) - 2025/01/18 17:25:41 WET [2025/01/18 12:25:41 ET]
Table 'Algoa III' 6-max Seat #2 is the button
Seat 1: Nicedaymybro ($114.98 in chips) is sitting out
Seat 6: blistein ($100 in chips) is sitting out
Seat 2: Maltesers123 ($112.80 in chips) 
Seat 3: raketkasix ($100 in chips) 
Seat 4: BoyLoc0 ($105.20 in chips) 
Seat 5: sta$igk ($114.23 in chips) 
raketkasix: posts small blind $0.50
BoyLoc0: posts big blind $1
blistein: sits out 
*** HOLE CARDS ***
sta$igk: folds 
Maltesers123: calls $1
raketkasix: folds 
BoyLoc0: checks 
*** FLOP *** [2d 2c 2s]
BoyLoc0: checks 
Maltesers123: checks 
*** TURN *** [2d 2c 2s] [8h]
BoyLoc0: bets $3.57
Maltesers123: folds 
Uncalled bet ($3.57) returned to BoyLoc0
BoyLoc0 collected $2.38 from pot
BoyLoc0: doesn't show hand 
*** SUMMARY ***
Total pot $2.50 | Rake $0.12 
Board [2d 2c 2s 8h]
Seat 1: Nicedaymybro
Seat 6: blistein
Seat 2: Maltesers123 (button) folded on the Turn
Seat 3: raketkasix (small blind) folded before Flop
Seat 4: BoyLoc0 (big blind) collected ($2.38)
Seat 5: sta$igk folded before Flop (didn't bet)



PokerStars Hand #254433765528:  Hold'em No Limit ($0.50/$1.00 USD) - 2025/01/18 17:26:17 WET [2025/01/18 12:26:17 ET]
Table 'Algoa III' 6-max Seat #3 is the button
Seat 1: Nicedaymybro ($114.98 in chips) is sitting out
Seat 6: blistein ($100 in chips) is sitting out
Seat 2: Maltesers123 ($111.80 in chips) 
Seat 3: raketkasix ($100 in chips) 
Seat 4: BoyLoc0 ($106.58 in chips) 
Seat 5: sta$igk ($114.23 in chips) 
BoyLoc0: posts small blind $0.50
sta$igk: posts big blind $1
blistein: sits out 
*** HOLE CARDS ***
Maltesers123: folds 
raketkasix: folds 
BoyLoc0: folds 
Uncalled bet ($0.50) returned to sta$igk
sta$igk collected $1 from pot
sta$igk: doesn't show hand 
*** SUMMARY ***
Total pot $1 | Rake $0 
Seat 1: Nicedaymybro
Seat 6: blistein
Seat 2: Maltesers123 folded before Flop (didn't bet)
Seat 3: raketkasix (button) folded before Flop (didn't bet)
Seat 4: BoyLoc0 (small blind) folded before Flop
Seat 5: sta$igk (big blind) collected ($1)



PokerStars Hand #254433768723:  Hold'em No Limit ($0.50/$1.00 USD) - 2025/01/18 17:26:29 WET [2025/01/18 12:26:29 ET]
Table 'Algoa III' 6-max Seat #4 is the button
Seat 1: Nicedaymybro ($114.98 in chips) is sitting out
Seat 2: Maltesers123 ($111.80 in chips) 
Seat 3: raketkasix ($100 in chips) 
Seat 4: BoyLoc0 ($106.08 in chips) 
Seat 5: sta$igk ($114.73 in chips) 
Seat 6: blistein ($100 in chips) 
sta$igk: posts small blind $0.50
blistein: posts big blind $1
*** HOLE CARDS ***
Maltesers123: calls $1
raketkasix: folds 
BoyLoc0: folds 
sta$igk: folds 
blistein: raises $3 to $4
Maltesers123: calls $3
*** FLOP *** [9s 8h 9d]
blistein: bets $4.04
Maltesers123: calls $4.04
*** TURN *** [9s 8h 9d] [As]
blistein: bets $4
Maltesers123: calls $4
*** RIVER *** [9s 8h 9d As] [Jd]
blistein: checks 
Maltesers123: bets $23.35
blistein: folds 
Uncalled bet ($23.35) returned to Maltesers123
Maltesers123 collected $23.35 from pot
*** SUMMARY ***
Total pot $24.58 | Rake $1.23 
Board [9s 8h 9d As Jd]
Seat 1: Nicedaymybro
Seat 2: Maltesers123 collected ($23.35)
Seat 3: raketkasix folded before Flop (didn't bet)
Seat 4: BoyLoc0 (button) folded before Flop (didn't bet)
Seat 5: sta$igk (small blind) folded before Flop
Seat 6: blistein (big blind) folded on the River



PokerStars Hand #254433786355:  Hold'em No Limit ($0.50/$1.00 USD) - 2025/01/18 17:27:36 WET [2025/01/18 12:27:36 ET]
Table 'Algoa III' 6-max Seat #5 is the button
Seat 1: Nicedaymybro ($114.98 in chips) 
Seat 2: Maltesers123 ($123.11 in chips) 
Seat 3: raketkasix ($100 in chips) 
Seat 4: BoyLoc0 ($106.08 in chips) 
Seat 5: sta$igk ($114.23 in chips) 
Seat 6: blistein ($100 in chips) 
blistein: posts small blind $0.50
Nicedaymybro: posts big blind $1
*** HOLE CARDS ***
Maltesers123: calls $1
raketkasix: folds 
BoyLoc0: folds 
sta$igk: raises $3 to $4
blistein: raises $10 to $14
Nicedaymybro: folds 
Maltesers123: calls $13
sta$igk: folds 
*** FLOP *** [2c Js 9h]
blistein: bets $9.66
Maltesers123: calls $9.66
*** TURN *** [2c Js 9h] [Kc]
blistein: bets $76.34 and is all-in
Maltesers123: calls $76.34
*** RIVER *** [2c Js 9h Kc] [Tc]
*** SHOW DOWN ***
blistein: shows [9c 9d] (three of a kind, Nines)
Maltesers123: shows [Ac Ks] (a pair of Kings)
blistein collected $202.50 from pot
*** SUMMARY ***
Total pot $205 | Rake $2.50 
Board [2c Js 9h Kc Tc]
Seat 1: Nicedaymybro (big blind) folded before Flop
Seat 2: Maltesers123 showed [Ac Ks] and lost with a pair of Kings
Seat 3: raketkasix folded before Flop (didn't bet)
Seat 4: BoyLoc0 folded before Flop (didn't bet)
Seat 5: sta$igk (button) folded before Flop
Seat 6: blistein (small blind) showed [9c 9d] and won ($202.50) with three of a kind, Nines



PokerStars Hand #254433805168:  Hold'em No Limit ($0.50/$1.00 USD) - 2025/01/18 17:28:49 WET [2025/01/18 12:28:49 ET]
Table 'Algoa III' 6-max Seat #6 is the button
Seat 1: Nicedaymybro ($113.98 in chips) 
Seat 2: Maltesers123 ($23.11 in chips) 
Seat 3: raketkasix ($100 in chips) 
Seat 4: BoyLoc0 ($106.08 in chips) 
Seat 5: sta$igk ($110.23 in chips) 
Seat 6: blistein ($202.50 in chips) 
Nicedaymybro: posts small blind $0.50
Maltesers123: posts big blind $1
*** HOLE CARDS ***
raketkasix: raises $1.50 to $2.50
BoyLoc0: folds 
sta$igk: folds 
blistein: folds 
Nicedaymybro: folds 
Maltesers123: folds 
Uncalled bet ($1.50) returned to raketkasix
Maltesers123 is disconnected 
raketkasix collected $2.50 from pot
raketkasix: doesn't show hand 
*** SUMMARY ***
Total pot $2.50 | Rake $0 
Seat 1: Nicedaymybro (small blind) folded before Flop
Seat 2: Maltesers123 (big blind) folded before Flop
Seat 3: raketkasix collected ($2.50)
Seat 4: BoyLoc0 folded before Flop (didn't bet)
Seat 5: sta$igk folded before Flop (didn't bet)
Seat 6: blistein (button) folded before Flop (didn't bet)



PokerStars Hand #254433808727:  Hold'em No Limit ($0.50/$1.00 USD) - 2025/01/18 17:29:03 WET [2025/01/18 12:29:03 ET]
Table 'Algoa III' 6-max Seat #1 is the button
Seat 2: Maltesers123 ($22.11 in chips) is sitting out
Seat 1: Nicedaymybro ($113.48 in chips) 
Seat 3: raketkasix ($101.50 in chips) 
Seat 4: BoyLoc0 ($106.08 in chips) 
Seat 5: sta$igk ($110.23 in chips) 
Seat 6: blistein ($202.50 in chips) 
Maltesers123 has timed out while disconnected
Maltesers123: is sitting out 
raketkasix: posts small blind $0.50
BoyLoc0: posts big blind $1
*** HOLE CARDS ***
sta$igk: folds 
blistein: folds 
Nicedaymybro: raises $1.50 to $2.50
raketkasix: folds 
BoyLoc0: folds 
Uncalled bet ($1.50) returned to Nicedaymybro
Nicedaymybro collected $2.50 from pot
Nicedaymybro: doesn't show hand 
*** SUMMARY ***
Total pot $2.50 | Rake $0 
Seat 2: Maltesers123
Seat 1: Nicedaymybro (button) collected ($2.50)
Seat 3: raketkasix (small blind) folded before Flop
Seat 4: BoyLoc0 (big blind) folded before Flop
Seat 5: sta$igk folded before Flop (didn't bet)
Seat 6: blistein folded before Flop (didn't bet)



PokerStars Hand #254433817915:  Hold'em No Limit ($0.50/$1.00 USD) - 2025/01/18 17:29:38 WET [2025/01/18 12:29:38 ET]
Table 'Algoa III' 6-max Seat #3 is the button
Seat 2: Maltesers123 ($22.11 in chips) is sitting out
Seat 1: Nicedaymybro ($114.98 in chips) 
Seat 3: raketkasix ($101 in chips) 
Seat 4: BoyLoc0 ($105.08 in chips) 
Seat 5: sta$igk ($110.23 in chips) 
Seat 6: blistein ($202.50 in chips) 
BoyLoc0: posts small blind $0.50
sta$igk: posts big blind $1
*** HOLE CARDS ***
blistein: folds 
blistein leaves the table
Nicedaymybro: folds 
raketkasix: folds 
BoyLoc0: folds 
Uncalled bet ($0.50) returned to sta$igk
sta$igk collected $1 from pot
sta$igk: doesn't show hand 
*** SUMMARY ***
Total pot $1 | Rake $0 
Seat 2: Maltesers123
Seat 1: Nicedaymybro folded before Flop (didn't bet)
Seat 3: raketkasix (button) folded before Flop (didn't bet)
Seat 4: BoyLoc0 (small blind) folded before Flop
Seat 5: sta$igk (big blind) collected ($1)
Seat 6: blistein folded before Flop (didn't bet)



PokerStars Hand #254433820708:  Hold'em No Limit ($0.50/$1.00 USD) - 2025/01/18 17:29:49 WET [2025/01/18 12:29:49 ET]
Table 'Algoa III' 6-max Seat #4 is the button
Seat 2: Maltesers123 ($22.11 in chips) is sitting out
Seat 1: Nicedaymybro ($114.98 in chips) 
Seat 3: raketkasix ($101 in chips) 
Seat 4: BoyLoc0 ($104.58 in chips) 
Seat 5: sta$igk ($110.73 in chips) 
Evelexy1 joins the table at seat #6 
sta$igk: posts small blind $0.50
Nicedaymybro: posts big blind $1
*** HOLE CARDS ***
raketkasix: folds 
BoyLoc0: raises $1.50 to $2.50
sta$igk: raises $8.50 to $11
Nicedaymybro: folds 
BoyLoc0: folds 
Uncalled bet ($8.50) returned to sta$igk
sta$igk collected $6 from pot
sta$igk: doesn't show hand 
*** SUMMARY ***
Total pot $6 | Rake $0 
Seat 2: Maltesers123
Seat 1: Nicedaymybro (big blind) folded before Flop
Seat 3: raketkasix folded before Flop (didn't bet)
Seat 4: BoyLoc0 (button) folded before Flop
Seat 5: sta$igk (small blind) collected ($6)



PokerStars Hand #254433826095:  Hold'em No Limit ($0.50/$1.00 USD) - 2025/01/18 17:30:08 WET [2025/01/18 12:30:08 ET]
Table 'Algoa III' 6-max Seat #5 is the button
Seat 2: Maltesers123 ($22.11 in chips) is sitting out
Seat 3: raketkasix ($101 in chips) is sitting out
Seat 6: Evelexy1 ($100 in chips) is sitting out
Seat 1: Nicedaymybro ($113.98 in chips) 
Seat 4: BoyLoc0 ($102.08 in chips) 
Seat 5: sta$igk ($114.23 in chips) 
Nicedaymybro: posts small blind $0.50
raketkasix: is sitting out 
BoyLoc0: posts big blind $1
*** HOLE CARDS ***
sta$igk: raises $1.50 to $2.50
raketkasix leaves the table
Nicedaymybro: folds 
BoyLoc0: calls $1.50
*** FLOP *** [7d 9s Ac]
BoyLoc0: checks 
sta$igk: bets $1.72
BoyLoc0: folds 
Uncalled bet ($1.72) returned to sta$igk
sta$igk collected $5.22 from pot
sta$igk: doesn't show hand 
*** SUMMARY ***
Total pot $5.50 | Rake $0.28 
Board [7d 9s Ac]
Seat 2: Maltesers123
Seat 3: raketkasix
Seat 6: Evelexy1
Seat 1: Nicedaymybro (small blind) folded before Flop
Seat 4: BoyLoc0 (big blind) folded on the Flop
Seat 5: sta$igk (button) collected ($5.22)



PokerStars Hand #254433838335:  Hold'em No Limit ($0.50/$1.00 USD) - 2025/01/18 17:30:54 WET [2025/01/18 12:30:54 ET]
Table 'Algoa III' 6-max Seat #1 is the button
Seat 2: Maltesers123 ($22.11 in chips) is sitting out
Seat 5: sta$igk ($116.95 in chips) is sitting out
Seat 1: Nicedaymybro ($113.48 in chips) 
Seat 4: BoyLoc0 ($100 in chips) 
Seat 6: Evelexy1 ($100 in chips) 
BoyLoc0: posts small blind $0.50
sta$igk: is sitting out 
Evelexy1: posts big blind $1
*** HOLE CARDS ***
sta$igk leaves the table
Nicedaymybro: raises $1.50 to $2.50
BoyLoc0: raises $7.50 to $10
Evelexy1: folds 
Nicedaymybro: folds 
Uncalled bet ($7.50) returned to BoyLoc0
BoyLoc0 collected $6 from pot
BoyLoc0: doesn't show hand 
*** SUMMARY ***
Total pot $6 | Rake $0 
Seat 2: Maltesers123
Seat 5: sta$igk
Seat 1: Nicedaymybro (button) folded before Flop
Seat 4: BoyLoc0 (small blind) collected ($6)
Seat 6: Evelexy1 (big blind) folded before Flop



PokerStars Hand #254433842033:  Hold'em No Limit ($0.50/$1.00 USD) - 2025/01/18 17:31:08 WET [2025/01/18 12:31:08 ET]
Table 'Algoa III' 6-max Seat #6 is the button
Seat 1: Nicedaymybro ($110.98 in chips) is sitting out
Seat 2: Maltesers123 ($22.11 in chips) is sitting out
Seat 4: BoyLoc0 ($103.50 in chips) 
Seat 6: Evelexy1 ($100 in chips) 
Evelexy1: posts small blind $0.50
Nicedaymybro: is sitting out 
BoyLoc0: posts big blind $1
*** HOLE CARDS ***
Nicedaymybro leaves the table
Evelexy1: raises $1.50 to $2.50
BoyLoc0: folds 
Uncalled bet ($1.50) returned to Evelexy1
Evelexy1 collected $2 from pot
Maltesers123 leaves the table
Evelexy1: doesn't show hand 
*** SUMMARY ***
Total pot $2 | Rake $0 
Seat 1: Nicedaymybro
Seat 2: Maltesers123
Seat 4: BoyLoc0 (big blind) folded before Flop
Seat 6: Evelexy1 (button) (small blind) collected ($2)



PokerStars Hand #254433844688:  Hold'em No Limit ($0.50/$1.00 USD) - 2025/01/18 17:31:18 WET [2025/01/18 12:31:18 ET]
Table 'Algoa III' 6-max Seat #4 is the button
Seat 4: BoyLoc0 ($102.50 in chips) 
Seat 6: Evelexy1 ($101 in chips) 
BoyLoc0: posts small blind $0.50
Evelexy1: posts big blind $1
*** HOLE CARDS ***
BoyLoc0: raises $1.50 to $2.50
Evelexy1: calls $1.50
*** FLOP *** [Jd 5d Jc]
Evelexy1: checks 
BoyLoc0: checks 
*** TURN *** [Jd 5d Jc] [9d]
Evelexy1: bets $1.58
BoyLoc0: folds 
Uncalled bet ($1.58) returned to Evelexy1
Evelexy1 collected $4.75 from pot
Evelexy1: doesn't show hand 
BoyLoc0 leaves the table
*** SUMMARY ***
Total pot $5 | Rake $0.25 
Board [Jd 5d Jc 9d]
Seat 4: BoyLoc0 (button) (small blind) folded on the Turn
Seat 6: Evelexy1 (big blind) collected ($4.75)



