PokerStars Hand #254438407560:  Hold'em No Limit ($0.50/$1.00 USD) - 2025/01/18 21:53:37 WET [2025/01/18 16:53:37 ET]
Table 'Finsen III' 6-max Seat #6 is the button
Seat 3: numapu_33 ($100 in chips) is sitting out
Seat 4: Molisehases ($80 in chips) is sitting out
Seat 1: XneferX ($100 in chips) 
Seat 2: neirfyS ($102.49 in chips) 
Seat 5: Unicorneagle ($77.86 in chips) 
Seat 6: Poker9803 ($100 in chips) 
XneferX: posts small blind $0.50
neirfyS: posts big blind $1
numapu_33: sits out 
Molisehases: sits out 
*** HOLE CARDS ***
Unicorneagle: folds 
Poker9803: raises $1.50 to $2.50
XneferX: folds 
neirfyS: folds 
Uncalled bet ($1.50) returned to Poker9803
Poker9803 collected $2.50 from pot
Poker9803: doesn't show hand 
*** SUMMARY ***
Total pot $2.50 | Rake $0 
Seat 3: numapu_33
Seat 4: Molisehases
Seat 1: XneferX (small blind) folded before Flop
Seat 2: neirfyS (big blind) folded before Flop
Seat 5: Unicorneagle folded before Flop (didn't bet)
Seat 6: Poker9803 (button) collected ($2.50)



PokerStars Hand #254438412445:  Hold'em No Limit ($0.50/$1.00 USD) - 2025/01/18 21:53:54 WET [2025/01/18 16:53:54 ET]
Table 'Finsen III' 6-max Seat #1 is the button
Seat 4: Molisehases ($80 in chips) is sitting out
Seat 1: XneferX ($100 in chips) 
Seat 2: neirfyS ($101.49 in chips) 
Seat 3: numapu_33 ($100 in chips) 
Seat 5: Unicorneagle ($77.86 in chips) 
Seat 6: Poker9803 ($101.50 in chips) 
neirfyS: posts small blind $0.50
numapu_33: posts big blind $1
Molisehases: sits out 
*** HOLE CARDS ***
Unicorneagle: folds 
Poker9803: folds 
XneferX: raises $1.77 to $2.77
neirfyS: folds 
numapu_33: raises $10.23 to $13
XneferX: raises $13.50 to $26.50
numapu_33: raises $73.50 to $100 and is all-in
XneferX: calls $73.50 and is all-in
*** FLOP *** [6c 7h Qc]
*** TURN *** [6c 7h Qc] [9c]
*** RIVER *** [6c 7h Qc 9c] [5c]
*** SHOW DOWN ***
numapu_33: shows [Qh Qd] (three of a kind, Queens)
XneferX: shows [As Kd] (high card Ace)
numapu_33 collected $198 from pot
XneferX cashed out the hand for $83.91 | Cash Out Fee $1.71
*** SUMMARY ***
Total pot $200.50 | Rake $2.50 
Board [6c 7h Qc 9c 5c]
Seat 4: Molisehases
Seat 1: XneferX (button) showed [As Kd] and lost with high card Ace (cashed out).
Seat 2: neirfyS (small blind) folded before Flop
Seat 3: numapu_33 (big blind) showed [Qh Qd] and won ($198) with three of a kind, Queens
Seat 5: Unicorneagle folded before Flop (didn't bet)
Seat 6: Poker9803 folded before Flop (didn't bet)



PokerStars Hand #254438433494:  Hold'em No Limit ($0.50/$1.00 USD) - 2025/01/18 21:55:07 WET [2025/01/18 16:55:07 ET]
Table 'Finsen III' 6-max Seat #2 is the button
Seat 1: XneferX ($100 in chips) 
Seat 2: neirfyS ($100.99 in chips) 
Seat 3: numapu_33 ($198 in chips) 
Seat 4: Molisehases ($80 in chips) 
Seat 5: Unicorneagle ($77.86 in chips) 
Seat 6: Poker9803 ($101.50 in chips) 
numapu_33: posts small blind $0.50
Molisehases: posts big blind $1
*** HOLE CARDS ***
Unicorneagle: raises $2 to $3
Poker9803: folds 
XneferX: folds 
neirfyS: folds 
numapu_33: folds 
Molisehases: calls $2
*** FLOP *** [9d 3h Jd]
Molisehases: checks 
Unicorneagle: bets $3.09
Molisehases: calls $3.09
*** TURN *** [9d 3h Jd] [2h]
Molisehases: checks 
Unicorneagle: bets $5
Molisehases: folds 
Uncalled bet ($5) returned to Unicorneagle
Unicorneagle collected $12.05 from pot
*** SUMMARY ***
Total pot $12.68 | Rake $0.63 
Board [9d 3h Jd 2h]
Seat 1: XneferX folded before Flop (didn't bet)
Seat 2: neirfyS (button) folded before Flop (didn't bet)
Seat 3: numapu_33 (small blind) folded before Flop
Seat 4: Molisehases (big blind) folded on the Turn
Seat 5: Unicorneagle collected ($12.05)
Seat 6: Poker9803 folded before Flop (didn't bet)



PokerStars Hand #254438444014:  Hold'em No Limit ($0.50/$1.00 USD) - 2025/01/18 21:55:59 WET [2025/01/18 16:55:59 ET]
Table 'Finsen III' 6-max Seat #3 is the button
Seat 1: XneferX ($100 in chips) 
Seat 2: neirfyS ($100.99 in chips) 
Seat 3: numapu_33 ($197.50 in chips) 
Seat 4: Molisehases ($73.91 in chips) 
Seat 5: Unicorneagle ($83.82 in chips) 
Seat 6: Poker9803 ($101.50 in chips) 
Molisehases: posts small blind $0.50
Unicorneagle: posts big blind $1
*** HOLE CARDS ***
Poker9803: folds 
XneferX: folds 
neirfyS: raises $1.24 to $2.24
numapu_33: folds 
Molisehases: folds 
Unicorneagle: calls $1.24
*** FLOP *** [9s Ac Jd]
Unicorneagle: checks 
neirfyS: bets $3.12
Unicorneagle: folds 
Uncalled bet ($3.12) returned to neirfyS
neirfyS collected $4.73 from pot
neirfyS: doesn't show hand 
*** SUMMARY ***
Total pot $4.98 | Rake $0.25 
Board [9s Ac Jd]
Seat 1: XneferX folded before Flop (didn't bet)
Seat 2: neirfyS collected ($4.73)
Seat 3: numapu_33 (button) folded before Flop (didn't bet)
Seat 4: Molisehases (small blind) folded before Flop
Seat 5: Unicorneagle (big blind) folded on the Flop
Seat 6: Poker9803 folded before Flop (didn't bet)



PokerStars Hand #254438451486:  Hold'em No Limit ($0.50/$1.00 USD) - 2025/01/18 21:56:35 WET [2025/01/18 16:56:35 ET]
Table 'Finsen III' 6-max Seat #4 is the button
Seat 1: XneferX ($100 in chips) is sitting out
Seat 6: Poker9803 ($101.50 in chips) is sitting out
Seat 2: neirfyS ($103.48 in chips) 
Seat 3: numapu_33 ($197.50 in chips) 
Seat 4: Molisehases ($73.41 in chips) 
Seat 5: Unicorneagle ($81.58 in chips) 
Unicorneagle: posts small blind $0.50
Poker9803: is sitting out 
XneferX: is sitting out 
neirfyS: posts big blind $1
*** HOLE CARDS ***
Poker9803 leaves the table
numapu_33: folds 
XneferX leaves the table
Molisehases: folds 
Unicorneagle: raises $2 to $3
Pigumelis joins the table at seat #1 
neirfyS: calls $2
*** FLOP *** [Th 9h Js]
Unicorneagle: bets $2.85
neirfyS: folds 
Uncalled bet ($2.85) returned to Unicorneagle
Unicorneagle collected $5.70 from pot
*** SUMMARY ***
Total pot $6 | Rake $0.30 
Board [Th 9h Js]
Seat 1: XneferX
Seat 6: Poker9803
Seat 2: neirfyS (big blind) folded on the Flop
Seat 3: numapu_33 folded before Flop (didn't bet)
Seat 4: Molisehases (button) folded before Flop (didn't bet)
Seat 5: Unicorneagle (small blind) collected ($5.70)



PokerStars Hand #254438456535:  Hold'em No Limit ($0.50/$1.00 USD) - 2025/01/18 21:57:00 WET [2025/01/18 16:57:00 ET]
Table 'Finsen III' 6-max Seat #5 is the button
Seat 1: Pigumelis ($100 in chips) is sitting out
Seat 2: neirfyS ($100.48 in chips) 
Seat 3: numapu_33 ($197.50 in chips) 
Seat 4: Molisehases ($73.41 in chips) 
Seat 5: Unicorneagle ($84.28 in chips) 
neirfyS: posts small blind $0.50
numapu_33: posts big blind $1
*** HOLE CARDS ***
Molisehases: folds 
Unicorneagle: folds 
neirfyS: raises $2 to $3
nikalas22 joins the table at seat #6 
numapu_33: folds 
Uncalled bet ($2) returned to neirfyS
neirfyS collected $2 from pot
neirfyS: doesn't show hand 
*** SUMMARY ***
Total pot $2 | Rake $0 
Seat 1: Pigumelis
Seat 2: neirfyS (small blind) collected ($2)
Seat 3: numapu_33 (big blind) folded before Flop
Seat 4: Molisehases folded before Flop (didn't bet)
Seat 5: Unicorneagle (button) folded before Flop (didn't bet)



PokerStars Hand #254438461520:  Hold'em No Limit ($0.50/$1.00 USD) - 2025/01/18 21:57:25 WET [2025/01/18 16:57:25 ET]
Table 'Finsen III' 6-max Seat #2 is the button
Seat 1: Pigumelis ($100 in chips) is sitting out
Seat 6: nikalas22 ($100 in chips) is sitting out
Seat 2: neirfyS ($101.48 in chips) 
Seat 3: numapu_33 ($196.50 in chips) 
Seat 4: Molisehases ($73.41 in chips) 
Seat 5: Unicorneagle ($84.28 in chips) 
numapu_33: posts small blind $0.50
Molisehases: posts big blind $1
nikalas22: sits out 
Pigumelis: sits out 
*** HOLE CARDS ***
Unicorneagle: folds 
neirfyS: raises $1.40 to $2.40
numapu_33: raises $9.60 to $12
Molisehases: folds 
neirfyS: raises $14 to $26
numapu_33: raises $170.50 to $196.50 and is all-in
neirfyS: folds 
Uncalled bet ($170.50) returned to numapu_33
numapu_33 collected $53 from pot
numapu_33: doesn't show hand 
*** SUMMARY ***
Total pot $53 | Rake $0 
Seat 1: Pigumelis
Seat 6: nikalas22
Seat 2: neirfyS (button) folded before Flop
Seat 3: numapu_33 (small blind) collected ($53)
Seat 4: Molisehases (big blind) folded before Flop
Seat 5: Unicorneagle folded before Flop (didn't bet)



PokerStars Hand #254438467337:  Hold'em No Limit ($0.50/$1.00 USD) - 2025/01/18 21:57:53 WET [2025/01/18 16:57:53 ET]
Table 'Finsen III' 6-max Seat #3 is the button
Seat 1: Pigumelis ($100 in chips) is sitting out
Seat 6: nikalas22 ($100 in chips) is sitting out
Seat 2: neirfyS ($100 in chips) 
Seat 3: numapu_33 ($223.50 in chips) 
Seat 4: Molisehases ($72.41 in chips) 
Seat 5: Unicorneagle ($84.28 in chips) 
Molisehases: posts small blind $0.50
Unicorneagle: posts big blind $1
nikalas22: sits out 
Pigumelis: sits out 
*** HOLE CARDS ***
neirfyS: folds 
numapu_33: folds 
Molisehases: raises $2 to $3
Unicorneagle: raises $7 to $10
Molisehases: calls $7
*** FLOP *** [9s Kh 3c]
Molisehases: checks 
Unicorneagle: bets $10
Molisehases: folds 
Uncalled bet ($10) returned to Unicorneagle
Unicorneagle collected $19 from pot
*** SUMMARY ***
Total pot $20 | Rake $1 
Board [9s Kh 3c]
Seat 1: Pigumelis
Seat 6: nikalas22
Seat 2: neirfyS folded before Flop (didn't bet)
Seat 3: numapu_33 (button) folded before Flop (didn't bet)
Seat 4: Molisehases (small blind) folded on the Flop
Seat 5: Unicorneagle (big blind) collected ($19)



PokerStars Hand #254438476825:  Hold'em No Limit ($0.50/$1.00 USD) - 2025/01/18 21:58:39 WET [2025/01/18 16:58:39 ET]
Table 'Finsen III' 6-max Seat #4 is the button
Seat 1: Pigumelis ($100 in chips) is sitting out
Seat 2: neirfyS ($100 in chips) 
Seat 3: numapu_33 ($223.50 in chips) 
Seat 4: Molisehases ($62.41 in chips) 
Seat 5: Unicorneagle ($93.28 in chips) 
Seat 6: nikalas22 ($100 in chips) 
Unicorneagle: posts small blind $0.50
nikalas22: posts big blind $1
Pigumelis: sits out 
*** HOLE CARDS ***
neirfyS: folds 
numapu_33: folds 
Molisehases: folds 
Unicorneagle: folds 
Uncalled bet ($0.50) returned to nikalas22
nikalas22 collected $1 from pot
nikalas22: doesn't show hand 
*** SUMMARY ***
Total pot $1 | Rake $0 
Seat 1: Pigumelis
Seat 2: neirfyS folded before Flop (didn't bet)
Seat 3: numapu_33 folded before Flop (didn't bet)
Seat 4: Molisehases (button) folded before Flop (didn't bet)
Seat 5: Unicorneagle (small blind) folded before Flop
Seat 6: nikalas22 (big blind) collected ($1)



PokerStars Hand #254438479739:  Hold'em No Limit ($0.50/$1.00 USD) - 2025/01/18 21:58:53 WET [2025/01/18 16:58:53 ET]
Table 'Finsen III' 6-max Seat #5 is the button
Seat 1: Pigumelis ($100 in chips) 
Seat 2: neirfyS ($100 in chips) 
Seat 3: numapu_33 ($223.50 in chips) 
Seat 4: Molisehases ($62.41 in chips) 
Seat 5: Unicorneagle ($92.78 in chips) 
Seat 6: nikalas22 ($100.50 in chips) 
nikalas22: posts small blind $0.50
Pigumelis: posts big blind $1
*** HOLE CARDS ***
neirfyS: folds 
numapu_33: folds 
Molisehases: folds 
Unicorneagle: raises $2 to $3
nikalas22: raises $10 to $13
Pigumelis: folds 
Unicorneagle: calls $10
*** FLOP *** [Ac 6d Jc]
nikalas22: bets $7.70
Unicorneagle: calls $7.70
*** TURN *** [Ac 6d Jc] [7c]
nikalas22: bets $12.08
Unicorneagle: calls $12.08
*** RIVER *** [Ac 6d Jc 7c] [Jd]
nikalas22: bets $67.72 and is all-in
Unicorneagle: folds 
Uncalled bet ($67.72) returned to nikalas22
nikalas22 collected $64.06 from pot
nikalas22: doesn't show hand 
*** SUMMARY ***
Total pot $66.56 | Rake $2.50 
Board [Ac 6d Jc 7c Jd]
Seat 1: Pigumelis (big blind) folded before Flop
Seat 2: neirfyS folded before Flop (didn't bet)
Seat 3: numapu_33 folded before Flop (didn't bet)
Seat 4: Molisehases folded before Flop (didn't bet)
Seat 5: Unicorneagle (button) folded on the River
Seat 6: nikalas22 (small blind) collected ($64.06)



PokerStars Hand #254438494287:  Hold'em No Limit ($0.50/$1.00 USD) - 2025/01/18 22:00:03 WET [2025/01/18 17:00:03 ET]
Table 'Finsen III' 6-max Seat #6 is the button
Seat 1: Pigumelis ($100 in chips) 
Seat 2: neirfyS ($100 in chips) 
Seat 3: numapu_33 ($223.50 in chips) 
Seat 4: Molisehases ($62.41 in chips) 
Seat 5: Unicorneagle ($60 in chips) 
Seat 6: nikalas22 ($131.78 in chips) 
Pigumelis: posts small blind $0.50
neirfyS: posts big blind $1
*** HOLE CARDS ***
numapu_33: folds 
Molisehases: calls $1
Unicorneagle: calls $1
nikalas22: folds 
Pigumelis: folds 
neirfyS: checks 
*** FLOP *** [9d Js 5h]
neirfyS: checks 
Molisehases: checks 
Unicorneagle: checks 
*** TURN *** [9d Js 5h] [8s]
neirfyS: checks 
Molisehases: checks 
Unicorneagle: bets $2.66
neirfyS: folds 
Molisehases: folds 
Uncalled bet ($2.66) returned to Unicorneagle
Unicorneagle collected $3.32 from pot
*** SUMMARY ***
Total pot $3.50 | Rake $0.18 
Board [9d Js 5h 8s]
Seat 1: Pigumelis (small blind) folded before Flop
Seat 2: neirfyS (big blind) folded on the Turn
Seat 3: numapu_33 folded before Flop (didn't bet)
Seat 4: Molisehases folded on the Turn
Seat 5: Unicorneagle collected ($3.32)
Seat 6: nikalas22 (button) folded before Flop (didn't bet)



PokerStars Hand #254438507272:  Hold'em No Limit ($0.50/$1.00 USD) - 2025/01/18 22:01:01 WET [2025/01/18 17:01:01 ET]
Table 'Finsen III' 6-max Seat #1 is the button
Seat 1: Pigumelis ($100 in chips) 
Seat 2: neirfyS ($100 in chips) 
Seat 3: numapu_33 ($223.50 in chips) 
Seat 4: Molisehases ($61.41 in chips) 
Seat 5: Unicorneagle ($62.32 in chips) 
Seat 6: nikalas22 ($131.78 in chips) 
neirfyS: posts small blind $0.50
numapu_33: posts big blind $1
*** HOLE CARDS ***
Molisehases: folds 
Unicorneagle: folds 
nikalas22: raises $1.50 to $2.50
Pigumelis: folds 
neirfyS: folds 
numapu_33: calls $1.50
*** FLOP *** [2h 3s 9c]
numapu_33: checks 
nikalas22: bets $1.57
numapu_33: raises $4.60 to $6.17
nikalas22: folds 
Uncalled bet ($4.60) returned to numapu_33
numapu_33 collected $8.21 from pot
numapu_33: doesn't show hand 
*** SUMMARY ***
Total pot $8.64 | Rake $0.43 
Board [2h 3s 9c]
Seat 1: Pigumelis (button) folded before Flop (didn't bet)
Seat 2: neirfyS (small blind) folded before Flop
Seat 3: numapu_33 (big blind) collected ($8.21)
Seat 4: Molisehases folded before Flop (didn't bet)
Seat 5: Unicorneagle folded before Flop (didn't bet)
Seat 6: nikalas22 folded on the Flop



PokerStars Hand #254438520753:  Hold'em No Limit ($0.50/$1.00 USD) - 2025/01/18 22:01:52 WET [2025/01/18 17:01:52 ET]
Table 'Finsen III' 6-max Seat #2 is the button
Seat 1: Pigumelis ($100 in chips) 
Seat 2: neirfyS ($100 in chips) 
Seat 3: numapu_33 ($227.64 in chips) 
Seat 4: Molisehases ($61.41 in chips) 
Seat 5: Unicorneagle ($62.32 in chips) 
Seat 6: nikalas22 ($127.71 in chips) 
numapu_33: posts small blind $0.50
Molisehases: posts big blind $1
*** HOLE CARDS ***
Unicorneagle: raises $2 to $3
nikalas22: folds 
Pigumelis: folds 
neirfyS: folds 
numapu_33: folds 
Molisehases: folds 
Uncalled bet ($2) returned to Unicorneagle
Unicorneagle collected $2.50 from pot
*** SUMMARY ***
Total pot $2.50 | Rake $0 
Seat 1: Pigumelis folded before Flop (didn't bet)
Seat 2: neirfyS (button) folded before Flop (didn't bet)
Seat 3: numapu_33 (small blind) folded before Flop
Seat 4: Molisehases (big blind) folded before Flop
Seat 5: Unicorneagle collected ($2.50)
Seat 6: nikalas22 folded before Flop (didn't bet)



PokerStars Hand #254438527031:  Hold'em No Limit ($0.50/$1.00 USD) - 2025/01/18 22:02:13 WET [2025/01/18 17:02:13 ET]
Table 'Finsen III' 6-max Seat #3 is the button
Seat 1: Pigumelis ($100 in chips) 
Seat 2: neirfyS ($100 in chips) 
Seat 3: numapu_33 ($227.14 in chips) 
Seat 4: Molisehases ($60.41 in chips) 
Seat 5: Unicorneagle ($63.82 in chips) 
Seat 6: nikalas22 ($127.71 in chips) 
Molisehases: posts small blind $0.50
Unicorneagle: posts big blind $1
*** HOLE CARDS ***
nikalas22: raises $1.50 to $2.50
Pigumelis: folds 
neirfyS: raises $5.50 to $8
numapu_33: folds 
Molisehases: folds 
Unicorneagle: folds 
nikalas22: folds 
Uncalled bet ($5.50) returned to neirfyS
neirfyS collected $6.50 from pot
neirfyS: doesn't show hand 
*** SUMMARY ***
Total pot $6.50 | Rake $0 
Seat 1: Pigumelis folded before Flop (didn't bet)
Seat 2: neirfyS collected ($6.50)
Seat 3: numapu_33 (button) folded before Flop (didn't bet)
Seat 4: Molisehases (small blind) folded before Flop
Seat 5: Unicorneagle (big blind) folded before Flop
Seat 6: nikalas22 folded before Flop



PokerStars Hand #254438535013:  Hold'em No Limit ($0.50/$1.00 USD) - 2025/01/18 22:02:41 WET [2025/01/18 17:02:41 ET]
Table 'Finsen III' 6-max Seat #4 is the button
Seat 1: Pigumelis ($100 in chips) 
Seat 2: neirfyS ($104 in chips) 
Seat 3: numapu_33 ($227.14 in chips) 
Seat 4: Molisehases ($59.91 in chips) 
Seat 5: Unicorneagle ($62.82 in chips) 
Seat 6: nikalas22 ($125.21 in chips) 
Unicorneagle: posts small blind $0.50
nikalas22: posts big blind $1
*** HOLE CARDS ***
Pigumelis: folds 
neirfyS: folds 
numapu_33: folds 
Molisehases: raises $2 to $3
Unicorneagle: calls $2.50
nikalas22: folds 
*** FLOP *** [8s Qc Qs]
Unicorneagle: checks 
Molisehases: bets $3.33
Unicorneagle: calls $3.33
*** TURN *** [8s Qc Qs] [6s]
Unicorneagle: checks 
Molisehases: checks 
*** RIVER *** [8s Qc Qs 6s] [Ah]
Unicorneagle: bets $6.49
Molisehases: raises $9.51 to $16
Unicorneagle: folds 
Uncalled bet ($9.51) returned to Molisehases
Molisehases collected $25.31 from pot
*** SUMMARY ***
Total pot $26.64 | Rake $1.33 
Board [8s Qc Qs 6s Ah]
Seat 1: Pigumelis folded before Flop (didn't bet)
Seat 2: neirfyS folded before Flop (didn't bet)
Seat 3: numapu_33 folded before Flop (didn't bet)
Seat 4: Molisehases (button) collected ($25.31)
Seat 5: Unicorneagle (small blind) folded on the River
Seat 6: nikalas22 (big blind) folded before Flop



PokerStars Hand #254438559602:  Hold'em No Limit ($0.50/$1.00 USD) - 2025/01/18 22:04:04 WET [2025/01/18 17:04:04 ET]
Table 'Finsen III' 6-max Seat #5 is the button
Seat 1: Pigumelis ($100 in chips) 
Seat 2: neirfyS ($104 in chips) 
Seat 3: numapu_33 ($227.14 in chips) 
Seat 4: Molisehases ($72.40 in chips) 
Seat 5: Unicorneagle ($50 in chips) 
Seat 6: nikalas22 ($124.21 in chips) 
nikalas22: posts small blind $0.50
Pigumelis: posts big blind $1
*** HOLE CARDS ***
neirfyS: folds 
numapu_33: folds 
Molisehases: folds 
Unicorneagle: folds 
nikalas22: raises $2 to $3
Pigumelis: calls $2
*** FLOP *** [Kh 5c 6h]
nikalas22: checks 
Pigumelis: checks 
*** TURN *** [Kh 5c 6h] [7s]
nikalas22: bets $1.71
Pigumelis: calls $1.71
*** RIVER *** [Kh 5c 6h 7s] [9s]
nikalas22: checks 
Pigumelis: bets $11.90
nikalas22: calls $11.90
*** SHOW DOWN ***
Pigumelis: shows [Js 8s] (a straight, Five to Nine)
nikalas22: mucks hand 
Pigumelis collected $31.56 from pot
*** SUMMARY ***
Total pot $33.22 | Rake $1.66 
Board [Kh 5c 6h 7s 9s]
Seat 1: Pigumelis (big blind) showed [Js 8s] and won ($31.56) with a straight, Five to Nine
Seat 2: neirfyS folded before Flop (didn't bet)
Seat 3: numapu_33 folded before Flop (didn't bet)
Seat 4: Molisehases folded before Flop (didn't bet)
Seat 5: Unicorneagle (button) folded before Flop (didn't bet)
Seat 6: nikalas22 (small blind) mucked



PokerStars Hand #254438580680:  Hold'em No Limit ($0.50/$1.00 USD) - 2025/01/18 22:05:16 WET [2025/01/18 17:05:16 ET]
Table 'Finsen III' 6-max Seat #6 is the button
Seat 1: Pigumelis ($114.95 in chips) 
Seat 2: neirfyS ($104 in chips) 
Seat 3: numapu_33 ($227.14 in chips) 
Seat 4: Molisehases ($72.40 in chips) 
Seat 5: Unicorneagle ($50 in chips) 
Seat 6: nikalas22 ($107.60 in chips) 
Pigumelis: posts small blind $0.50
neirfyS: posts big blind $1
*** HOLE CARDS ***
numapu_33: folds 
Molisehases: folds 
Unicorneagle: folds 
nikalas22: folds 
Pigumelis: folds 
Uncalled bet ($0.50) returned to neirfyS
neirfyS collected $1 from pot
neirfyS: doesn't show hand 
*** SUMMARY ***
Total pot $1 | Rake $0 
Seat 1: Pigumelis (small blind) folded before Flop
Seat 2: neirfyS (big blind) collected ($1)
Seat 3: numapu_33 folded before Flop (didn't bet)
Seat 4: Molisehases folded before Flop (didn't bet)
Seat 5: Unicorneagle folded before Flop (didn't bet)
Seat 6: nikalas22 (button) folded before Flop (didn't bet)



PokerStars Hand #254438583843:  Hold'em No Limit ($0.50/$1.00 USD) - 2025/01/18 22:05:27 WET [2025/01/18 17:05:27 ET]
Table 'Finsen III' 6-max Seat #1 is the button
Seat 1: Pigumelis ($114.45 in chips) 
Seat 2: neirfyS ($104.50 in chips) 
Seat 3: numapu_33 ($227.14 in chips) 
Seat 4: Molisehases ($72.40 in chips) 
Seat 5: Unicorneagle ($50 in chips) 
Seat 6: nikalas22 ($107.60 in chips) 
neirfyS: posts small blind $0.50
numapu_33: posts big blind $1
*** HOLE CARDS ***
Molisehases: folds 
Unicorneagle: folds 
nikalas22: folds 
Pigumelis: folds 
neirfyS: folds 
Uncalled bet ($0.50) returned to numapu_33
numapu_33 collected $1 from pot
numapu_33: doesn't show hand 
*** SUMMARY ***
Total pot $1 | Rake $0 
Seat 1: Pigumelis (button) folded before Flop (didn't bet)
Seat 2: neirfyS (small blind) folded before Flop
Seat 3: numapu_33 (big blind) collected ($1)
Seat 4: Molisehases folded before Flop (didn't bet)
Seat 5: Unicorneagle folded before Flop (didn't bet)
Seat 6: nikalas22 folded before Flop (didn't bet)



PokerStars Hand #254438588604:  Hold'em No Limit ($0.50/$1.00 USD) - 2025/01/18 22:05:43 WET [2025/01/18 17:05:43 ET]
Table 'Finsen III' 6-max Seat #2 is the button
Seat 1: Pigumelis ($114.45 in chips) 
Seat 2: neirfyS ($104 in chips) 
Seat 3: numapu_33 ($227.64 in chips) 
Seat 4: Molisehases ($72.40 in chips) 
Seat 5: Unicorneagle ($50 in chips) 
Seat 6: nikalas22 ($107.60 in chips) 
numapu_33: posts small blind $0.50
Molisehases: posts big blind $1
*** HOLE CARDS ***
Unicorneagle: folds 
nikalas22: folds 
Pigumelis: folds 
neirfyS: folds 
numapu_33: raises $2 to $3
Molisehases: folds 
Uncalled bet ($2) returned to numapu_33
numapu_33 collected $2 from pot
numapu_33: doesn't show hand 
*** SUMMARY ***
Total pot $2 | Rake $0 
Seat 1: Pigumelis folded before Flop (didn't bet)
Seat 2: neirfyS (button) folded before Flop (didn't bet)
Seat 3: numapu_33 (small blind) collected ($2)
Seat 4: Molisehases (big blind) folded before Flop
Seat 5: Unicorneagle folded before Flop (didn't bet)
Seat 6: nikalas22 folded before Flop (didn't bet)



PokerStars Hand #254438596707:  Hold'em No Limit ($0.50/$1.00 USD) - 2025/01/18 22:06:10 WET [2025/01/18 17:06:10 ET]
Table 'Finsen III' 6-max Seat #3 is the button
Seat 1: Pigumelis ($114.45 in chips) 
Seat 2: neirfyS ($104 in chips) 
Seat 3: numapu_33 ($228.64 in chips) 
Seat 4: Molisehases ($71.40 in chips) 
Seat 5: Unicorneagle ($50 in chips) 
Seat 6: nikalas22 ($107.60 in chips) 
Molisehases: posts small blind $0.50
Unicorneagle: posts big blind $1
*** HOLE CARDS ***
nikalas22: raises $1.50 to $2.50
Pigumelis: folds 
neirfyS: folds 
numapu_33: folds 
Molisehases: calls $2
Unicorneagle: calls $1.50
*** FLOP *** [Ac 3h 8s]
Molisehases: checks 
Unicorneagle: checks 
nikalas22: bets $2.14
Molisehases: calls $2.14
Unicorneagle: calls $2.14
*** TURN *** [Ac 3h 8s] [2d]
Molisehases: checks 
Unicorneagle: checks 
nikalas22: bets $9.92
Molisehases: folds 
Unicorneagle: calls $9.92
*** RIVER *** [Ac 3h 8s 2d] [4s]
Unicorneagle: checks 
nikalas22: checks 
*** SHOW DOWN ***
Unicorneagle: shows [Ah 6c] (a pair of Aces)
nikalas22: shows [Ad Kh] (a pair of Aces - King kicker)
nikalas22 collected $32.07 from pot
*** SUMMARY ***
Total pot $33.76 | Rake $1.69 
Board [Ac 3h 8s 2d 4s]
Seat 1: Pigumelis folded before Flop (didn't bet)
Seat 2: neirfyS folded before Flop (didn't bet)
Seat 3: numapu_33 (button) folded before Flop (didn't bet)
Seat 4: Molisehases (small blind) folded on the Turn
Seat 5: Unicorneagle (big blind) showed [Ah 6c] and lost with a pair of Aces
Seat 6: nikalas22 showed [Ad Kh] and won ($32.07) with a pair of Aces



PokerStars Hand #254438615242:  Hold'em No Limit ($0.50/$1.00 USD) - 2025/01/18 22:07:12 WET [2025/01/18 17:07:12 ET]
Table 'Finsen III' 6-max Seat #4 is the button
Seat 1: Pigumelis ($114.45 in chips) 
Seat 2: neirfyS ($104 in chips) 
Seat 3: numapu_33 ($228.64 in chips) 
Seat 4: Molisehases ($66.76 in chips) 
Seat 5: Unicorneagle ($35.44 in chips) 
Seat 6: nikalas22 ($125.11 in chips) 
Unicorneagle: posts small blind $0.50
nikalas22: posts big blind $1
*** HOLE CARDS ***
Pigumelis: folds 
neirfyS: folds 
numapu_33: folds 
Molisehases: calls $1
Unicorneagle: folds 
nikalas22: checks 
*** FLOP *** [Kc 3s As]
nikalas22: checks 
Molisehases: checks 
*** TURN *** [Kc 3s As] [7h]
nikalas22: checks 
Molisehases: checks 
*** RIVER *** [Kc 3s As 7h] [Kd]
nikalas22: checks 
Molisehases: checks 
*** SHOW DOWN ***
nikalas22: shows [2c 2d] (two pair, Kings and Deuces)
Molisehases: mucks hand 
nikalas22 collected $2.38 from pot
*** SUMMARY ***
Total pot $2.50 | Rake $0.12 
Board [Kc 3s As 7h Kd]
Seat 1: Pigumelis folded before Flop (didn't bet)
Seat 2: neirfyS folded before Flop (didn't bet)
Seat 3: numapu_33 folded before Flop (didn't bet)
Seat 4: Molisehases (button) mucked
Seat 5: Unicorneagle (small blind) folded before Flop
Seat 6: nikalas22 (big blind) showed [2c 2d] and won ($2.38) with two pair, Kings and Deuces



PokerStars Hand #254438628524:  Hold'em No Limit ($0.50/$1.00 USD) - 2025/01/18 22:07:57 WET [2025/01/18 17:07:57 ET]
Table 'Finsen III' 6-max Seat #5 is the button
Seat 1: Pigumelis ($114.45 in chips) 
Seat 2: neirfyS ($104 in chips) 
Seat 3: numapu_33 ($228.64 in chips) 
Seat 4: Molisehases ($65.76 in chips) 
Seat 5: Unicorneagle ($34.94 in chips) 
Seat 6: nikalas22 ($126.49 in chips) 
nikalas22: posts small blind $0.50
Pigumelis: posts big blind $1
*** HOLE CARDS ***
neirfyS: folds 
numapu_33: folds 
Molisehases: folds 
Unicorneagle: folds 
nikalas22: raises $2 to $3
Pigumelis: calls $2
*** FLOP *** [3c 8s Qh]
nikalas22: checks 
Pigumelis: checks 
*** TURN *** [3c 8s Qh] [3h]
nikalas22: checks 
Pigumelis: checks 
*** RIVER *** [3c 8s Qh 3h] [4s]
nikalas22: bets $1.71
Pigumelis: calls $1.71
*** SHOW DOWN ***
nikalas22: shows [8c Ts] (two pair, Eights and Threes)
Pigumelis: mucks hand 
nikalas22 collected $8.95 from pot
*** SUMMARY ***
Total pot $9.42 | Rake $0.47 
Board [3c 8s Qh 3h 4s]
Seat 1: Pigumelis (big blind) mucked
Seat 2: neirfyS folded before Flop (didn't bet)
Seat 3: numapu_33 folded before Flop (didn't bet)
Seat 4: Molisehases folded before Flop (didn't bet)
Seat 5: Unicorneagle (button) folded before Flop (didn't bet)
Seat 6: nikalas22 (small blind) showed [8c Ts] and won ($8.95) with two pair, Eights and Threes



PokerStars Hand #254438645599:  Hold'em No Limit ($0.50/$1.00 USD) - 2025/01/18 22:08:55 WET [2025/01/18 17:08:55 ET]
Table 'Finsen III' 6-max Seat #6 is the button
Seat 2: neirfyS ($104 in chips) is sitting out
Seat 1: Pigumelis ($109.74 in chips) 
Seat 3: numapu_33 ($228.64 in chips) 
Seat 4: Molisehases ($65.76 in chips) 
Seat 5: Unicorneagle ($34.94 in chips) 
Seat 6: nikalas22 ($130.73 in chips) 
Pigumelis: posts small blind $0.50
neirfyS: is sitting out 
numapu_33: posts big blind $1
*** HOLE CARDS ***
Molisehases: calls $1
Unicorneagle: folds 
nikalas22: folds 
neirfyS leaves the table
Pigumelis: folds 
numapu_33: checks 
*** FLOP *** [6d 8s Jd]
xxxZeka joins the table at seat #2 
numapu_33: checks 
Molisehases: checks 
*** TURN *** [6d 8s Jd] [Td]
numapu_33: bets $2
Molisehases: folds 
Uncalled bet ($2) returned to numapu_33
numapu_33 collected $2.38 from pot
numapu_33: doesn't show hand 
*** SUMMARY ***
Total pot $2.50 | Rake $0.12 
Board [6d 8s Jd Td]
Seat 2: neirfyS
Seat 1: Pigumelis (small blind) folded before Flop
Seat 3: numapu_33 (big blind) collected ($2.38)
Seat 4: Molisehases folded on the Turn
Seat 5: Unicorneagle folded before Flop (didn't bet)
Seat 6: nikalas22 (button) folded before Flop (didn't bet)



PokerStars Hand #254438656865:  Hold'em No Limit ($0.50/$1.00 USD) - 2025/01/18 22:09:33 WET [2025/01/18 17:09:33 ET]
Table 'Finsen III' 6-max Seat #1 is the button
Seat 2: xxxZeka ($100 in chips) is sitting out
Seat 1: Pigumelis ($109.24 in chips) 
Seat 3: numapu_33 ($230.02 in chips) 
Seat 4: Molisehases ($64.76 in chips) 
Seat 5: Unicorneagle ($34.94 in chips) 
Seat 6: nikalas22 ($130.73 in chips) 
numapu_33: posts small blind $0.50
Molisehases: posts big blind $1
*** HOLE CARDS ***
Unicorneagle: folds 
nikalas22: folds 
Pigumelis: folds 
numapu_33: folds 
Uncalled bet ($0.50) returned to Molisehases
Molisehases collected $1 from pot
*** SUMMARY ***
Total pot $1 | Rake $0 
Seat 2: xxxZeka
Seat 1: Pigumelis (button) folded before Flop (didn't bet)
Seat 3: numapu_33 (small blind) folded before Flop
Seat 4: Molisehases (big blind) collected ($1)
Seat 5: Unicorneagle folded before Flop (didn't bet)
Seat 6: nikalas22 folded before Flop (didn't bet)



PokerStars Hand #254438661034:  Hold'em No Limit ($0.50/$1.00 USD) - 2025/01/18 22:09:48 WET [2025/01/18 17:09:48 ET]
Table 'Finsen III' 6-max Seat #3 is the button
Seat 2: xxxZeka ($100 in chips) is sitting out
Seat 1: Pigumelis ($109.24 in chips) 
Seat 3: numapu_33 ($229.52 in chips) 
Seat 4: Molisehases ($65.26 in chips) 
Seat 5: Unicorneagle ($34.94 in chips) 
Seat 6: nikalas22 ($130.73 in chips) 
Molisehases: posts small blind $0.50
Unicorneagle: posts big blind $1
xxxZeka: sits out 
*** HOLE CARDS ***
nikalas22: raises $1.50 to $2.50
Pigumelis: folds 
numapu_33: folds 
Molisehases: calls $2
Unicorneagle: folds 
*** FLOP *** [Jd 5s 4d]
Molisehases: checks 
nikalas22: checks 
*** TURN *** [Jd 5s 4d] [3d]
Molisehases: bets $2.85
nikalas22: folds 
Uncalled bet ($2.85) returned to Molisehases
Molisehases collected $5.70 from pot
*** SUMMARY ***
Total pot $6 | Rake $0.30 
Board [Jd 5s 4d 3d]
Seat 2: xxxZeka
Seat 1: Pigumelis folded before Flop (didn't bet)
Seat 3: numapu_33 (button) folded before Flop (didn't bet)
Seat 4: Molisehases (small blind) collected ($5.70)
Seat 5: Unicorneagle (big blind) folded before Flop
Seat 6: nikalas22 folded on the Turn



PokerStars Hand #254438673027:  Hold'em No Limit ($0.50/$1.00 USD) - 2025/01/18 22:10:29 WET [2025/01/18 17:10:29 ET]
Table 'Finsen III' 6-max Seat #4 is the button
Seat 2: xxxZeka ($100 in chips) is sitting out
Seat 1: Pigumelis ($109.24 in chips) 
Seat 3: numapu_33 ($229.52 in chips) 
Seat 4: Molisehases ($68.46 in chips) 
Seat 5: Unicorneagle ($33.94 in chips) 
Seat 6: nikalas22 ($128.23 in chips) 
Unicorneagle: posts small blind $0.50
nikalas22: posts big blind $1
xxxZeka: sits out 
*** HOLE CARDS ***
Pigumelis: raises $1.10 to $2.10
numapu_33: folds 
Molisehases: folds 
Unicorneagle: raises $8.10 to $10.20
nikalas22: folds 
Pigumelis: folds 
Uncalled bet ($8.10) returned to Unicorneagle
Unicorneagle collected $5.20 from pot
*** SUMMARY ***
Total pot $5.20 | Rake $0 
Seat 2: xxxZeka
Seat 1: Pigumelis folded before Flop
Seat 3: numapu_33 folded before Flop (didn't bet)
Seat 4: Molisehases (button) folded before Flop (didn't bet)
Seat 5: Unicorneagle (small blind) collected ($5.20)
Seat 6: nikalas22 (big blind) folded before Flop



PokerStars Hand #254438681692:  Hold'em No Limit ($0.50/$1.00 USD) - 2025/01/18 22:10:58 WET [2025/01/18 17:10:58 ET]
Table 'Finsen III' 6-max Seat #5 is the button
Seat 2: xxxZeka ($100 in chips) is sitting out
Seat 1: Pigumelis ($107.14 in chips) 
Seat 3: numapu_33 ($229.52 in chips) 
Seat 4: Molisehases ($68.46 in chips) 
Seat 5: Unicorneagle ($37.04 in chips) 
Seat 6: nikalas22 ($127.23 in chips) 
nikalas22: posts small blind $0.50
Pigumelis: posts big blind $1
xxxZeka: sits out 
*** HOLE CARDS ***
numapu_33: folds 
Molisehases: folds 
Unicorneagle: raises $2 to $3
nikalas22: folds 
Pigumelis: calls $2
*** FLOP *** [2h 9c 7s]
Pigumelis: checks 
Unicorneagle: checks 
*** TURN *** [2h 9c 7s] [Th]
Pigumelis: checks 
Unicorneagle: checks 
*** RIVER *** [2h 9c 7s Th] [Td]
Pigumelis: checks 
Unicorneagle: checks 
*** SHOW DOWN ***
Pigumelis: shows [Ac 3c] (a pair of Tens)
Unicorneagle: shows [Qs Ah] (a pair of Tens - Ace+Queen kicker)
Unicorneagle collected $6.18 from pot
*** SUMMARY ***
Total pot $6.50 | Rake $0.32 
Board [2h 9c 7s Th Td]
Seat 2: xxxZeka
Seat 1: Pigumelis (big blind) showed [Ac 3c] and lost with a pair of Tens
Seat 3: numapu_33 folded before Flop (didn't bet)
Seat 4: Molisehases folded before Flop (didn't bet)
Seat 5: Unicorneagle (button) showed [Qs Ah] and won ($6.18) with a pair of Tens
Seat 6: nikalas22 (small blind) folded before Flop



PokerStars Hand #254438694698:  Hold'em No Limit ($0.50/$1.00 USD) - 2025/01/18 22:11:42 WET [2025/01/18 17:11:42 ET]
Table 'Finsen III' 6-max Seat #6 is the button
Seat 1: Pigumelis ($104.14 in chips) 
Seat 2: xxxZeka ($100 in chips) 
Seat 3: numapu_33 ($229.52 in chips) 
Seat 4: Molisehases ($68.46 in chips) 
Seat 5: Unicorneagle ($40.22 in chips) 
Seat 6: nikalas22 ($126.73 in chips) 
Pigumelis: posts small blind $0.50
xxxZeka: posts big blind $1
*** HOLE CARDS ***
numapu_33: folds 
Molisehases: folds 
Unicorneagle: raises $2 to $3
nikalas22: folds 
Pigumelis: folds 
xxxZeka: folds 
Uncalled bet ($2) returned to Unicorneagle
Unicorneagle collected $2.50 from pot
*** SUMMARY ***
Total pot $2.50 | Rake $0 
Seat 1: Pigumelis (small blind) folded before Flop
Seat 2: xxxZeka (big blind) folded before Flop
Seat 3: numapu_33 folded before Flop (didn't bet)
Seat 4: Molisehases folded before Flop (didn't bet)
Seat 5: Unicorneagle collected ($2.50)
Seat 6: nikalas22 (button) folded before Flop (didn't bet)



PokerStars Hand #254438698689:  Hold'em No Limit ($0.50/$1.00 USD) - 2025/01/18 22:11:56 WET [2025/01/18 17:11:56 ET]
Table 'Finsen III' 6-max Seat #1 is the button
Seat 1: Pigumelis ($103.64 in chips) 
Seat 2: xxxZeka ($100 in chips) 
Seat 3: numapu_33 ($229.52 in chips) 
Seat 4: Molisehases ($68.46 in chips) 
Seat 5: Unicorneagle ($41.72 in chips) 
Seat 6: nikalas22 ($126.73 in chips) 
xxxZeka: posts small blind $0.50
numapu_33: posts big blind $1
*** HOLE CARDS ***
Molisehases: folds 
Unicorneagle: folds 
nikalas22: folds 
Pigumelis: folds 
xxxZeka: folds 
Uncalled bet ($0.50) returned to numapu_33
numapu_33 collected $1 from pot
numapu_33: doesn't show hand 
*** SUMMARY ***
Total pot $1 | Rake $0 
Seat 1: Pigumelis (button) folded before Flop (didn't bet)
Seat 2: xxxZeka (small blind) folded before Flop
Seat 3: numapu_33 (big blind) collected ($1)
Seat 4: Molisehases folded before Flop (didn't bet)
Seat 5: Unicorneagle folded before Flop (didn't bet)
Seat 6: nikalas22 folded before Flop (didn't bet)



PokerStars Hand #254438702147:  Hold'em No Limit ($0.50/$1.00 USD) - 2025/01/18 22:12:08 WET [2025/01/18 17:12:08 ET]
Table 'Finsen III' 6-max Seat #2 is the button
Seat 1: Pigumelis ($103.64 in chips) 
Seat 2: xxxZeka ($100 in chips) 
Seat 3: numapu_33 ($230.02 in chips) 
Seat 4: Molisehases ($68.46 in chips) 
Seat 5: Unicorneagle ($41.72 in chips) 
Seat 6: nikalas22 ($126.73 in chips) 
numapu_33: posts small blind $0.50
Molisehases: posts big blind $1
*** HOLE CARDS ***
Unicorneagle: folds 
nikalas22: folds 
Pigumelis: folds 
xxxZeka: folds 
numapu_33: folds 
Uncalled bet ($0.50) returned to Molisehases
Molisehases collected $1 from pot
*** SUMMARY ***
Total pot $1 | Rake $0 
Seat 1: Pigumelis folded before Flop (didn't bet)
Seat 2: xxxZeka (button) folded before Flop (didn't bet)
Seat 3: numapu_33 (small blind) folded before Flop
Seat 4: Molisehases (big blind) collected ($1)
Seat 5: Unicorneagle folded before Flop (didn't bet)
Seat 6: nikalas22 folded before Flop (didn't bet)



PokerStars Hand #254438708205:  Hold'em No Limit ($0.50/$1.00 USD) - 2025/01/18 22:12:28 WET [2025/01/18 17:12:28 ET]
Table 'Finsen III' 6-max Seat #3 is the button
Seat 1: Pigumelis ($103.64 in chips) 
Seat 2: xxxZeka ($100 in chips) 
Seat 3: numapu_33 ($229.52 in chips) 
Seat 4: Molisehases ($68.96 in chips) 
Seat 5: Unicorneagle ($41.72 in chips) 
Seat 6: nikalas22 ($126.73 in chips) 
Molisehases: posts small blind $0.50
Unicorneagle: posts big blind $1
*** HOLE CARDS ***
nikalas22: folds 
Pigumelis: folds 
xxxZeka: folds 
numapu_33: raises $1.50 to $2.50
Molisehases: folds 
Unicorneagle: raises $6.50 to $9
numapu_33: folds 
Uncalled bet ($6.50) returned to Unicorneagle
Unicorneagle collected $5.50 from pot
*** SUMMARY ***
Total pot $5.50 | Rake $0 
Seat 1: Pigumelis folded before Flop (didn't bet)
Seat 2: xxxZeka folded before Flop (didn't bet)
Seat 3: numapu_33 (button) folded before Flop
Seat 4: Molisehases (small blind) folded before Flop
Seat 5: Unicorneagle (big blind) collected ($5.50)
Seat 6: nikalas22 folded before Flop (didn't bet)



PokerStars Hand #254438718391:  Hold'em No Limit ($0.50/$1.00 USD) - 2025/01/18 22:13:03 WET [2025/01/18 17:13:03 ET]
Table 'Finsen III' 6-max Seat #4 is the button
Seat 1: Pigumelis ($103.64 in chips) 
Seat 2: xxxZeka ($100 in chips) 
Seat 3: numapu_33 ($227.02 in chips) 
Seat 4: Molisehases ($68.46 in chips) 
Seat 5: Unicorneagle ($44.72 in chips) 
Seat 6: nikalas22 ($126.73 in chips) 
Unicorneagle: posts small blind $0.50
nikalas22: posts big blind $1
*** HOLE CARDS ***
Pigumelis: folds 
xxxZeka: folds 
numapu_33: raises $1.50 to $2.50
Molisehases: folds 
Unicorneagle: folds 
nikalas22: folds 
Uncalled bet ($1.50) returned to numapu_33
numapu_33 collected $2.50 from pot
numapu_33: doesn't show hand 
*** SUMMARY ***
Total pot $2.50 | Rake $0 
Seat 1: Pigumelis folded before Flop (didn't bet)
Seat 2: xxxZeka folded before Flop (didn't bet)
Seat 3: numapu_33 collected ($2.50)
Seat 4: Molisehases (button) folded before Flop (didn't bet)
Seat 5: Unicorneagle (small blind) folded before Flop
Seat 6: nikalas22 (big blind) folded before Flop



PokerStars Hand #254438726960:  Hold'em No Limit ($0.50/$1.00 USD) - 2025/01/18 22:13:32 WET [2025/01/18 17:13:32 ET]
Table 'Finsen III' 6-max Seat #5 is the button
Seat 1: Pigumelis ($103.64 in chips) 
Seat 2: xxxZeka ($100 in chips) 
Seat 3: numapu_33 ($228.52 in chips) 
Seat 4: Molisehases ($68.46 in chips) 
Seat 5: Unicorneagle ($44.22 in chips) 
Seat 6: nikalas22 ($125.73 in chips) 
nikalas22: posts small blind $0.50
Pigumelis: posts big blind $1
*** HOLE CARDS ***
xxxZeka: folds 
numapu_33: folds 
Molisehases: folds 
Unicorneagle: folds 
nikalas22: folds 
Uncalled bet ($0.50) returned to Pigumelis
Pigumelis collected $1 from pot
Pigumelis: doesn't show hand 
*** SUMMARY ***
Total pot $1 | Rake $0 
Seat 1: Pigumelis (big blind) collected ($1)
Seat 2: xxxZeka folded before Flop (didn't bet)
Seat 3: numapu_33 folded before Flop (didn't bet)
Seat 4: Molisehases folded before Flop (didn't bet)
Seat 5: Unicorneagle (button) folded before Flop (didn't bet)
Seat 6: nikalas22 (small blind) folded before Flop



PokerStars Hand #254438731595:  Hold'em No Limit ($0.50/$1.00 USD) - 2025/01/18 22:13:48 WET [2025/01/18 17:13:48 ET]
Table 'Finsen III' 6-max Seat #6 is the button
Seat 1: Pigumelis ($104.14 in chips) 
Seat 2: xxxZeka ($100 in chips) 
Seat 3: numapu_33 ($228.52 in chips) 
Seat 4: Molisehases ($68.46 in chips) 
Seat 5: Unicorneagle ($44.22 in chips) 
Seat 6: nikalas22 ($125.23 in chips) 
Pigumelis: posts small blind $0.50
xxxZeka: posts big blind $1
*** HOLE CARDS ***
numapu_33: folds 
Molisehases: raises $2 to $3
Unicorneagle: folds 
nikalas22: folds 
Pigumelis: folds 
xxxZeka: folds 
Uncalled bet ($2) returned to Molisehases
Molisehases collected $2.50 from pot
*** SUMMARY ***
Total pot $2.50 | Rake $0 
Seat 1: Pigumelis (small blind) folded before Flop
Seat 2: xxxZeka (big blind) folded before Flop
Seat 3: numapu_33 folded before Flop (didn't bet)
Seat 4: Molisehases collected ($2.50)
Seat 5: Unicorneagle folded before Flop (didn't bet)
Seat 6: nikalas22 (button) folded before Flop (didn't bet)



PokerStars Hand #254438739511:  Hold'em No Limit ($0.50/$1.00 USD) - 2025/01/18 22:14:16 WET [2025/01/18 17:14:16 ET]
Table 'Finsen III' 6-max Seat #1 is the button
Seat 1: Pigumelis ($103.64 in chips) 
Seat 2: xxxZeka ($100 in chips) 
Seat 3: numapu_33 ($228.52 in chips) 
Seat 4: Molisehases ($69.96 in chips) 
Seat 5: Unicorneagle ($44.22 in chips) 
Seat 6: nikalas22 ($125.23 in chips) 
xxxZeka: posts small blind $0.50
numapu_33: posts big blind $1
*** HOLE CARDS ***
Molisehases: folds 
Unicorneagle: folds 
nikalas22: raises $1.50 to $2.50
Pigumelis: raises $5 to $7.50
xxxZeka: folds 
numapu_33: folds 
nikalas22: folds 
Uncalled bet ($5) returned to Pigumelis
Pigumelis collected $6.50 from pot
Pigumelis: doesn't show hand 
*** SUMMARY ***
Total pot $6.50 | Rake $0 
Seat 1: Pigumelis (button) collected ($6.50)
Seat 2: xxxZeka (small blind) folded before Flop
Seat 3: numapu_33 (big blind) folded before Flop
Seat 4: Molisehases folded before Flop (didn't bet)
Seat 5: Unicorneagle folded before Flop (didn't bet)
Seat 6: nikalas22 folded before Flop



PokerStars Hand #254438749522:  Hold'em No Limit ($0.50/$1.00 USD) - 2025/01/18 22:14:50 WET [2025/01/18 17:14:50 ET]
Table 'Finsen III' 6-max Seat #2 is the button
Seat 1: Pigumelis ($107.64 in chips) 
Seat 2: xxxZeka ($100 in chips) 
Seat 3: numapu_33 ($227.52 in chips) 
Seat 4: Molisehases ($69.96 in chips) 
Seat 5: Unicorneagle ($44.22 in chips) 
Seat 6: nikalas22 ($122.73 in chips) 
numapu_33: posts small blind $0.50
Molisehases: posts big blind $1
*** HOLE CARDS ***
Unicorneagle: raises $2 to $3
nikalas22: folds 
Pigumelis: folds 
xxxZeka: raises $9 to $12
numapu_33: folds 
Molisehases: folds 
Unicorneagle: folds 
Uncalled bet ($9) returned to xxxZeka
xxxZeka collected $7.50 from pot
xxxZeka: doesn't show hand 
*** SUMMARY ***
Total pot $7.50 | Rake $0 
Seat 1: Pigumelis folded before Flop (didn't bet)
Seat 2: xxxZeka (button) collected ($7.50)
Seat 3: numapu_33 (small blind) folded before Flop
Seat 4: Molisehases (big blind) folded before Flop
Seat 5: Unicorneagle folded before Flop
Seat 6: nikalas22 folded before Flop (didn't bet)



PokerStars Hand #254438756794:  Hold'em No Limit ($0.50/$1.00 USD) - 2025/01/18 22:15:15 WET [2025/01/18 17:15:15 ET]
Table 'Finsen III' 6-max Seat #3 is the button
Seat 1: Pigumelis ($107.64 in chips) 
Seat 2: xxxZeka ($104.50 in chips) 
Seat 3: numapu_33 ($227.02 in chips) 
Seat 4: Molisehases ($68.96 in chips) 
Seat 5: Unicorneagle ($41.22 in chips) 
Seat 6: nikalas22 ($122.73 in chips) 
Molisehases: posts small blind $0.50
Unicorneagle: posts big blind $1
*** HOLE CARDS ***
nikalas22: folds 
Pigumelis: raises $1.10 to $2.10
xxxZeka: calls $2.10
numapu_33: folds 
Molisehases: folds 
Unicorneagle: folds 
*** FLOP *** [Tc 9s 7d]
Pigumelis: checks 
xxxZeka: checks 
*** TURN *** [Tc 9s 7d] [Qc]
Pigumelis: bets $7.21
xxxZeka: folds 
Uncalled bet ($7.21) returned to Pigumelis
Pigumelis collected $5.42 from pot
Pigumelis: doesn't show hand 
*** SUMMARY ***
Total pot $5.70 | Rake $0.28 
Board [Tc 9s 7d Qc]
Seat 1: Pigumelis collected ($5.42)
Seat 2: xxxZeka folded on the Turn
Seat 3: numapu_33 (button) folded before Flop (didn't bet)
Seat 4: Molisehases (small blind) folded before Flop
Seat 5: Unicorneagle (big blind) folded before Flop
Seat 6: nikalas22 folded before Flop (didn't bet)



PokerStars Hand #254438767676:  Hold'em No Limit ($0.50/$1.00 USD) - 2025/01/18 22:15:51 WET [2025/01/18 17:15:51 ET]
Table 'Finsen III' 6-max Seat #4 is the button
Seat 1: Pigumelis ($110.96 in chips) 
Seat 2: xxxZeka ($102.40 in chips) 
Seat 3: numapu_33 ($227.02 in chips) 
Seat 4: Molisehases ($68.46 in chips) 
Seat 5: Unicorneagle ($40.22 in chips) 
Seat 6: nikalas22 ($122.73 in chips) 
Unicorneagle: posts small blind $0.50
nikalas22: posts big blind $1
*** HOLE CARDS ***
Pigumelis: folds 
xxxZeka: folds 
numapu_33: folds 
Molisehases: folds 
Unicorneagle: raises $1 to $2
nikalas22: folds 
Uncalled bet ($1) returned to Unicorneagle
Unicorneagle collected $2 from pot
*** SUMMARY ***
Total pot $2 | Rake $0 
Seat 1: Pigumelis folded before Flop (didn't bet)
Seat 2: xxxZeka folded before Flop (didn't bet)
Seat 3: numapu_33 folded before Flop (didn't bet)
Seat 4: Molisehases (button) folded before Flop (didn't bet)
Seat 5: Unicorneagle (small blind) collected ($2)
Seat 6: nikalas22 (big blind) folded before Flop



PokerStars Hand #254438777674:  Hold'em No Limit ($0.50/$1.00 USD) - 2025/01/18 22:16:25 WET [2025/01/18 17:16:25 ET]
Table 'Finsen III' 6-max Seat #5 is the button
Seat 1: Pigumelis ($110.96 in chips) 
Seat 2: xxxZeka ($102.40 in chips) 
Seat 3: numapu_33 ($227.02 in chips) 
Seat 4: Molisehases ($68.46 in chips) 
Seat 5: Unicorneagle ($41.22 in chips) 
Seat 6: nikalas22 ($121.73 in chips) 
nikalas22: posts small blind $0.50
Pigumelis: posts big blind $1
*** HOLE CARDS ***
xxxZeka: folds 
numapu_33: folds 
Molisehases: raises $2 to $3
Unicorneagle: folds 
nikalas22: raises $10 to $13
Pigumelis: folds 
Molisehases: calls $10
*** FLOP *** [6d Jh 8d]
nikalas22: bets $12.83
Molisehases: calls $12.83
*** TURN *** [6d Jh 8d] [8s]
nikalas22: checks 
Molisehases: bets $25.08
nikalas22: folds 
Uncalled bet ($25.08) returned to Molisehases
Molisehases collected $50.16 from pot
*** SUMMARY ***
Total pot $52.66 | Rake $2.50 
Board [6d Jh 8d 8s]
Seat 1: Pigumelis (big blind) folded before Flop
Seat 2: xxxZeka folded before Flop (didn't bet)
Seat 3: numapu_33 folded before Flop (didn't bet)
Seat 4: Molisehases collected ($50.16)
Seat 5: Unicorneagle (button) folded before Flop (didn't bet)
Seat 6: nikalas22 (small blind) folded on the Turn



PokerStars Hand #254438789651:  Hold'em No Limit ($0.50/$1.00 USD) - 2025/01/18 22:17:06 WET [2025/01/18 17:17:06 ET]
Table 'Finsen III' 6-max Seat #6 is the button
Seat 1: Pigumelis ($109.96 in chips) 
Seat 2: xxxZeka ($102.40 in chips) 
Seat 3: numapu_33 ($227.02 in chips) 
Seat 4: Molisehases ($92.79 in chips) 
Seat 5: Unicorneagle ($41.22 in chips) 
Seat 6: nikalas22 ($100 in chips) 
Pigumelis: posts small blind $0.50
xxxZeka: posts big blind $1
*** HOLE CARDS ***
numapu_33: folds 
Molisehases: folds 
Unicorneagle: folds 
nikalas22: raises $1.50 to $2.50
Pigumelis: folds 
xxxZeka: folds 
Uncalled bet ($1.50) returned to nikalas22
nikalas22 collected $2.50 from pot
nikalas22: doesn't show hand 
*** SUMMARY ***
Total pot $2.50 | Rake $0 
Seat 1: Pigumelis (small blind) folded before Flop
Seat 2: xxxZeka (big blind) folded before Flop
Seat 3: numapu_33 folded before Flop (didn't bet)
Seat 4: Molisehases folded before Flop (didn't bet)
Seat 5: Unicorneagle folded before Flop (didn't bet)
Seat 6: nikalas22 (button) collected ($2.50)



PokerStars Hand #254438794861:  Hold'em No Limit ($0.50/$1.00 USD) - 2025/01/18 22:17:24 WET [2025/01/18 17:17:24 ET]
Table 'Finsen III' 6-max Seat #1 is the button
Seat 1: Pigumelis ($109.46 in chips) 
Seat 2: xxxZeka ($101.40 in chips) 
Seat 3: numapu_33 ($227.02 in chips) 
Seat 4: Molisehases ($92.79 in chips) 
Seat 5: Unicorneagle ($41.22 in chips) 
Seat 6: nikalas22 ($101.50 in chips) 
xxxZeka: posts small blind $0.50
numapu_33: posts big blind $1
*** HOLE CARDS ***
Molisehases: raises $2 to $3
Unicorneagle: folds 
nikalas22: folds 
Pigumelis: folds 
xxxZeka: folds 
numapu_33: folds 
Uncalled bet ($2) returned to Molisehases
Molisehases collected $2.50 from pot
*** SUMMARY ***
Total pot $2.50 | Rake $0 
Seat 1: Pigumelis (button) folded before Flop (didn't bet)
Seat 2: xxxZeka (small blind) folded before Flop
Seat 3: numapu_33 (big blind) folded before Flop
Seat 4: Molisehases collected ($2.50)
Seat 5: Unicorneagle folded before Flop (didn't bet)
Seat 6: nikalas22 folded before Flop (didn't bet)



PokerStars Hand #254438800708:  Hold'em No Limit ($0.50/$1.00 USD) - 2025/01/18 22:17:44 WET [2025/01/18 17:17:44 ET]
Table 'Finsen III' 6-max Seat #2 is the button
Seat 1: Pigumelis ($109.46 in chips) 
Seat 2: xxxZeka ($100.90 in chips) 
Seat 3: numapu_33 ($226.02 in chips) 
Seat 4: Molisehases ($94.29 in chips) 
Seat 5: Unicorneagle ($41.22 in chips) 
Seat 6: nikalas22 ($101.50 in chips) 
numapu_33: posts small blind $0.50
Molisehases: posts big blind $1
*** HOLE CARDS ***
Unicorneagle: folds 
nikalas22: raises $1.50 to $2.50
Pigumelis: folds 
xxxZeka: calls $2.50
numapu_33: folds 
Molisehases: folds 
*** FLOP *** [3s 4c 3d]
nikalas22: checks 
xxxZeka: bets $3
nikalas22: folds 
Uncalled bet ($3) returned to xxxZeka
xxxZeka collected $6.18 from pot
xxxZeka: doesn't show hand 
*** SUMMARY ***
Total pot $6.50 | Rake $0.32 
Board [3s 4c 3d]
Seat 1: Pigumelis folded before Flop (didn't bet)
Seat 2: xxxZeka (button) collected ($6.18)
Seat 3: numapu_33 (small blind) folded before Flop
Seat 4: Molisehases (big blind) folded before Flop
Seat 5: Unicorneagle folded before Flop (didn't bet)
Seat 6: nikalas22 folded on the Flop



PokerStars Hand #254438815033:  Hold'em No Limit ($0.50/$1.00 USD) - 2025/01/18 22:18:33 WET [2025/01/18 17:18:33 ET]
Table 'Finsen III' 6-max Seat #3 is the button
Seat 1: Pigumelis ($109.46 in chips) 
Seat 2: xxxZeka ($104.58 in chips) 
Seat 3: numapu_33 ($225.52 in chips) 
Seat 4: Molisehases ($93.29 in chips) 
Seat 5: Unicorneagle ($41.22 in chips) 
Seat 6: nikalas22 ($100 in chips) 
Molisehases: posts small blind $0.50
Unicorneagle: posts big blind $1
*** HOLE CARDS ***
nikalas22: folds 
Pigumelis: folds 
xxxZeka: folds 
numapu_33: folds 
Molisehases: raises $2 to $3
Unicorneagle: calls $2
*** FLOP *** [Td Ts 4s]
Molisehases: checks 
Unicorneagle: checks 
*** TURN *** [Td Ts 4s] [3c]
Molisehases: checks 
Unicorneagle: checks 
*** RIVER *** [Td Ts 4s 3c] [Jc]
Molisehases: checks 
Unicorneagle: bets $3
Molisehases: folds 
Uncalled bet ($3) returned to Unicorneagle
Unicorneagle collected $5.70 from pot
*** SUMMARY ***
Total pot $6 | Rake $0.30 
Board [Td Ts 4s 3c Jc]
Seat 1: Pigumelis folded before Flop (didn't bet)
Seat 2: xxxZeka folded before Flop (didn't bet)
Seat 3: numapu_33 (button) folded before Flop (didn't bet)
Seat 4: Molisehases (small blind) folded on the River
Seat 5: Unicorneagle (big blind) collected ($5.70)
Seat 6: nikalas22 folded before Flop (didn't bet)



PokerStars Hand #254438826153:  Hold'em No Limit ($0.50/$1.00 USD) - 2025/01/18 22:19:11 WET [2025/01/18 17:19:11 ET]
Table 'Finsen III' 6-max Seat #4 is the button
Seat 1: Pigumelis ($109.46 in chips) 
Seat 2: xxxZeka ($104.58 in chips) 
Seat 3: numapu_33 ($225.52 in chips) 
Seat 4: Molisehases ($90.29 in chips) 
Seat 5: Unicorneagle ($43.92 in chips) 
Seat 6: nikalas22 ($100 in chips) 
Unicorneagle: posts small blind $0.50
nikalas22: posts big blind $1
*** HOLE CARDS ***
Pigumelis: folds 
xxxZeka: folds 
numapu_33: raises $1.50 to $2.50
Molisehases: calls $2.50
Unicorneagle: folds 
nikalas22: folds 
*** FLOP *** [5h 9d Ad]
numapu_33: checks 
Molisehases: checks 
*** TURN *** [5h 9d Ad] [Qh]
numapu_33: bets $4
Molisehases: folds 
Uncalled bet ($4) returned to numapu_33
numapu_33 collected $6.18 from pot
numapu_33: doesn't show hand 
*** SUMMARY ***
Total pot $6.50 | Rake $0.32 
Board [5h 9d Ad Qh]
Seat 1: Pigumelis folded before Flop (didn't bet)
Seat 2: xxxZeka folded before Flop (didn't bet)
Seat 3: numapu_33 collected ($6.18)
Seat 4: Molisehases (button) folded on the Turn
Seat 5: Unicorneagle (small blind) folded before Flop
Seat 6: nikalas22 (big blind) folded before Flop



PokerStars Hand #254438839663:  Hold'em No Limit ($0.50/$1.00 USD) - 2025/01/18 22:19:58 WET [2025/01/18 17:19:58 ET]
Table 'Finsen III' 6-max Seat #5 is the button
Seat 1: Pigumelis ($109.46 in chips) 
Seat 2: xxxZeka ($104.58 in chips) 
Seat 3: numapu_33 ($229.20 in chips) 
Seat 4: Molisehases ($87.79 in chips) 
Seat 5: Unicorneagle ($43.42 in chips) 
Seat 6: nikalas22 ($100 in chips) 
nikalas22: posts small blind $0.50
Pigumelis: posts big blind $1
*** HOLE CARDS ***
xxxZeka: folds 
numapu_33: folds 
Molisehases: calls $1
Unicorneagle: raises $4 to $5
nikalas22: folds 
Pigumelis: folds 
Molisehases: calls $4
*** FLOP *** [As Th 8s]
Molisehases: checks 
Unicorneagle: bets $5.46
Molisehases: calls $5.46
*** TURN *** [As Th 8s] [Qc]
Molisehases: checks 
Unicorneagle: checks 
*** RIVER *** [As Th 8s Qc] [5h]
Molisehases: bets $12.65
Unicorneagle: raises $20.31 to $32.96 and is all-in
Molisehases: calls $20.31
*** SHOW DOWN ***
Unicorneagle: shows [3c Ac] (a pair of Aces)
Molisehases: shows [Kh Js] (a straight, Ten to Ace)
Molisehases collected $85.84 from pot
*** SUMMARY ***
Total pot $88.34 | Rake $2.50 
Board [As Th 8s Qc 5h]
Seat 1: Pigumelis (big blind) folded before Flop
Seat 2: xxxZeka folded before Flop (didn't bet)
Seat 3: numapu_33 folded before Flop (didn't bet)
Seat 4: Molisehases showed [Kh Js] and won ($85.84) with a straight, Ten to Ace
Seat 5: Unicorneagle (button) showed [3c Ac] and lost with a pair of Aces
Seat 6: nikalas22 (small blind) folded before Flop



PokerStars Hand #254438857235:  Hold'em No Limit ($0.50/$1.00 USD) - 2025/01/18 22:20:58 WET [2025/01/18 17:20:58 ET]
Table 'Finsen III' 6-max Seat #6 is the button
Seat 5: Unicorneagle ($0 in chips) is sitting out
Seat 1: Pigumelis ($108.46 in chips) 
Seat 2: xxxZeka ($104.58 in chips) 
Seat 3: numapu_33 ($229.20 in chips) 
Seat 4: Molisehases ($130.21 in chips) 
Seat 6: nikalas22 ($100 in chips) 
Pigumelis: posts small blind $0.50
xxxZeka: posts big blind $1
*** HOLE CARDS ***
numapu_33: folds 
Molisehases: raises $2 to $3
nikalas22: folds 
Pigumelis: folds 
Unicorneagle leaves the table
Iseedora joins the table at seat #5 
xxxZeka: folds 
Uncalled bet ($2) returned to Molisehases
Molisehases collected $2.50 from pot
*** SUMMARY ***
Total pot $2.50 | Rake $0 
Seat 5: Unicorneagle
Seat 1: Pigumelis (small blind) folded before Flop
Seat 2: xxxZeka (big blind) folded before Flop
Seat 3: numapu_33 folded before Flop (didn't bet)
Seat 4: Molisehases collected ($2.50)
Seat 6: nikalas22 (button) folded before Flop (didn't bet)



PokerStars Hand #254438861959:  Hold'em No Limit ($0.50/$1.00 USD) - 2025/01/18 22:21:14 WET [2025/01/18 17:21:14 ET]
Table 'Finsen III' 6-max Seat #1 is the button
Seat 5: Iseedora ($100 in chips) is sitting out
Seat 1: Pigumelis ($107.96 in chips) 
Seat 2: xxxZeka ($103.58 in chips) 
Seat 3: numapu_33 ($229.20 in chips) 
Seat 4: Molisehases ($131.71 in chips) 
Seat 6: nikalas22 ($100 in chips) 
xxxZeka: posts small blind $0.50
numapu_33: posts big blind $1
Iseedora: sits out 
*** HOLE CARDS ***
Molisehases: raises $2 to $3
nikalas22: folds 
Pigumelis: folds 
xxxZeka: folds 
numapu_33: folds 
Uncalled bet ($2) returned to Molisehases
Molisehases collected $2.50 from pot
*** SUMMARY ***
Total pot $2.50 | Rake $0 
Seat 5: Iseedora
Seat 1: Pigumelis (button) folded before Flop (didn't bet)
Seat 2: xxxZeka (small blind) folded before Flop
Seat 3: numapu_33 (big blind) folded before Flop
Seat 4: Molisehases collected ($2.50)
Seat 6: nikalas22 folded before Flop (didn't bet)



PokerStars Hand #254438866751:  Hold'em No Limit ($0.50/$1.00 USD) - 2025/01/18 22:21:30 WET [2025/01/18 17:21:30 ET]
Table 'Finsen III' 6-max Seat #2 is the button
Seat 5: Iseedora ($100 in chips) is sitting out
Seat 1: Pigumelis ($107.96 in chips) 
Seat 2: xxxZeka ($103.08 in chips) 
Seat 3: numapu_33 ($228.20 in chips) 
Seat 4: Molisehases ($133.21 in chips) 
Seat 6: nikalas22 ($100 in chips) 
numapu_33: posts small blind $0.50
Molisehases: posts big blind $1
Iseedora: sits out 
*** HOLE CARDS ***
nikalas22: folds 
Pigumelis: folds 
xxxZeka: folds 
numapu_33: raises $2 to $3
Molisehases: folds 
Uncalled bet ($2) returned to numapu_33
numapu_33 collected $2 from pot
numapu_33: doesn't show hand 
*** SUMMARY ***
Total pot $2 | Rake $0 
Seat 5: Iseedora
Seat 1: Pigumelis folded before Flop (didn't bet)
Seat 2: xxxZeka (button) folded before Flop (didn't bet)
Seat 3: numapu_33 (small blind) collected ($2)
Seat 4: Molisehases (big blind) folded before Flop
Seat 6: nikalas22 folded before Flop (didn't bet)



PokerStars Hand #254438870811:  Hold'em No Limit ($0.50/$1.00 USD) - 2025/01/18 22:21:44 WET [2025/01/18 17:21:44 ET]
Table 'Finsen III' 6-max Seat #3 is the button
Seat 1: Pigumelis ($107.96 in chips) 
Seat 2: xxxZeka ($103.08 in chips) 
Seat 3: numapu_33 ($229.20 in chips) 
Seat 4: Molisehases ($132.21 in chips) 
Seat 5: Iseedora ($100 in chips) 
Seat 6: nikalas22 ($100 in chips) 
Molisehases: posts small blind $0.50
Iseedora: posts big blind $1
*** HOLE CARDS ***
nikalas22: folds 
Pigumelis: folds 
xxxZeka: folds 
numapu_33: raises $1.50 to $2.50
Molisehases: calls $2
Iseedora: folds 
*** FLOP *** [Qc 8s Ts]
Molisehases: checks 
numapu_33: checks 
*** TURN *** [Qc 8s Ts] [2h]
Molisehases: checks 
numapu_33: checks 
*** RIVER *** [Qc 8s Ts 2h] [Ah]
Molisehases: bets $2.85
numapu_33: folds 
Uncalled bet ($2.85) returned to Molisehases
Molisehases collected $5.70 from pot
*** SUMMARY ***
Total pot $6 | Rake $0.30 
Board [Qc 8s Ts 2h Ah]
Seat 1: Pigumelis folded before Flop (didn't bet)
Seat 2: xxxZeka folded before Flop (didn't bet)
Seat 3: numapu_33 (button) folded on the River
Seat 4: Molisehases (small blind) collected ($5.70)
Seat 5: Iseedora (big blind) folded before Flop
Seat 6: nikalas22 folded before Flop (didn't bet)



PokerStars Hand #254438885929:  Hold'em No Limit ($0.50/$1.00 USD) - 2025/01/18 22:22:36 WET [2025/01/18 17:22:36 ET]
Table 'Finsen III' 6-max Seat #4 is the button
Seat 1: Pigumelis ($107.96 in chips) 
Seat 2: xxxZeka ($103.08 in chips) 
Seat 3: numapu_33 ($226.70 in chips) 
Seat 4: Molisehases ($135.41 in chips) 
Seat 5: Iseedora ($100 in chips) 
Seat 6: nikalas22 ($100 in chips) 
Iseedora: posts small blind $0.50
nikalas22: posts big blind $1
*** HOLE CARDS ***
Pigumelis: folds 
xxxZeka: folds 
numapu_33: raises $1.50 to $2.50
Molisehases: calls $2.50
Iseedora: folds 
nikalas22: calls $1.50
*** FLOP *** [6h 3h Jh]
nikalas22: checks 
numapu_33: checks 
Molisehases: checks 
*** TURN *** [6h 3h Jh] [Ks]
nikalas22: checks 
numapu_33: bets $4
Molisehases: folds 
nikalas22: folds 
Uncalled bet ($4) returned to numapu_33
numapu_33 collected $7.60 from pot
numapu_33: doesn't show hand 
*** SUMMARY ***
Total pot $8 | Rake $0.40 
Board [6h 3h Jh Ks]
Seat 1: Pigumelis folded before Flop (didn't bet)
Seat 2: xxxZeka folded before Flop (didn't bet)
Seat 3: numapu_33 collected ($7.60)
Seat 4: Molisehases (button) folded on the Turn
Seat 5: Iseedora (small blind) folded before Flop
Seat 6: nikalas22 (big blind) folded on the Turn



PokerStars Hand #254438901396:  Hold'em No Limit ($0.50/$1.00 USD) - 2025/01/18 22:23:29 WET [2025/01/18 17:23:29 ET]
Table 'Finsen III' 6-max Seat #5 is the button
Seat 1: Pigumelis ($107.96 in chips) is sitting out
Seat 2: xxxZeka ($103.08 in chips) 
Seat 3: numapu_33 ($231.80 in chips) 
Seat 4: Molisehases ($132.91 in chips) 
Seat 5: Iseedora ($100 in chips) 
Seat 6: nikalas22 ($100 in chips) 
nikalas22: posts small blind $0.50
xxxZeka: posts big blind $1
*** HOLE CARDS ***
numapu_33: folds 
Molisehases: folds 
Iseedora: folds 
nikalas22: raises $2 to $3
xxxZeka: folds 
Uncalled bet ($2) returned to nikalas22
nikalas22 collected $2 from pot
nikalas22: doesn't show hand 
*** SUMMARY ***
Total pot $2 | Rake $0 
Seat 1: Pigumelis
Seat 2: xxxZeka (big blind) folded before Flop
Seat 3: numapu_33 folded before Flop (didn't bet)
Seat 4: Molisehases folded before Flop (didn't bet)
Seat 5: Iseedora (button) folded before Flop (didn't bet)
Seat 6: nikalas22 (small blind) collected ($2)



PokerStars Hand #254438908099:  Hold'em No Limit ($0.50/$1.00 USD) - 2025/01/18 22:23:53 WET [2025/01/18 17:23:53 ET]
Table 'Finsen III' 6-max Seat #6 is the button
Seat 1: Pigumelis ($107.96 in chips) is sitting out
Seat 2: xxxZeka ($102.08 in chips) 
Seat 3: numapu_33 ($231.80 in chips) 
Seat 4: Molisehases ($132.91 in chips) 
Seat 5: Iseedora ($100 in chips) 
Seat 6: nikalas22 ($101 in chips) 
xxxZeka: posts small blind $0.50
numapu_33: posts big blind $1
*** HOLE CARDS ***
Molisehases: folds 
Iseedora: raises $1.50 to $2.50
nikalas22: folds 
xxxZeka: folds 
numapu_33: folds 
Uncalled bet ($1.50) returned to Iseedora
Iseedora collected $2.50 from pot
Iseedora: doesn't show hand 
*** SUMMARY ***
Total pot $2.50 | Rake $0 
Seat 1: Pigumelis
Seat 2: xxxZeka (small blind) folded before Flop
Seat 3: numapu_33 (big blind) folded before Flop
Seat 4: Molisehases folded before Flop (didn't bet)
Seat 5: Iseedora collected ($2.50)
Seat 6: nikalas22 (button) folded before Flop (didn't bet)



PokerStars Hand #254438917846:  Hold'em No Limit ($0.50/$1.00 USD) - 2025/01/18 22:24:26 WET [2025/01/18 17:24:26 ET]
Table 'Finsen III' 6-max Seat #2 is the button
Seat 1: Pigumelis ($107.96 in chips) is sitting out
Seat 2: xxxZeka ($101.58 in chips) 
Seat 3: numapu_33 ($230.80 in chips) 
Seat 4: Molisehases ($132.91 in chips) 
Seat 5: Iseedora ($101.50 in chips) 
Seat 6: nikalas22 ($101 in chips) 
numapu_33: posts small blind $0.50
Molisehases: posts big blind $1
*** HOLE CARDS ***
Iseedora: folds 
nikalas22: raises $1.50 to $2.50
xxxZeka: folds 
numapu_33: folds 
Molisehases: calls $1.50
*** FLOP *** [Qc 8h 9d]
Molisehases: checks 
nikalas22: checks 
*** TURN *** [Qc 8h 9d] [7h]
Molisehases: bets $2.61
nikalas22: calls $2.61
*** RIVER *** [Qc 8h 9d 7h] [Jd]
Molisehases: checks 
nikalas22: bets $3.05
Molisehases: folds 
Uncalled bet ($3.05) returned to nikalas22
nikalas22 collected $10.18 from pot
nikalas22: doesn't show hand 
*** SUMMARY ***
Total pot $10.72 | Rake $0.54 
Board [Qc 8h 9d 7h Jd]
Seat 1: Pigumelis
Seat 2: xxxZeka (button) folded before Flop (didn't bet)
Seat 3: numapu_33 (small blind) folded before Flop
Seat 4: Molisehases (big blind) folded on the River
Seat 5: Iseedora folded before Flop (didn't bet)
Seat 6: nikalas22 collected ($10.18)



PokerStars Hand #254438931564:  Hold'em No Limit ($0.50/$1.00 USD) - 2025/01/18 22:25:13 WET [2025/01/18 17:25:13 ET]
Table 'Finsen III' 6-max Seat #3 is the button
Seat 1: Pigumelis ($107.96 in chips) is sitting out
Seat 2: xxxZeka ($101.58 in chips) 
Seat 3: numapu_33 ($230.30 in chips) 
Seat 4: Molisehases ($127.80 in chips) 
Seat 5: Iseedora ($101.50 in chips) 
Seat 6: nikalas22 ($106.07 in chips) 
Molisehases: posts small blind $0.50
Iseedora: posts big blind $1
*** HOLE CARDS ***
nikalas22: folds 
xxxZeka: folds 
numapu_33: folds 
Molisehases: folds 
Uncalled bet ($0.50) returned to Iseedora
Iseedora collected $1 from pot
Iseedora: doesn't show hand 
*** SUMMARY ***
Total pot $1 | Rake $0 
Seat 1: Pigumelis
Seat 2: xxxZeka folded before Flop (didn't bet)
Seat 3: numapu_33 (button) folded before Flop (didn't bet)
Seat 4: Molisehases (small blind) folded before Flop
Seat 5: Iseedora (big blind) collected ($1)
Seat 6: nikalas22 folded before Flop (didn't bet)



PokerStars Hand #254438935769:  Hold'em No Limit ($0.50/$1.00 USD) - 2025/01/18 22:25:28 WET [2025/01/18 17:25:28 ET]
Table 'Finsen III' 6-max Seat #4 is the button
Seat 1: Pigumelis ($107.96 in chips) is sitting out
Seat 2: xxxZeka ($101.58 in chips) 
Seat 3: numapu_33 ($230.30 in chips) 
Seat 4: Molisehases ($127.30 in chips) 
Seat 5: Iseedora ($102 in chips) 
Seat 6: nikalas22 ($106.07 in chips) 
Iseedora: posts small blind $0.50
nikalas22: posts big blind $1
*** HOLE CARDS ***
xxxZeka: folds 
numapu_33: raises $1.50 to $2.50
Molisehases: folds 
Iseedora: folds 
nikalas22: folds 
Uncalled bet ($1.50) returned to numapu_33
numapu_33 collected $2.50 from pot
numapu_33: doesn't show hand 
*** SUMMARY ***
Total pot $2.50 | Rake $0 
Seat 1: Pigumelis
Seat 2: xxxZeka folded before Flop (didn't bet)
Seat 3: numapu_33 collected ($2.50)
Seat 4: Molisehases (button) folded before Flop (didn't bet)
Seat 5: Iseedora (small blind) folded before Flop
Seat 6: nikalas22 (big blind) folded before Flop



PokerStars Hand #254438940785:  Hold'em No Limit ($0.50/$1.00 USD) - 2025/01/18 22:25:45 WET [2025/01/18 17:25:45 ET]
Table 'Finsen III' 6-max Seat #5 is the button
Seat 1: Pigumelis ($107.96 in chips) is sitting out
Seat 2: xxxZeka ($101.58 in chips) 
Seat 3: numapu_33 ($231.80 in chips) 
Seat 4: Molisehases ($127.30 in chips) 
Seat 5: Iseedora ($101.50 in chips) 
Seat 6: nikalas22 ($105.07 in chips) 
nikalas22: posts small blind $0.50
xxxZeka: posts big blind $1
*** HOLE CARDS ***
numapu_33: folds 
Molisehases: raises $2 to $3
Iseedora: folds 
nikalas22: folds 
xxxZeka: folds 
Uncalled bet ($2) returned to Molisehases
Molisehases collected $2.50 from pot
*** SUMMARY ***
Total pot $2.50 | Rake $0 
Seat 1: Pigumelis
Seat 2: xxxZeka (big blind) folded before Flop
Seat 3: numapu_33 folded before Flop (didn't bet)
Seat 4: Molisehases collected ($2.50)
Seat 5: Iseedora (button) folded before Flop (didn't bet)
Seat 6: nikalas22 (small blind) folded before Flop



PokerStars Hand #254438944485:  Hold'em No Limit ($0.50/$1.00 USD) - 2025/01/18 22:25:57 WET [2025/01/18 17:25:57 ET]
Table 'Finsen III' 6-max Seat #6 is the button
Seat 1: Pigumelis ($107.96 in chips) is sitting out
Seat 2: xxxZeka ($100.58 in chips) 
Seat 3: numapu_33 ($231.80 in chips) 
Seat 4: Molisehases ($128.80 in chips) 
Seat 5: Iseedora ($101.50 in chips) 
Seat 6: nikalas22 ($104.57 in chips) 
xxxZeka: posts small blind $0.50
numapu_33: posts big blind $1
*** HOLE CARDS ***
Molisehases: folds 
Iseedora: folds 
nikalas22: folds 
xxxZeka: raises $2 to $3
numapu_33: calls $2
*** FLOP *** [2c 8s 5h]
xxxZeka: checks 
numapu_33: checks 
*** TURN *** [2c 8s 5h] [5c]
xxxZeka: bets $1.88
numapu_33: folds 
Uncalled bet ($1.88) returned to xxxZeka
xxxZeka collected $5.70 from pot
xxxZeka: doesn't show hand 
*** SUMMARY ***
Total pot $6 | Rake $0.30 
Board [2c 8s 5h 5c]
Seat 1: Pigumelis
Seat 2: xxxZeka (small blind) collected ($5.70)
Seat 3: numapu_33 (big blind) folded on the Turn
Seat 4: Molisehases folded before Flop (didn't bet)
Seat 5: Iseedora folded before Flop (didn't bet)
Seat 6: nikalas22 (button) folded before Flop (didn't bet)



PokerStars Hand #254438955747:  Hold'em No Limit ($0.50/$1.00 USD) - 2025/01/18 22:26:36 WET [2025/01/18 17:26:36 ET]
Table 'Finsen III' 6-max Seat #2 is the button
Seat 1: Pigumelis ($107.96 in chips) is sitting out
Seat 2: xxxZeka ($103.28 in chips) 
Seat 3: numapu_33 ($228.80 in chips) 
Seat 4: Molisehases ($128.80 in chips) 
Seat 5: Iseedora ($101.50 in chips) 
Seat 6: nikalas22 ($104.57 in chips) 
numapu_33: posts small blind $0.50
Molisehases: posts big blind $1
*** HOLE CARDS ***
Iseedora: raises $1.20 to $2.20
nikalas22: folds 
xxxZeka: folds 
numapu_33: folds 
Molisehases: calls $1.20
*** FLOP *** [9h Qc 6s]
Molisehases: checks 
Iseedora: bets $1.17
Molisehases: calls $1.17
*** TURN *** [9h Qc 6s] [3s]
Molisehases: checks 
Iseedora: bets $5.16
Molisehases: folds 
Uncalled bet ($5.16) returned to Iseedora
Iseedora collected $6.88 from pot
Iseedora: doesn't show hand 
*** SUMMARY ***
Total pot $7.24 | Rake $0.36 
Board [9h Qc 6s 3s]
Seat 1: Pigumelis
Seat 2: xxxZeka (button) folded before Flop (didn't bet)
Seat 3: numapu_33 (small blind) folded before Flop
Seat 4: Molisehases (big blind) folded on the Turn
Seat 5: Iseedora collected ($6.88)
Seat 6: nikalas22 folded before Flop (didn't bet)



PokerStars Hand #254438972865:  Hold'em No Limit ($0.50/$1.00 USD) - 2025/01/18 22:27:34 WET [2025/01/18 17:27:34 ET]
Table 'Finsen III' 6-max Seat #3 is the button
Seat 1: Pigumelis ($107.96 in chips) is sitting out
Seat 2: xxxZeka ($103.28 in chips) 
Seat 3: numapu_33 ($228.30 in chips) 
Seat 4: Molisehases ($125.43 in chips) 
Seat 5: Iseedora ($105.01 in chips) 
Seat 6: nikalas22 ($104.57 in chips) 
Molisehases: posts small blind $0.50
Iseedora: posts big blind $1
*** HOLE CARDS ***
nikalas22: folds 
xxxZeka: folds 
numapu_33: folds 
Molisehases: raises $2 to $3
Iseedora: folds 
Uncalled bet ($2) returned to Molisehases
Molisehases collected $2 from pot
*** SUMMARY ***
Total pot $2 | Rake $0 
Seat 1: Pigumelis
Seat 2: xxxZeka folded before Flop (didn't bet)
Seat 3: numapu_33 (button) folded before Flop (didn't bet)
Seat 4: Molisehases (small blind) collected ($2)
Seat 5: Iseedora (big blind) folded before Flop
Seat 6: nikalas22 folded before Flop (didn't bet)



PokerStars Hand #254438977077:  Hold'em No Limit ($0.50/$1.00 USD) - 2025/01/18 22:27:48 WET [2025/01/18 17:27:48 ET]
Table 'Finsen III' 6-max Seat #4 is the button
Seat 1: Pigumelis ($107.96 in chips) is sitting out
Seat 2: xxxZeka ($103.28 in chips) 
Seat 3: numapu_33 ($228.30 in chips) 
Seat 4: Molisehases ($126.43 in chips) 
Seat 5: Iseedora ($104.01 in chips) 
Seat 6: nikalas22 ($104.57 in chips) 
Iseedora: posts small blind $0.50
nikalas22: posts big blind $1
*** HOLE CARDS ***
xxxZeka: folds 
numapu_33: folds 
Molisehases: folds 
Iseedora: folds 
Uncalled bet ($0.50) returned to nikalas22
nikalas22 collected $1 from pot
nikalas22: doesn't show hand 
*** SUMMARY ***
Total pot $1 | Rake $0 
Seat 1: Pigumelis
Seat 2: xxxZeka folded before Flop (didn't bet)
Seat 3: numapu_33 folded before Flop (didn't bet)
Seat 4: Molisehases (button) folded before Flop (didn't bet)
Seat 5: Iseedora (small blind) folded before Flop
Seat 6: nikalas22 (big blind) collected ($1)



PokerStars Hand #254438979772:  Hold'em No Limit ($0.50/$1.00 USD) - 2025/01/18 22:27:58 WET [2025/01/18 17:27:58 ET]
Table 'Finsen III' 6-max Seat #5 is the button
Seat 1: Pigumelis ($107.96 in chips) is sitting out
Seat 2: xxxZeka ($103.28 in chips) 
Seat 3: numapu_33 ($228.30 in chips) 
Seat 4: Molisehases ($126.43 in chips) 
Seat 5: Iseedora ($103.51 in chips) 
Seat 6: nikalas22 ($105.07 in chips) 
nikalas22: posts small blind $0.50
xxxZeka: posts big blind $1
*** HOLE CARDS ***
numapu_33: folds 
Molisehases: folds 
Iseedora: raises $1.50 to $2.50
nikalas22: folds 
xxxZeka: folds 
Uncalled bet ($1.50) returned to Iseedora
Iseedora collected $2.50 from pot
Iseedora: doesn't show hand 
*** SUMMARY ***
Total pot $2.50 | Rake $0 
Seat 1: Pigumelis
Seat 2: xxxZeka (big blind) folded before Flop
Seat 3: numapu_33 folded before Flop (didn't bet)
Seat 4: Molisehases folded before Flop (didn't bet)
Seat 5: Iseedora (button) collected ($2.50)
Seat 6: nikalas22 (small blind) folded before Flop



PokerStars Hand #254438985053:  Hold'em No Limit ($0.50/$1.00 USD) - 2025/01/18 22:28:15 WET [2025/01/18 17:28:15 ET]
Table 'Finsen III' 6-max Seat #6 is the button
Seat 1: Pigumelis ($107.96 in chips) is sitting out
Seat 2: xxxZeka ($102.28 in chips) 
Seat 3: numapu_33 ($228.30 in chips) 
Seat 4: Molisehases ($126.43 in chips) 
Seat 5: Iseedora ($105.01 in chips) 
Seat 6: nikalas22 ($104.57 in chips) 
xxxZeka: posts small blind $0.50
numapu_33: posts big blind $1
*** HOLE CARDS ***
Molisehases: raises $2 to $3
Iseedora: folds 
nikalas22: folds 
xxxZeka: folds 
numapu_33: folds 
Uncalled bet ($2) returned to Molisehases
Molisehases collected $2.50 from pot
*** SUMMARY ***
Total pot $2.50 | Rake $0 
Seat 1: Pigumelis
Seat 2: xxxZeka (small blind) folded before Flop
Seat 3: numapu_33 (big blind) folded before Flop
Seat 4: Molisehases collected ($2.50)
Seat 5: Iseedora folded before Flop (didn't bet)
Seat 6: nikalas22 (button) folded before Flop (didn't bet)



PokerStars Hand #254438990009:  Hold'em No Limit ($0.50/$1.00 USD) - 2025/01/18 22:28:33 WET [2025/01/18 17:28:33 ET]
Table 'Finsen III' 6-max Seat #2 is the button
Seat 1: Pigumelis ($107.96 in chips) is sitting out
Seat 2: xxxZeka ($101.78 in chips) 
Seat 3: numapu_33 ($227.30 in chips) 
Seat 4: Molisehases ($127.93 in chips) 
Seat 5: Iseedora ($105.01 in chips) 
Seat 6: nikalas22 ($104.57 in chips) 
numapu_33: posts small blind $0.50
Molisehases: posts big blind $1
*** HOLE CARDS ***
Iseedora: folds 
nikalas22: raises $1.50 to $2.50
xxxZeka: raises $5.20 to $7.70
numapu_33: folds 
Molisehases: folds 
nikalas22: calls $5.20
*** FLOP *** [Qd 6c 4c]
nikalas22: checks 
xxxZeka: bets $5.30
nikalas22: folds 
Uncalled bet ($5.30) returned to xxxZeka
xxxZeka collected $16.06 from pot
xxxZeka: doesn't show hand 
*** SUMMARY ***
Total pot $16.90 | Rake $0.84 
Board [Qd 6c 4c]
Seat 1: Pigumelis
Seat 2: xxxZeka (button) collected ($16.06)
Seat 3: numapu_33 (small blind) folded before Flop
Seat 4: Molisehases (big blind) folded before Flop
Seat 5: Iseedora folded before Flop (didn't bet)
Seat 6: nikalas22 folded on the Flop



PokerStars Hand #254439003406:  Hold'em No Limit ($0.50/$1.00 USD) - 2025/01/18 22:29:19 WET [2025/01/18 17:29:19 ET]
Table 'Finsen III' 6-max Seat #3 is the button
Seat 1: Pigumelis ($107.96 in chips) is sitting out
Seat 2: xxxZeka ($110.14 in chips) 
Seat 3: numapu_33 ($226.80 in chips) 
Seat 4: Molisehases ($126.93 in chips) 
Seat 5: Iseedora ($105.01 in chips) 
Seat 6: nikalas22 ($100 in chips) 
Molisehases: posts small blind $0.50
Iseedora: posts big blind $1
*** HOLE CARDS ***
nikalas22: folds 
xxxZeka: raises $1.50 to $2.50
numapu_33: calls $2.50
Molisehases: folds 
Iseedora: raises $11.50 to $14
xxxZeka: folds 
numapu_33: folds 
Uncalled bet ($11.50) returned to Iseedora
Iseedora collected $8 from pot
Iseedora: doesn't show hand 
*** SUMMARY ***
Total pot $8 | Rake $0 
Seat 1: Pigumelis
Seat 2: xxxZeka folded before Flop
Seat 3: numapu_33 (button) folded before Flop
Seat 4: Molisehases (small blind) folded before Flop
Seat 5: Iseedora (big blind) collected ($8)
Seat 6: nikalas22 folded before Flop (didn't bet)



PokerStars Hand #254439014769:  Hold'em No Limit ($0.50/$1.00 USD) - 2025/01/18 22:29:58 WET [2025/01/18 17:29:58 ET]
Table 'Finsen III' 6-max Seat #4 is the button
Seat 1: Pigumelis ($107.96 in chips) is sitting out
Seat 2: xxxZeka ($107.64 in chips) 
Seat 3: numapu_33 ($224.30 in chips) 
Seat 4: Molisehases ($126.43 in chips) 
Seat 5: Iseedora ($110.51 in chips) 
Seat 6: nikalas22 ($100 in chips) 
Iseedora: posts small blind $0.50
nikalas22: posts big blind $1
Pigumelis: sits out 
*** HOLE CARDS ***
xxxZeka: folds 
numapu_33: folds 
Molisehases: folds 
Iseedora: folds 
Uncalled bet ($0.50) returned to nikalas22
nikalas22 collected $1 from pot
nikalas22: doesn't show hand 
*** SUMMARY ***
Total pot $1 | Rake $0 
Seat 1: Pigumelis
Seat 2: xxxZeka folded before Flop (didn't bet)
Seat 3: numapu_33 folded before Flop (didn't bet)
Seat 4: Molisehases (button) folded before Flop (didn't bet)
Seat 5: Iseedora (small blind) folded before Flop
Seat 6: nikalas22 (big blind) collected ($1)



PokerStars Hand #254439019673:  Hold'em No Limit ($0.50/$1.00 USD) - 2025/01/18 22:30:16 WET [2025/01/18 17:30:16 ET]
Table 'Finsen III' 6-max Seat #5 is the button
Seat 1: Pigumelis ($107.96 in chips) 
Seat 2: xxxZeka ($107.64 in chips) 
Seat 3: numapu_33 ($224.30 in chips) 
Seat 4: Molisehases ($126.43 in chips) 
Seat 5: Iseedora ($110.01 in chips) 
Seat 6: nikalas22 ($100.50 in chips) 
nikalas22: posts small blind $0.50
Pigumelis: posts big blind $1
*** HOLE CARDS ***
xxxZeka: folds 
numapu_33: folds 
Molisehases: folds 
Iseedora: raises $1.50 to $2.50
nikalas22: folds 
Pigumelis: folds 
Uncalled bet ($1.50) returned to Iseedora
Iseedora collected $2.50 from pot
Iseedora: doesn't show hand 
*** SUMMARY ***
Total pot $2.50 | Rake $0 
Seat 1: Pigumelis (big blind) folded before Flop
Seat 2: xxxZeka folded before Flop (didn't bet)
Seat 3: numapu_33 folded before Flop (didn't bet)
Seat 4: Molisehases folded before Flop (didn't bet)
Seat 5: Iseedora (button) collected ($2.50)
Seat 6: nikalas22 (small blind) folded before Flop



PokerStars Hand #254439031690:  Hold'em No Limit ($0.50/$1.00 USD) - 2025/01/18 22:30:57 WET [2025/01/18 17:30:57 ET]
Table 'Finsen III' 6-max Seat #6 is the button
Seat 1: Pigumelis ($106.96 in chips) 
Seat 2: xxxZeka ($107.64 in chips) 
Seat 3: numapu_33 ($224.30 in chips) 
Seat 4: Molisehases ($126.43 in chips) 
Seat 5: Iseedora ($111.51 in chips) 
Seat 6: nikalas22 ($100 in chips) 
Pigumelis: posts small blind $0.50
xxxZeka: posts big blind $1
*** HOLE CARDS ***
numapu_33: folds 
Molisehases: calls $1
Iseedora: folds 
nikalas22: raises $3.50 to $4.50
Pigumelis: folds 
xxxZeka: folds 
Molisehases: folds 
Uncalled bet ($3.50) returned to nikalas22
nikalas22 collected $3.50 from pot
nikalas22: doesn't show hand 
*** SUMMARY ***
Total pot $3.50 | Rake $0 
Seat 1: Pigumelis (small blind) folded before Flop
Seat 2: xxxZeka (big blind) folded before Flop
Seat 3: numapu_33 folded before Flop (didn't bet)
Seat 4: Molisehases folded before Flop
Seat 5: Iseedora folded before Flop (didn't bet)
Seat 6: nikalas22 (button) collected ($3.50)



PokerStars Hand #254439047054:  Hold'em No Limit ($0.50/$1.00 USD) - 2025/01/18 22:31:50 WET [2025/01/18 17:31:50 ET]
Table 'Finsen III' 6-max Seat #1 is the button
Seat 1: Pigumelis ($106.46 in chips) 
Seat 2: xxxZeka ($106.64 in chips) 
Seat 3: numapu_33 ($224.30 in chips) 
Seat 4: Molisehases ($125.43 in chips) 
Seat 5: Iseedora ($111.51 in chips) 
Seat 6: nikalas22 ($102.50 in chips) 
xxxZeka: posts small blind $0.50
numapu_33: posts big blind $1
*** HOLE CARDS ***
Molisehases: folds 
Iseedora: raises $1.20 to $2.20
nikalas22: raises $5.80 to $8
Pigumelis: folds 
xxxZeka: folds 
numapu_33: folds 
Iseedora: folds 
Uncalled bet ($5.80) returned to nikalas22
nikalas22 collected $5.90 from pot
nikalas22: doesn't show hand 
*** SUMMARY ***
Total pot $5.90 | Rake $0 
Seat 1: Pigumelis (button) folded before Flop (didn't bet)
Seat 2: xxxZeka (small blind) folded before Flop
Seat 3: numapu_33 (big blind) folded before Flop
Seat 4: Molisehases folded before Flop (didn't bet)
Seat 5: Iseedora folded before Flop
Seat 6: nikalas22 collected ($5.90)



PokerStars Hand #254439056868:  Hold'em No Limit ($0.50/$1.00 USD) - 2025/01/18 22:32:23 WET [2025/01/18 17:32:23 ET]
Table 'Finsen III' 6-max Seat #2 is the button
Seat 1: Pigumelis ($106.46 in chips) 
Seat 2: xxxZeka ($106.14 in chips) 
Seat 3: numapu_33 ($223.30 in chips) 
Seat 4: Molisehases ($125.43 in chips) 
Seat 5: Iseedora ($109.31 in chips) 
Seat 6: nikalas22 ($106.20 in chips) 
numapu_33: posts small blind $0.50
Molisehases: posts big blind $1
*** HOLE CARDS ***
Iseedora: folds 
nikalas22: folds 
Pigumelis: folds 
xxxZeka: raises $1.50 to $2.50
numapu_33: folds 
Molisehases: calls $1.50
*** FLOP *** [9d 2s 4c]
Molisehases: checks 
xxxZeka: bets $1.60
Molisehases: calls $1.60
*** TURN *** [9d 2s 4c] [Ad]
Molisehases: checks 
xxxZeka: bets $10
Molisehases: folds 
Uncalled bet ($10) returned to xxxZeka
xxxZeka collected $8.26 from pot
xxxZeka: doesn't show hand 
*** SUMMARY ***
Total pot $8.70 | Rake $0.44 
Board [9d 2s 4c Ad]
Seat 1: Pigumelis folded before Flop (didn't bet)
Seat 2: xxxZeka (button) collected ($8.26)
Seat 3: numapu_33 (small blind) folded before Flop
Seat 4: Molisehases (big blind) folded on the Turn
Seat 5: Iseedora folded before Flop (didn't bet)
Seat 6: nikalas22 folded before Flop (didn't bet)



PokerStars Hand #254439070807:  Hold'em No Limit ($0.50/$1.00 USD) - 2025/01/18 22:33:11 WET [2025/01/18 17:33:11 ET]
Table 'Finsen III' 6-max Seat #3 is the button
Seat 1: Pigumelis ($106.46 in chips) 
Seat 2: xxxZeka ($110.30 in chips) 
Seat 3: numapu_33 ($222.80 in chips) 
Seat 4: Molisehases ($121.33 in chips) 
Seat 5: Iseedora ($109.31 in chips) 
Seat 6: nikalas22 ($106.20 in chips) 
Molisehases: posts small blind $0.50
Iseedora: posts big blind $1
*** HOLE CARDS ***
nikalas22: folds 
Pigumelis: folds 
xxxZeka: folds 
numapu_33: raises $1.50 to $2.50
Molisehases: calls $2
Iseedora: folds 
*** FLOP *** [2h Ah 4h]
Molisehases: checks 
numapu_33: bets $1.71
Molisehases: calls $1.71
*** TURN *** [2h Ah 4h] [9c]
Molisehases: checks 
numapu_33: checks 
*** RIVER *** [2h Ah 4h 9c] [5c]
Molisehases: bets $8.95
numapu_33: folds 
Uncalled bet ($8.95) returned to Molisehases
Molisehases collected $8.95 from pot
*** SUMMARY ***
Total pot $9.42 | Rake $0.47 
Board [2h Ah 4h 9c 5c]
Seat 1: Pigumelis folded before Flop (didn't bet)
Seat 2: xxxZeka folded before Flop (didn't bet)
Seat 3: numapu_33 (button) folded on the River
Seat 4: Molisehases (small blind) collected ($8.95)
Seat 5: Iseedora (big blind) folded before Flop
Seat 6: nikalas22 folded before Flop (didn't bet)



PokerStars Hand #254439091925:  Hold'em No Limit ($0.50/$1.00 USD) - 2025/01/18 22:34:23 WET [2025/01/18 17:34:23 ET]
Table 'Finsen III' 6-max Seat #4 is the button
Seat 1: Pigumelis ($106.46 in chips) 
Seat 2: xxxZeka ($110.30 in chips) 
Seat 3: numapu_33 ($218.59 in chips) 
Seat 4: Molisehases ($126.07 in chips) 
Seat 5: Iseedora ($108.31 in chips) 
Seat 6: nikalas22 ($106.20 in chips) 
Iseedora: posts small blind $0.50
nikalas22: posts big blind $1
*** HOLE CARDS ***
Pigumelis: folds 
xxxZeka: folds 
numapu_33: raises $1.50 to $2.50
Molisehases: calls $2.50
Iseedora: calls $2
nikalas22: folds 
*** FLOP *** [6h Jh As]
Iseedora: checks 
numapu_33: checks 
Molisehases: bets $3
Iseedora: folds 
numapu_33: calls $3
*** TURN *** [6h Jh As] [8d]
numapu_33: checks 
Molisehases: bets $6.89
numapu_33: folds 
Uncalled bet ($6.89) returned to Molisehases
Molisehases collected $13.78 from pot
*** SUMMARY ***
Total pot $14.50 | Rake $0.72 
Board [6h Jh As 8d]
Seat 1: Pigumelis folded before Flop (didn't bet)
Seat 2: xxxZeka folded before Flop (didn't bet)
Seat 3: numapu_33 folded on the Turn
Seat 4: Molisehases (button) collected ($13.78)
Seat 5: Iseedora (small blind) folded on the Flop
Seat 6: nikalas22 (big blind) folded before Flop



PokerStars Hand #254439111004:  Hold'em No Limit ($0.50/$1.00 USD) - 2025/01/18 22:35:28 WET [2025/01/18 17:35:28 ET]
Table 'Finsen III' 6-max Seat #5 is the button
Seat 1: Pigumelis ($106.46 in chips) 
Seat 2: xxxZeka ($110.30 in chips) 
Seat 3: numapu_33 ($213.09 in chips) 
Seat 4: Molisehases ($134.35 in chips) 
Seat 5: Iseedora ($105.81 in chips) 
Seat 6: nikalas22 ($105.20 in chips) 
nikalas22: posts small blind $0.50
Pigumelis: posts big blind $1
*** HOLE CARDS ***
xxxZeka: folds 
numapu_33: folds 
Molisehases: raises $2 to $3
xxxZeka leaves the table
Iseedora: raises $6 to $9
tintin641 joins the table at seat #2 
nikalas22: folds 
Pigumelis: folds 
Molisehases: folds 
Uncalled bet ($6) returned to Iseedora
Iseedora collected $7.50 from pot
Iseedora: doesn't show hand 
*** SUMMARY ***
Total pot $7.50 | Rake $0 
Seat 1: Pigumelis (big blind) folded before Flop
Seat 2: xxxZeka folded before Flop (didn't bet)
Seat 3: numapu_33 folded before Flop (didn't bet)
Seat 4: Molisehases folded before Flop
Seat 5: Iseedora (button) collected ($7.50)
Seat 6: nikalas22 (small blind) folded before Flop



PokerStars Hand #254439117440:  Hold'em No Limit ($0.50/$1.00 USD) - 2025/01/18 22:35:50 WET [2025/01/18 17:35:50 ET]
Table 'Finsen III' 6-max Seat #6 is the button
Seat 1: Pigumelis ($105.46 in chips) 
Seat 2: tintin641 ($100 in chips) 
Seat 3: numapu_33 ($213.09 in chips) 
Seat 4: Molisehases ($131.35 in chips) 
Seat 5: Iseedora ($110.31 in chips) 
Seat 6: nikalas22 ($104.70 in chips) 
Pigumelis: posts small blind $0.50
tintin641: posts big blind $1
*** HOLE CARDS ***
numapu_33: folds 
Molisehases: folds 
Iseedora: raises $1.50 to $2.50
nikalas22: raises $5.50 to $8
Pigumelis: folds 
tintin641: folds 
Iseedora: calls $5.50
*** FLOP *** [Ks Jh 2s]
Iseedora: checks 
nikalas22: bets $4.99
Iseedora: folds 
Uncalled bet ($4.99) returned to nikalas22
nikalas22 collected $16.62 from pot
nikalas22: doesn't show hand 
*** SUMMARY ***
Total pot $17.50 | Rake $0.88 
Board [Ks Jh 2s]
Seat 1: Pigumelis (small blind) folded before Flop
Seat 2: tintin641 (big blind) folded before Flop
Seat 3: numapu_33 folded before Flop (didn't bet)
Seat 4: Molisehases folded before Flop (didn't bet)
Seat 5: Iseedora folded on the Flop
Seat 6: nikalas22 (button) collected ($16.62)



PokerStars Hand #254439128198:  Hold'em No Limit ($0.50/$1.00 USD) - 2025/01/18 22:36:27 WET [2025/01/18 17:36:27 ET]
Table 'Finsen III' 6-max Seat #1 is the button
Seat 1: Pigumelis ($104.96 in chips) 
Seat 2: tintin641 ($100 in chips) 
Seat 3: numapu_33 ($213.09 in chips) 
Seat 4: Molisehases ($131.35 in chips) 
Seat 5: Iseedora ($102.31 in chips) 
Seat 6: nikalas22 ($113.32 in chips) 
tintin641: posts small blind $0.50
numapu_33: posts big blind $1
*** HOLE CARDS ***
Molisehases: calls $1
Iseedora: folds 
nikalas22: folds 
Pigumelis: folds 
tintin641: calls $0.50
numapu_33: raises $6 to $7
Molisehases: folds 
tintin641: folds 
Uncalled bet ($6) returned to numapu_33
numapu_33 collected $3 from pot
numapu_33: doesn't show hand 
*** SUMMARY ***
Total pot $3 | Rake $0 
Seat 1: Pigumelis (button) folded before Flop (didn't bet)
Seat 2: tintin641 (small blind) folded before Flop
Seat 3: numapu_33 (big blind) collected ($3)
Seat 4: Molisehases folded before Flop
Seat 5: Iseedora folded before Flop (didn't bet)
Seat 6: nikalas22 folded before Flop (didn't bet)



PokerStars Hand #254439136496:  Hold'em No Limit ($0.50/$1.00 USD) - 2025/01/18 22:36:56 WET [2025/01/18 17:36:56 ET]
Table 'Finsen III' 6-max Seat #2 is the button
Seat 1: Pigumelis ($104.96 in chips) 
Seat 2: tintin641 ($100 in chips) 
Seat 3: numapu_33 ($215.09 in chips) 
Seat 4: Molisehases ($130.35 in chips) 
Seat 5: Iseedora ($102.31 in chips) 
Seat 6: nikalas22 ($113.32 in chips) 
numapu_33: posts small blind $0.50
Molisehases: posts big blind $1
*** HOLE CARDS ***
Iseedora: folds 
nikalas22: folds 
Pigumelis: raises $1.10 to $2.10
tintin641: folds 
numapu_33: folds 
Molisehases: folds 
Uncalled bet ($1.10) returned to Pigumelis
Pigumelis collected $2.50 from pot
Pigumelis: doesn't show hand 
*** SUMMARY ***
Total pot $2.50 | Rake $0 
Seat 1: Pigumelis collected ($2.50)
Seat 2: tintin641 (button) folded before Flop (didn't bet)
Seat 3: numapu_33 (small blind) folded before Flop
Seat 4: Molisehases (big blind) folded before Flop
Seat 5: Iseedora folded before Flop (didn't bet)
Seat 6: nikalas22 folded before Flop (didn't bet)



PokerStars Hand #254439143680:  Hold'em No Limit ($0.50/$1.00 USD) - 2025/01/18 22:37:21 WET [2025/01/18 17:37:21 ET]
Table 'Finsen III' 6-max Seat #3 is the button
Seat 1: Pigumelis ($106.46 in chips) 
Seat 2: tintin641 ($100 in chips) 
Seat 3: numapu_33 ($214.59 in chips) 
Seat 4: Molisehases ($129.35 in chips) 
Seat 5: Iseedora ($102.31 in chips) 
Seat 6: nikalas22 ($113.32 in chips) 
Molisehases: posts small blind $0.50
Iseedora: posts big blind $1
*** HOLE CARDS ***
nikalas22: folds 
Pigumelis: folds 
tintin641: folds 
numapu_33: raises $1.50 to $2.50
Molisehases: folds 
Iseedora: folds 
Uncalled bet ($1.50) returned to numapu_33
numapu_33 collected $2.50 from pot
numapu_33: doesn't show hand 
*** SUMMARY ***
Total pot $2.50 | Rake $0 
Seat 1: Pigumelis folded before Flop (didn't bet)
Seat 2: tintin641 folded before Flop (didn't bet)
Seat 3: numapu_33 (button) collected ($2.50)
Seat 4: Molisehases (small blind) folded before Flop
Seat 5: Iseedora (big blind) folded before Flop
Seat 6: nikalas22 folded before Flop (didn't bet)



PokerStars Hand #254439150178:  Hold'em No Limit ($0.50/$1.00 USD) - 2025/01/18 22:37:44 WET [2025/01/18 17:37:44 ET]
Table 'Finsen III' 6-max Seat #4 is the button
Seat 1: Pigumelis ($106.46 in chips) 
Seat 2: tintin641 ($100 in chips) 
Seat 3: numapu_33 ($216.09 in chips) 
Seat 4: Molisehases ($128.85 in chips) 
Seat 5: Iseedora ($101.31 in chips) 
Seat 6: nikalas22 ($113.32 in chips) 
Iseedora: posts small blind $0.50
nikalas22: posts big blind $1
*** HOLE CARDS ***
Pigumelis: folds 
tintin641: raises $1.50 to $2.50
numapu_33: folds 
Molisehases: folds 
Iseedora: folds 
nikalas22: folds 
Uncalled bet ($1.50) returned to tintin641
tintin641 collected $2.50 from pot
tintin641: doesn't show hand 
*** SUMMARY ***
Total pot $2.50 | Rake $0 
Seat 1: Pigumelis folded before Flop (didn't bet)
Seat 2: tintin641 collected ($2.50)
Seat 3: numapu_33 folded before Flop (didn't bet)
Seat 4: Molisehases (button) folded before Flop (didn't bet)
Seat 5: Iseedora (small blind) folded before Flop
Seat 6: nikalas22 (big blind) folded before Flop



PokerStars Hand #254439160537:  Hold'em No Limit ($0.50/$1.00 USD) - 2025/01/18 22:38:20 WET [2025/01/18 17:38:20 ET]
Table 'Finsen III' 6-max Seat #5 is the button
Seat 1: Pigumelis ($106.46 in chips) 
Seat 2: tintin641 ($101.50 in chips) 
Seat 3: numapu_33 ($216.09 in chips) 
Seat 4: Molisehases ($128.85 in chips) 
Seat 5: Iseedora ($100.81 in chips) 
Seat 6: nikalas22 ($112.32 in chips) 
nikalas22: posts small blind $0.50
Pigumelis: posts big blind $1
*** HOLE CARDS ***
tintin641: folds 
numapu_33: folds 
Molisehases: raises $3 to $4
Iseedora: folds 
nikalas22: folds 
Pigumelis: folds 
Uncalled bet ($3) returned to Molisehases
Molisehases collected $2.50 from pot
*** SUMMARY ***
Total pot $2.50 | Rake $0 
Seat 1: Pigumelis (big blind) folded before Flop
Seat 2: tintin641 folded before Flop (didn't bet)
Seat 3: numapu_33 folded before Flop (didn't bet)
Seat 4: Molisehases collected ($2.50)
Seat 5: Iseedora (button) folded before Flop (didn't bet)
Seat 6: nikalas22 (small blind) folded before Flop



PokerStars Hand #254439166853:  Hold'em No Limit ($0.50/$1.00 USD) - 2025/01/18 22:38:42 WET [2025/01/18 17:38:42 ET]
Table 'Finsen III' 6-max Seat #6 is the button
Seat 1: Pigumelis ($105.46 in chips) 
Seat 2: tintin641 ($101.50 in chips) 
Seat 3: numapu_33 ($216.09 in chips) 
Seat 4: Molisehases ($130.35 in chips) 
Seat 5: Iseedora ($100.81 in chips) 
Seat 6: nikalas22 ($111.82 in chips) 
Pigumelis: posts small blind $0.50
tintin641: posts big blind $1
*** HOLE CARDS ***
numapu_33: folds 
Molisehases: raises $2 to $3
Iseedora: folds 
nikalas22: folds 
Pigumelis: folds 
tintin641: folds 
Uncalled bet ($2) returned to Molisehases
Molisehases collected $2.50 from pot
*** SUMMARY ***
Total pot $2.50 | Rake $0 
Seat 1: Pigumelis (small blind) folded before Flop
Seat 2: tintin641 (big blind) folded before Flop
Seat 3: numapu_33 folded before Flop (didn't bet)
Seat 4: Molisehases collected ($2.50)
Seat 5: Iseedora folded before Flop (didn't bet)
Seat 6: nikalas22 (button) folded before Flop (didn't bet)



PokerStars Hand #254439173553:  Hold'em No Limit ($0.50/$1.00 USD) - 2025/01/18 22:39:05 WET [2025/01/18 17:39:05 ET]
Table 'Finsen III' 6-max Seat #1 is the button
Seat 1: Pigumelis ($104.96 in chips) 
Seat 2: tintin641 ($100.50 in chips) 
Seat 3: numapu_33 ($216.09 in chips) 
Seat 4: Molisehases ($131.85 in chips) 
Seat 5: Iseedora ($100.81 in chips) 
Seat 6: nikalas22 ($111.82 in chips) 
tintin641: posts small blind $0.50
numapu_33: posts big blind $1
*** HOLE CARDS ***
Molisehases: folds 
Iseedora: folds 
nikalas22: folds 
Pigumelis: folds 
tintin641: raises $2 to $3
numapu_33: folds 
Uncalled bet ($2) returned to tintin641
tintin641 collected $2 from pot
tintin641: doesn't show hand 
*** SUMMARY ***
Total pot $2 | Rake $0 
Seat 1: Pigumelis (button) folded before Flop (didn't bet)
Seat 2: tintin641 (small blind) collected ($2)
Seat 3: numapu_33 (big blind) folded before Flop
Seat 4: Molisehases folded before Flop (didn't bet)
Seat 5: Iseedora folded before Flop (didn't bet)
Seat 6: nikalas22 folded before Flop (didn't bet)



PokerStars Hand #254439179623:  Hold'em No Limit ($0.50/$1.00 USD) - 2025/01/18 22:39:26 WET [2025/01/18 17:39:26 ET]
Table 'Finsen III' 6-max Seat #2 is the button
Seat 1: Pigumelis ($104.96 in chips) 
Seat 2: tintin641 ($101.50 in chips) 
Seat 3: numapu_33 ($215.09 in chips) 
Seat 4: Molisehases ($131.85 in chips) 
Seat 5: Iseedora ($100.81 in chips) 
Seat 6: nikalas22 ($111.82 in chips) 
numapu_33: posts small blind $0.50
Molisehases: posts big blind $1
*** HOLE CARDS ***
Iseedora: folds 
nikalas22: folds 
Pigumelis: folds 
tintin641: raises $1.50 to $2.50
numapu_33: folds 
Molisehases: folds 
Uncalled bet ($1.50) returned to tintin641
tintin641 collected $2.50 from pot
tintin641: doesn't show hand 
*** SUMMARY ***
Total pot $2.50 | Rake $0 
Seat 1: Pigumelis folded before Flop (didn't bet)
Seat 2: tintin641 (button) collected ($2.50)
Seat 3: numapu_33 (small blind) folded before Flop
Seat 4: Molisehases (big blind) folded before Flop
Seat 5: Iseedora folded before Flop (didn't bet)
Seat 6: nikalas22 folded before Flop (didn't bet)



PokerStars Hand #254439185287:  Hold'em No Limit ($0.50/$1.00 USD) - 2025/01/18 22:39:45 WET [2025/01/18 17:39:45 ET]
Table 'Finsen III' 6-max Seat #3 is the button
Seat 1: Pigumelis ($104.96 in chips) 
Seat 2: tintin641 ($103 in chips) 
Seat 3: numapu_33 ($214.59 in chips) 
Seat 4: Molisehases ($130.85 in chips) 
Seat 5: Iseedora ($100.81 in chips) 
Seat 6: nikalas22 ($111.82 in chips) 
Molisehases: posts small blind $0.50
Iseedora: posts big blind $1
*** HOLE CARDS ***
nikalas22: folds 
Pigumelis: folds 
tintin641: folds 
numapu_33: raises $1.50 to $2.50
Molisehases: calls $2
Iseedora: folds 
*** FLOP *** [Tc Ad 4c]
Molisehases: checks 
numapu_33: checks 
*** TURN *** [Tc Ad 4c] [5h]
Molisehases: checks 
numapu_33: checks 
*** RIVER *** [Tc Ad 4c 5h] [4h]
Molisehases: checks 
numapu_33: checks 
*** SHOW DOWN ***
Molisehases: shows [Js Qh] (a pair of Fours)
numapu_33: shows [9c 9s] (two pair, Nines and Fours)
numapu_33 collected $5.70 from pot
*** SUMMARY ***
Total pot $6 | Rake $0.30 
Board [Tc Ad 4c 5h 4h]
Seat 1: Pigumelis folded before Flop (didn't bet)
Seat 2: tintin641 folded before Flop (didn't bet)
Seat 3: numapu_33 (button) showed [9c 9s] and won ($5.70) with two pair, Nines and Fours
Seat 4: Molisehases (small blind) showed [Js Qh] and lost with a pair of Fours
Seat 5: Iseedora (big blind) folded before Flop
Seat 6: nikalas22 folded before Flop (didn't bet)



PokerStars Hand #254439200394:  Hold'em No Limit ($0.50/$1.00 USD) - 2025/01/18 22:40:38 WET [2025/01/18 17:40:38 ET]
Table 'Finsen III' 6-max Seat #4 is the button
Seat 1: Pigumelis ($104.96 in chips) 
Seat 2: tintin641 ($103 in chips) 
Seat 3: numapu_33 ($217.79 in chips) 
Seat 4: Molisehases ($128.35 in chips) 
Seat 5: Iseedora ($100 in chips) 
Seat 6: nikalas22 ($111.82 in chips) 
Iseedora: posts small blind $0.50
nikalas22: posts big blind $1
*** HOLE CARDS ***
Pigumelis: folds 
tintin641: folds 
numapu_33: folds 
Molisehases: folds 
Iseedora: raises $2 to $3
nikalas22: folds 
Uncalled bet ($2) returned to Iseedora
Iseedora collected $2 from pot
Iseedora: doesn't show hand 
*** SUMMARY ***
Total pot $2 | Rake $0 
Seat 1: Pigumelis folded before Flop (didn't bet)
Seat 2: tintin641 folded before Flop (didn't bet)
Seat 3: numapu_33 folded before Flop (didn't bet)
Seat 4: Molisehases (button) folded before Flop (didn't bet)
Seat 5: Iseedora (small blind) collected ($2)
Seat 6: nikalas22 (big blind) folded before Flop



PokerStars Hand #254439205512:  Hold'em No Limit ($0.50/$1.00 USD) - 2025/01/18 22:40:56 WET [2025/01/18 17:40:56 ET]
Table 'Finsen III' 6-max Seat #5 is the button
Seat 1: Pigumelis ($104.96 in chips) 
Seat 2: tintin641 ($103 in chips) 
Seat 3: numapu_33 ($217.79 in chips) 
Seat 4: Molisehases ($128.35 in chips) 
Seat 5: Iseedora ($101 in chips) 
Seat 6: nikalas22 ($110.82 in chips) 
nikalas22: posts small blind $0.50
Pigumelis: posts big blind $1
*** HOLE CARDS ***
tintin641: folds 
numapu_33: folds 
Molisehases: raises $3 to $4
Iseedora: folds 
nikalas22: folds 
Pigumelis: calls $3
*** FLOP *** [Ac Kd 4h]
Pigumelis: checks 
Molisehases: bets $3
Pigumelis: calls $3
*** TURN *** [Ac Kd 4h] [6d]
Pigumelis: checks 
Molisehases: checks 
*** RIVER *** [Ac Kd 4h 6d] [Qh]
Pigumelis: bets $1
Molisehases: calls $1
*** SHOW DOWN ***
Pigumelis: shows [Th Qs] (a pair of Queens)
Molisehases: mucks hand 
Pigumelis collected $15.68 from pot
*** SUMMARY ***
Total pot $16.50 | Rake $0.82 
Board [Ac Kd 4h 6d Qh]
Seat 1: Pigumelis (big blind) showed [Th Qs] and won ($15.68) with a pair of Queens
Seat 2: tintin641 folded before Flop (didn't bet)
Seat 3: numapu_33 folded before Flop (didn't bet)
Seat 4: Molisehases mucked
Seat 5: Iseedora (button) folded before Flop (didn't bet)
Seat 6: nikalas22 (small blind) folded before Flop



PokerStars Hand #254439220360:  Hold'em No Limit ($0.50/$1.00 USD) - 2025/01/18 22:41:48 WET [2025/01/18 17:41:48 ET]
Table 'Finsen III' 6-max Seat #6 is the button
Seat 5: Iseedora ($101 in chips) is sitting out
Seat 1: Pigumelis ($112.64 in chips) 
Seat 2: tintin641 ($103 in chips) 
Seat 3: numapu_33 ($217.79 in chips) 
Seat 4: Molisehases ($120.35 in chips) 
Seat 6: nikalas22 ($110.32 in chips) 
Pigumelis: posts small blind $0.50
tintin641: posts big blind $1
*** HOLE CARDS ***
numapu_33: folds 
Molisehases: folds 
nikalas22: raises $1.50 to $2.50
Pigumelis: folds 
tintin641: folds 
Uncalled bet ($1.50) returned to nikalas22
nikalas22 collected $2.50 from pot
nikalas22: doesn't show hand 
*** SUMMARY ***
Total pot $2.50 | Rake $0 
Seat 5: Iseedora
Seat 1: Pigumelis (small blind) folded before Flop
Seat 2: tintin641 (big blind) folded before Flop
Seat 3: numapu_33 folded before Flop (didn't bet)
Seat 4: Molisehases folded before Flop (didn't bet)
Seat 6: nikalas22 (button) collected ($2.50)



PokerStars Hand #254439224255:  Hold'em No Limit ($0.50/$1.00 USD) - 2025/01/18 22:42:02 WET [2025/01/18 17:42:02 ET]
Table 'Finsen III' 6-max Seat #1 is the button
Seat 5: Iseedora ($101 in chips) is sitting out
Seat 1: Pigumelis ($112.14 in chips) 
Seat 2: tintin641 ($102 in chips) 
Seat 3: numapu_33 ($217.79 in chips) 
Seat 4: Molisehases ($120.35 in chips) 
Seat 6: nikalas22 ($111.82 in chips) 
tintin641: posts small blind $0.50
numapu_33: posts big blind $1
*** HOLE CARDS ***
Molisehases: calls $1
nikalas22: folds 
Pigumelis: folds 
tintin641: folds 
numapu_33: checks 
*** FLOP *** [8s Jh Td]
numapu_33: checks 
Molisehases: checks 
*** TURN *** [8s Jh Td] [Kd]
numapu_33: checks 
Molisehases: bets $2.38
numapu_33: folds 
Uncalled bet ($2.38) returned to Molisehases
Molisehases collected $2.38 from pot
*** SUMMARY ***
Total pot $2.50 | Rake $0.12 
Board [8s Jh Td Kd]
Seat 5: Iseedora
Seat 1: Pigumelis (button) folded before Flop (didn't bet)
Seat 2: tintin641 (small blind) folded before Flop
Seat 3: numapu_33 (big blind) folded on the Turn
Seat 4: Molisehases collected ($2.38)
Seat 6: nikalas22 folded before Flop (didn't bet)



PokerStars Hand #254439234894:  Hold'em No Limit ($0.50/$1.00 USD) - 2025/01/18 22:42:39 WET [2025/01/18 17:42:39 ET]
Table 'Finsen III' 6-max Seat #2 is the button
Seat 5: Iseedora ($101 in chips) is sitting out
Seat 1: Pigumelis ($112.14 in chips) 
Seat 2: tintin641 ($101.50 in chips) 
Seat 3: numapu_33 ($216.79 in chips) 
Seat 4: Molisehases ($121.73 in chips) 
Seat 6: nikalas22 ($111.82 in chips) 
numapu_33: posts small blind $0.50
Molisehases: posts big blind $1
*** HOLE CARDS ***
nikalas22: folds 
Pigumelis: folds 
tintin641: raises $1.50 to $2.50
numapu_33: folds 
Molisehases: calls $1.50
*** FLOP *** [3h Td Kc]
Molisehases: checks 
tintin641: bets $1.72
Molisehases: folds 
Uncalled bet ($1.72) returned to tintin641
tintin641 collected $5.22 from pot
tintin641: doesn't show hand 
*** SUMMARY ***
Total pot $5.50 | Rake $0.28 
Board [3h Td Kc]
Seat 5: Iseedora
Seat 1: Pigumelis folded before Flop (didn't bet)
Seat 2: tintin641 (button) collected ($5.22)
Seat 3: numapu_33 (small blind) folded before Flop
Seat 4: Molisehases (big blind) folded on the Flop
Seat 6: nikalas22 folded before Flop (didn't bet)



PokerStars Hand #254439246468:  Hold'em No Limit ($0.50/$1.00 USD) - 2025/01/18 22:43:20 WET [2025/01/18 17:43:20 ET]
Table 'Finsen III' 6-max Seat #3 is the button
Seat 5: Iseedora ($101 in chips) is sitting out
Seat 1: Pigumelis ($112.14 in chips) 
Seat 2: tintin641 ($104.22 in chips) 
Seat 3: numapu_33 ($216.29 in chips) 
Seat 4: Molisehases ($119.23 in chips) 
Seat 6: nikalas22 ($111.82 in chips) 
Molisehases: posts small blind $0.50
nikalas22: posts big blind $1
*** HOLE CARDS ***
Pigumelis: folds 
tintin641: folds 
numapu_33: folds 
Molisehases: folds 
Uncalled bet ($0.50) returned to nikalas22
nikalas22 collected $1 from pot
nikalas22: doesn't show hand 
*** SUMMARY ***
Total pot $1 | Rake $0 
Seat 5: Iseedora
Seat 1: Pigumelis folded before Flop (didn't bet)
Seat 2: tintin641 folded before Flop (didn't bet)
Seat 3: numapu_33 (button) folded before Flop (didn't bet)
Seat 4: Molisehases (small blind) folded before Flop
Seat 6: nikalas22 (big blind) collected ($1)



PokerStars Hand #254439249595:  Hold'em No Limit ($0.50/$1.00 USD) - 2025/01/18 22:43:31 WET [2025/01/18 17:43:31 ET]
Table 'Finsen III' 6-max Seat #4 is the button
Seat 5: Iseedora ($101 in chips) is sitting out
Seat 1: Pigumelis ($112.14 in chips) 
Seat 2: tintin641 ($104.22 in chips) 
Seat 3: numapu_33 ($216.29 in chips) 
Seat 4: Molisehases ($118.73 in chips) 
Seat 6: nikalas22 ($112.32 in chips) 
nikalas22: posts small blind $0.50
Pigumelis: posts big blind $1
*** HOLE CARDS ***
tintin641: raises $1.50 to $2.50
numapu_33: folds 
Molisehases: folds 
nikalas22: folds 
Pigumelis: folds 
Uncalled bet ($1.50) returned to tintin641
tintin641 collected $2.50 from pot
tintin641: doesn't show hand 
*** SUMMARY ***
Total pot $2.50 | Rake $0 
Seat 5: Iseedora
Seat 1: Pigumelis (big blind) folded before Flop
Seat 2: tintin641 collected ($2.50)
Seat 3: numapu_33 folded before Flop (didn't bet)
Seat 4: Molisehases (button) folded before Flop (didn't bet)
Seat 6: nikalas22 (small blind) folded before Flop



PokerStars Hand #254439253197:  Hold'em No Limit ($0.50/$1.00 USD) - 2025/01/18 22:43:43 WET [2025/01/18 17:43:43 ET]
Table 'Finsen III' 6-max Seat #6 is the button
Seat 5: Iseedora ($101 in chips) is sitting out
Seat 1: Pigumelis ($111.14 in chips) 
Seat 2: tintin641 ($105.72 in chips) 
Seat 3: numapu_33 ($216.29 in chips) 
Seat 4: Molisehases ($118.73 in chips) 
Seat 6: nikalas22 ($111.82 in chips) 
Pigumelis: posts small blind $0.50
tintin641: posts big blind $1
*** HOLE CARDS ***
numapu_33: folds 
Molisehases: raises $2 to $3
nikalas22: folds 
Pigumelis: folds 
tintin641: calls $2
*** FLOP *** [Js Jd 6h]
tintin641: checks 
Molisehases: checks 
*** TURN *** [Js Jd 6h] [Qh]
tintin641: checks 
Molisehases: bets $3
tintin641: calls $3
*** RIVER *** [Js Jd 6h Qh] [Tc]
tintin641: checks 
Molisehases: checks 
*** SHOW DOWN ***
tintin641: shows [4s 6s] (two pair, Jacks and Sixes)
Molisehases: mucks hand 
tintin641 collected $11.88 from pot
*** SUMMARY ***
Total pot $12.50 | Rake $0.62 
Board [Js Jd 6h Qh Tc]
Seat 5: Iseedora
Seat 1: Pigumelis (small blind) folded before Flop
Seat 2: tintin641 (big blind) showed [4s 6s] and won ($11.88) with two pair, Jacks and Sixes
Seat 3: numapu_33 folded before Flop (didn't bet)
Seat 4: Molisehases mucked
Seat 6: nikalas22 (button) folded before Flop (didn't bet)



PokerStars Hand #254439268459:  Hold'em No Limit ($0.50/$1.00 USD) - 2025/01/18 22:44:37 WET [2025/01/18 17:44:37 ET]
Table 'Finsen III' 6-max Seat #1 is the button
Seat 5: Iseedora ($101 in chips) is sitting out
Seat 1: Pigumelis ($110.64 in chips) 
Seat 2: tintin641 ($111.60 in chips) 
Seat 3: numapu_33 ($216.29 in chips) 
Seat 4: Molisehases ($112.73 in chips) 
Seat 6: nikalas22 ($111.82 in chips) 
tintin641: posts small blind $0.50
numapu_33: posts big blind $1
*** HOLE CARDS ***
Molisehases: folds 
nikalas22: raises $1.50 to $2.50
Pigumelis: folds 
tintin641: folds 
numapu_33: folds 
Uncalled bet ($1.50) returned to nikalas22
nikalas22 collected $2.50 from pot
nikalas22: doesn't show hand 
*** SUMMARY ***
Total pot $2.50 | Rake $0 
Seat 5: Iseedora
Seat 1: Pigumelis (button) folded before Flop (didn't bet)
Seat 2: tintin641 (small blind) folded before Flop
Seat 3: numapu_33 (big blind) folded before Flop
Seat 4: Molisehases folded before Flop (didn't bet)
Seat 6: nikalas22 collected ($2.50)



PokerStars Hand #254439273202:  Hold'em No Limit ($0.50/$1.00 USD) - 2025/01/18 22:44:54 WET [2025/01/18 17:44:54 ET]
Table 'Finsen III' 6-max Seat #2 is the button
Seat 5: Iseedora ($101 in chips) is sitting out
Seat 1: Pigumelis ($110.64 in chips) 
Seat 2: tintin641 ($111.10 in chips) 
Seat 3: numapu_33 ($215.29 in chips) 
Seat 4: Molisehases ($112.73 in chips) 
Seat 6: nikalas22 ($113.32 in chips) 
numapu_33: posts small blind $0.50
Molisehases: posts big blind $1
*** HOLE CARDS ***
nikalas22: folds 
Pigumelis: folds 
tintin641: folds 
numapu_33: raises $2 to $3
Molisehases: calls $2
*** FLOP *** [4h 2c 4d]
numapu_33: checks 
Molisehases: bets $2.85
numapu_33: calls $2.85
*** TURN *** [4h 2c 4d] [7s]
numapu_33: checks 
Molisehases: checks 
*** RIVER *** [4h 2c 4d 7s] [9h]
numapu_33: bets $3
Molisehases: calls $3
*** SHOW DOWN ***
numapu_33: shows [Ad 7h] (two pair, Sevens and Fours)
Molisehases: shows [8s 9d] (two pair, Nines and Fours)
Molisehases collected $16.82 from pot
*** SUMMARY ***
Total pot $17.70 | Rake $0.88 
Board [4h 2c 4d 7s 9h]
Seat 5: Iseedora
Seat 1: Pigumelis folded before Flop (didn't bet)
Seat 2: tintin641 (button) folded before Flop (didn't bet)
Seat 3: numapu_33 (small blind) showed [Ad 7h] and lost with two pair, Sevens and Fours
Seat 4: Molisehases (big blind) showed [8s 9d] and won ($16.82) with two pair, Nines and Fours
Seat 6: nikalas22 folded before Flop (didn't bet)



PokerStars Hand #254439286809:  Hold'em No Limit ($0.50/$1.00 USD) - 2025/01/18 22:45:42 WET [2025/01/18 17:45:42 ET]
Table 'Finsen III' 6-max Seat #3 is the button
Seat 5: Iseedora ($101 in chips) is sitting out
Seat 1: Pigumelis ($110.64 in chips) 
Seat 2: tintin641 ($111.10 in chips) 
Seat 3: numapu_33 ($206.44 in chips) 
Seat 4: Molisehases ($120.70 in chips) 
Seat 6: nikalas22 ($113.32 in chips) 
Molisehases: posts small blind $0.50
nikalas22: posts big blind $1
*** HOLE CARDS ***
Pigumelis: folds 
tintin641: folds 
numapu_33: raises $1.50 to $2.50
Molisehases: folds 
nikalas22: calls $1.50
*** FLOP *** [6h 6s 6d]
nikalas22: checks 
numapu_33: bets $3.92
nikalas22: folds 
Uncalled bet ($3.92) returned to numapu_33
numapu_33 collected $5.22 from pot
numapu_33: doesn't show hand 
*** SUMMARY ***
Total pot $5.50 | Rake $0.28 
Board [6h 6s 6d]
Seat 5: Iseedora
Seat 1: Pigumelis folded before Flop (didn't bet)
Seat 2: tintin641 folded before Flop (didn't bet)
Seat 3: numapu_33 (button) collected ($5.22)
Seat 4: Molisehases (small blind) folded before Flop
Seat 6: nikalas22 (big blind) folded on the Flop



PokerStars Hand #254439297969:  Hold'em No Limit ($0.50/$1.00 USD) - 2025/01/18 22:46:21 WET [2025/01/18 17:46:21 ET]
Table 'Finsen III' 6-max Seat #4 is the button
Seat 5: Iseedora ($101 in chips) is sitting out
Seat 1: Pigumelis ($110.64 in chips) 
Seat 2: tintin641 ($111.10 in chips) 
Seat 3: numapu_33 ($209.16 in chips) 
Seat 4: Molisehases ($120.20 in chips) 
Seat 6: nikalas22 ($110.82 in chips) 
nikalas22: posts small blind $0.50
Pigumelis: posts big blind $1
*** HOLE CARDS ***
tintin641: folds 
numapu_33: folds 
Molisehases: raises $2 to $3
nikalas22: folds 
Pigumelis: folds 
Uncalled bet ($2) returned to Molisehases
Molisehases collected $2.50 from pot
*** SUMMARY ***
Total pot $2.50 | Rake $0 
Seat 5: Iseedora
Seat 1: Pigumelis (big blind) folded before Flop
Seat 2: tintin641 folded before Flop (didn't bet)
Seat 3: numapu_33 folded before Flop (didn't bet)
Seat 4: Molisehases (button) collected ($2.50)
Seat 6: nikalas22 (small blind) folded before Flop



PokerStars Hand #254439304546:  Hold'em No Limit ($0.50/$1.00 USD) - 2025/01/18 22:46:44 WET [2025/01/18 17:46:44 ET]
Table 'Finsen III' 6-max Seat #6 is the button
Seat 5: Iseedora ($101 in chips) is sitting out
Seat 1: Pigumelis ($109.64 in chips) 
Seat 2: tintin641 ($111.10 in chips) 
Seat 3: numapu_33 ($209.16 in chips) 
Seat 4: Molisehases ($121.70 in chips) 
Seat 6: nikalas22 ($110.32 in chips) 
Pigumelis: posts small blind $0.50
tintin641: posts big blind $1
*** HOLE CARDS ***
numapu_33: folds 
Molisehases: raises $3 to $4
nikalas22: folds 
Pigumelis: folds 
tintin641: folds 
Uncalled bet ($3) returned to Molisehases
Molisehases collected $2.50 from pot
*** SUMMARY ***
Total pot $2.50 | Rake $0 
Seat 5: Iseedora
Seat 1: Pigumelis (small blind) folded before Flop
Seat 2: tintin641 (big blind) folded before Flop
Seat 3: numapu_33 folded before Flop (didn't bet)
Seat 4: Molisehases collected ($2.50)
Seat 6: nikalas22 (button) folded before Flop (didn't bet)



PokerStars Hand #254439313111:  Hold'em No Limit ($0.50/$1.00 USD) - 2025/01/18 22:47:14 WET [2025/01/18 17:47:14 ET]
Table 'Finsen III' 6-max Seat #1 is the button
Seat 5: Iseedora ($101 in chips) is sitting out
Seat 1: Pigumelis ($109.14 in chips) 
Seat 2: tintin641 ($110.10 in chips) 
Seat 3: numapu_33 ($209.16 in chips) 
Seat 4: Molisehases ($123.20 in chips) 
Seat 6: nikalas22 ($110.32 in chips) 
tintin641: posts small blind $0.50
numapu_33: posts big blind $1
*** HOLE CARDS ***
Molisehases: folds 
nikalas22: folds 
Pigumelis: raises $1.50 to $2.50
tintin641: raises $8.50 to $11
numapu_33: folds 
Pigumelis: calls $8.50
*** FLOP *** [Qc 9s 8c]
tintin641: bets $7.21
Pigumelis: folds 
Uncalled bet ($7.21) returned to tintin641
tintin641 collected $21.85 from pot
tintin641: doesn't show hand 
*** SUMMARY ***
Total pot $23 | Rake $1.15 
Board [Qc 9s 8c]
Seat 5: Iseedora
Seat 1: Pigumelis (button) folded on the Flop
Seat 2: tintin641 (small blind) collected ($21.85)
Seat 3: numapu_33 (big blind) folded before Flop
Seat 4: Molisehases folded before Flop (didn't bet)
Seat 6: nikalas22 folded before Flop (didn't bet)



PokerStars Hand #254439325373:  Hold'em No Limit ($0.50/$1.00 USD) - 2025/01/18 22:47:56 WET [2025/01/18 17:47:56 ET]
Table 'Finsen III' 6-max Seat #2 is the button
Seat 5: Iseedora ($101 in chips) is sitting out
Seat 1: Pigumelis ($100 in chips) 
Seat 2: tintin641 ($120.95 in chips) 
Seat 3: numapu_33 ($208.16 in chips) 
Seat 4: Molisehases ($123.20 in chips) 
Seat 6: nikalas22 ($110.32 in chips) 
numapu_33: posts small blind $0.50
Molisehases: posts big blind $1
*** HOLE CARDS ***
nikalas22: folds 
Pigumelis: folds 
tintin641: folds 
numapu_33: raises $2 to $3
Molisehases: folds 
Uncalled bet ($2) returned to numapu_33
numapu_33 collected $2 from pot
numapu_33: doesn't show hand 
*** SUMMARY ***
Total pot $2 | Rake $0 
Seat 5: Iseedora
Seat 1: Pigumelis folded before Flop (didn't bet)
Seat 2: tintin641 (button) folded before Flop (didn't bet)
Seat 3: numapu_33 (small blind) collected ($2)
Seat 4: Molisehases (big blind) folded before Flop
Seat 6: nikalas22 folded before Flop (didn't bet)



PokerStars Hand #254439330728:  Hold'em No Limit ($0.50/$1.00 USD) - 2025/01/18 22:48:15 WET [2025/01/18 17:48:15 ET]
Table 'Finsen III' 6-max Seat #3 is the button
Seat 5: Iseedora ($101 in chips) is sitting out
Seat 1: Pigumelis ($100 in chips) 
Seat 2: tintin641 ($120.95 in chips) 
Seat 3: numapu_33 ($209.16 in chips) 
Seat 4: Molisehases ($122.20 in chips) 
Seat 6: nikalas22 ($110.32 in chips) 
Molisehases: posts small blind $0.50
nikalas22: posts big blind $1
*** HOLE CARDS ***
Pigumelis: folds 
tintin641: folds 
numapu_33: raises $1.50 to $2.50
Molisehases: folds 
nikalas22: folds 
Uncalled bet ($1.50) returned to numapu_33
numapu_33 collected $2.50 from pot
numapu_33: doesn't show hand 
*** SUMMARY ***
Total pot $2.50 | Rake $0 
Seat 5: Iseedora
Seat 1: Pigumelis folded before Flop (didn't bet)
Seat 2: tintin641 folded before Flop (didn't bet)
Seat 3: numapu_33 (button) collected ($2.50)
Seat 4: Molisehases (small blind) folded before Flop
Seat 6: nikalas22 (big blind) folded before Flop



PokerStars Hand #254439338489:  Hold'em No Limit ($0.50/$1.00 USD) - 2025/01/18 22:48:42 WET [2025/01/18 17:48:42 ET]
Table 'Finsen III' 6-max Seat #4 is the button
Seat 5: Iseedora ($101 in chips) is sitting out
Seat 1: Pigumelis ($100 in chips) 
Seat 2: tintin641 ($120.95 in chips) 
Seat 3: numapu_33 ($210.66 in chips) 
Seat 4: Molisehases ($121.70 in chips) 
Seat 6: nikalas22 ($109.32 in chips) 
nikalas22: posts small blind $0.50
Pigumelis: posts big blind $1
*** HOLE CARDS ***
tintin641: folds 
numapu_33: raises $1.50 to $2.50
Molisehases: folds 
nikalas22: folds 
Pigumelis: calls $1.50
*** FLOP *** [4s Ac Qc]
Pigumelis: checks 
numapu_33: bets $6.79
Pigumelis: folds 
Uncalled bet ($6.79) returned to numapu_33
numapu_33 collected $5.22 from pot
numapu_33: doesn't show hand 
*** SUMMARY ***
Total pot $5.50 | Rake $0.28 
Board [4s Ac Qc]
Seat 5: Iseedora
Seat 1: Pigumelis (big blind) folded on the Flop
Seat 2: tintin641 folded before Flop (didn't bet)
Seat 3: numapu_33 collected ($5.22)
Seat 4: Molisehases (button) folded before Flop (didn't bet)
Seat 6: nikalas22 (small blind) folded before Flop



PokerStars Hand #254439350377:  Hold'em No Limit ($0.50/$1.00 USD) - 2025/01/18 22:49:24 WET [2025/01/18 17:49:24 ET]
Table 'Finsen III' 6-max Seat #6 is the button
Seat 5: Iseedora ($101 in chips) is sitting out
Seat 1: Pigumelis ($100 in chips) 
Seat 2: tintin641 ($120.95 in chips) 
Seat 3: numapu_33 ($213.38 in chips) 
Seat 4: Molisehases ($121.70 in chips) 
Seat 6: nikalas22 ($108.82 in chips) 
Pigumelis: posts small blind $0.50
tintin641: posts big blind $1
Iseedora: sits out 
*** HOLE CARDS ***
numapu_33: folds 
Molisehases: calls $1
nikalas22: folds 
Pigumelis: folds 
tintin641: checks 
*** FLOP *** [Qh As 5c]
tintin641: checks 
Molisehases: checks 
*** TURN *** [Qh As 5c] [Ac]
tintin641: checks 
Molisehases: checks 
*** RIVER *** [Qh As 5c Ac] [Jd]
tintin641: bets $1.19
Molisehases: folds 
Uncalled bet ($1.19) returned to tintin641
tintin641 collected $2.38 from pot
tintin641: doesn't show hand 
*** SUMMARY ***
Total pot $2.50 | Rake $0.12 
Board [Qh As 5c Ac Jd]
Seat 5: Iseedora
Seat 1: Pigumelis (small blind) folded before Flop
Seat 2: tintin641 (big blind) collected ($2.38)
Seat 3: numapu_33 folded before Flop (didn't bet)
Seat 4: Molisehases folded on the River
Seat 6: nikalas22 (button) folded before Flop (didn't bet)



PokerStars Hand #254439365424:  Hold'em No Limit ($0.50/$1.00 USD) - 2025/01/18 22:50:17 WET [2025/01/18 17:50:17 ET]
Table 'Finsen III' 6-max Seat #1 is the button
Seat 5: Iseedora ($101 in chips) is sitting out
Seat 1: Pigumelis ($100 in chips) 
Seat 2: tintin641 ($122.33 in chips) 
Seat 3: numapu_33 ($213.38 in chips) 
Seat 4: Molisehases ($120.70 in chips) 
Seat 6: nikalas22 ($108.82 in chips) 
tintin641: posts small blind $0.50
numapu_33: posts big blind $1
Iseedora: sits out 
*** HOLE CARDS ***
Molisehases: folds 
nikalas22: raises $1.50 to $2.50
Pigumelis: folds 
tintin641: folds 
numapu_33: folds 
Uncalled bet ($1.50) returned to nikalas22
nikalas22 collected $2.50 from pot
nikalas22: doesn't show hand 
*** SUMMARY ***
Total pot $2.50 | Rake $0 
Seat 5: Iseedora
Seat 1: Pigumelis (button) folded before Flop (didn't bet)
Seat 2: tintin641 (small blind) folded before Flop
Seat 3: numapu_33 (big blind) folded before Flop
Seat 4: Molisehases folded before Flop (didn't bet)
Seat 6: nikalas22 collected ($2.50)



PokerStars Hand #254439368578:  Hold'em No Limit ($0.50/$1.00 USD) - 2025/01/18 22:50:28 WET [2025/01/18 17:50:28 ET]
Table 'Finsen III' 6-max Seat #2 is the button
Seat 5: Iseedora ($101 in chips) is sitting out
Seat 1: Pigumelis ($100 in chips) 
Seat 2: tintin641 ($121.83 in chips) 
Seat 3: numapu_33 ($212.38 in chips) 
Seat 4: Molisehases ($120.70 in chips) 
Seat 6: nikalas22 ($110.32 in chips) 
numapu_33: posts small blind $0.50
Molisehases: posts big blind $1
Iseedora: sits out 
*** HOLE CARDS ***
nikalas22: folds 
Pigumelis: folds 
tintin641: folds 
numapu_33: raises $2 to $3
Molisehases: calls $2
*** FLOP *** [5d Qc Td]
numapu_33: bets $1.71
Molisehases: folds 
Uncalled bet ($1.71) returned to numapu_33
numapu_33 collected $5.70 from pot
numapu_33: doesn't show hand 
*** SUMMARY ***
Total pot $6 | Rake $0.30 
Board [5d Qc Td]
Seat 5: Iseedora
Seat 1: Pigumelis folded before Flop (didn't bet)
Seat 2: tintin641 (button) folded before Flop (didn't bet)
Seat 3: numapu_33 (small blind) collected ($5.70)
Seat 4: Molisehases (big blind) folded on the Flop
Seat 6: nikalas22 folded before Flop (didn't bet)



PokerStars Hand #254439375908:  Hold'em No Limit ($0.50/$1.00 USD) - 2025/01/18 22:50:55 WET [2025/01/18 17:50:55 ET]
Table 'Finsen III' 6-max Seat #3 is the button
Seat 1: Pigumelis ($100 in chips) 
Seat 2: tintin641 ($121.83 in chips) 
Seat 3: numapu_33 ($215.08 in chips) 
Seat 4: Molisehases ($117.70 in chips) 
Seat 5: Iseedora ($101 in chips) 
Seat 6: nikalas22 ($110.32 in chips) 
Molisehases: posts small blind $0.50
Iseedora: posts big blind $1
*** HOLE CARDS ***
nikalas22: folds 
Pigumelis: folds 
tintin641: raises $1.50 to $2.50
numapu_33: folds 
Molisehases: folds 
Iseedora: folds 
Uncalled bet ($1.50) returned to tintin641
tintin641 collected $2.50 from pot
tintin641: doesn't show hand 
*** SUMMARY ***
Total pot $2.50 | Rake $0 
Seat 1: Pigumelis folded before Flop (didn't bet)
Seat 2: tintin641 collected ($2.50)
Seat 3: numapu_33 (button) folded before Flop (didn't bet)
Seat 4: Molisehases (small blind) folded before Flop
Seat 5: Iseedora (big blind) folded before Flop
Seat 6: nikalas22 folded before Flop (didn't bet)



PokerStars Hand #254439382635:  Hold'em No Limit ($0.50/$1.00 USD) - 2025/01/18 22:51:19 WET [2025/01/18 17:51:19 ET]
Table 'Finsen III' 6-max Seat #4 is the button
Seat 1: Pigumelis ($100 in chips) 
Seat 2: tintin641 ($123.33 in chips) 
Seat 3: numapu_33 ($215.08 in chips) 
Seat 4: Molisehases ($117.20 in chips) 
Seat 5: Iseedora ($100 in chips) 
Seat 6: nikalas22 ($110.32 in chips) 
Iseedora: posts small blind $0.50
nikalas22: posts big blind $1
*** HOLE CARDS ***
Pigumelis: folds 
tintin641: folds 
numapu_33: folds 
Molisehases: folds 
Iseedora: raises $2 to $3
nikalas22: calls $2
*** FLOP *** [Ad 4h 4c]
Iseedora: checks 
nikalas22: checks 
*** TURN *** [Ad 4h 4c] [7d]
Iseedora: checks 
nikalas22: checks 
*** RIVER *** [Ad 4h 4c 7d] [Jh]
Iseedora: checks 
nikalas22: bets $1.71
Iseedora: folds 
Uncalled bet ($1.71) returned to nikalas22
nikalas22 collected $5.70 from pot
nikalas22: doesn't show hand 
*** SUMMARY ***
Total pot $6 | Rake $0.30 
Board [Ad 4h 4c 7d Jh]
Seat 1: Pigumelis folded before Flop (didn't bet)
Seat 2: tintin641 folded before Flop (didn't bet)
Seat 3: numapu_33 folded before Flop (didn't bet)
Seat 4: Molisehases (button) folded before Flop (didn't bet)
Seat 5: Iseedora (small blind) folded on the River
Seat 6: nikalas22 (big blind) collected ($5.70)



PokerStars Hand #254439397036:  Hold'em No Limit ($0.50/$1.00 USD) - 2025/01/18 22:52:10 WET [2025/01/18 17:52:10 ET]
Table 'Finsen III' 6-max Seat #5 is the button
Seat 1: Pigumelis ($100 in chips) 
Seat 2: tintin641 ($123.33 in chips) 
Seat 3: numapu_33 ($215.08 in chips) 
Seat 4: Molisehases ($117.20 in chips) 
Seat 5: Iseedora ($100 in chips) 
Seat 6: nikalas22 ($113.02 in chips) 
nikalas22: posts small blind $0.50
Pigumelis: posts big blind $1
*** HOLE CARDS ***
tintin641: folds 
numapu_33: raises $1.50 to $2.50
Molisehases: calls $2.50
Iseedora: folds 
nikalas22: raises $11.50 to $14
Pigumelis: folds 
numapu_33: folds 
Molisehases: folds 
Uncalled bet ($11.50) returned to nikalas22
nikalas22 collected $8.50 from pot
nikalas22: doesn't show hand 
*** SUMMARY ***
Total pot $8.50 | Rake $0 
Seat 1: Pigumelis (big blind) folded before Flop
Seat 2: tintin641 folded before Flop (didn't bet)
Seat 3: numapu_33 folded before Flop
Seat 4: Molisehases folded before Flop
Seat 5: Iseedora (button) folded before Flop (didn't bet)
Seat 6: nikalas22 (small blind) collected ($8.50)



PokerStars Hand #254439408416:  Hold'em No Limit ($0.50/$1.00 USD) - 2025/01/18 22:52:51 WET [2025/01/18 17:52:51 ET]
Table 'Finsen III' 6-max Seat #6 is the button
Seat 1: Pigumelis ($100 in chips) 
Seat 2: tintin641 ($123.33 in chips) 
Seat 3: numapu_33 ($212.58 in chips) 
Seat 4: Molisehases ($114.70 in chips) 
Seat 5: Iseedora ($100 in chips) 
Seat 6: nikalas22 ($119.02 in chips) 
Pigumelis: posts small blind $0.50
tintin641: posts big blind $1
*** HOLE CARDS ***
numapu_33: raises $1.50 to $2.50
Molisehases: folds 
Iseedora: folds 
nikalas22: folds 
Pigumelis: folds 
tintin641: folds 
Uncalled bet ($1.50) returned to numapu_33
numapu_33 collected $2.50 from pot
numapu_33: doesn't show hand 
*** SUMMARY ***
Total pot $2.50 | Rake $0 
Seat 1: Pigumelis (small blind) folded before Flop
Seat 2: tintin641 (big blind) folded before Flop
Seat 3: numapu_33 collected ($2.50)
Seat 4: Molisehases folded before Flop (didn't bet)
Seat 5: Iseedora folded before Flop (didn't bet)
Seat 6: nikalas22 (button) folded before Flop (didn't bet)



PokerStars Hand #254439415423:  Hold'em No Limit ($0.50/$1.00 USD) - 2025/01/18 22:53:16 WET [2025/01/18 17:53:16 ET]
Table 'Finsen III' 6-max Seat #1 is the button
Seat 1: Pigumelis ($100 in chips) 
Seat 2: tintin641 ($122.33 in chips) 
Seat 3: numapu_33 ($214.08 in chips) 
Seat 4: Molisehases ($114.70 in chips) 
Seat 5: Iseedora ($100 in chips) 
Seat 6: nikalas22 ($119.02 in chips) 
tintin641: posts small blind $0.50
numapu_33: posts big blind $1
*** HOLE CARDS ***
Molisehases: raises $2 to $3
Iseedora: folds 
nikalas22: folds 
Pigumelis: folds 
tintin641: folds 
numapu_33: folds 
Uncalled bet ($2) returned to Molisehases
Molisehases collected $2.50 from pot
*** SUMMARY ***
Total pot $2.50 | Rake $0 
Seat 1: Pigumelis (button) folded before Flop (didn't bet)
Seat 2: tintin641 (small blind) folded before Flop
Seat 3: numapu_33 (big blind) folded before Flop
Seat 4: Molisehases collected ($2.50)
Seat 5: Iseedora folded before Flop (didn't bet)
Seat 6: nikalas22 folded before Flop (didn't bet)



PokerStars Hand #254439419122:  Hold'em No Limit ($0.50/$1.00 USD) - 2025/01/18 22:53:29 WET [2025/01/18 17:53:29 ET]
Table 'Finsen III' 6-max Seat #2 is the button
Seat 1: Pigumelis ($100 in chips) 
Seat 2: tintin641 ($121.83 in chips) 
Seat 3: numapu_33 ($213.08 in chips) 
Seat 4: Molisehases ($116.20 in chips) 
Seat 5: Iseedora ($100 in chips) 
Seat 6: nikalas22 ($119.02 in chips) 
numapu_33: posts small blind $0.50
Molisehases: posts big blind $1
*** HOLE CARDS ***
Iseedora: folds 
nikalas22: folds 
Pigumelis: raises $1.10 to $2.10
tintin641: folds 
numapu_33: folds 
Molisehases: calls $1.10
*** FLOP *** [2d 8s 8d]
Molisehases: checks 
Pigumelis: bets $1.47
Molisehases: folds 
Uncalled bet ($1.47) returned to Pigumelis
Pigumelis collected $4.46 from pot
Pigumelis: doesn't show hand 
*** SUMMARY ***
Total pot $4.70 | Rake $0.24 
Board [2d 8s 8d]
Seat 1: Pigumelis collected ($4.46)
Seat 2: tintin641 (button) folded before Flop (didn't bet)
Seat 3: numapu_33 (small blind) folded before Flop
Seat 4: Molisehases (big blind) folded on the Flop
Seat 5: Iseedora folded before Flop (didn't bet)
Seat 6: nikalas22 folded before Flop (didn't bet)



PokerStars Hand #254439425557:  Hold'em No Limit ($0.50/$1.00 USD) - 2025/01/18 22:53:53 WET [2025/01/18 17:53:53 ET]
Table 'Finsen III' 6-max Seat #3 is the button
Seat 1: Pigumelis ($102.36 in chips) 
Seat 2: tintin641 ($121.83 in chips) 
Seat 3: numapu_33 ($212.58 in chips) 
Seat 4: Molisehases ($114.10 in chips) 
Seat 5: Iseedora ($100 in chips) 
Seat 6: nikalas22 ($119.02 in chips) 
Molisehases: posts small blind $0.50
Iseedora: posts big blind $1
*** HOLE CARDS ***
nikalas22: folds 
Pigumelis: folds 
tintin641: folds 
numapu_33: folds 
Molisehases: raises $3 to $4
Iseedora: calls $3
*** FLOP *** [8h 7c 3h]
Molisehases: bets $3
Iseedora: folds 
Uncalled bet ($3) returned to Molisehases
Molisehases collected $7.60 from pot
*** SUMMARY ***
Total pot $8 | Rake $0.40 
Board [8h 7c 3h]
Seat 1: Pigumelis folded before Flop (didn't bet)
Seat 2: tintin641 folded before Flop (didn't bet)
Seat 3: numapu_33 (button) folded before Flop (didn't bet)
Seat 4: Molisehases (small blind) collected ($7.60)
Seat 5: Iseedora (big blind) folded on the Flop
Seat 6: nikalas22 folded before Flop (didn't bet)



PokerStars Hand #254439435268:  Hold'em No Limit ($0.50/$1.00 USD) - 2025/01/18 22:54:28 WET [2025/01/18 17:54:28 ET]
Table 'Finsen III' 6-max Seat #4 is the button
Seat 1: Pigumelis ($102.36 in chips) 
Seat 2: tintin641 ($121.83 in chips) 
Seat 3: numapu_33 ($212.58 in chips) 
Seat 4: Molisehases ($117.70 in chips) 
Seat 5: Iseedora ($100 in chips) 
Seat 6: nikalas22 ($119.02 in chips) 
Iseedora: posts small blind $0.50
nikalas22: posts big blind $1
*** HOLE CARDS ***
Pigumelis: folds 
tintin641: folds 
numapu_33: raises $1.50 to $2.50
Molisehases: raises $5.50 to $8
Iseedora: folds 
nikalas22: folds 
numapu_33: folds 
Uncalled bet ($5.50) returned to Molisehases
Molisehases collected $6.50 from pot
*** SUMMARY ***
Total pot $6.50 | Rake $0 
Seat 1: Pigumelis folded before Flop (didn't bet)
Seat 2: tintin641 folded before Flop (didn't bet)
Seat 3: numapu_33 folded before Flop
Seat 4: Molisehases (button) collected ($6.50)
Seat 5: Iseedora (small blind) folded before Flop
Seat 6: nikalas22 (big blind) folded before Flop



PokerStars Hand #254439442779:  Hold'em No Limit ($0.50/$1.00 USD) - 2025/01/18 22:54:55 WET [2025/01/18 17:54:55 ET]
Table 'Finsen III' 6-max Seat #5 is the button
Seat 1: Pigumelis ($102.36 in chips) 
Seat 2: tintin641 ($121.83 in chips) 
Seat 3: numapu_33 ($210.08 in chips) 
Seat 4: Molisehases ($121.70 in chips) 
Seat 5: Iseedora ($100 in chips) 
Seat 6: nikalas22 ($118.02 in chips) 
nikalas22: posts small blind $0.50
Pigumelis: posts big blind $1
*** HOLE CARDS ***
tintin641: folds 
numapu_33: folds 
Molisehases: folds 
Iseedora: folds 
nikalas22: folds 
Uncalled bet ($0.50) returned to Pigumelis
Pigumelis collected $1 from pot
Pigumelis: doesn't show hand 
*** SUMMARY ***
Total pot $1 | Rake $0 
Seat 1: Pigumelis (big blind) collected ($1)
Seat 2: tintin641 folded before Flop (didn't bet)
Seat 3: numapu_33 folded before Flop (didn't bet)
Seat 4: Molisehases folded before Flop (didn't bet)
Seat 5: Iseedora (button) folded before Flop (didn't bet)
Seat 6: nikalas22 (small blind) folded before Flop



PokerStars Hand #254439447486:  Hold'em No Limit ($0.50/$1.00 USD) - 2025/01/18 22:55:15 WET [2025/01/18 17:55:15 ET]
Table 'Finsen III' 6-max Seat #6 is the button
Seat 1: Pigumelis ($102.86 in chips) 
Seat 2: tintin641 ($121.83 in chips) 
Seat 3: numapu_33 ($210.08 in chips) 
Seat 4: Molisehases ($121.70 in chips) 
Seat 5: Iseedora ($100 in chips) 
Seat 6: nikalas22 ($117.52 in chips) 
Pigumelis: posts small blind $0.50
tintin641: posts big blind $1
*** HOLE CARDS ***
numapu_33: raises $1.50 to $2.50
Molisehases: calls $2.50
Iseedora: folds 
nikalas22: folds 
Pigumelis: folds 
tintin641: calls $1.50
*** FLOP *** [Kh 3s 8c]
tintin641: checks 
numapu_33: bets $2.28
Molisehases: calls $2.28
tintin641: folds 
*** TURN *** [Kh 3s 8c] [6s]
numapu_33: checks 
Molisehases: bets $3
numapu_33: folds 
Uncalled bet ($3) returned to Molisehases
Molisehases collected $11.93 from pot
*** SUMMARY ***
Total pot $12.56 | Rake $0.63 
Board [Kh 3s 8c 6s]
Seat 1: Pigumelis (small blind) folded before Flop
Seat 2: tintin641 (big blind) folded on the Flop
Seat 3: numapu_33 folded on the Turn
Seat 4: Molisehases collected ($11.93)
Seat 5: Iseedora folded before Flop (didn't bet)
Seat 6: nikalas22 (button) folded before Flop (didn't bet)



PokerStars Hand #254439461610:  Hold'em No Limit ($0.50/$1.00 USD) - 2025/01/18 22:56:26 WET [2025/01/18 17:56:26 ET]
Table 'Finsen III' 6-max Seat #1 is the button
Seat 1: Pigumelis ($102.36 in chips) 
Seat 2: tintin641 ($119.33 in chips) 
Seat 3: numapu_33 ($205.30 in chips) 
Seat 4: Molisehases ($128.85 in chips) 
Seat 5: Iseedora ($100 in chips) 
Seat 6: nikalas22 ($117.52 in chips) 
tintin641: posts small blind $0.50
numapu_33: posts big blind $1
*** HOLE CARDS ***
Molisehases: raises $2 to $3
Iseedora: folds 
nikalas22: folds 
Pigumelis: raises $6 to $9
tintin641: folds 
numapu_33: folds 
Molisehases: folds 
Uncalled bet ($6) returned to Pigumelis
Pigumelis collected $7.50 from pot
Pigumelis: doesn't show hand 
*** SUMMARY ***
Total pot $7.50 | Rake $0 
Seat 1: Pigumelis (button) collected ($7.50)
Seat 2: tintin641 (small blind) folded before Flop
Seat 3: numapu_33 (big blind) folded before Flop
Seat 4: Molisehases folded before Flop
Seat 5: Iseedora folded before Flop (didn't bet)
Seat 6: nikalas22 folded before Flop (didn't bet)



PokerStars Hand #254439466780:  Hold'em No Limit ($0.50/$1.00 USD) - 2025/01/18 22:56:52 WET [2025/01/18 17:56:52 ET]
Table 'Finsen III' 6-max Seat #2 is the button
Seat 1: Pigumelis ($106.86 in chips) 
Seat 2: tintin641 ($118.83 in chips) 
Seat 3: numapu_33 ($204.30 in chips) 
Seat 4: Molisehases ($125.85 in chips) 
Seat 5: Iseedora ($100 in chips) 
Seat 6: nikalas22 ($117.52 in chips) 
numapu_33: posts small blind $0.50
Molisehases: posts big blind $1
*** HOLE CARDS ***
Iseedora: folds 
nikalas22: raises $1.50 to $2.50
Pigumelis: folds 
tintin641: folds 
numapu_33: folds 
Molisehases: folds 
Uncalled bet ($1.50) returned to nikalas22
nikalas22 collected $2.50 from pot
nikalas22: doesn't show hand 
*** SUMMARY ***
Total pot $2.50 | Rake $0 
Seat 1: Pigumelis folded before Flop (didn't bet)
Seat 2: tintin641 (button) folded before Flop (didn't bet)
Seat 3: numapu_33 (small blind) folded before Flop
Seat 4: Molisehases (big blind) folded before Flop
Seat 5: Iseedora folded before Flop (didn't bet)
Seat 6: nikalas22 collected ($2.50)



PokerStars Hand #254439471409:  Hold'em No Limit ($0.50/$1.00 USD) - 2025/01/18 22:57:15 WET [2025/01/18 17:57:15 ET]
Table 'Finsen III' 6-max Seat #3 is the button
Seat 1: Pigumelis ($106.86 in chips) 
Seat 2: tintin641 ($118.83 in chips) 
Seat 3: numapu_33 ($203.80 in chips) 
Seat 4: Molisehases ($124.85 in chips) 
Seat 5: Iseedora ($100 in chips) 
Seat 6: nikalas22 ($119.02 in chips) 
Molisehases: posts small blind $0.50
Iseedora: posts big blind $1
*** HOLE CARDS ***
nikalas22: raises $1.50 to $2.50
Pigumelis: folds 
tintin641: raises $5 to $7.50
numapu_33: folds 
Molisehases: folds 
Iseedora: folds 
nikalas22: raises $13.50 to $21
tintin641: folds 
Uncalled bet ($13.50) returned to nikalas22
nikalas22 collected $16.50 from pot
nikalas22: doesn't show hand 
*** SUMMARY ***
Total pot $16.50 | Rake $0 
Seat 1: Pigumelis folded before Flop (didn't bet)
Seat 2: tintin641 folded before Flop
Seat 3: numapu_33 (button) folded before Flop (didn't bet)
Seat 4: Molisehases (small blind) folded before Flop
Seat 5: Iseedora (big blind) folded before Flop
Seat 6: nikalas22 collected ($16.50)



PokerStars Hand #254439478167:  Hold'em No Limit ($0.50/$1.00 USD) - 2025/01/18 22:57:48 WET [2025/01/18 17:57:48 ET]
Table 'Finsen III' 6-max Seat #4 is the button
Seat 1: Pigumelis ($106.86 in chips) 
Seat 2: tintin641 ($111.33 in chips) 
Seat 3: numapu_33 ($203.80 in chips) 
Seat 4: Molisehases ($124.35 in chips) 
Seat 5: Iseedora ($100 in chips) 
Seat 6: nikalas22 ($128.02 in chips) 
Iseedora: posts small blind $0.50
nikalas22: posts big blind $1
*** HOLE CARDS ***
Pigumelis: folds 
tintin641: raises $1.50 to $2.50
numapu_33: folds 
Molisehases: calls $2.50
Iseedora: folds 
nikalas22: folds 
*** FLOP *** [8s 7c 6h]
tintin641: checks 
Molisehases: checks 
*** TURN *** [8s 7c 6h] [3d]
tintin641: bets $2.04
Molisehases: folds 
Uncalled bet ($2.04) returned to tintin641
tintin641 collected $6.18 from pot
tintin641: doesn't show hand 
*** SUMMARY ***
Total pot $6.50 | Rake $0.32 
Board [8s 7c 6h 3d]
Seat 1: Pigumelis folded before Flop (didn't bet)
Seat 2: tintin641 collected ($6.18)
Seat 3: numapu_33 folded before Flop (didn't bet)
Seat 4: Molisehases (button) folded on the Turn
Seat 5: Iseedora (small blind) folded before Flop
Seat 6: nikalas22 (big blind) folded before Flop



PokerStars Hand #254439488156:  Hold'em No Limit ($0.50/$1.00 USD) - 2025/01/18 22:58:37 WET [2025/01/18 17:58:37 ET]
Table 'Finsen III' 6-max Seat #5 is the button
Seat 1: Pigumelis ($106.86 in chips) 
Seat 2: tintin641 ($115.01 in chips) 
Seat 3: numapu_33 ($203.80 in chips) 
Seat 4: Molisehases ($121.85 in chips) 
Seat 5: Iseedora ($100 in chips) 
Seat 6: nikalas22 ($127.02 in chips) 
nikalas22: posts small blind $0.50
Pigumelis: posts big blind $1
*** HOLE CARDS ***
tintin641: folds 
numapu_33: folds 
Molisehases: folds 
Iseedora: folds 
nikalas22: folds 
Uncalled bet ($0.50) returned to Pigumelis
Pigumelis collected $1 from pot
Pigumelis: doesn't show hand 
*** SUMMARY ***
Total pot $1 | Rake $0 
Seat 1: Pigumelis (big blind) collected ($1)
Seat 2: tintin641 folded before Flop (didn't bet)
Seat 3: numapu_33 folded before Flop (didn't bet)
Seat 4: Molisehases folded before Flop (didn't bet)
Seat 5: Iseedora (button) folded before Flop (didn't bet)
Seat 6: nikalas22 (small blind) folded before Flop



PokerStars Hand #254439608869:  Hold'em No Limit ($0.50/$1.00 USD) - 2025/01/18 23:06:40 WET [2025/01/18 18:06:40 ET]
Table 'Finsen III' 6-max Seat #1 is the button
Seat 1: Pigumelis ($122.47 in chips) 
Seat 2: tintin641 ($116.51 in chips) 
Seat 3: numapu_33 ($210.06 in chips) 
Seat 4: Molisehases ($115.45 in chips) 
Seat 5: Iseedora ($100 in chips) 
Seat 6: nikalas22 ($110.36 in chips) 
tintin641: posts small blind $0.50
numapu_33: posts big blind $1
*** HOLE CARDS ***
Molisehases: raises $2 to $3
Iseedora: folds 
nikalas22: folds 
Pigumelis: folds 
tintin641: folds 
numapu_33: folds 
Uncalled bet ($2) returned to Molisehases
Molisehases collected $2.50 from pot
*** SUMMARY ***
Total pot $2.50 | Rake $0 
Seat 1: Pigumelis (button) folded before Flop (didn't bet)
Seat 2: tintin641 (small blind) folded before Flop
Seat 3: numapu_33 (big blind) folded before Flop
Seat 4: Molisehases collected ($2.50)
Seat 5: Iseedora folded before Flop (didn't bet)
Seat 6: nikalas22 folded before Flop (didn't bet)



PokerStars Hand #254439616004:  Hold'em No Limit ($0.50/$1.00 USD) - 2025/01/18 23:07:05 WET [2025/01/18 18:07:05 ET]
Table 'Finsen III' 6-max Seat #2 is the button
Seat 1: Pigumelis ($122.47 in chips) 
Seat 2: tintin641 ($116.01 in chips) 
Seat 3: numapu_33 ($209.06 in chips) 
Seat 4: Molisehases ($116.95 in chips) 
Seat 5: Iseedora ($100 in chips) 
Seat 6: nikalas22 ($110.36 in chips) 
numapu_33: posts small blind $0.50
Molisehases: posts big blind $1
*** HOLE CARDS ***
Iseedora: raises $1.20 to $2.20
nikalas22: folds 
Pigumelis: folds 
tintin641: folds 
numapu_33: folds 
Molisehases: folds 
Uncalled bet ($1.20) returned to Iseedora
Iseedora collected $2.50 from pot
Iseedora: doesn't show hand 
*** SUMMARY ***
Total pot $2.50 | Rake $0 
Seat 1: Pigumelis folded before Flop (didn't bet)
Seat 2: tintin641 (button) folded before Flop (didn't bet)
Seat 3: numapu_33 (small blind) folded before Flop
Seat 4: Molisehases (big blind) folded before Flop
Seat 5: Iseedora collected ($2.50)
Seat 6: nikalas22 folded before Flop (didn't bet)



PokerStars Hand #254439621988:  Hold'em No Limit ($0.50/$1.00 USD) - 2025/01/18 23:07:27 WET [2025/01/18 18:07:27 ET]
Table 'Finsen III' 6-max Seat #3 is the button
Seat 1: Pigumelis ($122.47 in chips) 
Seat 2: tintin641 ($116.01 in chips) 
Seat 3: numapu_33 ($208.56 in chips) 
Seat 4: Molisehases ($115.95 in chips) 
Seat 5: Iseedora ($101.50 in chips) 
Seat 6: nikalas22 ($110.36 in chips) 
Molisehases: posts small blind $0.50
Iseedora: posts big blind $1
*** HOLE CARDS ***
nikalas22: folds 
Pigumelis: folds 
tintin641: folds 
numapu_33: folds 
Molisehases: calls $0.50
Iseedora: checks 
*** FLOP *** [5d 2h 3c]
Molisehases: checks 
Iseedora: checks 
*** TURN *** [5d 2h 3c] [9d]
Molisehases: checks 
Iseedora: checks 
*** RIVER *** [5d 2h 3c 9d] [6d]
Molisehases: bets $1.90
Iseedora: raises $4.10 to $6
Molisehases: folds 
Uncalled bet ($4.10) returned to Iseedora
Iseedora collected $5.51 from pot
Iseedora: doesn't show hand 
*** SUMMARY ***
Total pot $5.80 | Rake $0.29 
Board [5d 2h 3c 9d 6d]
Seat 1: Pigumelis folded before Flop (didn't bet)
Seat 2: tintin641 folded before Flop (didn't bet)
Seat 3: numapu_33 (button) folded before Flop (didn't bet)
Seat 4: Molisehases (small blind) folded on the River
Seat 5: Iseedora (big blind) collected ($5.51)
Seat 6: nikalas22 folded before Flop (didn't bet)



PokerStars Hand #254439642578:  Hold'em No Limit ($0.50/$1.00 USD) - 2025/01/18 23:08:42 WET [2025/01/18 18:08:42 ET]
Table 'Finsen III' 6-max Seat #4 is the button
Seat 1: Pigumelis ($122.47 in chips) 
Seat 2: tintin641 ($116.01 in chips) 
Seat 3: numapu_33 ($208.56 in chips) 
Seat 4: Molisehases ($113.05 in chips) 
Seat 5: Iseedora ($104.11 in chips) 
Seat 6: nikalas22 ($110.36 in chips) 
Iseedora: posts small blind $0.50
nikalas22: posts big blind $1
*** HOLE CARDS ***
Pigumelis: folds 
tintin641: folds 
numapu_33: folds 
Molisehases: folds 
Iseedora: raises $2 to $3
nikalas22: folds 
Uncalled bet ($2) returned to Iseedora
Iseedora collected $2 from pot
Iseedora: doesn't show hand 
*** SUMMARY ***
Total pot $2 | Rake $0 
Seat 1: Pigumelis folded before Flop (didn't bet)
Seat 2: tintin641 folded before Flop (didn't bet)
Seat 3: numapu_33 folded before Flop (didn't bet)
Seat 4: Molisehases (button) folded before Flop (didn't bet)
Seat 5: Iseedora (small blind) collected ($2)
Seat 6: nikalas22 (big blind) folded before Flop



PokerStars Hand #254439646341:  Hold'em No Limit ($0.50/$1.00 USD) - 2025/01/18 23:08:56 WET [2025/01/18 18:08:56 ET]
Table 'Finsen III' 6-max Seat #5 is the button
Seat 1: Pigumelis ($122.47 in chips) 
Seat 2: tintin641 ($116.01 in chips) 
Seat 3: numapu_33 ($208.56 in chips) 
Seat 4: Molisehases ($113.05 in chips) 
Seat 5: Iseedora ($105.11 in chips) 
Seat 6: nikalas22 ($109.36 in chips) 
nikalas22: posts small blind $0.50
Pigumelis: posts big blind $1
*** HOLE CARDS ***
tintin641: folds 
numapu_33: folds 
Molisehases: raises $2 to $3
Iseedora: folds 
nikalas22: folds 
Pigumelis: folds 
Uncalled bet ($2) returned to Molisehases
Molisehases collected $2.50 from pot
*** SUMMARY ***
Total pot $2.50 | Rake $0 
Seat 1: Pigumelis (big blind) folded before Flop
Seat 2: tintin641 folded before Flop (didn't bet)
Seat 3: numapu_33 folded before Flop (didn't bet)
Seat 4: Molisehases collected ($2.50)
Seat 5: Iseedora (button) folded before Flop (didn't bet)
Seat 6: nikalas22 (small blind) folded before Flop



PokerStars Hand #254439651625:  Hold'em No Limit ($0.50/$1.00 USD) - 2025/01/18 23:09:15 WET [2025/01/18 18:09:15 ET]
Table 'Finsen III' 6-max Seat #6 is the button
Seat 1: Pigumelis ($121.47 in chips) 
Seat 2: tintin641 ($116.01 in chips) 
Seat 3: numapu_33 ($208.56 in chips) 
Seat 4: Molisehases ($114.55 in chips) 
Seat 5: Iseedora ($105.11 in chips) 
Seat 6: nikalas22 ($108.86 in chips) 
Pigumelis: posts small blind $0.50
tintin641: posts big blind $1
*** HOLE CARDS ***
numapu_33: folds 
Molisehases: calls $1
Iseedora: folds 
nikalas22: folds 
Pigumelis: folds 
tintin641: checks 
*** FLOP *** [3c 3s 6h]
tintin641: checks 
Molisehases: bets $1
tintin641: calls $1
*** TURN *** [3c 3s 6h] [9h]
tintin641: checks 
Molisehases: checks 
*** RIVER *** [3c 3s 6h 9h] [4s]
tintin641: checks 
Molisehases: checks 
*** SHOW DOWN ***
tintin641: shows [6c 9s] (two pair, Nines and Sixes)
Molisehases: mucks hand 
tintin641 collected $4.28 from pot
*** SUMMARY ***
Total pot $4.50 | Rake $0.22 
Board [3c 3s 6h 9h 4s]
Seat 1: Pigumelis (small blind) folded before Flop
Seat 2: tintin641 (big blind) showed [6c 9s] and won ($4.28) with two pair, Nines and Sixes
Seat 3: numapu_33 folded before Flop (didn't bet)
Seat 4: Molisehases mucked
Seat 5: Iseedora folded before Flop (didn't bet)
Seat 6: nikalas22 (button) folded before Flop (didn't bet)



PokerStars Hand #254439664767:  Hold'em No Limit ($0.50/$1.00 USD) - 2025/01/18 23:10:03 WET [2025/01/18 18:10:03 ET]
Table 'Finsen III' 6-max Seat #1 is the button
Seat 1: Pigumelis ($120.97 in chips) 
Seat 2: tintin641 ($118.29 in chips) 
Seat 3: numapu_33 ($208.56 in chips) 
Seat 4: Molisehases ($112.55 in chips) 
Seat 5: Iseedora ($105.11 in chips) 
Seat 6: nikalas22 ($108.86 in chips) 
tintin641: posts small blind $0.50
numapu_33: posts big blind $1
*** HOLE CARDS ***
Molisehases: calls $1
Iseedora: folds 
nikalas22: raises $1.50 to $2.50
Pigumelis: folds 
tintin641: folds 
numapu_33: folds 
Molisehases: folds 
Uncalled bet ($1.50) returned to nikalas22
nikalas22 collected $3.50 from pot
nikalas22: doesn't show hand 
*** SUMMARY ***
Total pot $3.50 | Rake $0 
Seat 1: Pigumelis (button) folded before Flop (didn't bet)
Seat 2: tintin641 (small blind) folded before Flop
Seat 3: numapu_33 (big blind) folded before Flop
Seat 4: Molisehases folded before Flop
Seat 5: Iseedora folded before Flop (didn't bet)
Seat 6: nikalas22 collected ($3.50)



PokerStars Hand #254439669047:  Hold'em No Limit ($0.50/$1.00 USD) - 2025/01/18 23:10:19 WET [2025/01/18 18:10:19 ET]
Table 'Finsen III' 6-max Seat #2 is the button
Seat 1: Pigumelis ($120.97 in chips) 
Seat 2: tintin641 ($117.79 in chips) 
Seat 3: numapu_33 ($207.56 in chips) 
Seat 4: Molisehases ($111.55 in chips) 
Seat 5: Iseedora ($105.11 in chips) 
Seat 6: nikalas22 ($111.36 in chips) 
numapu_33: posts small blind $0.50
Molisehases: posts big blind $1
*** HOLE CARDS ***
Iseedora: raises $1.20 to $2.20
nikalas22: folds 
Pigumelis: folds 
tintin641: folds 
numapu_33: folds 
Molisehases: folds 
Uncalled bet ($1.20) returned to Iseedora
Iseedora collected $2.50 from pot
Iseedora: doesn't show hand 
*** SUMMARY ***
Total pot $2.50 | Rake $0 
Seat 1: Pigumelis folded before Flop (didn't bet)
Seat 2: tintin641 (button) folded before Flop (didn't bet)
Seat 3: numapu_33 (small blind) folded before Flop
Seat 4: Molisehases (big blind) folded before Flop
Seat 5: Iseedora collected ($2.50)
Seat 6: nikalas22 folded before Flop (didn't bet)



PokerStars Hand #254439675175:  Hold'em No Limit ($0.50/$1.00 USD) - 2025/01/18 23:10:42 WET [2025/01/18 18:10:42 ET]
Table 'Finsen III' 6-max Seat #3 is the button
Seat 1: Pigumelis ($120.97 in chips) 
Seat 2: tintin641 ($117.79 in chips) 
Seat 3: numapu_33 ($207.06 in chips) 
Seat 4: Molisehases ($110.55 in chips) 
Seat 5: Iseedora ($106.61 in chips) 
Seat 6: nikalas22 ($111.36 in chips) 
Molisehases: posts small blind $0.50
Iseedora: posts big blind $1
*** HOLE CARDS ***
nikalas22: folds 
Pigumelis: folds 
tintin641: folds 
numapu_33: folds 
Molisehases: raises $2 to $3
Iseedora: calls $2
*** FLOP *** [4s 3h Kd]
Molisehases: bets $2.85
Iseedora: folds 
Uncalled bet ($2.85) returned to Molisehases
Molisehases collected $5.70 from pot
*** SUMMARY ***
Total pot $6 | Rake $0.30 
Board [4s 3h Kd]
Seat 1: Pigumelis folded before Flop (didn't bet)
Seat 2: tintin641 folded before Flop (didn't bet)
Seat 3: numapu_33 (button) folded before Flop (didn't bet)
Seat 4: Molisehases (small blind) collected ($5.70)
Seat 5: Iseedora (big blind) folded on the Flop
Seat 6: nikalas22 folded before Flop (didn't bet)



PokerStars Hand #254439689283:  Hold'em No Limit ($0.50/$1.00 USD) - 2025/01/18 23:11:33 WET [2025/01/18 18:11:33 ET]
Table 'Finsen III' 6-max Seat #4 is the button
Seat 1: Pigumelis ($120.97 in chips) 
Seat 2: tintin641 ($117.79 in chips) 
Seat 3: numapu_33 ($207.06 in chips) 
Seat 4: Molisehases ($113.25 in chips) 
Seat 5: Iseedora ($103.61 in chips) 
Seat 6: nikalas22 ($111.36 in chips) 
Iseedora: posts small blind $0.50
nikalas22: posts big blind $1
*** HOLE CARDS ***
Pigumelis: folds 
tintin641: raises $1.50 to $2.50
numapu_33: folds 
Molisehases: calls $2.50
Iseedora: raises $11.50 to $14
nikalas22: folds 
tintin641: folds 
Molisehases: folds 
Uncalled bet ($11.50) returned to Iseedora
Iseedora collected $8.50 from pot
Iseedora: doesn't show hand 
*** SUMMARY ***
Total pot $8.50 | Rake $0 
Seat 1: Pigumelis folded before Flop (didn't bet)
Seat 2: tintin641 folded before Flop
Seat 3: numapu_33 folded before Flop (didn't bet)
Seat 4: Molisehases (button) folded before Flop
Seat 5: Iseedora (small blind) collected ($8.50)
Seat 6: nikalas22 (big blind) folded before Flop



PokerStars Hand #254439696961:  Hold'em No Limit ($0.50/$1.00 USD) - 2025/01/18 23:12:02 WET [2025/01/18 18:12:02 ET]
Table 'Finsen III' 6-max Seat #5 is the button
Seat 1: Pigumelis ($120.97 in chips) 
Seat 2: tintin641 ($115.29 in chips) 
Seat 3: numapu_33 ($207.06 in chips) 
Seat 4: Molisehases ($110.75 in chips) 
Seat 5: Iseedora ($109.61 in chips) 
Seat 6: nikalas22 ($110.36 in chips) 
nikalas22: posts small blind $0.50
Pigumelis: posts big blind $1
*** HOLE CARDS ***
tintin641: folds 
numapu_33: folds 
Molisehases: calls $1
Iseedora: raises $2 to $3
nikalas22: folds 
Pigumelis: calls $2
Molisehases: calls $2
*** FLOP *** [6d 8d 3h]
Pigumelis: bets $2.98
Molisehases: folds 
Iseedora: folds 
Uncalled bet ($2.98) returned to Pigumelis
Pigumelis collected $9.02 from pot
Pigumelis: doesn't show hand 
*** SUMMARY ***
Total pot $9.50 | Rake $0.48 
Board [6d 8d 3h]
Seat 1: Pigumelis (big blind) collected ($9.02)
Seat 2: tintin641 folded before Flop (didn't bet)
Seat 3: numapu_33 folded before Flop (didn't bet)
Seat 4: Molisehases folded on the Flop
Seat 5: Iseedora (button) folded on the Flop
Seat 6: nikalas22 (small blind) folded before Flop



PokerStars Hand #254439712109:  Hold'em No Limit ($0.50/$1.00 USD) - 2025/01/18 23:12:57 WET [2025/01/18 18:12:57 ET]
Table 'Finsen III' 6-max Seat #6 is the button
Seat 1: Pigumelis ($126.99 in chips) 
Seat 2: tintin641 ($115.29 in chips) 
Seat 3: numapu_33 ($207.06 in chips) 
Seat 4: Molisehases ($107.75 in chips) 
Seat 5: Iseedora ($106.61 in chips) 
Seat 6: nikalas22 ($109.86 in chips) 
Pigumelis: posts small blind $0.50
tintin641: posts big blind $1
*** HOLE CARDS ***
numapu_33: folds 
Molisehases: folds 
Iseedora: raises $1.50 to $2.50
nikalas22: raises $5.50 to $8
Pigumelis: raises $12 to $20
tintin641: folds 
Iseedora: folds 
nikalas22: folds 
Uncalled bet ($12) returned to Pigumelis
Pigumelis collected $19.50 from pot
Pigumelis: doesn't show hand 
*** SUMMARY ***
Total pot $19.50 | Rake $0 
Seat 1: Pigumelis (small blind) collected ($19.50)
Seat 2: tintin641 (big blind) folded before Flop
Seat 3: numapu_33 folded before Flop (didn't bet)
Seat 4: Molisehases folded before Flop (didn't bet)
Seat 5: Iseedora folded before Flop
Seat 6: nikalas22 (button) folded before Flop



PokerStars Hand #254439720058:  Hold'em No Limit ($0.50/$1.00 USD) - 2025/01/18 23:13:26 WET [2025/01/18 18:13:26 ET]
Table 'Finsen III' 6-max Seat #1 is the button
Seat 1: Pigumelis ($138.49 in chips) 
Seat 2: tintin641 ($114.29 in chips) 
Seat 3: numapu_33 ($207.06 in chips) 
Seat 4: Molisehases ($107.75 in chips) 
Seat 5: Iseedora ($104.11 in chips) 
Seat 6: nikalas22 ($101.86 in chips) 
tintin641: posts small blind $0.50
numapu_33: posts big blind $1
*** HOLE CARDS ***
Molisehases: folds 
Iseedora: folds 
nikalas22: folds 
Pigumelis: raises $1.50 to $2.50
tintin641: raises $8.50 to $11
numapu_33: folds 
Pigumelis: calls $8.50
*** FLOP *** [6s 8c Ac]
tintin641: bets $7.21
Pigumelis: calls $7.21
*** TURN *** [6s 8c Ac] [Js]
tintin641: checks 
Pigumelis: bets $18.50
tintin641: folds 
Uncalled bet ($18.50) returned to Pigumelis
Pigumelis collected $35.55 from pot
Pigumelis: doesn't show hand 
*** SUMMARY ***
Total pot $37.42 | Rake $1.87 
Board [6s 8c Ac Js]
Seat 1: Pigumelis (button) collected ($35.55)
Seat 2: tintin641 (small blind) folded on the Turn
Seat 3: numapu_33 (big blind) folded before Flop
Seat 4: Molisehases folded before Flop (didn't bet)
Seat 5: Iseedora folded before Flop (didn't bet)
Seat 6: nikalas22 folded before Flop (didn't bet)



PokerStars Hand #254439743082:  Hold'em No Limit ($0.50/$1.00 USD) - 2025/01/18 23:14:51 WET [2025/01/18 18:14:51 ET]
Table 'Finsen III' 6-max Seat #2 is the button
Seat 1: Pigumelis ($155.83 in chips) 
Seat 2: tintin641 ($100 in chips) 
Seat 3: numapu_33 ($206.06 in chips) 
Seat 4: Molisehases ($107.75 in chips) 
Seat 5: Iseedora ($104.11 in chips) 
Seat 6: nikalas22 ($101.86 in chips) 
numapu_33: posts small blind $0.50
Molisehases: posts big blind $1
*** HOLE CARDS ***
Iseedora: folds 
nikalas22: folds 
Pigumelis: folds 
tintin641: folds 
numapu_33: folds 
Uncalled bet ($0.50) returned to Molisehases
Molisehases collected $1 from pot
*** SUMMARY ***
Total pot $1 | Rake $0 
Seat 1: Pigumelis folded before Flop (didn't bet)
Seat 2: tintin641 (button) folded before Flop (didn't bet)
Seat 3: numapu_33 (small blind) folded before Flop
Seat 4: Molisehases (big blind) collected ($1)
Seat 5: Iseedora folded before Flop (didn't bet)
Seat 6: nikalas22 folded before Flop (didn't bet)



PokerStars Hand #254439747179:  Hold'em No Limit ($0.50/$1.00 USD) - 2025/01/18 23:15:06 WET [2025/01/18 18:15:06 ET]
Table 'Finsen III' 6-max Seat #3 is the button
Seat 1: Pigumelis ($155.83 in chips) 
Seat 2: tintin641 ($100 in chips) 
Seat 3: numapu_33 ($205.56 in chips) 
Seat 4: Molisehases ($108.25 in chips) 
Seat 5: Iseedora ($104.11 in chips) 
Seat 6: nikalas22 ($101.86 in chips) 
Molisehases: posts small blind $0.50
Iseedora: posts big blind $1
*** HOLE CARDS ***
nikalas22: folds 
Pigumelis: folds 
tintin641: folds 
numapu_33: folds 
Molisehases: folds 
Uncalled bet ($0.50) returned to Iseedora
Iseedora collected $1 from pot
Iseedora: doesn't show hand 
*** SUMMARY ***
Total pot $1 | Rake $0 
Seat 1: Pigumelis folded before Flop (didn't bet)
Seat 2: tintin641 folded before Flop (didn't bet)
Seat 3: numapu_33 (button) folded before Flop (didn't bet)
Seat 4: Molisehases (small blind) folded before Flop
Seat 5: Iseedora (big blind) collected ($1)
Seat 6: nikalas22 folded before Flop (didn't bet)



PokerStars Hand #254439750485:  Hold'em No Limit ($0.50/$1.00 USD) - 2025/01/18 23:15:18 WET [2025/01/18 18:15:18 ET]
Table 'Finsen III' 6-max Seat #4 is the button
Seat 1: Pigumelis ($155.83 in chips) 
Seat 2: tintin641 ($100 in chips) 
Seat 3: numapu_33 ($205.56 in chips) 
Seat 4: Molisehases ($107.75 in chips) 
Seat 5: Iseedora ($104.61 in chips) 
Seat 6: nikalas22 ($101.86 in chips) 
Iseedora: posts small blind $0.50
nikalas22: posts big blind $1
*** HOLE CARDS ***
Pigumelis: folds 
tintin641: folds 
numapu_33: folds 
Molisehases: raises $2 to $3
Iseedora: folds 
nikalas22: folds 
Uncalled bet ($2) returned to Molisehases
Molisehases collected $2.50 from pot
*** SUMMARY ***
Total pot $2.50 | Rake $0 
Seat 1: Pigumelis folded before Flop (didn't bet)
Seat 2: tintin641 folded before Flop (didn't bet)
Seat 3: numapu_33 folded before Flop (didn't bet)
Seat 4: Molisehases (button) collected ($2.50)
Seat 5: Iseedora (small blind) folded before Flop
Seat 6: nikalas22 (big blind) folded before Flop



PokerStars Hand #254439755695:  Hold'em No Limit ($0.50/$1.00 USD) - 2025/01/18 23:15:37 WET [2025/01/18 18:15:37 ET]
Table 'Finsen III' 6-max Seat #5 is the button
Seat 1: Pigumelis ($155.83 in chips) 
Seat 2: tintin641 ($100 in chips) 
Seat 3: numapu_33 ($205.56 in chips) 
Seat 4: Molisehases ($109.25 in chips) 
Seat 5: Iseedora ($104.11 in chips) 
Seat 6: nikalas22 ($100.86 in chips) 
nikalas22: posts small blind $0.50
Pigumelis: posts big blind $1
*** HOLE CARDS ***
tintin641: folds 
numapu_33: folds 
Molisehases: raises $2 to $3
Iseedora: folds 
nikalas22: raises $10 to $13
Pigumelis: folds 
Molisehases: folds 
Uncalled bet ($10) returned to nikalas22
nikalas22 collected $7 from pot
nikalas22: doesn't show hand 
*** SUMMARY ***
Total pot $7 | Rake $0 
Seat 1: Pigumelis (big blind) folded before Flop
Seat 2: tintin641 folded before Flop (didn't bet)
Seat 3: numapu_33 folded before Flop (didn't bet)
Seat 4: Molisehases folded before Flop
Seat 5: Iseedora (button) folded before Flop (didn't bet)
Seat 6: nikalas22 (small blind) collected ($7)



PokerStars Hand #254439760181:  Hold'em No Limit ($0.50/$1.00 USD) - 2025/01/18 23:15:54 WET [2025/01/18 18:15:54 ET]
Table 'Finsen III' 6-max Seat #6 is the button
Seat 1: Pigumelis ($154.83 in chips) 
Seat 2: tintin641 ($100 in chips) 
Seat 3: numapu_33 ($205.56 in chips) 
Seat 4: Molisehases ($106.25 in chips) 
Seat 5: Iseedora ($104.11 in chips) 
Seat 6: nikalas22 ($104.86 in chips) 
Pigumelis: posts small blind $0.50
tintin641: posts big blind $1
*** HOLE CARDS ***
numapu_33: folds 
Molisehases: folds 
Iseedora: folds 
nikalas22: folds 
Pigumelis: raises $1.50 to $2.50
tintin641: raises $6.50 to $9
Pigumelis: folds 
Uncalled bet ($6.50) returned to tintin641
tintin641 collected $5 from pot
tintin641: doesn't show hand 
*** SUMMARY ***
Total pot $5 | Rake $0 
Seat 1: Pigumelis (small blind) folded before Flop
Seat 2: tintin641 (big blind) collected ($5)
Seat 3: numapu_33 folded before Flop (didn't bet)
Seat 4: Molisehases folded before Flop (didn't bet)
Seat 5: Iseedora folded before Flop (didn't bet)
Seat 6: nikalas22 (button) folded before Flop (didn't bet)



PokerStars Hand #254439766509:  Hold'em No Limit ($0.50/$1.00 USD) - 2025/01/18 23:16:18 WET [2025/01/18 18:16:18 ET]
Table 'Finsen III' 6-max Seat #1 is the button
Seat 1: Pigumelis ($152.33 in chips) 
Seat 2: tintin641 ($102.50 in chips) 
Seat 3: numapu_33 ($205.56 in chips) 
Seat 4: Molisehases ($106.25 in chips) 
Seat 5: Iseedora ($104.11 in chips) 
Seat 6: nikalas22 ($104.86 in chips) 
tintin641: posts small blind $0.50
numapu_33: posts big blind $1
*** HOLE CARDS ***
Molisehases: folds 
Iseedora: folds 
nikalas22: folds 
Pigumelis: folds 
tintin641: folds 
Uncalled bet ($0.50) returned to numapu_33
numapu_33 collected $1 from pot
numapu_33: doesn't show hand 
*** SUMMARY ***
Total pot $1 | Rake $0 
Seat 1: Pigumelis (button) folded before Flop (didn't bet)
Seat 2: tintin641 (small blind) folded before Flop
Seat 3: numapu_33 (big blind) collected ($1)
Seat 4: Molisehases folded before Flop (didn't bet)
Seat 5: Iseedora folded before Flop (didn't bet)
Seat 6: nikalas22 folded before Flop (didn't bet)



PokerStars Hand #254439770339:  Hold'em No Limit ($0.50/$1.00 USD) - 2025/01/18 23:16:32 WET [2025/01/18 18:16:32 ET]
Table 'Finsen III' 6-max Seat #2 is the button
Seat 1: Pigumelis ($152.33 in chips) 
Seat 2: tintin641 ($102 in chips) 
Seat 3: numapu_33 ($206.06 in chips) 
Seat 4: Molisehases ($106.25 in chips) 
Seat 5: Iseedora ($104.11 in chips) 
Seat 6: nikalas22 ($104.86 in chips) 
numapu_33: posts small blind $0.50
Molisehases: posts big blind $1
*** HOLE CARDS ***
Iseedora: folds 
nikalas22: folds 
Pigumelis: folds 
tintin641: folds 
numapu_33: folds 
Uncalled bet ($0.50) returned to Molisehases
Molisehases collected $1 from pot
*** SUMMARY ***
Total pot $1 | Rake $0 
Seat 1: Pigumelis folded before Flop (didn't bet)
Seat 2: tintin641 (button) folded before Flop (didn't bet)
Seat 3: numapu_33 (small blind) folded before Flop
Seat 4: Molisehases (big blind) collected ($1)
Seat 5: Iseedora folded before Flop (didn't bet)
Seat 6: nikalas22 folded before Flop (didn't bet)



PokerStars Hand #254439775065:  Hold'em No Limit ($0.50/$1.00 USD) - 2025/01/18 23:16:50 WET [2025/01/18 18:16:50 ET]
Table 'Finsen III' 6-max Seat #3 is the button
Seat 1: Pigumelis ($152.33 in chips) 
Seat 2: tintin641 ($102 in chips) 
Seat 3: numapu_33 ($205.56 in chips) 
Seat 4: Molisehases ($106.75 in chips) 
Seat 5: Iseedora ($104.11 in chips) 
Seat 6: nikalas22 ($104.86 in chips) 
Molisehases: posts small blind $0.50
Iseedora: posts big blind $1
*** HOLE CARDS ***
nikalas22: folds 
Pigumelis: folds 
tintin641: folds 
numapu_33: folds 
Molisehases: calls $0.50
Iseedora: checks 
*** FLOP *** [5c 5s Th]
Molisehases: checks 
Iseedora: checks 
*** TURN *** [5c 5s Th] [Ac]
Molisehases: checks 
Iseedora: checks 
*** RIVER *** [5c 5s Th Ac] [Ks]
Molisehases: bets $1.90
Iseedora: folds 
Uncalled bet ($1.90) returned to Molisehases
Molisehases collected $1.90 from pot
*** SUMMARY ***
Total pot $2 | Rake $0.10 
Board [5c 5s Th Ac Ks]
Seat 1: Pigumelis folded before Flop (didn't bet)
Seat 2: tintin641 folded before Flop (didn't bet)
Seat 3: numapu_33 (button) folded before Flop (didn't bet)
Seat 4: Molisehases (small blind) collected ($1.90)
Seat 5: Iseedora (big blind) folded on the River
Seat 6: nikalas22 folded before Flop (didn't bet)



PokerStars Hand #254439791395:  Hold'em No Limit ($0.50/$1.00 USD) - 2025/01/18 23:17:51 WET [2025/01/18 18:17:51 ET]
Table 'Finsen III' 6-max Seat #4 is the button
Seat 1: Pigumelis ($152.33 in chips) 
Seat 2: tintin641 ($102 in chips) 
Seat 3: numapu_33 ($205.56 in chips) 
Seat 4: Molisehases ($107.65 in chips) 
Seat 5: Iseedora ($103.11 in chips) 
Seat 6: nikalas22 ($104.86 in chips) 
Iseedora: posts small blind $0.50
nikalas22: posts big blind $1
*** HOLE CARDS ***
Pigumelis: folds 
tintin641: folds 
numapu_33: raises $1.50 to $2.50
Molisehases: folds 
Iseedora: folds 
nikalas22: folds 
Uncalled bet ($1.50) returned to numapu_33
numapu_33 collected $2.50 from pot
numapu_33: doesn't show hand 
*** SUMMARY ***
Total pot $2.50 | Rake $0 
Seat 1: Pigumelis folded before Flop (didn't bet)
Seat 2: tintin641 folded before Flop (didn't bet)
Seat 3: numapu_33 collected ($2.50)
Seat 4: Molisehases (button) folded before Flop (didn't bet)
Seat 5: Iseedora (small blind) folded before Flop
Seat 6: nikalas22 (big blind) folded before Flop



PokerStars Hand #254439795791:  Hold'em No Limit ($0.50/$1.00 USD) - 2025/01/18 23:18:08 WET [2025/01/18 18:18:08 ET]
Table 'Finsen III' 6-max Seat #5 is the button
Seat 1: Pigumelis ($152.33 in chips) 
Seat 2: tintin641 ($102 in chips) 
Seat 3: numapu_33 ($207.06 in chips) 
Seat 4: Molisehases ($107.65 in chips) 
Seat 5: Iseedora ($102.61 in chips) 
Seat 6: nikalas22 ($103.86 in chips) 
nikalas22: posts small blind $0.50
Pigumelis: posts big blind $1
*** HOLE CARDS ***
tintin641: folds 
numapu_33: folds 
Molisehases: raises $2 to $3
Iseedora: folds 
nikalas22: folds 
Pigumelis: folds 
Uncalled bet ($2) returned to Molisehases
Molisehases collected $2.50 from pot
*** SUMMARY ***
Total pot $2.50 | Rake $0 
Seat 1: Pigumelis (big blind) folded before Flop
Seat 2: tintin641 folded before Flop (didn't bet)
Seat 3: numapu_33 folded before Flop (didn't bet)
Seat 4: Molisehases collected ($2.50)
Seat 5: Iseedora (button) folded before Flop (didn't bet)
Seat 6: nikalas22 (small blind) folded before Flop



PokerStars Hand #254439801338:  Hold'em No Limit ($0.50/$1.00 USD) - 2025/01/18 23:18:28 WET [2025/01/18 18:18:28 ET]
Table 'Finsen III' 6-max Seat #6 is the button
Seat 1: Pigumelis ($151.33 in chips) 
Seat 2: tintin641 ($102 in chips) 
Seat 3: numapu_33 ($207.06 in chips) 
Seat 4: Molisehases ($109.15 in chips) 
Seat 5: Iseedora ($102.61 in chips) 
Seat 6: nikalas22 ($103.36 in chips) 
Pigumelis: posts small blind $0.50
tintin641: posts big blind $1
*** HOLE CARDS ***
numapu_33: folds 
Molisehases: raises $2 to $3
Iseedora: folds 
nikalas22: folds 
Pigumelis: folds 
tintin641: folds 
Uncalled bet ($2) returned to Molisehases
Molisehases collected $2.50 from pot
*** SUMMARY ***
Total pot $2.50 | Rake $0 
Seat 1: Pigumelis (small blind) folded before Flop
Seat 2: tintin641 (big blind) folded before Flop
Seat 3: numapu_33 folded before Flop (didn't bet)
Seat 4: Molisehases collected ($2.50)
Seat 5: Iseedora folded before Flop (didn't bet)
Seat 6: nikalas22 (button) folded before Flop (didn't bet)



PokerStars Hand #254439805939:  Hold'em No Limit ($0.50/$1.00 USD) - 2025/01/18 23:18:45 WET [2025/01/18 18:18:45 ET]
Table 'Finsen III' 6-max Seat #1 is the button
Seat 1: Pigumelis ($150.83 in chips) 
Seat 2: tintin641 ($101 in chips) 
Seat 3: numapu_33 ($207.06 in chips) 
Seat 4: Molisehases ($110.65 in chips) 
Seat 5: Iseedora ($102.61 in chips) 
Seat 6: nikalas22 ($103.36 in chips) 
tintin641: posts small blind $0.50
numapu_33: posts big blind $1
*** HOLE CARDS ***
Molisehases: folds 
Iseedora: folds 
nikalas22: folds 
Pigumelis: folds 
tintin641: raises $2 to $3
numapu_33: folds 
Uncalled bet ($2) returned to tintin641
tintin641 collected $2 from pot
tintin641: doesn't show hand 
*** SUMMARY ***
Total pot $2 | Rake $0 
Seat 1: Pigumelis (button) folded before Flop (didn't bet)
Seat 2: tintin641 (small blind) collected ($2)
Seat 3: numapu_33 (big blind) folded before Flop
Seat 4: Molisehases folded before Flop (didn't bet)
Seat 5: Iseedora folded before Flop (didn't bet)
Seat 6: nikalas22 folded before Flop (didn't bet)



PokerStars Hand #254439812438:  Hold'em No Limit ($0.50/$1.00 USD) - 2025/01/18 23:19:10 WET [2025/01/18 18:19:10 ET]
Table 'Finsen III' 6-max Seat #2 is the button
Seat 1: Pigumelis ($150.83 in chips) 
Seat 2: tintin641 ($102 in chips) 
Seat 3: numapu_33 ($206.06 in chips) 
Seat 4: Molisehases ($110.65 in chips) 
Seat 5: Iseedora ($102.61 in chips) 
Seat 6: nikalas22 ($103.36 in chips) 
numapu_33: posts small blind $0.50
Molisehases: posts big blind $1
*** HOLE CARDS ***
Iseedora: folds 
nikalas22: folds 
Pigumelis: raises $1.50 to $2.50
tintin641: folds 
numapu_33: folds 
Molisehases: calls $1.50
*** FLOP *** [Th Kc 3h]
Molisehases: bets $2.61
Pigumelis: raises $10.89 to $13.50
Molisehases: calls $10.89
*** TURN *** [Th Kc 3h] [Kd]
Molisehases: checks 
Pigumelis: bets $24.60
Molisehases: calls $24.60
*** RIVER *** [Th Kc 3h Kd] [8c]
Molisehases: checks 
Pigumelis: bets $110.23 and is all-in
Molisehases: calls $70.05 and is all-in
Uncalled bet ($40.18) returned to Pigumelis
*** SHOW DOWN ***
Pigumelis: shows [Ac Ks] (three of a kind, Kings)
Molisehases: shows [Kh Ts] (a full house, Kings full of Tens)
Molisehases collected $219.30 from pot
*** SUMMARY ***
Total pot $221.80 | Rake $2.50 
Board [Th Kc 3h Kd 8c]
Seat 1: Pigumelis showed [Ac Ks] and lost with three of a kind, Kings
Seat 2: tintin641 (button) folded before Flop (didn't bet)
Seat 3: numapu_33 (small blind) folded before Flop
Seat 4: Molisehases (big blind) showed [Kh Ts] and won ($219.30) with a full house, Kings full of Tens
Seat 5: Iseedora folded before Flop (didn't bet)
Seat 6: nikalas22 folded before Flop (didn't bet)



PokerStars Hand #254439834774:  Hold'em No Limit ($0.50/$1.00 USD) - 2025/01/18 23:20:33 WET [2025/01/18 18:20:33 ET]
Table 'Finsen III' 6-max Seat #3 is the button
Seat 1: Pigumelis ($100 in chips) 
Seat 2: tintin641 ($102 in chips) 
Seat 3: numapu_33 ($205.56 in chips) 
Seat 4: Molisehases ($219.30 in chips) 
Seat 5: Iseedora ($102.61 in chips) 
Seat 6: nikalas22 ($103.36 in chips) 
Molisehases: posts small blind $0.50
Iseedora: posts big blind $1
*** HOLE CARDS ***
nikalas22: raises $1.50 to $2.50
Pigumelis: folds 
tintin641: folds 
numapu_33: folds 
Molisehases: calls $2
Iseedora: folds 
*** FLOP *** [5d 8s Th]
Molisehases: checks 
nikalas22: bets $4.28
Molisehases: folds 
Uncalled bet ($4.28) returned to nikalas22
nikalas22 collected $5.70 from pot
nikalas22: doesn't show hand 
*** SUMMARY ***
Total pot $6 | Rake $0.30 
Board [5d 8s Th]
Seat 1: Pigumelis folded before Flop (didn't bet)
Seat 2: tintin641 folded before Flop (didn't bet)
Seat 3: numapu_33 (button) folded before Flop (didn't bet)
Seat 4: Molisehases (small blind) folded on the Flop
Seat 5: Iseedora (big blind) folded before Flop
Seat 6: nikalas22 collected ($5.70)



PokerStars Hand #254439847503:  Hold'em No Limit ($0.50/$1.00 USD) - 2025/01/18 23:21:20 WET [2025/01/18 18:21:20 ET]
Table 'Finsen III' 6-max Seat #4 is the button
Seat 1: Pigumelis ($100 in chips) 
Seat 2: tintin641 ($102 in chips) 
Seat 3: numapu_33 ($205.56 in chips) 
Seat 4: Molisehases ($216.80 in chips) 
Seat 5: Iseedora ($101.61 in chips) 
Seat 6: nikalas22 ($106.56 in chips) 
Iseedora: posts small blind $0.50
nikalas22: posts big blind $1
*** HOLE CARDS ***
Pigumelis: folds 
tintin641: folds 
numapu_33: folds 
Molisehases: folds 
Iseedora: raises $2 to $3
nikalas22: calls $2
*** FLOP *** [7h Qd 5s]
Iseedora: checks 
nikalas22: checks 
*** TURN *** [7h Qd 5s] [Ac]
Iseedora: checks 
nikalas22: bets $4.28
Iseedora: folds 
Uncalled bet ($4.28) returned to nikalas22
nikalas22 collected $5.70 from pot
nikalas22: doesn't show hand 
*** SUMMARY ***
Total pot $6 | Rake $0.30 
Board [7h Qd 5s Ac]
Seat 1: Pigumelis folded before Flop (didn't bet)
Seat 2: tintin641 folded before Flop (didn't bet)
Seat 3: numapu_33 folded before Flop (didn't bet)
Seat 4: Molisehases (button) folded before Flop (didn't bet)
Seat 5: Iseedora (small blind) folded on the Turn
Seat 6: nikalas22 (big blind) collected ($5.70)



PokerStars Hand #254439867155:  Hold'em No Limit ($0.50/$1.00 USD) - 2025/01/18 23:22:31 WET [2025/01/18 18:22:31 ET]
Table 'Finsen III' 6-max Seat #5 is the button
Seat 1: Pigumelis ($100 in chips) 
Seat 2: tintin641 ($102 in chips) 
Seat 3: numapu_33 ($205.56 in chips) 
Seat 4: Molisehases ($216.80 in chips) 
Seat 5: Iseedora ($100 in chips) 
Seat 6: nikalas22 ($109.26 in chips) 
nikalas22: posts small blind $0.50
Pigumelis: posts big blind $1
*** HOLE CARDS ***
tintin641: folds 
numapu_33: folds 
Molisehases: folds 
Iseedora: raises $1.50 to $2.50
nikalas22: raises $9.50 to $12
Pigumelis: folds 
Iseedora: folds 
Uncalled bet ($9.50) returned to nikalas22
nikalas22 collected $6 from pot
nikalas22: doesn't show hand 
*** SUMMARY ***
Total pot $6 | Rake $0 
Seat 1: Pigumelis (big blind) folded before Flop
Seat 2: tintin641 folded before Flop (didn't bet)
Seat 3: numapu_33 folded before Flop (didn't bet)
Seat 4: Molisehases folded before Flop (didn't bet)
Seat 5: Iseedora (button) folded before Flop
Seat 6: nikalas22 (small blind) collected ($6)



PokerStars Hand #254439872496:  Hold'em No Limit ($0.50/$1.00 USD) - 2025/01/18 23:22:51 WET [2025/01/18 18:22:51 ET]
Table 'Finsen III' 6-max Seat #6 is the button
Seat 1: Pigumelis ($100 in chips) 
Seat 2: tintin641 ($102 in chips) 
Seat 3: numapu_33 ($205.56 in chips) 
Seat 4: Molisehases ($216.80 in chips) 
Seat 5: Iseedora ($100 in chips) 
Seat 6: nikalas22 ($112.76 in chips) 
Pigumelis: posts small blind $0.50
tintin641: posts big blind $1
*** HOLE CARDS ***
numapu_33: folds 
Molisehases: folds 
Iseedora: raises $1.50 to $2.50
nikalas22: folds 
Pigumelis: folds 
tintin641: folds 
Uncalled bet ($1.50) returned to Iseedora
Iseedora collected $2.50 from pot
Iseedora: doesn't show hand 
*** SUMMARY ***
Total pot $2.50 | Rake $0 
Seat 1: Pigumelis (small blind) folded before Flop
Seat 2: tintin641 (big blind) folded before Flop
Seat 3: numapu_33 folded before Flop (didn't bet)
Seat 4: Molisehases folded before Flop (didn't bet)
Seat 5: Iseedora collected ($2.50)
Seat 6: nikalas22 (button) folded before Flop (didn't bet)



PokerStars Hand #254439877999:  Hold'em No Limit ($0.50/$1.00 USD) - 2025/01/18 23:23:11 WET [2025/01/18 18:23:11 ET]
Table 'Finsen III' 6-max Seat #1 is the button
Seat 1: Pigumelis ($100 in chips) 
Seat 2: tintin641 ($101 in chips) 
Seat 3: numapu_33 ($205.56 in chips) 
Seat 4: Molisehases ($216.80 in chips) 
Seat 5: Iseedora ($101.50 in chips) 
Seat 6: nikalas22 ($112.76 in chips) 
tintin641: posts small blind $0.50
numapu_33: posts big blind $1
*** HOLE CARDS ***
Molisehases: calls $1
Iseedora: folds 
nikalas22: folds 
Pigumelis: folds 
tintin641: calls $0.50
numapu_33: checks 
*** FLOP *** [Kc Ts Td]
tintin641: checks 
numapu_33: checks 
Molisehases: checks 
*** TURN *** [Kc Ts Td] [6h]
tintin641: checks 
numapu_33: bets $1.57
Molisehases: folds 
tintin641: folds 
Uncalled bet ($1.57) returned to numapu_33
numapu_33 collected $2.85 from pot
numapu_33: doesn't show hand 
*** SUMMARY ***
Total pot $3 | Rake $0.15 
Board [Kc Ts Td 6h]
Seat 1: Pigumelis (button) folded before Flop (didn't bet)
Seat 2: tintin641 (small blind) folded on the Turn
Seat 3: numapu_33 (big blind) collected ($2.85)
Seat 4: Molisehases folded on the Turn
Seat 5: Iseedora folded before Flop (didn't bet)
Seat 6: nikalas22 folded before Flop (didn't bet)



PokerStars Hand #254439890869:  Hold'em No Limit ($0.50/$1.00 USD) - 2025/01/18 23:23:59 WET [2025/01/18 18:23:59 ET]
Table 'Finsen III' 6-max Seat #2 is the button
Seat 1: Pigumelis ($100 in chips) 
Seat 2: tintin641 ($100 in chips) 
Seat 3: numapu_33 ($207.41 in chips) 
Seat 4: Molisehases ($215.80 in chips) 
Seat 5: Iseedora ($101.50 in chips) 
Seat 6: nikalas22 ($112.76 in chips) 
numapu_33: posts small blind $0.50
Molisehases: posts big blind $1
*** HOLE CARDS ***
Iseedora: folds 
nikalas22: folds 
Pigumelis: folds 
tintin641: raises $1.50 to $2.50
numapu_33: folds 
Molisehases: folds 
Uncalled bet ($1.50) returned to tintin641
tintin641 collected $2.50 from pot
tintin641: doesn't show hand 
*** SUMMARY ***
Total pot $2.50 | Rake $0 
Seat 1: Pigumelis folded before Flop (didn't bet)
Seat 2: tintin641 (button) collected ($2.50)
Seat 3: numapu_33 (small blind) folded before Flop
Seat 4: Molisehases (big blind) folded before Flop
Seat 5: Iseedora folded before Flop (didn't bet)
Seat 6: nikalas22 folded before Flop (didn't bet)



PokerStars Hand #254439894615:  Hold'em No Limit ($0.50/$1.00 USD) - 2025/01/18 23:24:13 WET [2025/01/18 18:24:13 ET]
Table 'Finsen III' 6-max Seat #3 is the button
Seat 1: Pigumelis ($100 in chips) 
Seat 2: tintin641 ($101.50 in chips) 
Seat 3: numapu_33 ($206.91 in chips) 
Seat 4: Molisehases ($214.80 in chips) 
Seat 5: Iseedora ($101.50 in chips) 
Seat 6: nikalas22 ($112.76 in chips) 
Molisehases: posts small blind $0.50
Iseedora: posts big blind $1
*** HOLE CARDS ***
nikalas22: raises $1.50 to $2.50
Pigumelis: folds 
tintin641: folds 
numapu_33: raises $5 to $7.50
Molisehases: folds 
Iseedora: folds 
nikalas22: calls $5
*** FLOP *** [5h 9h 5c]
nikalas22: checks 
numapu_33: bets $11.76
nikalas22: folds 
Uncalled bet ($11.76) returned to numapu_33
numapu_33 collected $15.68 from pot
numapu_33: doesn't show hand 
*** SUMMARY ***
Total pot $16.50 | Rake $0.82 
Board [5h 9h 5c]
Seat 1: Pigumelis folded before Flop (didn't bet)
Seat 2: tintin641 folded before Flop (didn't bet)
Seat 3: numapu_33 (button) collected ($15.68)
Seat 4: Molisehases (small blind) folded before Flop
Seat 5: Iseedora (big blind) folded before Flop
Seat 6: nikalas22 folded on the Flop



PokerStars Hand #254439904577:  Hold'em No Limit ($0.50/$1.00 USD) - 2025/01/18 23:24:49 WET [2025/01/18 18:24:49 ET]
Table 'Finsen III' 6-max Seat #4 is the button
Seat 1: Pigumelis ($100 in chips) 
Seat 2: tintin641 ($101.50 in chips) 
Seat 3: numapu_33 ($215.09 in chips) 
Seat 4: Molisehases ($214.30 in chips) 
Seat 5: Iseedora ($100.50 in chips) 
Seat 6: nikalas22 ($105.26 in chips) 
Iseedora: posts small blind $0.50
nikalas22: posts big blind $1
*** HOLE CARDS ***
Pigumelis: folds 
tintin641: folds 
numapu_33: folds 
Molisehases: folds 
Iseedora: folds 
Uncalled bet ($0.50) returned to nikalas22
nikalas22 collected $1 from pot
nikalas22: doesn't show hand 
*** SUMMARY ***
Total pot $1 | Rake $0 
Seat 1: Pigumelis folded before Flop (didn't bet)
Seat 2: tintin641 folded before Flop (didn't bet)
Seat 3: numapu_33 folded before Flop (didn't bet)
Seat 4: Molisehases (button) folded before Flop (didn't bet)
Seat 5: Iseedora (small blind) folded before Flop
Seat 6: nikalas22 (big blind) collected ($1)



PokerStars Hand #254439908818:  Hold'em No Limit ($0.50/$1.00 USD) - 2025/01/18 23:25:04 WET [2025/01/18 18:25:04 ET]
Table 'Finsen III' 6-max Seat #5 is the button
Seat 1: Pigumelis ($100 in chips) 
Seat 2: tintin641 ($101.50 in chips) 
Seat 3: numapu_33 ($215.09 in chips) 
Seat 4: Molisehases ($214.30 in chips) 
Seat 5: Iseedora ($100 in chips) 
Seat 6: nikalas22 ($105.76 in chips) 
nikalas22: posts small blind $0.50
Pigumelis: posts big blind $1
*** HOLE CARDS ***
tintin641: raises $1.50 to $2.50
numapu_33: folds 
Molisehases: calls $2.50
Iseedora: calls $2.50
nikalas22: folds 
Pigumelis: folds 
*** FLOP *** [4h 3d Qc]
tintin641: checks 
Molisehases: checks 
Iseedora: checks 
*** TURN *** [4h 3d Qc] [Kc]
tintin641: bets $6.41
Molisehases: folds 
Iseedora: calls $6.41
*** RIVER *** [4h 3d Qc Kc] [4d]
tintin641: bets $15.55
Iseedora: folds 
Uncalled bet ($15.55) returned to tintin641
tintin641 collected $20.73 from pot
tintin641: doesn't show hand 
*** SUMMARY ***
Total pot $21.82 | Rake $1.09 
Board [4h 3d Qc Kc 4d]
Seat 1: Pigumelis (big blind) folded before Flop
Seat 2: tintin641 collected ($20.73)
Seat 3: numapu_33 folded before Flop (didn't bet)
Seat 4: Molisehases folded on the Turn
Seat 5: Iseedora (button) folded on the River
Seat 6: nikalas22 (small blind) folded before Flop



PokerStars Hand #254439931497:  Hold'em No Limit ($0.50/$1.00 USD) - 2025/01/18 23:26:28 WET [2025/01/18 18:26:28 ET]
Table 'Finsen III' 6-max Seat #6 is the button
Seat 1: Pigumelis ($100 in chips) 
Seat 2: tintin641 ($113.32 in chips) 
Seat 3: numapu_33 ($215.09 in chips) 
Seat 4: Molisehases ($211.80 in chips) 
Seat 5: Iseedora ($100 in chips) 
Seat 6: nikalas22 ($105.26 in chips) 
Pigumelis: posts small blind $0.50
tintin641: posts big blind $1
*** HOLE CARDS ***
numapu_33: folds 
Molisehases: folds 
Iseedora: folds 
nikalas22: raises $1.50 to $2.50
Pigumelis: folds 
tintin641: calls $1.50
*** FLOP *** [8h 3s Ah]
tintin641: checks 
nikalas22: bets $1.57
tintin641: folds 
Uncalled bet ($1.57) returned to nikalas22
nikalas22 collected $5.22 from pot
nikalas22: doesn't show hand 
*** SUMMARY ***
Total pot $5.50 | Rake $0.28 
Board [8h 3s Ah]
Seat 1: Pigumelis (small blind) folded before Flop
Seat 2: tintin641 (big blind) folded on the Flop
Seat 3: numapu_33 folded before Flop (didn't bet)
Seat 4: Molisehases folded before Flop (didn't bet)
Seat 5: Iseedora folded before Flop (didn't bet)
Seat 6: nikalas22 (button) collected ($5.22)



PokerStars Hand #254439939499:  Hold'em No Limit ($0.50/$1.00 USD) - 2025/01/18 23:26:58 WET [2025/01/18 18:26:58 ET]
Table 'Finsen III' 6-max Seat #1 is the button
Seat 1: Pigumelis ($100 in chips) 
Seat 2: tintin641 ($110.82 in chips) 
Seat 3: numapu_33 ($215.09 in chips) 
Seat 4: Molisehases ($211.80 in chips) 
Seat 5: Iseedora ($100 in chips) 
Seat 6: nikalas22 ($107.98 in chips) 
tintin641: posts small blind $0.50
numapu_33: posts big blind $1
*** HOLE CARDS ***
Molisehases: calls $1
Iseedora: folds 
nikalas22: folds 
Pigumelis: folds 
tintin641: folds 
numapu_33: checks 
*** FLOP *** [4d 4h 7d]
numapu_33: checks 
Molisehases: checks 
*** TURN *** [4d 4h 7d] [Ah]
numapu_33: checks 
Molisehases: checks 
*** RIVER *** [4d 4h 7d Ah] [5h]
numapu_33: checks 
Molisehases: checks 
*** SHOW DOWN ***
numapu_33: shows [Qh Js] (a pair of Fours)
Molisehases: shows [2d 2h] (two pair, Fours and Deuces)
Molisehases collected $2.38 from pot
*** SUMMARY ***
Total pot $2.50 | Rake $0.12 
Board [4d 4h 7d Ah 5h]
Seat 1: Pigumelis (button) folded before Flop (didn't bet)
Seat 2: tintin641 (small blind) folded before Flop
Seat 3: numapu_33 (big blind) showed [Qh Js] and lost with a pair of Fours
Seat 4: Molisehases showed [2d 2h] and won ($2.38) with two pair, Fours and Deuces
Seat 5: Iseedora folded before Flop (didn't bet)
Seat 6: nikalas22 folded before Flop (didn't bet)



PokerStars Hand #254439949664:  Hold'em No Limit ($0.50/$1.00 USD) - 2025/01/18 23:27:35 WET [2025/01/18 18:27:35 ET]
Table 'Finsen III' 6-max Seat #2 is the button
Seat 4: Molisehases ($213.18 in chips) is sitting out
Seat 1: Pigumelis ($100 in chips) 
Seat 2: tintin641 ($110.32 in chips) 
Seat 3: numapu_33 ($214.09 in chips) 
Seat 5: Iseedora ($100 in chips) 
Seat 6: nikalas22 ($107.98 in chips) 
numapu_33: posts small blind $0.50
Molisehases: is sitting out 
Iseedora: posts big blind $1
*** HOLE CARDS ***
Molisehases leaves the table
nikalas22: folds 
Pigumelis: folds 
IC1MALE joins the table at seat #4 
tintin641: folds 
numapu_33: raises $2 to $3
Iseedora: folds 
Uncalled bet ($2) returned to numapu_33
numapu_33 collected $2 from pot
IC1MALE leaves the table
numapu_33: doesn't show hand 
*** SUMMARY ***
Total pot $2 | Rake $0 
Seat 4: Molisehases
Seat 1: Pigumelis folded before Flop (didn't bet)
Seat 2: tintin641 (button) folded before Flop (didn't bet)
Seat 3: numapu_33 (small blind) collected ($2)
Seat 5: Iseedora (big blind) folded before Flop
Seat 6: nikalas22 folded before Flop (didn't bet)



PokerStars Hand #254439954643:  Hold'em No Limit ($0.50/$1.00 USD) - 2025/01/18 23:27:54 WET [2025/01/18 18:27:54 ET]
Table 'Finsen III' 6-max Seat #3 is the button
Seat 1: Pigumelis ($100 in chips) 
Seat 2: tintin641 ($110.32 in chips) 
Seat 3: numapu_33 ($215.09 in chips) 
Seat 5: Iseedora ($100 in chips) 
Seat 6: nikalas22 ($107.98 in chips) 
Iseedora: posts small blind $0.50
nikalas22: posts big blind $1
*** HOLE CARDS ***
Pigumelis: folds 
tintin641: folds 
numapu_33: raises $1.50 to $2.50
Iseedora: raises $7.50 to $10
nikalas22: folds 
numapu_33: folds 
Uncalled bet ($7.50) returned to Iseedora
Iseedora collected $6 from pot
Iseedora: doesn't show hand 
*** SUMMARY ***
Total pot $6 | Rake $0 
Seat 1: Pigumelis folded before Flop (didn't bet)
Seat 2: tintin641 folded before Flop (didn't bet)
Seat 3: numapu_33 (button) folded before Flop
Seat 5: Iseedora (small blind) collected ($6)
Seat 6: nikalas22 (big blind) folded before Flop



PokerStars Hand #254439960488:  Hold'em No Limit ($0.50/$1.00 USD) - 2025/01/18 23:28:16 WET [2025/01/18 18:28:16 ET]
Table 'Finsen III' 6-max Seat #5 is the button
Seat 1: Pigumelis ($100 in chips) is sitting out
Seat 2: tintin641 ($110.32 in chips) 
Seat 3: numapu_33 ($212.59 in chips) 
Seat 5: Iseedora ($103.50 in chips) 
Seat 6: nikalas22 ($106.98 in chips) 
nikalas22: posts small blind $0.50
Pigumelis: is sitting out 
tintin641: posts big blind $1
*** HOLE CARDS ***
Pigumelis leaves the table
numapu_33: raises $1.50 to $2.50
Iseedora: raises $5 to $7.50
nikalas22: folds 
tintin641: folds 
numapu_33: folds 
Uncalled bet ($5) returned to Iseedora
Iseedora collected $6.50 from pot
Iseedora: doesn't show hand 
*** SUMMARY ***
Total pot $6.50 | Rake $0 
Seat 1: Pigumelis
Seat 2: tintin641 (big blind) folded before Flop
Seat 3: numapu_33 folded before Flop
Seat 5: Iseedora (button) collected ($6.50)
Seat 6: nikalas22 (small blind) folded before Flop



PokerStars Hand #254439964993:  Hold'em No Limit ($0.50/$1.00 USD) - 2025/01/18 23:28:33 WET [2025/01/18 18:28:33 ET]
Table 'Finsen III' 6-max Seat #6 is the button
Seat 3: numapu_33 ($210.09 in chips) is sitting out
Seat 2: tintin641 ($109.32 in chips) 
Seat 5: Iseedora ($107.50 in chips) 
Seat 6: nikalas22 ($106.48 in chips) 
tintin641: posts small blind $0.50
numapu_33: is sitting out 
Iseedora: posts big blind $1
*** HOLE CARDS ***
nikalas22: folds 
numapu_33 leaves the table
tintin641: raises $2 to $3
nikalas22 leaves the table
Iseedora: calls $2
*** FLOP *** [Kd Qh 6c]
tintin641: bets $1.88
Iseedora: raises $4.12 to $6
tintin641: calls $4.12
*** TURN *** [Kd Qh 6c] [5d]
tintin641: checks 
Iseedora: checks 
*** RIVER *** [Kd Qh 6c 5d] [5c]
tintin641: checks 
Iseedora: checks 
*** SHOW DOWN ***
tintin641: shows [4s Ks] (two pair, Kings and Fives)
Iseedora: mucks hand 
tintin641 collected $17.10 from pot
*** SUMMARY ***
Total pot $18 | Rake $0.90 
Board [Kd Qh 6c 5d 5c]
Seat 3: numapu_33
Seat 2: tintin641 (small blind) showed [4s Ks] and won ($17.10) with two pair, Kings and Fives
Seat 5: Iseedora (big blind) mucked
Seat 6: nikalas22 (button) folded before Flop (didn't bet)



