PokerStars Hand #254431420518:  Hold'em No Limit ($0.50/$1.00 USD) - 2025/01/18 14:36:24 WET [2025/01/18 9:36:24 ET]
Table 'Bharani III' 6-max Seat #1 is the button
Seat 5: Gfoer ($100 in chips) is sitting out
Seat 1: Supermegopro ($100 in chips) 
Seat 2: LuckyShikari ($114.48 in chips) 
Seat 3: cissse_13 ($50 in chips) 
Seat 4: RAidakCo ($119.26 in chips) 
Seat 6: franco232315 ($100 in chips) 
LuckyShikari: posts small blind $0.50
cissse_13: posts big blind $1
Gfoer: sits out 
*** HOLE CARDS ***
RAidakCo: raises $1.20 to $2.20
franco232315: folds 
Supermegopro: raises $5.30 to $7.50
LuckyShikari: folds 
cissse_13: folds 
RAidakCo: folds 
Uncalled bet ($5.30) returned to Supermegopro
Supermegopro collected $5.90 from pot
Supermegopro: doesn't show hand 
*** SUMMARY ***
Total pot $5.90 | Rake $0 
Seat 5: Gfoer
Seat 1: Supermegopro (button) collected ($5.90)
Seat 2: LuckyShikari (small blind) folded before Flop
Seat 3: cissse_13 (big blind) folded before Flop
Seat 4: RAidakCo folded before Flop
Seat 6: franco232315 folded before Flop (didn't bet)



PokerStars Hand #254431424572:  Hold'em No Limit ($0.50/$1.00 USD) - 2025/01/18 14:36:43 WET [2025/01/18 9:36:43 ET]
Table 'Bharani III' 6-max Seat #2 is the button
Seat 5: Gfoer ($100 in chips) is sitting out
Seat 1: Supermegopro ($103.70 in chips) 
Seat 2: LuckyShikari ($113.98 in chips) 
Seat 3: cissse_13 ($49 in chips) 
Seat 4: RAidakCo ($117.06 in chips) 
Seat 6: franco232315 ($100 in chips) 
cissse_13: posts small blind $0.50
RAidakCo: posts big blind $1
Gfoer: sits out 
*** HOLE CARDS ***
franco232315: raises $1.20 to $2.20
Supermegopro: folds 
LuckyShikari: folds 
cissse_13: calls $1.70
RAidakCo: folds 
*** FLOP *** [4s Ks As]
cissse_13: checks 
franco232315: bets $1.69
cissse_13: calls $1.69
*** TURN *** [4s Ks As] [4d]
cissse_13: checks 
franco232315: checks 
*** RIVER *** [4s Ks As 4d] [5s]
cissse_13: checks 
franco232315: checks 
*** SHOW DOWN ***
cissse_13: shows [8c Kc] (two pair, Kings and Fours)
franco232315: shows [Tc Ah] (two pair, Aces and Fours)
franco232315 collected $8.34 from pot
*** SUMMARY ***
Total pot $8.78 | Rake $0.44 
Board [4s Ks As 4d 5s]
Seat 5: Gfoer
Seat 1: Supermegopro folded before Flop (didn't bet)
Seat 2: LuckyShikari (button) folded before Flop (didn't bet)
Seat 3: cissse_13 (small blind) showed [8c Kc] and lost with two pair, Kings and Fours
Seat 4: RAidakCo (big blind) folded before Flop
Seat 6: franco232315 showed [Tc Ah] and won ($8.34) with two pair, Aces and Fours



PokerStars Hand #254431433757:  Hold'em No Limit ($0.50/$1.00 USD) - 2025/01/18 14:37:27 WET [2025/01/18 9:37:27 ET]
Table 'Bharani III' 6-max Seat #3 is the button
Seat 1: Supermegopro ($103.70 in chips) 
Seat 2: LuckyShikari ($113.98 in chips) 
Seat 3: cissse_13 ($45.11 in chips) 
Seat 4: RAidakCo ($116.06 in chips) 
Seat 5: Gfoer ($100 in chips) 
Seat 6: franco232315 ($104.45 in chips) 
RAidakCo: posts small blind $0.50
Gfoer: posts big blind $1
*** HOLE CARDS ***
franco232315: folds 
Supermegopro: folds 
LuckyShikari: folds 
cissse_13: folds 
RAidakCo: folds 
Uncalled bet ($0.50) returned to Gfoer
Gfoer collected $1 from pot
Gfoer: doesn't show hand 
*** SUMMARY ***
Total pot $1 | Rake $0 
Seat 1: Supermegopro folded before Flop (didn't bet)
Seat 2: LuckyShikari folded before Flop (didn't bet)
Seat 3: cissse_13 (button) folded before Flop (didn't bet)
Seat 4: RAidakCo (small blind) folded before Flop
Seat 5: Gfoer (big blind) collected ($1)
Seat 6: franco232315 folded before Flop (didn't bet)



PokerStars Hand #254431437968:  Hold'em No Limit ($0.50/$1.00 USD) - 2025/01/18 14:37:47 WET [2025/01/18 9:37:47 ET]
Table 'Bharani III' 6-max Seat #4 is the button
Seat 1: Supermegopro ($103.70 in chips) 
Seat 2: LuckyShikari ($113.98 in chips) 
Seat 3: cissse_13 ($45.11 in chips) 
Seat 4: RAidakCo ($115.56 in chips) 
Seat 5: Gfoer ($100.50 in chips) 
Seat 6: franco232315 ($104.45 in chips) 
Gfoer: posts small blind $0.50
franco232315: posts big blind $1
*** HOLE CARDS ***
Supermegopro: folds 
LuckyShikari: folds 
cissse_13: folds 
RAidakCo: folds 
Gfoer: raises $1.50 to $2.50
franco232315: calls $1.50
*** FLOP *** [5c 9h Qh]
Gfoer: bets $1.58
franco232315: calls $1.58
*** TURN *** [5c 9h Qh] [2h]
Gfoer: checks 
franco232315: checks 
*** RIVER *** [5c 9h Qh 2h] [6h]
Gfoer: bets $16.35
franco232315: folds 
Uncalled bet ($16.35) returned to Gfoer
Gfoer collected $7.75 from pot
Gfoer: doesn't show hand 
*** SUMMARY ***
Total pot $8.16 | Rake $0.41 
Board [5c 9h Qh 2h 6h]
Seat 1: Supermegopro folded before Flop (didn't bet)
Seat 2: LuckyShikari folded before Flop (didn't bet)
Seat 3: cissse_13 folded before Flop (didn't bet)
Seat 4: RAidakCo (button) folded before Flop (didn't bet)
Seat 5: Gfoer (small blind) collected ($7.75)
Seat 6: franco232315 (big blind) folded on the River



PokerStars Hand #254431453406:  Hold'em No Limit ($0.50/$1.00 USD) - 2025/01/18 14:39:01 WET [2025/01/18 9:39:01 ET]
Table 'Bharani III' 6-max Seat #5 is the button
Seat 1: Supermegopro ($103.70 in chips) 
Seat 2: LuckyShikari ($113.98 in chips) 
Seat 3: cissse_13 ($45.11 in chips) 
Seat 4: RAidakCo ($115.56 in chips) 
Seat 5: Gfoer ($104.17 in chips) 
Seat 6: franco232315 ($100.37 in chips) 
franco232315: posts small blind $0.50
Supermegopro: posts big blind $1
*** HOLE CARDS ***
LuckyShikari: folds 
cissse_13: folds 
RAidakCo: raises $1.20 to $2.20
Gfoer: folds 
franco232315: folds 
Supermegopro: folds 
Uncalled bet ($1.20) returned to RAidakCo
RAidakCo collected $2.50 from pot
RAidakCo: doesn't show hand 
*** SUMMARY ***
Total pot $2.50 | Rake $0 
Seat 1: Supermegopro (big blind) folded before Flop
Seat 2: LuckyShikari folded before Flop (didn't bet)
Seat 3: cissse_13 folded before Flop (didn't bet)
Seat 4: RAidakCo collected ($2.50)
Seat 5: Gfoer (button) folded before Flop (didn't bet)
Seat 6: franco232315 (small blind) folded before Flop



PokerStars Hand #254431459006:  Hold'em No Limit ($0.50/$1.00 USD) - 2025/01/18 14:39:28 WET [2025/01/18 9:39:28 ET]
Table 'Bharani III' 6-max Seat #6 is the button
Seat 1: Supermegopro ($102.70 in chips) 
Seat 2: LuckyShikari ($113.98 in chips) 
Seat 3: cissse_13 ($45.11 in chips) 
Seat 4: RAidakCo ($117.06 in chips) 
Seat 5: Gfoer ($104.17 in chips) 
Seat 6: franco232315 ($100 in chips) 
Supermegopro: posts small blind $0.50
LuckyShikari: posts big blind $1
*** HOLE CARDS ***
cissse_13: folds 
RAidakCo: raises $1.20 to $2.20
Gfoer: folds 
franco232315: folds 
Supermegopro: folds 
LuckyShikari: calls $1.20
*** FLOP *** [Jh 6d 3c]
LuckyShikari: checks 
RAidakCo: bets $1.54
LuckyShikari: folds 
Uncalled bet ($1.54) returned to RAidakCo
RAidakCo collected $4.66 from pot
RAidakCo: doesn't show hand 
*** SUMMARY ***
Total pot $4.90 | Rake $0.24 
Board [Jh 6d 3c]
Seat 1: Supermegopro (small blind) folded before Flop
Seat 2: LuckyShikari (big blind) folded on the Flop
Seat 3: cissse_13 folded before Flop (didn't bet)
Seat 4: RAidakCo collected ($4.66)
Seat 5: Gfoer folded before Flop (didn't bet)
Seat 6: franco232315 (button) folded before Flop (didn't bet)



PokerStars Hand #254431470229:  Hold'em No Limit ($0.50/$1.00 USD) - 2025/01/18 14:40:22 WET [2025/01/18 9:40:22 ET]
Table 'Bharani III' 6-max Seat #1 is the button
Seat 1: Supermegopro ($102.20 in chips) 
Seat 2: LuckyShikari ($111.78 in chips) 
Seat 3: cissse_13 ($45.11 in chips) 
Seat 4: RAidakCo ($119.52 in chips) 
Seat 5: Gfoer ($104.17 in chips) 
Seat 6: franco232315 ($100 in chips) 
LuckyShikari: posts small blind $0.50
cissse_13: posts big blind $1
*** HOLE CARDS ***
RAidakCo: folds 
Gfoer: folds 
franco232315: raises $1.50 to $2.50
Supermegopro: folds 
LuckyShikari: raises $9.50 to $12
cissse_13: folds 
franco232315: folds 
Uncalled bet ($9.50) returned to LuckyShikari
LuckyShikari collected $6 from pot
LuckyShikari: doesn't show hand 
*** SUMMARY ***
Total pot $6 | Rake $0 
Seat 1: Supermegopro (button) folded before Flop (didn't bet)
Seat 2: LuckyShikari (small blind) collected ($6)
Seat 3: cissse_13 (big blind) folded before Flop
Seat 4: RAidakCo folded before Flop (didn't bet)
Seat 5: Gfoer folded before Flop (didn't bet)
Seat 6: franco232315 folded before Flop



PokerStars Hand #254431477573:  Hold'em No Limit ($0.50/$1.00 USD) - 2025/01/18 14:40:57 WET [2025/01/18 9:40:57 ET]
Table 'Bharani III' 6-max Seat #2 is the button
Seat 1: Supermegopro ($102.20 in chips) 
Seat 2: LuckyShikari ($115.28 in chips) 
Seat 3: cissse_13 ($44.11 in chips) 
Seat 4: RAidakCo ($119.52 in chips) 
Seat 5: Gfoer ($104.17 in chips) 
Seat 6: franco232315 ($100 in chips) 
cissse_13: posts small blind $0.50
RAidakCo: posts big blind $1
*** HOLE CARDS ***
Gfoer: folds 
franco232315: folds 
Supermegopro: folds 
LuckyShikari: raises $1 to $2
cissse_13: folds 
RAidakCo: raises $11 to $13
Gfoer leaves the table
LuckyShikari: folds 
Uncalled bet ($11) returned to RAidakCo
RAidakCo collected $4.50 from pot
Yoalfre joins the table at seat #5 
RAidakCo: doesn't show hand 
*** SUMMARY ***
Total pot $4.50 | Rake $0 
Seat 1: Supermegopro folded before Flop (didn't bet)
Seat 2: LuckyShikari (button) folded before Flop
Seat 3: cissse_13 (small blind) folded before Flop
Seat 4: RAidakCo (big blind) collected ($4.50)
Seat 5: Gfoer folded before Flop (didn't bet)
Seat 6: franco232315 folded before Flop (didn't bet)



PokerStars Hand #254431482672:  Hold'em No Limit ($0.50/$1.00 USD) - 2025/01/18 14:41:21 WET [2025/01/18 9:41:21 ET]
Table 'Bharani III' 6-max Seat #3 is the button
Seat 1: Supermegopro ($102.20 in chips) 
Seat 2: LuckyShikari ($113.28 in chips) 
Seat 3: cissse_13 ($43.61 in chips) 
Seat 4: RAidakCo ($122.02 in chips) 
Seat 5: Yoalfre ($100 in chips) 
Seat 6: franco232315 ($100 in chips) 
RAidakCo: posts small blind $0.50
Yoalfre: posts big blind $1
*** HOLE CARDS ***
franco232315: raises $1.20 to $2.20
Supermegopro: folds 
LuckyShikari: folds 
cissse_13: folds 
RAidakCo: folds 
Yoalfre: calls $1.20
*** FLOP *** [3s 2c Jh]
Yoalfre: checks 
franco232315: bets $1.17
Yoalfre: folds 
Uncalled bet ($1.17) returned to franco232315
franco232315 collected $4.66 from pot
franco232315: doesn't show hand 
*** SUMMARY ***
Total pot $4.90 | Rake $0.24 
Board [3s 2c Jh]
Seat 1: Supermegopro folded before Flop (didn't bet)
Seat 2: LuckyShikari folded before Flop (didn't bet)
Seat 3: cissse_13 (button) folded before Flop (didn't bet)
Seat 4: RAidakCo (small blind) folded before Flop
Seat 5: Yoalfre (big blind) folded on the Flop
Seat 6: franco232315 collected ($4.66)



PokerStars Hand #254431489164:  Hold'em No Limit ($0.50/$1.00 USD) - 2025/01/18 14:41:52 WET [2025/01/18 9:41:52 ET]
Table 'Bharani III' 6-max Seat #4 is the button
Seat 1: Supermegopro ($102.20 in chips) 
Seat 2: LuckyShikari ($113.28 in chips) 
Seat 3: cissse_13 ($43.61 in chips) 
Seat 4: RAidakCo ($121.52 in chips) 
Seat 5: Yoalfre ($100 in chips) 
Seat 6: franco232315 ($102.46 in chips) 
Yoalfre: posts small blind $0.50
franco232315: posts big blind $1
*** HOLE CARDS ***
Supermegopro: folds 
LuckyShikari: folds 
cissse_13: folds 
RAidakCo: folds 
Yoalfre: folds 
Uncalled bet ($0.50) returned to franco232315
franco232315 collected $1 from pot
franco232315: doesn't show hand 
*** SUMMARY ***
Total pot $1 | Rake $0 
Seat 1: Supermegopro folded before Flop (didn't bet)
Seat 2: LuckyShikari folded before Flop (didn't bet)
Seat 3: cissse_13 folded before Flop (didn't bet)
Seat 4: RAidakCo (button) folded before Flop (didn't bet)
Seat 5: Yoalfre (small blind) folded before Flop
Seat 6: franco232315 (big blind) collected ($1)



PokerStars Hand #254431491374:  Hold'em No Limit ($0.50/$1.00 USD) - 2025/01/18 14:42:03 WET [2025/01/18 9:42:03 ET]
Table 'Bharani III' 6-max Seat #5 is the button
Seat 1: Supermegopro ($102.20 in chips) 
Seat 2: LuckyShikari ($113.28 in chips) 
Seat 3: cissse_13 ($43.61 in chips) 
Seat 4: RAidakCo ($121.52 in chips) 
Seat 5: Yoalfre ($100 in chips) 
Seat 6: franco232315 ($102.96 in chips) 
franco232315: posts small blind $0.50
Supermegopro: posts big blind $1
*** HOLE CARDS ***
LuckyShikari: folds 
cissse_13: raises $2 to $3
RAidakCo: folds 
Yoalfre: folds 
franco232315: folds 
Supermegopro: folds 
Uncalled bet ($2) returned to cissse_13
cissse_13 collected $2.50 from pot
cissse_13: doesn't show hand 
*** SUMMARY ***
Total pot $2.50 | Rake $0 
Seat 1: Supermegopro (big blind) folded before Flop
Seat 2: LuckyShikari folded before Flop (didn't bet)
Seat 3: cissse_13 collected ($2.50)
Seat 4: RAidakCo folded before Flop (didn't bet)
Seat 5: Yoalfre (button) folded before Flop (didn't bet)
Seat 6: franco232315 (small blind) folded before Flop



PokerStars Hand #254431494202:  Hold'em No Limit ($0.50/$1.00 USD) - 2025/01/18 14:42:16 WET [2025/01/18 9:42:16 ET]
Table 'Bharani III' 6-max Seat #6 is the button
Seat 2: LuckyShikari ($113.28 in chips) is sitting out
Seat 1: Supermegopro ($101.20 in chips) 
Seat 3: cissse_13 ($45.11 in chips) 
Seat 4: RAidakCo ($121.52 in chips) 
Seat 5: Yoalfre ($100 in chips) 
Seat 6: franco232315 ($102.46 in chips) 
Supermegopro: posts small blind $0.50
LuckyShikari: is sitting out 
cissse_13: posts big blind $1
*** HOLE CARDS ***
RAidakCo: folds 
Yoalfre: folds 
franco232315: folds 
Supermegopro: raises $2 to $3
cissse_13: calls $2
*** FLOP *** [Jc 9h Qc]
Supermegopro: checks 
cissse_13: checks 
*** TURN *** [Jc 9h Qc] [8h]
Supermegopro: bets $1.88
cissse_13: folds 
Uncalled bet ($1.88) returned to Supermegopro
Supermegopro collected $5.70 from pot
Supermegopro: doesn't show hand 
LuckyShikari leaves the table
*** SUMMARY ***
Total pot $6 | Rake $0.30 
Board [Jc 9h Qc 8h]
Seat 2: LuckyShikari
Seat 1: Supermegopro (small blind) collected ($5.70)
Seat 3: cissse_13 (big blind) folded on the Turn
Seat 4: RAidakCo folded before Flop (didn't bet)
Seat 5: Yoalfre folded before Flop (didn't bet)
Seat 6: franco232315 (button) folded before Flop (didn't bet)



PokerStars Hand #254431499987:  Hold'em No Limit ($0.50/$1.00 USD) - 2025/01/18 14:42:44 WET [2025/01/18 9:42:44 ET]
Table 'Bharani III' 6-max Seat #1 is the button
Seat 1: Supermegopro ($103.90 in chips) 
Seat 3: cissse_13 ($42.11 in chips) 
Seat 4: RAidakCo ($121.52 in chips) 
Seat 5: Yoalfre ($100 in chips) 
Seat 6: franco232315 ($102.46 in chips) 
cissse_13: posts small blind $0.50
RAidakCo: posts big blind $1
*** HOLE CARDS ***
Yoalfre: folds 
franco232315: folds 
Supermegopro: folds 
cissse_13: folds 
Uncalled bet ($0.50) returned to RAidakCo
RAidakCo collected $1 from pot
RAidakCo: doesn't show hand 
*** SUMMARY ***
Total pot $1 | Rake $0 
Seat 1: Supermegopro (button) folded before Flop (didn't bet)
Seat 3: cissse_13 (small blind) folded before Flop
Seat 4: RAidakCo (big blind) collected ($1)
Seat 5: Yoalfre folded before Flop (didn't bet)
Seat 6: franco232315 folded before Flop (didn't bet)



PokerStars Hand #254431502062:  Hold'em No Limit ($0.50/$1.00 USD) - 2025/01/18 14:42:54 WET [2025/01/18 9:42:54 ET]
Table 'Bharani III' 6-max Seat #3 is the button
Seat 1: Supermegopro ($103.90 in chips) 
Seat 3: cissse_13 ($41.61 in chips) 
Seat 4: RAidakCo ($122.02 in chips) 
Seat 5: Yoalfre ($100 in chips) 
Seat 6: franco232315 ($102.46 in chips) 
RAidakCo: posts small blind $0.50
Yoalfre: posts big blind $1
*** HOLE CARDS ***
franco232315: raises $1.20 to $2.20
Supermegopro: folds 
BGS013 joins the table at seat #2 
cissse_13: raises $3.80 to $6
RAidakCo: folds 
Yoalfre: folds 
franco232315: raises $96.46 to $102.46 and is all-in
cissse_13: calls $35.61 and is all-in
Uncalled bet ($60.85) returned to franco232315
*** FLOP *** [6h 4c Tc]
*** TURN *** [6h 4c Tc] [Js]
*** RIVER *** [6h 4c Tc Js] [Ad]
*** SHOW DOWN ***
franco232315: shows [As Ks] (a pair of Aces)
cissse_13: shows [8s 7s] (high card Ace)
franco232315 collected $82.22 from pot
*** SUMMARY ***
Total pot $84.72 | Rake $2.50 
Board [6h 4c Tc Js Ad]
Seat 1: Supermegopro folded before Flop (didn't bet)
Seat 3: cissse_13 (button) showed [8s 7s] and lost with high card Ace
Seat 4: RAidakCo (small blind) folded before Flop
Seat 5: Yoalfre (big blind) folded before Flop
Seat 6: franco232315 showed [As Ks] and won ($82.22) with a pair of Aces



PokerStars Hand #254431510810:  Hold'em No Limit ($0.50/$1.00 USD) - 2025/01/18 14:43:37 WET [2025/01/18 9:43:37 ET]
Table 'Bharani III' 6-max Seat #4 is the button
Seat 2: BGS013 ($100 in chips) is sitting out
Seat 3: cissse_13 ($0 in chips) is sitting out
Seat 1: Supermegopro ($103.90 in chips) 
Seat 4: RAidakCo ($121.52 in chips) 
Seat 5: Yoalfre ($100 in chips) 
Seat 6: franco232315 ($143.07 in chips) 
Yoalfre: posts small blind $0.50
franco232315: posts big blind $1
BGS013: sits out 
*** HOLE CARDS ***
cissse_13 leaves the table
Supermegopro: folds 
RAidakCo: raises $1.50 to $2.50
Supermegopro leaves the table
Yoalfre: raises $8.50 to $11
franco232315: folds 
RAidakCo: calls $8.50
*** FLOP *** [7d Qs 8s]
Mcknight888 joins the table at seat #1 
AndreaBsAs joins the table at seat #3 
Yoalfre: bets $7.26
RAidakCo: raises $12.05 to $19.31
Yoalfre: folds 
Uncalled bet ($12.05) returned to RAidakCo
RAidakCo collected $36.52 from pot
RAidakCo: doesn't show hand 
*** SUMMARY ***
Total pot $37.52 | Rake $1 
Board [7d Qs 8s]
Seat 2: BGS013
Seat 3: cissse_13
Seat 1: Supermegopro folded before Flop (didn't bet)
Seat 4: RAidakCo (button) collected ($36.52)
Seat 5: Yoalfre (small blind) folded on the Flop
Seat 6: franco232315 (big blind) folded before Flop



PokerStars Hand #254431526037:  Hold'em No Limit ($0.50/$1.00 USD) - 2025/01/18 14:44:50 WET [2025/01/18 9:44:50 ET]
Table 'Bharani III' 6-max Seat #5 is the button
Seat 2: BGS013 ($100 in chips) is sitting out
Seat 3: AndreaBsAs ($100 in chips) is sitting out
Seat 1: Mcknight888 ($100 in chips) 
Seat 4: RAidakCo ($139.78 in chips) 
Seat 5: Yoalfre ($100 in chips) 
Seat 6: franco232315 ($142.07 in chips) 
franco232315: posts small blind $0.50
Mcknight888: posts big blind $1
BGS013: sits out 
AndreaBsAs: sits out 
*** HOLE CARDS ***
RAidakCo: folds 
Yoalfre: raises $1.50 to $2.50
franco232315: folds 
Mcknight888: calls $1.50
*** FLOP *** [Jd Th As]
Mcknight888: checks 
Yoalfre: bets $1.72
Mcknight888: calls $1.72
*** TURN *** [Jd Th As] [6s]
Mcknight888: checks 
Yoalfre: bets $6.79
Mcknight888: calls $6.79
*** RIVER *** [Jd Th As 6s] [4s]
Mcknight888: checks 
Yoalfre: bets $7.10
Mcknight888: folds 
Uncalled bet ($7.10) returned to Yoalfre
Yoalfre collected $21.52 from pot
Yoalfre: doesn't show hand 
*** SUMMARY ***
Total pot $22.52 | Rake $1 
Board [Jd Th As 6s 4s]
Seat 2: BGS013
Seat 3: AndreaBsAs
Seat 1: Mcknight888 (big blind) folded on the River
Seat 4: RAidakCo folded before Flop (didn't bet)
Seat 5: Yoalfre (button) collected ($21.52)
Seat 6: franco232315 (small blind) folded before Flop



PokerStars Hand #254431539076:  Hold'em No Limit ($0.50/$1.00 USD) - 2025/01/18 14:45:52 WET [2025/01/18 9:45:52 ET]
Table 'Bharani III' 6-max Seat #6 is the button
Seat 3: AndreaBsAs ($100 in chips) is sitting out
Seat 1: Mcknight888 ($88.99 in chips) 
Seat 2: BGS013 ($100 in chips) 
Seat 4: RAidakCo ($139.78 in chips) 
Seat 5: Yoalfre ($110.51 in chips) 
Seat 6: franco232315 ($141.57 in chips) 
Mcknight888: posts small blind $0.50
BGS013: posts big blind $1
AndreaBsAs: sits out 
*** HOLE CARDS ***
RAidakCo: folds 
Yoalfre: folds 
franco232315: folds 
Mcknight888: calls $0.50
BGS013: checks 
*** FLOP *** [Ah 2d 3s]
Mcknight888: checks 
BGS013: bets $1
Mcknight888: folds 
Uncalled bet ($1) returned to BGS013
BGS013 collected $1.90 from pot
BGS013: doesn't show hand 
*** SUMMARY ***
Total pot $2 | Rake $0.10 
Board [Ah 2d 3s]
Seat 3: AndreaBsAs
Seat 1: Mcknight888 (small blind) folded on the Flop
Seat 2: BGS013 (big blind) collected ($1.90)
Seat 4: RAidakCo folded before Flop (didn't bet)
Seat 5: Yoalfre folded before Flop (didn't bet)
Seat 6: franco232315 (button) folded before Flop (didn't bet)



PokerStars Hand #254431545439:  Hold'em No Limit ($0.50/$1.00 USD) - 2025/01/18 14:46:23 WET [2025/01/18 9:46:23 ET]
Table 'Bharani III' 6-max Seat #1 is the button
Seat 1: Mcknight888 ($87.99 in chips) 
Seat 2: BGS013 ($100.90 in chips) 
Seat 3: AndreaBsAs ($100 in chips) 
Seat 4: RAidakCo ($139.78 in chips) 
Seat 5: Yoalfre ($110.51 in chips) 
Seat 6: franco232315 ($141.57 in chips) 
BGS013: posts small blind $0.50
AndreaBsAs: posts big blind $1
*** HOLE CARDS ***
RAidakCo: folds 
Yoalfre: folds 
franco232315: raises $1.50 to $2.50
Mcknight888: folds 
BGS013: folds 
AndreaBsAs: raises $9 to $11.50
franco232315: folds 
Uncalled bet ($9) returned to AndreaBsAs
AndreaBsAs collected $5.50 from pot
*** SUMMARY ***
Total pot $5.50 | Rake $0 
Seat 1: Mcknight888 (button) folded before Flop (didn't bet)
Seat 2: BGS013 (small blind) folded before Flop
Seat 3: AndreaBsAs (big blind) collected ($5.50)
Seat 4: RAidakCo folded before Flop (didn't bet)
Seat 5: Yoalfre folded before Flop (didn't bet)
Seat 6: franco232315 folded before Flop



PokerStars Hand #254431551251:  Hold'em No Limit ($0.50/$1.00 USD) - 2025/01/18 14:46:50 WET [2025/01/18 9:46:50 ET]
Table 'Bharani III' 6-max Seat #2 is the button
Seat 1: Mcknight888 ($87.99 in chips) 
Seat 2: BGS013 ($100.40 in chips) 
Seat 3: AndreaBsAs ($103 in chips) 
Seat 4: RAidakCo ($139.78 in chips) 
Seat 5: Yoalfre ($110.51 in chips) 
Seat 6: franco232315 ($139.07 in chips) 
AndreaBsAs: posts small blind $0.50
RAidakCo: posts big blind $1
*** HOLE CARDS ***
Yoalfre: folds 
franco232315: raises $1.20 to $2.20
Mcknight888: calls $2.20
BGS013: folds 
AndreaBsAs: folds 
RAidakCo: folds 
*** FLOP *** [5h Td 2c]
RAidakCo leaves the table
franco232315: checks 
Mcknight888: checks 
*** TURN *** [5h Td 2c] [6c]
franco232315: checks 
Mcknight888: bets $5
franco232315: folds 
Uncalled bet ($5) returned to Mcknight888
Mcknight888 collected $5.60 from pot
Mcknight888: doesn't show hand 
*** SUMMARY ***
Total pot $5.90 | Rake $0.30 
Board [5h Td 2c 6c]
Seat 1: Mcknight888 collected ($5.60)
Seat 2: BGS013 (button) folded before Flop (didn't bet)
Seat 3: AndreaBsAs (small blind) folded before Flop
Seat 4: RAidakCo (big blind) folded before Flop
Seat 5: Yoalfre folded before Flop (didn't bet)
Seat 6: franco232315 folded on the Turn



PokerStars Hand #254431561370:  Hold'em No Limit ($0.50/$1.00 USD) - 2025/01/18 14:47:38 WET [2025/01/18 9:47:38 ET]
Table 'Bharani III' 6-max Seat #3 is the button
Seat 1: Mcknight888 ($91.39 in chips) 
Seat 2: BGS013 ($100.40 in chips) 
Seat 3: AndreaBsAs ($102.50 in chips) 
Seat 5: Yoalfre ($110.51 in chips) 
Seat 6: franco232315 ($136.87 in chips) 
Yoalfre: posts small blind $0.50
franco232315: posts big blind $1
*** HOLE CARDS ***
Mcknight888: calls $1
BGS013: folds 
AndreaBsAs: folds 
Yoalfre: raises $4 to $5
franco232315: folds 
Mcknight888: calls $4
*** FLOP *** [3h 8h As]
wmarl90 joins the table at seat #4 
wmarl90 is disconnected 
Yoalfre: bets $3.45
Mcknight888: folds 
Uncalled bet ($3.45) returned to Yoalfre
Yoalfre collected $10.45 from pot
Yoalfre: doesn't show hand 
*** SUMMARY ***
Total pot $11 | Rake $0.55 
Board [3h 8h As]
Seat 1: Mcknight888 folded on the Flop
Seat 2: BGS013 folded before Flop (didn't bet)
Seat 3: AndreaBsAs (button) folded before Flop (didn't bet)
Seat 5: Yoalfre (small blind) collected ($10.45)
Seat 6: franco232315 (big blind) folded before Flop



PokerStars Hand #254431569268:  Hold'em No Limit ($0.50/$1.00 USD) - 2025/01/18 14:48:15 WET [2025/01/18 9:48:15 ET]
Table 'Bharani III' 6-max Seat #5 is the button
Seat 1: Mcknight888 ($86.39 in chips) 
Seat 2: BGS013 ($100.40 in chips) 
Seat 3: AndreaBsAs ($102.50 in chips) 
Seat 4: wmarl90 ($100 in chips) 
Seat 5: Yoalfre ($115.96 in chips) 
Seat 6: franco232315 ($135.87 in chips) 
franco232315: posts small blind $0.50
Mcknight888: posts big blind $1
wmarl90: posts big blind $1
*** HOLE CARDS ***
BGS013: raises $3.50 to $4.50
AndreaBsAs: folds 
wmarl90: calls $3.50
Yoalfre: folds 
franco232315: folds 
Mcknight888: folds 
*** FLOP *** [Th 4s 2s]
BGS013: bets $2.59
wmarl90: calls $2.59
*** TURN *** [Th 4s 2s] [Qc]
BGS013: checks 
wmarl90: bets $7.45
BGS013: calls $7.45
*** RIVER *** [Th 4s 2s Qc] [8h]
BGS013: checks 
wmarl90: checks 
*** SHOW DOWN ***
BGS013: shows [Tc Kc] (a pair of Tens)
wmarl90: mucks hand 
BGS013 collected $29.05 from pot
*** SUMMARY ***
Total pot $30.58 | Rake $1.53 
Board [Th 4s 2s Qc 8h]
Seat 1: Mcknight888 (big blind) folded before Flop
Seat 2: BGS013 showed [Tc Kc] and won ($29.05) with a pair of Tens
Seat 3: AndreaBsAs folded before Flop (didn't bet)
Seat 4: wmarl90 mucked
Seat 5: Yoalfre (button) folded before Flop (didn't bet)
Seat 6: franco232315 (small blind) folded before Flop



PokerStars Hand #254431579515:  Hold'em No Limit ($0.50/$1.00 USD) - 2025/01/18 14:49:03 WET [2025/01/18 9:49:03 ET]
Table 'Bharani III' 6-max Seat #6 is the button
Seat 1: Mcknight888 ($85.39 in chips) 
Seat 2: BGS013 ($114.91 in chips) 
Seat 3: AndreaBsAs ($102.50 in chips) 
Seat 4: wmarl90 ($85.46 in chips) 
Seat 5: Yoalfre ($115.96 in chips) 
Seat 6: franco232315 ($135.37 in chips) 
Mcknight888: posts small blind $0.50
BGS013: posts big blind $1
*** HOLE CARDS ***
AndreaBsAs: folds 
wmarl90: folds 
Yoalfre: raises $1.50 to $2.50
franco232315: raises $5 to $7.50
Mcknight888: folds 
BGS013: folds 
Yoalfre: folds 
Uncalled bet ($5) returned to franco232315
franco232315 collected $6.50 from pot
franco232315: doesn't show hand 
*** SUMMARY ***
Total pot $6.50 | Rake $0 
Seat 1: Mcknight888 (small blind) folded before Flop
Seat 2: BGS013 (big blind) folded before Flop
Seat 3: AndreaBsAs folded before Flop (didn't bet)
Seat 4: wmarl90 folded before Flop (didn't bet)
Seat 5: Yoalfre folded before Flop
Seat 6: franco232315 (button) collected ($6.50)



PokerStars Hand #254431584146:  Hold'em No Limit ($0.50/$1.00 USD) - 2025/01/18 14:49:25 WET [2025/01/18 9:49:25 ET]
Table 'Bharani III' 6-max Seat #1 is the button
Seat 1: Mcknight888 ($84.89 in chips) 
Seat 2: BGS013 ($113.91 in chips) 
Seat 3: AndreaBsAs ($102.50 in chips) 
Seat 4: wmarl90 ($85.46 in chips) 
Seat 5: Yoalfre ($113.46 in chips) 
Seat 6: franco232315 ($139.37 in chips) 
BGS013: posts small blind $0.50
AndreaBsAs: posts big blind $1
*** HOLE CARDS ***
wmarl90: folds 
Yoalfre: folds 
franco232315: folds 
Mcknight888: folds 
BGS013: folds 
Uncalled bet ($0.50) returned to AndreaBsAs
AndreaBsAs collected $1 from pot
*** SUMMARY ***
Total pot $1 | Rake $0 
Seat 1: Mcknight888 (button) folded before Flop (didn't bet)
Seat 2: BGS013 (small blind) folded before Flop
Seat 3: AndreaBsAs (big blind) collected ($1)
Seat 4: wmarl90 folded before Flop (didn't bet)
Seat 5: Yoalfre folded before Flop (didn't bet)
Seat 6: franco232315 folded before Flop (didn't bet)



PokerStars Hand #254431586666:  Hold'em No Limit ($0.50/$1.00 USD) - 2025/01/18 14:49:37 WET [2025/01/18 9:49:37 ET]
Table 'Bharani III' 6-max Seat #2 is the button
Seat 1: Mcknight888 ($84.89 in chips) 
Seat 2: BGS013 ($113.41 in chips) 
Seat 3: AndreaBsAs ($103 in chips) 
Seat 4: wmarl90 ($85.46 in chips) 
Seat 5: Yoalfre ($113.46 in chips) 
Seat 6: franco232315 ($139.37 in chips) 
AndreaBsAs: posts small blind $0.50
wmarl90: posts big blind $1
*** HOLE CARDS ***
Yoalfre: raises $1.50 to $2.50
franco232315: folds 
Mcknight888: calls $2.50
BGS013 has timed out
BGS013: folds 
AndreaBsAs: folds 
wmarl90: calls $1.50
*** FLOP *** [4c 7c Qs]
wmarl90: checks 
Yoalfre: bets $2.51
Mcknight888: folds 
wmarl90: folds 
Uncalled bet ($2.51) returned to Yoalfre
Yoalfre collected $7.60 from pot
Yoalfre: doesn't show hand 
*** SUMMARY ***
Total pot $8 | Rake $0.40 
Board [4c 7c Qs]
Seat 1: Mcknight888 folded on the Flop
Seat 2: BGS013 (button) folded before Flop (didn't bet)
Seat 3: AndreaBsAs (small blind) folded before Flop
Seat 4: wmarl90 (big blind) folded on the Flop
Seat 5: Yoalfre collected ($7.60)
Seat 6: franco232315 folded before Flop (didn't bet)



PokerStars Hand #254431596586:  Hold'em No Limit ($0.50/$1.00 USD) - 2025/01/18 14:50:23 WET [2025/01/18 9:50:23 ET]
Table 'Bharani III' 6-max Seat #3 is the button
Seat 2: BGS013 ($113.41 in chips) is sitting out
Seat 1: Mcknight888 ($82.39 in chips) 
Seat 3: AndreaBsAs ($102.50 in chips) 
Seat 4: wmarl90 ($82.96 in chips) 
Seat 5: Yoalfre ($118.56 in chips) 
Seat 6: franco232315 ($139.37 in chips) 
wmarl90: posts small blind $0.50
Yoalfre: posts big blind $1
*** HOLE CARDS ***
franco232315: raises $1.20 to $2.20
Mcknight888: folds 
AndreaBsAs: folds 
wmarl90: calls $1.70
Yoalfre: folds 
*** FLOP *** [Ks 3c Kd]
wmarl90: checks 
franco232315: bets $1.69
wmarl90: calls $1.69
*** TURN *** [Ks 3c Kd] [2c]
wmarl90: checks 
franco232315: bets $4.17
wmarl90: calls $4.17
*** RIVER *** [Ks 3c Kd 2c] [9h]
wmarl90: checks 
franco232315: bets $16.26
wmarl90: folds 
Uncalled bet ($16.26) returned to franco232315
franco232315 collected $16.26 from pot
franco232315: doesn't show hand 
*** SUMMARY ***
Total pot $17.12 | Rake $0.86 
Board [Ks 3c Kd 2c 9h]
Seat 2: BGS013
Seat 1: Mcknight888 folded before Flop (didn't bet)
Seat 3: AndreaBsAs (button) folded before Flop (didn't bet)
Seat 4: wmarl90 (small blind) folded on the River
Seat 5: Yoalfre (big blind) folded before Flop
Seat 6: franco232315 collected ($16.26)



PokerStars Hand #254431606827:  Hold'em No Limit ($0.50/$1.00 USD) - 2025/01/18 14:51:11 WET [2025/01/18 9:51:11 ET]
Table 'Bharani III' 6-max Seat #4 is the button
Seat 1: Mcknight888 ($100 in chips) 
Seat 2: BGS013 ($113.41 in chips) 
Seat 3: AndreaBsAs ($102.50 in chips) 
Seat 4: wmarl90 ($74.90 in chips) 
Seat 5: Yoalfre ($117.56 in chips) 
Seat 6: franco232315 ($147.57 in chips) 
Yoalfre: posts small blind $0.50
franco232315: posts big blind $1
*** HOLE CARDS ***
Mcknight888: calls $1
BGS013: folds 
AndreaBsAs: raises $3 to $4
wmarl90: folds 
Yoalfre: folds 
franco232315: folds 
Mcknight888: calls $3
*** FLOP *** [4h Kh 8s]
Mcknight888: checks 
AndreaBsAs: bets $2.98
Mcknight888: folds 
Uncalled bet ($2.98) returned to AndreaBsAs
AndreaBsAs collected $9.02 from pot
*** SUMMARY ***
Total pot $9.50 | Rake $0.48 
Board [4h Kh 8s]
Seat 1: Mcknight888 folded on the Flop
Seat 2: BGS013 folded before Flop (didn't bet)
Seat 3: AndreaBsAs collected ($9.02)
Seat 4: wmarl90 (button) folded before Flop (didn't bet)
Seat 5: Yoalfre (small blind) folded before Flop
Seat 6: franco232315 (big blind) folded before Flop



PokerStars Hand #254431615049:  Hold'em No Limit ($0.50/$1.00 USD) - 2025/01/18 14:51:48 WET [2025/01/18 9:51:48 ET]
Table 'Bharani III' 6-max Seat #5 is the button
Seat 1: Mcknight888 ($96 in chips) 
Seat 2: BGS013 ($113.41 in chips) 
Seat 3: AndreaBsAs ($107.52 in chips) 
Seat 4: wmarl90 ($74.90 in chips) 
Seat 5: Yoalfre ($117.06 in chips) 
Seat 6: franco232315 ($146.57 in chips) 
franco232315: posts small blind $0.50
Mcknight888: posts big blind $1
*** HOLE CARDS ***
BGS013: folds 
AndreaBsAs: raises $1.20 to $2.20
wmarl90: folds 
Yoalfre: folds 
franco232315: folds 
Mcknight888: calls $1.20
*** FLOP *** [Ac 8s Qs]
Mcknight888: checks 
AndreaBsAs: bets $1.54
Mcknight888: calls $1.54
*** TURN *** [Ac 8s Qs] [2h]
Mcknight888: checks 
AndreaBsAs: bets $6.08
Mcknight888: folds 
Uncalled bet ($6.08) returned to AndreaBsAs
AndreaBsAs collected $7.58 from pot
*** SUMMARY ***
Total pot $7.98 | Rake $0.40 
Board [Ac 8s Qs 2h]
Seat 1: Mcknight888 (big blind) folded on the Turn
Seat 2: BGS013 folded before Flop (didn't bet)
Seat 3: AndreaBsAs collected ($7.58)
Seat 4: wmarl90 folded before Flop (didn't bet)
Seat 5: Yoalfre (button) folded before Flop (didn't bet)
Seat 6: franco232315 (small blind) folded before Flop



PokerStars Hand #254431625204:  Hold'em No Limit ($0.50/$1.00 USD) - 2025/01/18 14:52:36 WET [2025/01/18 9:52:36 ET]
Table 'Bharani III' 6-max Seat #6 is the button
Seat 1: Mcknight888 ($92.26 in chips) 
Seat 2: BGS013 ($113.41 in chips) 
Seat 3: AndreaBsAs ($111.36 in chips) 
Seat 4: wmarl90 ($74.90 in chips) 
Seat 5: Yoalfre ($117.06 in chips) 
Seat 6: franco232315 ($146.07 in chips) 
Mcknight888: posts small blind $0.50
BGS013: posts big blind $1
*** HOLE CARDS ***
AndreaBsAs: folds 
wmarl90: folds 
Yoalfre: folds 
franco232315: raises $1.50 to $2.50
Mcknight888: folds 
BGS013: folds 
Uncalled bet ($1.50) returned to franco232315
franco232315 collected $2.50 from pot
franco232315: doesn't show hand 
*** SUMMARY ***
Total pot $2.50 | Rake $0 
Seat 1: Mcknight888 (small blind) folded before Flop
Seat 2: BGS013 (big blind) folded before Flop
Seat 3: AndreaBsAs folded before Flop (didn't bet)
Seat 4: wmarl90 folded before Flop (didn't bet)
Seat 5: Yoalfre folded before Flop (didn't bet)
Seat 6: franco232315 (button) collected ($2.50)



PokerStars Hand #254431629130:  Hold'em No Limit ($0.50/$1.00 USD) - 2025/01/18 14:52:54 WET [2025/01/18 9:52:54 ET]
Table 'Bharani III' 6-max Seat #1 is the button
Seat 1: Mcknight888 ($91.76 in chips) 
Seat 2: BGS013 ($112.41 in chips) 
Seat 3: AndreaBsAs ($111.36 in chips) 
Seat 4: wmarl90 ($74.90 in chips) 
Seat 5: Yoalfre ($117.06 in chips) 
Seat 6: franco232315 ($147.57 in chips) 
BGS013: posts small blind $0.50
AndreaBsAs: posts big blind $1
*** HOLE CARDS ***
wmarl90: raises $2 to $3
Yoalfre: raises $6.50 to $9.50
franco232315: folds 
Mcknight888: folds 
BGS013: folds 
AndreaBsAs: folds 
wmarl90: calls $6.50
*** FLOP *** [Qc Js Jd]
wmarl90: checks 
Yoalfre: bets $6.43
wmarl90: folds 
Uncalled bet ($6.43) returned to Yoalfre
Yoalfre collected $19.48 from pot
Yoalfre: doesn't show hand 
*** SUMMARY ***
Total pot $20.50 | Rake $1.02 
Board [Qc Js Jd]
Seat 1: Mcknight888 (button) folded before Flop (didn't bet)
Seat 2: BGS013 (small blind) folded before Flop
Seat 3: AndreaBsAs (big blind) folded before Flop
Seat 4: wmarl90 folded on the Flop
Seat 5: Yoalfre collected ($19.48)
Seat 6: franco232315 folded before Flop (didn't bet)



PokerStars Hand #254431639741:  Hold'em No Limit ($0.50/$1.00 USD) - 2025/01/18 14:53:44 WET [2025/01/18 9:53:44 ET]
Table 'Bharani III' 6-max Seat #2 is the button
Seat 1: Mcknight888 ($91.76 in chips) 
Seat 2: BGS013 ($111.91 in chips) 
Seat 3: AndreaBsAs ($110.36 in chips) 
Seat 4: wmarl90 ($65.40 in chips) 
Seat 5: Yoalfre ($127.04 in chips) 
Seat 6: franco232315 ($147.57 in chips) 
AndreaBsAs: posts small blind $0.50
wmarl90: posts big blind $1
*** HOLE CARDS ***
Yoalfre: folds 
franco232315: raises $1.20 to $2.20
Mcknight888: calls $2.20
BGS013: folds 
AndreaBsAs: folds 
wmarl90: calls $1.20
*** FLOP *** [9c 3d 2h]
wmarl90: checks 
franco232315: checks 
Mcknight888: checks 
*** TURN *** [9c 3d 2h] [5d]
wmarl90: bets $3.37
franco232315: calls $3.37
Mcknight888: calls $3.37
*** RIVER *** [9c 3d 2h 5d] [8d]
wmarl90: bets $5
franco232315: folds 
Mcknight888: raises $10 to $15
wmarl90: calls $10
*** SHOW DOWN ***
Mcknight888: shows [Qd Td] (a flush, Queen high)
wmarl90: mucks hand 
Mcknight888 collected $44.85 from pot
*** SUMMARY ***
Total pot $47.21 | Rake $2.36 
Board [9c 3d 2h 5d 8d]
Seat 1: Mcknight888 showed [Qd Td] and won ($44.85) with a flush, Queen high
Seat 2: BGS013 (button) folded before Flop (didn't bet)
Seat 3: AndreaBsAs (small blind) folded before Flop
Seat 4: wmarl90 (big blind) mucked
Seat 5: Yoalfre folded before Flop (didn't bet)
Seat 6: franco232315 folded on the River



PokerStars Hand #254431655024:  Hold'em No Limit ($0.50/$1.00 USD) - 2025/01/18 14:54:56 WET [2025/01/18 9:54:56 ET]
Table 'Bharani III' 6-max Seat #3 is the button
Seat 1: Mcknight888 ($116.04 in chips) 
Seat 2: BGS013 ($111.91 in chips) 
Seat 3: AndreaBsAs ($109.86 in chips) 
Seat 4: wmarl90 ($44.83 in chips) 
Seat 5: Yoalfre ($127.04 in chips) 
Seat 6: franco232315 ($142 in chips) 
wmarl90: posts small blind $0.50
Yoalfre: posts big blind $1
*** HOLE CARDS ***
franco232315: raises $1.20 to $2.20
Mcknight888: folds 
BGS013: folds 
AndreaBsAs: folds 
wmarl90: calls $1.70
Yoalfre: folds 
*** FLOP *** [Qs Qc Ah]
wmarl90: checks 
franco232315: bets $1.28
wmarl90: calls $1.28
*** TURN *** [Qs Qc Ah] [8s]
wmarl90: checks 
franco232315: checks 
*** RIVER *** [Qs Qc Ah 8s] [8h]
wmarl90: checks 
franco232315: checks 
*** SHOW DOWN ***
wmarl90: shows [3d Ad] (two pair, Aces and Queens)
franco232315: mucks hand 
wmarl90 collected $7.56 from pot
*** SUMMARY ***
Total pot $7.96 | Rake $0.40 
Board [Qs Qc Ah 8s 8h]
Seat 1: Mcknight888 folded before Flop (didn't bet)
Seat 2: BGS013 folded before Flop (didn't bet)
Seat 3: AndreaBsAs (button) folded before Flop (didn't bet)
Seat 4: wmarl90 (small blind) showed [3d Ad] and won ($7.56) with two pair, Aces and Queens
Seat 5: Yoalfre (big blind) folded before Flop
Seat 6: franco232315 mucked



PokerStars Hand #254431663261:  Hold'em No Limit ($0.50/$1.00 USD) - 2025/01/18 14:55:43 WET [2025/01/18 9:55:43 ET]
Table 'Bharani III' 6-max Seat #4 is the button
Seat 1: Mcknight888 ($116.04 in chips) 
Seat 2: BGS013 ($111.91 in chips) 
Seat 3: AndreaBsAs ($109.86 in chips) 
Seat 4: wmarl90 ($48.91 in chips) 
Seat 5: Yoalfre ($126.04 in chips) 
Seat 6: franco232315 ($138.52 in chips) 
Yoalfre: posts small blind $0.50
franco232315: posts big blind $1
*** HOLE CARDS ***
Mcknight888: folds 
BGS013: folds 
AndreaBsAs: folds 
wmarl90: folds 
Yoalfre: raises $2 to $3
franco232315: raises $6 to $9
Yoalfre: calls $6
*** FLOP *** [Ad Jh 5d]
Yoalfre: checks 
franco232315: bets $5.64
Yoalfre: folds 
Uncalled bet ($5.64) returned to franco232315
franco232315 collected $17.10 from pot
franco232315: doesn't show hand 
*** SUMMARY ***
Total pot $18 | Rake $0.90 
Board [Ad Jh 5d]
Seat 1: Mcknight888 folded before Flop (didn't bet)
Seat 2: BGS013 folded before Flop (didn't bet)
Seat 3: AndreaBsAs folded before Flop (didn't bet)
Seat 4: wmarl90 (button) folded before Flop (didn't bet)
Seat 5: Yoalfre (small blind) folded on the Flop
Seat 6: franco232315 (big blind) collected ($17.10)



PokerStars Hand #254431674004:  Hold'em No Limit ($0.50/$1.00 USD) - 2025/01/18 14:56:47 WET [2025/01/18 9:56:47 ET]
Table 'Bharani III' 6-max Seat #5 is the button
Seat 1: Mcknight888 ($116.04 in chips) 
Seat 2: BGS013 ($111.91 in chips) 
Seat 3: AndreaBsAs ($109.86 in chips) 
Seat 4: wmarl90 ($48.91 in chips) 
Seat 5: Yoalfre ($117.04 in chips) 
Seat 6: franco232315 ($146.62 in chips) 
franco232315: posts small blind $0.50
Mcknight888: posts big blind $1
*** HOLE CARDS ***
BGS013: folds 
AndreaBsAs: folds 
wmarl90: folds 
Yoalfre: folds 
franco232315: folds 
Uncalled bet ($0.50) returned to Mcknight888
Mcknight888 collected $1 from pot
Mcknight888: doesn't show hand 
*** SUMMARY ***
Total pot $1 | Rake $0 
Seat 1: Mcknight888 (big blind) collected ($1)
Seat 2: BGS013 folded before Flop (didn't bet)
Seat 3: AndreaBsAs folded before Flop (didn't bet)
Seat 4: wmarl90 folded before Flop (didn't bet)
Seat 5: Yoalfre (button) folded before Flop (didn't bet)
Seat 6: franco232315 (small blind) folded before Flop



PokerStars Hand #254431675893:  Hold'em No Limit ($0.50/$1.00 USD) - 2025/01/18 14:56:59 WET [2025/01/18 9:56:59 ET]
Table 'Bharani III' 6-max Seat #6 is the button
Seat 1: Mcknight888 ($116.54 in chips) 
Seat 2: BGS013 ($111.91 in chips) 
Seat 3: AndreaBsAs ($109.86 in chips) 
Seat 4: wmarl90 ($48.91 in chips) 
Seat 5: Yoalfre ($117.04 in chips) 
Seat 6: franco232315 ($146.12 in chips) 
Mcknight888: posts small blind $0.50
BGS013: posts big blind $1
*** HOLE CARDS ***
AndreaBsAs: folds 
wmarl90: folds 
Yoalfre: folds 
franco232315: raises $1.50 to $2.50
Mcknight888: folds 
BGS013: calls $1.50
*** FLOP *** [8s 3c 4c]
BGS013: checks 
franco232315: bets $2.61
BGS013: calls $2.61
*** TURN *** [8s 3c 4c] [Kh]
BGS013: checks 
franco232315: bets $12.72
BGS013: calls $12.72
*** RIVER *** [8s 3c 4c Kh] [Js]
BGS013: checks 
franco232315: bets $25.76
BGS013: calls $25.76
*** SHOW DOWN ***
franco232315: shows [Ad 5c] (high card Ace)
BGS013: shows [Ks 4s] (two pair, Kings and Fours)
BGS013 collected $85.18 from pot
*** SUMMARY ***
Total pot $87.68 | Rake $2.50 
Board [8s 3c 4c Kh Js]
Seat 1: Mcknight888 (small blind) folded before Flop
Seat 2: BGS013 (big blind) showed [Ks 4s] and won ($85.18) with two pair, Kings and Fours
Seat 3: AndreaBsAs folded before Flop (didn't bet)
Seat 4: wmarl90 folded before Flop (didn't bet)
Seat 5: Yoalfre folded before Flop (didn't bet)
Seat 6: franco232315 (button) showed [Ad 5c] and lost with high card Ace



PokerStars Hand #254431698021:  Hold'em No Limit ($0.50/$1.00 USD) - 2025/01/18 14:59:10 WET [2025/01/18 9:59:10 ET]
Table 'Bharani III' 6-max Seat #1 is the button
Seat 1: Mcknight888 ($116.04 in chips) 
Seat 2: BGS013 ($153.50 in chips) 
Seat 3: AndreaBsAs ($109.86 in chips) 
Seat 4: wmarl90 ($48.91 in chips) 
Seat 5: Yoalfre ($117.04 in chips) 
Seat 6: franco232315 ($102.53 in chips) 
BGS013: posts small blind $0.50
AndreaBsAs: posts big blind $1
*** HOLE CARDS ***
wmarl90: folds 
Yoalfre: folds 
franco232315: folds 
Mcknight888: folds 
BGS013: folds 
Uncalled bet ($0.50) returned to AndreaBsAs
AndreaBsAs collected $1 from pot
*** SUMMARY ***
Total pot $1 | Rake $0 
Seat 1: Mcknight888 (button) folded before Flop (didn't bet)
Seat 2: BGS013 (small blind) folded before Flop
Seat 3: AndreaBsAs (big blind) collected ($1)
Seat 4: wmarl90 folded before Flop (didn't bet)
Seat 5: Yoalfre folded before Flop (didn't bet)
Seat 6: franco232315 folded before Flop (didn't bet)



PokerStars Hand #254431701389:  Hold'em No Limit ($0.50/$1.00 USD) - 2025/01/18 14:59:30 WET [2025/01/18 9:59:30 ET]
Table 'Bharani III' 6-max Seat #2 is the button
Seat 1: Mcknight888 ($116.04 in chips) 
Seat 2: BGS013 ($153 in chips) 
Seat 3: AndreaBsAs ($110.36 in chips) 
Seat 4: wmarl90 ($48.91 in chips) 
Seat 5: Yoalfre ($117.04 in chips) 
Seat 6: franco232315 ($102.53 in chips) 
AndreaBsAs: posts small blind $0.50
wmarl90: posts big blind $1
*** HOLE CARDS ***
Yoalfre: raises $1.50 to $2.50
franco232315: folds 
Mcknight888: folds 
BGS013: folds 
AndreaBsAs: calls $2
wmarl90: folds 
*** FLOP *** [7h 7s 4c]
AndreaBsAs: checks 
Yoalfre: bets $4.56
AndreaBsAs: calls $4.56
*** TURN *** [7h 7s 4c] [6c]
AndreaBsAs: checks 
Yoalfre: checks 
*** RIVER *** [7h 7s 4c 6c] [5c]
AndreaBsAs: bets $4.74
Yoalfre: calls $4.74
*** SHOW DOWN ***
AndreaBsAs: shows [3h 3d] (a straight, Three to Seven)
Yoalfre: shows [2c Ac] (a flush, Ace high)
Yoalfre collected $23.37 from pot
*** SUMMARY ***
Total pot $24.60 | Rake $1.23 
Board [7h 7s 4c 6c 5c]
Seat 1: Mcknight888 folded before Flop (didn't bet)
Seat 2: BGS013 (button) folded before Flop (didn't bet)
Seat 3: AndreaBsAs (small blind) showed [3h 3d] and lost with a straight, Three to Seven
Seat 4: wmarl90 (big blind) folded before Flop
Seat 5: Yoalfre showed [2c Ac] and won ($23.37) with a flush, Ace high
Seat 6: franco232315 folded before Flop (didn't bet)



PokerStars Hand #254431719684:  Hold'em No Limit ($0.50/$1.00 USD) - 2025/01/18 15:01:13 WET [2025/01/18 10:01:13 ET]
Table 'Bharani III' 6-max Seat #3 is the button
Seat 1: Mcknight888 ($116.04 in chips) 
Seat 2: BGS013 ($153 in chips) 
Seat 3: AndreaBsAs ($100 in chips) 
Seat 4: wmarl90 ($47.91 in chips) 
Seat 5: Yoalfre ($128.61 in chips) 
Seat 6: franco232315 ($102.53 in chips) 
wmarl90: posts small blind $0.50
Yoalfre: posts big blind $1
*** HOLE CARDS ***
franco232315: folds 
Mcknight888: raises $3 to $4
BGS013: folds 
AndreaBsAs: folds 
wmarl90: calls $3.50
Yoalfre: folds 
*** FLOP *** [Qh 9c 5c]
wmarl90: checks 
Mcknight888: bets $8
wmarl90: folds 
Uncalled bet ($8) returned to Mcknight888
Mcknight888 collected $8.55 from pot
Mcknight888: doesn't show hand 
*** SUMMARY ***
Total pot $9 | Rake $0.45 
Board [Qh 9c 5c]
Seat 1: Mcknight888 collected ($8.55)
Seat 2: BGS013 folded before Flop (didn't bet)
Seat 3: AndreaBsAs (button) folded before Flop (didn't bet)
Seat 4: wmarl90 (small blind) folded on the Flop
Seat 5: Yoalfre (big blind) folded before Flop
Seat 6: franco232315 folded before Flop (didn't bet)



PokerStars Hand #254431726817:  Hold'em No Limit ($0.50/$1.00 USD) - 2025/01/18 15:01:49 WET [2025/01/18 10:01:49 ET]
Table 'Bharani III' 6-max Seat #4 is the button
Seat 1: Mcknight888 ($120.59 in chips) 
Seat 2: BGS013 ($153 in chips) 
Seat 3: AndreaBsAs ($100 in chips) 
Seat 4: wmarl90 ($43.91 in chips) 
Seat 5: Yoalfre ($127.61 in chips) 
Seat 6: franco232315 ($102.53 in chips) 
Yoalfre: posts small blind $0.50
franco232315: posts big blind $1
*** HOLE CARDS ***
Mcknight888: calls $1
BGS013: folds 
AndreaBsAs: raises $3 to $4
wmarl90: folds 
Yoalfre: folds 
franco232315: calls $3
Mcknight888: calls $3
*** FLOP *** [7h Jd Ah]
franco232315: checks 
Mcknight888: checks 
AndreaBsAs: bets $3.92
franco232315: folds 
Mcknight888: calls $3.92
*** TURN *** [7h Jd Ah] [Jh]
Mcknight888: checks 
AndreaBsAs: checks 
*** RIVER *** [7h Jd Ah Jh] [9c]
Mcknight888: checks 
AndreaBsAs: checks 
*** SHOW DOWN ***
Mcknight888: shows [Ad Qc] (two pair, Aces and Jacks)
AndreaBsAs: mucks hand 
Mcknight888 collected $19.32 from pot
*** SUMMARY ***
Total pot $20.34 | Rake $1.02 
Board [7h Jd Ah Jh 9c]
Seat 1: Mcknight888 showed [Ad Qc] and won ($19.32) with two pair, Aces and Jacks
Seat 2: BGS013 folded before Flop (didn't bet)
Seat 3: AndreaBsAs mucked
Seat 4: wmarl90 (button) folded before Flop (didn't bet)
Seat 5: Yoalfre (small blind) folded before Flop
Seat 6: franco232315 (big blind) folded on the Flop



PokerStars Hand #254431740170:  Hold'em No Limit ($0.50/$1.00 USD) - 2025/01/18 15:02:52 WET [2025/01/18 10:02:52 ET]
Table 'Bharani III' 6-max Seat #5 is the button
Seat 1: Mcknight888 ($131.99 in chips) 
Seat 2: BGS013 ($153 in chips) 
Seat 3: AndreaBsAs ($100 in chips) 
Seat 4: wmarl90 ($43.91 in chips) 
Seat 5: Yoalfre ($127.11 in chips) 
Seat 6: franco232315 ($100 in chips) 
franco232315: posts small blind $0.50
Mcknight888: posts big blind $1
*** HOLE CARDS ***
BGS013: folds 
AndreaBsAs: folds 
wmarl90: folds 
Yoalfre: folds 
franco232315: raises $2 to $3
Mcknight888: calls $2
*** FLOP *** [Kd Qd Qc]
franco232315: bets $1.88
Mcknight888: calls $1.88
*** TURN *** [Kd Qd Qc] [4s]
franco232315: bets $6.95
Mcknight888: calls $6.95
*** RIVER *** [Kd Qd Qc 4s] [Ac]
franco232315: bets $16.86
Mcknight888: folds 
Uncalled bet ($16.86) returned to franco232315
franco232315 collected $22.48 from pot
franco232315: doesn't show hand 
*** SUMMARY ***
Total pot $23.66 | Rake $1.18 
Board [Kd Qd Qc 4s Ac]
Seat 1: Mcknight888 (big blind) folded on the River
Seat 2: BGS013 folded before Flop (didn't bet)
Seat 3: AndreaBsAs folded before Flop (didn't bet)
Seat 4: wmarl90 folded before Flop (didn't bet)
Seat 5: Yoalfre (button) folded before Flop (didn't bet)
Seat 6: franco232315 (small blind) collected ($22.48)



PokerStars Hand #254431750328:  Hold'em No Limit ($0.50/$1.00 USD) - 2025/01/18 15:03:40 WET [2025/01/18 10:03:40 ET]
Table 'Bharani III' 6-max Seat #6 is the button
Seat 1: Mcknight888 ($120.16 in chips) 
Seat 2: BGS013 ($153 in chips) 
Seat 3: AndreaBsAs ($100 in chips) 
Seat 4: wmarl90 ($43.91 in chips) 
Seat 5: Yoalfre ($127.11 in chips) 
Seat 6: franco232315 ($110.65 in chips) 
Mcknight888: posts small blind $0.50
BGS013: posts big blind $1
*** HOLE CARDS ***
AndreaBsAs: raises $1.20 to $2.20
wmarl90: raises $6.90 to $9.10
Yoalfre: folds 
franco232315: folds 
Mcknight888: folds 
BGS013: folds 
AndreaBsAs: folds 
Uncalled bet ($6.90) returned to wmarl90
wmarl90 collected $5.90 from pot
wmarl90: doesn't show hand 
*** SUMMARY ***
Total pot $5.90 | Rake $0 
Seat 1: Mcknight888 (small blind) folded before Flop
Seat 2: BGS013 (big blind) folded before Flop
Seat 3: AndreaBsAs folded before Flop
Seat 4: wmarl90 collected ($5.90)
Seat 5: Yoalfre folded before Flop (didn't bet)
Seat 6: franco232315 (button) folded before Flop (didn't bet)



PokerStars Hand #254431758026:  Hold'em No Limit ($0.50/$1.00 USD) - 2025/01/18 15:04:16 WET [2025/01/18 10:04:16 ET]
Table 'Bharani III' 6-max Seat #1 is the button
Seat 1: Mcknight888 ($119.66 in chips) 
Seat 2: BGS013 ($152 in chips) 
Seat 3: AndreaBsAs ($100 in chips) 
Seat 4: wmarl90 ($47.61 in chips) 
Seat 5: Yoalfre ($127.11 in chips) 
Seat 6: franco232315 ($110.65 in chips) 
BGS013: posts small blind $0.50
AndreaBsAs: posts big blind $1
*** HOLE CARDS ***
wmarl90: folds 
Yoalfre: folds 
franco232315: folds 
Mcknight888: folds 
Mcknight888 leaves the table
BGS013: folds 
Uncalled bet ($0.50) returned to AndreaBsAs
AndreaBsAs collected $1 from pot
*** SUMMARY ***
Total pot $1 | Rake $0 
Seat 1: Mcknight888 (button) folded before Flop (didn't bet)
Seat 2: BGS013 (small blind) folded before Flop
Seat 3: AndreaBsAs (big blind) collected ($1)
Seat 4: wmarl90 folded before Flop (didn't bet)
Seat 5: Yoalfre folded before Flop (didn't bet)
Seat 6: franco232315 folded before Flop (didn't bet)



PokerStars Hand #254431763200:  Hold'em No Limit ($0.50/$1.00 USD) - 2025/01/18 15:04:40 WET [2025/01/18 10:04:40 ET]
Table 'Bharani III' 6-max Seat #2 is the button
Seat 2: BGS013 ($151.50 in chips) 
Seat 3: AndreaBsAs ($100.50 in chips) 
Seat 4: wmarl90 ($47.61 in chips) 
Seat 5: Yoalfre ($127.11 in chips) 
Seat 6: franco232315 ($110.65 in chips) 
AndreaBsAs: posts small blind $0.50
wmarl90: posts big blind $1
*** HOLE CARDS ***
Yoalfre: folds 
franco232315: folds 
BGS013: folds 
Oli3579 joins the table at seat #1 
AndreaBsAs: folds 
Uncalled bet ($0.50) returned to wmarl90
wmarl90 collected $1 from pot
*** SUMMARY ***
Total pot $1 | Rake $0 
Seat 2: BGS013 (button) folded before Flop (didn't bet)
Seat 3: AndreaBsAs (small blind) folded before Flop
Seat 4: wmarl90 (big blind) collected ($1)
Seat 5: Yoalfre folded before Flop (didn't bet)
Seat 6: franco232315 folded before Flop (didn't bet)



PokerStars Hand #254431766040:  Hold'em No Limit ($0.50/$1.00 USD) - 2025/01/18 15:04:53 WET [2025/01/18 10:04:53 ET]
Table 'Bharani III' 6-max Seat #3 is the button
Seat 1: Oli3579 ($100 in chips) is sitting out
Seat 2: BGS013 ($151.50 in chips) 
Seat 3: AndreaBsAs ($100 in chips) 
Seat 4: wmarl90 ($48.11 in chips) 
Seat 5: Yoalfre ($127.11 in chips) 
Seat 6: franco232315 ($110.65 in chips) 
wmarl90: posts small blind $0.50
Yoalfre: posts big blind $1
Oli3579: sits out 
*** HOLE CARDS ***
franco232315: folds 
BGS013: folds 
AndreaBsAs: folds 
wmarl90: folds 
Uncalled bet ($0.50) returned to Yoalfre
Yoalfre collected $1 from pot
Yoalfre: doesn't show hand 
*** SUMMARY ***
Total pot $1 | Rake $0 
Seat 1: Oli3579
Seat 2: BGS013 folded before Flop (didn't bet)
Seat 3: AndreaBsAs (button) folded before Flop (didn't bet)
Seat 4: wmarl90 (small blind) folded before Flop
Seat 5: Yoalfre (big blind) collected ($1)
Seat 6: franco232315 folded before Flop (didn't bet)



PokerStars Hand #254431767828:  Hold'em No Limit ($0.50/$1.00 USD) - 2025/01/18 15:05:01 WET [2025/01/18 10:05:01 ET]
Table 'Bharani III' 6-max Seat #4 is the button
Seat 1: Oli3579 ($100 in chips) is sitting out
Seat 2: BGS013 ($151.50 in chips) 
Seat 3: AndreaBsAs ($100 in chips) 
Seat 4: wmarl90 ($47.61 in chips) 
Seat 5: Yoalfre ($127.61 in chips) 
Seat 6: franco232315 ($110.65 in chips) 
Yoalfre: posts small blind $0.50
franco232315: posts big blind $1
Oli3579: sits out 
*** HOLE CARDS ***
BGS013: folds 
AndreaBsAs: folds 
wmarl90: folds 
Yoalfre: raises $2 to $3
franco232315: folds 
Uncalled bet ($2) returned to Yoalfre
Yoalfre collected $2 from pot
Yoalfre: doesn't show hand 
*** SUMMARY ***
Total pot $2 | Rake $0 
Seat 1: Oli3579
Seat 2: BGS013 folded before Flop (didn't bet)
Seat 3: AndreaBsAs folded before Flop (didn't bet)
Seat 4: wmarl90 (button) folded before Flop (didn't bet)
Seat 5: Yoalfre (small blind) collected ($2)
Seat 6: franco232315 (big blind) folded before Flop



PokerStars Hand #254431771664:  Hold'em No Limit ($0.50/$1.00 USD) - 2025/01/18 15:05:19 WET [2025/01/18 10:05:19 ET]
Table 'Bharani III' 6-max Seat #5 is the button
Seat 1: Oli3579 ($100 in chips) 
Seat 2: BGS013 ($151.50 in chips) 
Seat 3: AndreaBsAs ($100 in chips) 
Seat 4: wmarl90 ($47.61 in chips) 
Seat 5: Yoalfre ($128.61 in chips) 
Seat 6: franco232315 ($109.65 in chips) 
franco232315: posts small blind $0.50
Oli3579: posts big blind $1
*** HOLE CARDS ***
BGS013: folds 
AndreaBsAs: raises $1.20 to $2.20
wmarl90: folds 
Yoalfre: folds 
franco232315: folds 
Oli3579: folds 
Uncalled bet ($1.20) returned to AndreaBsAs
AndreaBsAs collected $2.50 from pot
*** SUMMARY ***
Total pot $2.50 | Rake $0 
Seat 1: Oli3579 (big blind) folded before Flop
Seat 2: BGS013 folded before Flop (didn't bet)
Seat 3: AndreaBsAs collected ($2.50)
Seat 4: wmarl90 folded before Flop (didn't bet)
Seat 5: Yoalfre (button) folded before Flop (didn't bet)
Seat 6: franco232315 (small blind) folded before Flop



PokerStars Hand #254431775531:  Hold'em No Limit ($0.50/$1.00 USD) - 2025/01/18 15:05:37 WET [2025/01/18 10:05:37 ET]
Table 'Bharani III' 6-max Seat #6 is the button
Seat 1: Oli3579 ($100 in chips) 
Seat 2: BGS013 ($151.50 in chips) 
Seat 3: AndreaBsAs ($101.50 in chips) 
Seat 4: wmarl90 ($47.61 in chips) 
Seat 5: Yoalfre ($128.61 in chips) 
Seat 6: franco232315 ($109.15 in chips) 
Oli3579: posts small blind $0.50
BGS013: posts big blind $1
*** HOLE CARDS ***
AndreaBsAs: folds 
wmarl90: folds 
Yoalfre: folds 
franco232315: folds 
Oli3579: folds 
Uncalled bet ($0.50) returned to BGS013
BGS013 collected $1 from pot
BGS013: doesn't show hand 
*** SUMMARY ***
Total pot $1 | Rake $0 
Seat 1: Oli3579 (small blind) folded before Flop
Seat 2: BGS013 (big blind) collected ($1)
Seat 3: AndreaBsAs folded before Flop (didn't bet)
Seat 4: wmarl90 folded before Flop (didn't bet)
Seat 5: Yoalfre folded before Flop (didn't bet)
Seat 6: franco232315 (button) folded before Flop (didn't bet)



PokerStars Hand #254431779805:  Hold'em No Limit ($0.50/$1.00 USD) - 2025/01/18 15:05:57 WET [2025/01/18 10:05:57 ET]
Table 'Bharani III' 6-max Seat #1 is the button
Seat 1: Oli3579 ($100 in chips) 
Seat 2: BGS013 ($152 in chips) 
Seat 3: AndreaBsAs ($101.50 in chips) 
Seat 4: wmarl90 ($47.61 in chips) 
Seat 5: Yoalfre ($128.61 in chips) 
Seat 6: franco232315 ($109.15 in chips) 
BGS013: posts small blind $0.50
AndreaBsAs: posts big blind $1
*** HOLE CARDS ***
wmarl90: raises $2 to $3
Yoalfre: folds 
franco232315: folds 
Oli3579: folds 
BGS013: folds 
AndreaBsAs: folds 
Uncalled bet ($2) returned to wmarl90
wmarl90 collected $2.50 from pot
*** SUMMARY ***
Total pot $2.50 | Rake $0 
Seat 1: Oli3579 (button) folded before Flop (didn't bet)
Seat 2: BGS013 (small blind) folded before Flop
Seat 3: AndreaBsAs (big blind) folded before Flop
Seat 4: wmarl90 collected ($2.50)
Seat 5: Yoalfre folded before Flop (didn't bet)
Seat 6: franco232315 folded before Flop (didn't bet)



PokerStars Hand #254431783857:  Hold'em No Limit ($0.50/$1.00 USD) - 2025/01/18 15:06:16 WET [2025/01/18 10:06:16 ET]
Table 'Bharani III' 6-max Seat #2 is the button
Seat 1: Oli3579 ($100 in chips) 
Seat 2: BGS013 ($151.50 in chips) 
Seat 3: AndreaBsAs ($100.50 in chips) 
Seat 4: wmarl90 ($49.11 in chips) 
Seat 5: Yoalfre ($128.61 in chips) 
Seat 6: franco232315 ($109.15 in chips) 
AndreaBsAs: posts small blind $0.50
wmarl90: posts big blind $1
*** HOLE CARDS ***
Yoalfre: folds 
franco232315: raises $1.20 to $2.20
Oli3579: folds 
BGS013: folds 
AndreaBsAs: raises $8.80 to $11
wmarl90: calls $10
franco232315: folds 
*** FLOP *** [9s 5h 8d]
AndreaBsAs: bets $7.59
wmarl90: calls $7.59
*** TURN *** [9s 5h 8d] [2s]
AndreaBsAs: checks 
wmarl90: bets $10
AndreaBsAs: folds 
Uncalled bet ($10) returned to wmarl90
wmarl90 collected $37.41 from pot
*** SUMMARY ***
Total pot $39.38 | Rake $1.97 
Board [9s 5h 8d 2s]
Seat 1: Oli3579 folded before Flop (didn't bet)
Seat 2: BGS013 (button) folded before Flop (didn't bet)
Seat 3: AndreaBsAs (small blind) folded on the Turn
Seat 4: wmarl90 (big blind) collected ($37.41)
Seat 5: Yoalfre folded before Flop (didn't bet)
Seat 6: franco232315 folded before Flop



PokerStars Hand #254431796645:  Hold'em No Limit ($0.50/$1.00 USD) - 2025/01/18 15:07:16 WET [2025/01/18 10:07:16 ET]
Table 'Bharani III' 6-max Seat #3 is the button
Seat 1: Oli3579 ($100 in chips) 
Seat 2: BGS013 ($151.50 in chips) 
Seat 3: AndreaBsAs ($100 in chips) 
Seat 4: wmarl90 ($67.93 in chips) 
Seat 5: Yoalfre ($128.61 in chips) 
Seat 6: franco232315 ($106.95 in chips) 
wmarl90: posts small blind $0.50
Yoalfre: posts big blind $1
*** HOLE CARDS ***
franco232315: folds 
Oli3579: folds 
BGS013: folds 
AndreaBsAs: folds 
wmarl90: folds 
Uncalled bet ($0.50) returned to Yoalfre
Yoalfre collected $1 from pot
Yoalfre: doesn't show hand 
*** SUMMARY ***
Total pot $1 | Rake $0 
Seat 1: Oli3579 folded before Flop (didn't bet)
Seat 2: BGS013 folded before Flop (didn't bet)
Seat 3: AndreaBsAs (button) folded before Flop (didn't bet)
Seat 4: wmarl90 (small blind) folded before Flop
Seat 5: Yoalfre (big blind) collected ($1)
Seat 6: franco232315 folded before Flop (didn't bet)



PokerStars Hand #254431798722:  Hold'em No Limit ($0.50/$1.00 USD) - 2025/01/18 15:07:25 WET [2025/01/18 10:07:25 ET]
Table 'Bharani III' 6-max Seat #4 is the button
Seat 1: Oli3579 ($100 in chips) 
Seat 2: BGS013 ($151.50 in chips) 
Seat 3: AndreaBsAs ($100 in chips) 
Seat 4: wmarl90 ($67.43 in chips) 
Seat 5: Yoalfre ($129.11 in chips) 
Seat 6: franco232315 ($106.95 in chips) 
Yoalfre: posts small blind $0.50
franco232315: posts big blind $1
*** HOLE CARDS ***
Oli3579: folds 
BGS013: folds 
AndreaBsAs: folds 
wmarl90: folds 
Yoalfre: raises $2 to $3
franco232315: calls $2
*** FLOP *** [Ah 4h 4c]
Yoalfre: checks 
franco232315: checks 
*** TURN *** [Ah 4h 4c] [Qd]
Yoalfre: bets $1.88
franco232315: calls $1.88
*** RIVER *** [Ah 4h 4c Qd] [7s]
Yoalfre: checks 
franco232315: checks 
*** SHOW DOWN ***
Yoalfre: shows [5c 5h] (two pair, Fives and Fours)
franco232315: shows [8c 8d] (two pair, Eights and Fours)
franco232315 collected $9.27 from pot
*** SUMMARY ***
Total pot $9.76 | Rake $0.49 
Board [Ah 4h 4c Qd 7s]
Seat 1: Oli3579 folded before Flop (didn't bet)
Seat 2: BGS013 folded before Flop (didn't bet)
Seat 3: AndreaBsAs folded before Flop (didn't bet)
Seat 4: wmarl90 (button) folded before Flop (didn't bet)
Seat 5: Yoalfre (small blind) showed [5c 5h] and lost with two pair, Fives and Fours
Seat 6: franco232315 (big blind) showed [8c 8d] and won ($9.27) with two pair, Eights and Fours



PokerStars Hand #254431820308:  Hold'em No Limit ($0.50/$1.00 USD) - 2025/01/18 15:09:05 WET [2025/01/18 10:09:05 ET]
Table 'Bharani III' 6-max Seat #5 is the button
Seat 1: Oli3579 ($100 in chips) 
Seat 2: BGS013 ($151.50 in chips) 
Seat 3: AndreaBsAs ($100 in chips) 
Seat 4: wmarl90 ($67.43 in chips) 
Seat 5: Yoalfre ($124.23 in chips) 
Seat 6: franco232315 ($111.34 in chips) 
franco232315: posts small blind $0.50
Oli3579: posts big blind $1
*** HOLE CARDS ***
BGS013: raises $1 to $2
AndreaBsAs: folds 
wmarl90: folds 
Yoalfre: folds 
franco232315: folds 
Oli3579: calls $1
*** FLOP *** [6c 6h Jd]
Oli3579: checks 
BGS013: bets $1.11
Oli3579: raises $2.15 to $3.26
BGS013: folds 
Uncalled bet ($2.15) returned to Oli3579
Oli3579 collected $6.38 from pot
Oli3579: doesn't show hand 
*** SUMMARY ***
Total pot $6.72 | Rake $0.34 
Board [6c 6h Jd]
Seat 1: Oli3579 (big blind) collected ($6.38)
Seat 2: BGS013 folded on the Flop
Seat 3: AndreaBsAs folded before Flop (didn't bet)
Seat 4: wmarl90 folded before Flop (didn't bet)
Seat 5: Yoalfre (button) folded before Flop (didn't bet)
Seat 6: franco232315 (small blind) folded before Flop



PokerStars Hand #254431829403:  Hold'em No Limit ($0.50/$1.00 USD) - 2025/01/18 15:09:48 WET [2025/01/18 10:09:48 ET]
Table 'Bharani III' 6-max Seat #6 is the button
Seat 1: Oli3579 ($103.27 in chips) 
Seat 2: BGS013 ($148.39 in chips) 
Seat 3: AndreaBsAs ($100 in chips) 
Seat 4: wmarl90 ($67.43 in chips) 
Seat 5: Yoalfre ($124.23 in chips) 
Seat 6: franco232315 ($110.84 in chips) 
Oli3579: posts small blind $0.50
BGS013: posts big blind $1
*** HOLE CARDS ***
AndreaBsAs: folds 
wmarl90: folds 
Yoalfre: folds 
franco232315: folds 
Oli3579: folds 
Uncalled bet ($0.50) returned to BGS013
BGS013 collected $1 from pot
BGS013: doesn't show hand 
*** SUMMARY ***
Total pot $1 | Rake $0 
Seat 1: Oli3579 (small blind) folded before Flop
Seat 2: BGS013 (big blind) collected ($1)
Seat 3: AndreaBsAs folded before Flop (didn't bet)
Seat 4: wmarl90 folded before Flop (didn't bet)
Seat 5: Yoalfre folded before Flop (didn't bet)
Seat 6: franco232315 (button) folded before Flop (didn't bet)



PokerStars Hand #254431831903:  Hold'em No Limit ($0.50/$1.00 USD) - 2025/01/18 15:09:59 WET [2025/01/18 10:09:59 ET]
Table 'Bharani III' 6-max Seat #1 is the button
Seat 1: Oli3579 ($102.77 in chips) 
Seat 2: BGS013 ($148.89 in chips) 
Seat 3: AndreaBsAs ($100 in chips) 
Seat 4: wmarl90 ($67.43 in chips) 
Seat 5: Yoalfre ($124.23 in chips) 
Seat 6: franco232315 ($110.84 in chips) 
BGS013: posts small blind $0.50
AndreaBsAs: posts big blind $1
*** HOLE CARDS ***
wmarl90: folds 
Yoalfre: folds 
franco232315: folds 
Oli3579: raises $1.25 to $2.25
BGS013: folds 
AndreaBsAs: folds 
Uncalled bet ($1.25) returned to Oli3579
Oli3579 collected $2.50 from pot
Oli3579: doesn't show hand 
*** SUMMARY ***
Total pot $2.50 | Rake $0 
Seat 1: Oli3579 (button) collected ($2.50)
Seat 2: BGS013 (small blind) folded before Flop
Seat 3: AndreaBsAs (big blind) folded before Flop
Seat 4: wmarl90 folded before Flop (didn't bet)
Seat 5: Yoalfre folded before Flop (didn't bet)
Seat 6: franco232315 folded before Flop (didn't bet)



PokerStars Hand #254431836205:  Hold'em No Limit ($0.50/$1.00 USD) - 2025/01/18 15:10:19 WET [2025/01/18 10:10:19 ET]
Table 'Bharani III' 6-max Seat #2 is the button
Seat 1: Oli3579 ($104.27 in chips) 
Seat 2: BGS013 ($148.39 in chips) 
Seat 3: AndreaBsAs ($100 in chips) 
Seat 4: wmarl90 ($67.43 in chips) 
Seat 5: Yoalfre ($124.23 in chips) 
Seat 6: franco232315 ($110.84 in chips) 
AndreaBsAs: posts small blind $0.50
wmarl90: posts big blind $1
*** HOLE CARDS ***
Yoalfre: folds 
franco232315: folds 
Oli3579: folds 
BGS013: raises $1.50 to $2.50
AndreaBsAs: folds 
wmarl90: calls $1.50
*** FLOP *** [4d 5s 7s]
wmarl90: checks 
BGS013: bets $1.36
wmarl90: calls $1.36
*** TURN *** [4d 5s 7s] [7d]
wmarl90: checks 
BGS013: bets $6.09
wmarl90: folds 
Uncalled bet ($6.09) returned to BGS013
BGS013 collected $7.81 from pot
BGS013: doesn't show hand 
*** SUMMARY ***
Total pot $8.22 | Rake $0.41 
Board [4d 5s 7s 7d]
Seat 1: Oli3579 folded before Flop (didn't bet)
Seat 2: BGS013 (button) collected ($7.81)
Seat 3: AndreaBsAs (small blind) folded before Flop
Seat 4: wmarl90 (big blind) folded on the Turn
Seat 5: Yoalfre folded before Flop (didn't bet)
Seat 6: franco232315 folded before Flop (didn't bet)



PokerStars Hand #254431846447:  Hold'em No Limit ($0.50/$1.00 USD) - 2025/01/18 15:11:07 WET [2025/01/18 10:11:07 ET]
Table 'Bharani III' 6-max Seat #3 is the button
Seat 1: Oli3579 ($104.27 in chips) 
Seat 2: BGS013 ($152.34 in chips) 
Seat 3: AndreaBsAs ($100 in chips) 
Seat 4: wmarl90 ($63.57 in chips) 
Seat 5: Yoalfre ($124.23 in chips) 
Seat 6: franco232315 ($110.84 in chips) 
wmarl90: posts small blind $0.50
Yoalfre: posts big blind $1
*** HOLE CARDS ***
franco232315: folds 
Oli3579: raises $1.25 to $2.25
BGS013: folds 
AndreaBsAs: folds 
wmarl90: folds 
Yoalfre: calls $1.25
*** FLOP *** [7d 2d 2c]
Yoalfre: checks 
Oli3579: checks 
*** TURN *** [7d 2d 2c] [9c]
Yoalfre: bets $5.94
Oli3579: folds 
Uncalled bet ($5.94) returned to Yoalfre
Yoalfre collected $4.75 from pot
Yoalfre: doesn't show hand 
*** SUMMARY ***
Total pot $5 | Rake $0.25 
Board [7d 2d 2c 9c]
Seat 1: Oli3579 folded on the Turn
Seat 2: BGS013 folded before Flop (didn't bet)
Seat 3: AndreaBsAs (button) folded before Flop (didn't bet)
Seat 4: wmarl90 (small blind) folded before Flop
Seat 5: Yoalfre (big blind) collected ($4.75)
Seat 6: franco232315 folded before Flop (didn't bet)



PokerStars Hand #254431856929:  Hold'em No Limit ($0.50/$1.00 USD) - 2025/01/18 15:11:56 WET [2025/01/18 10:11:56 ET]
Table 'Bharani III' 6-max Seat #4 is the button
Seat 1: Oli3579 ($102.02 in chips) 
Seat 2: BGS013 ($152.34 in chips) 
Seat 3: AndreaBsAs ($100 in chips) 
Seat 4: wmarl90 ($63.07 in chips) 
Seat 5: Yoalfre ($126.73 in chips) 
Seat 6: franco232315 ($110.84 in chips) 
Yoalfre: posts small blind $0.50
franco232315: posts big blind $1
*** HOLE CARDS ***
Oli3579: folds 
BGS013: raises $1 to $2
AndreaBsAs: folds 
wmarl90: folds 
Yoalfre: raises $8 to $10
franco232315: folds 
BGS013: calls $8
*** FLOP *** [Tc 3c Kh]
Yoalfre: bets $6.58
BGS013: calls $6.58
*** TURN *** [Tc 3c Kh] [8s]
Yoalfre: bets $22.42
BGS013: folds 
Uncalled bet ($22.42) returned to Yoalfre
Yoalfre collected $32.45 from pot
Yoalfre: doesn't show hand 
*** SUMMARY ***
Total pot $34.16 | Rake $1.71 
Board [Tc 3c Kh 8s]
Seat 1: Oli3579 folded before Flop (didn't bet)
Seat 2: BGS013 folded on the Turn
Seat 3: AndreaBsAs folded before Flop (didn't bet)
Seat 4: wmarl90 (button) folded before Flop (didn't bet)
Seat 5: Yoalfre (small blind) collected ($32.45)
Seat 6: franco232315 (big blind) folded before Flop



PokerStars Hand #254431873314:  Hold'em No Limit ($0.50/$1.00 USD) - 2025/01/18 15:13:11 WET [2025/01/18 10:13:11 ET]
Table 'Bharani III' 6-max Seat #5 is the button
Seat 1: Oli3579 ($102.02 in chips) 
Seat 2: BGS013 ($135.76 in chips) 
Seat 3: AndreaBsAs ($100 in chips) 
Seat 4: wmarl90 ($63.07 in chips) 
Seat 5: Yoalfre ($142.60 in chips) 
Seat 6: franco232315 ($109.84 in chips) 
franco232315: posts small blind $0.50
Oli3579: posts big blind $1
*** HOLE CARDS ***
BGS013: folds 
AndreaBsAs: folds 
wmarl90: raises $2 to $3
Yoalfre: folds 
franco232315: folds 
Oli3579: raises $9 to $12
wmarl90: calls $9
*** FLOP *** [As 9s Tc]
Oli3579: bets $7.68
wmarl90: calls $7.68
*** TURN *** [As 9s Tc] [9c]
Oli3579: checks 
wmarl90: checks 
*** RIVER *** [As 9s Tc 9c] [2s]
Oli3579: bets $12.50
wmarl90: calls $12.50
*** SHOW DOWN ***
Oli3579: shows [Kc Ac] (two pair, Aces and Nines)
wmarl90: mucks hand 
Oli3579 collected $62.36 from pot
*** SUMMARY ***
Total pot $64.86 | Rake $2.50 
Board [As 9s Tc 9c 2s]
Seat 1: Oli3579 (big blind) showed [Kc Ac] and won ($62.36) with two pair, Aces and Nines
Seat 2: BGS013 folded before Flop (didn't bet)
Seat 3: AndreaBsAs folded before Flop (didn't bet)
Seat 4: wmarl90 mucked
Seat 5: Yoalfre (button) folded before Flop (didn't bet)
Seat 6: franco232315 (small blind) folded before Flop



PokerStars Hand #254431885383:  Hold'em No Limit ($0.50/$1.00 USD) - 2025/01/18 15:14:08 WET [2025/01/18 10:14:08 ET]
Table 'Bharani III' 6-max Seat #6 is the button
Seat 1: Oli3579 ($132.20 in chips) 
Seat 2: BGS013 ($135.76 in chips) 
Seat 3: AndreaBsAs ($100 in chips) 
Seat 4: wmarl90 ($30.89 in chips) 
Seat 5: Yoalfre ($142.60 in chips) 
Seat 6: franco232315 ($109.34 in chips) 
Oli3579: posts small blind $0.50
BGS013: posts big blind $1
*** HOLE CARDS ***
AndreaBsAs: folds 
wmarl90: folds 
Yoalfre: folds 
franco232315: raises $1.50 to $2.50
Oli3579: folds 
BGS013: folds 
Uncalled bet ($1.50) returned to franco232315
franco232315 collected $2.50 from pot
franco232315: doesn't show hand 
*** SUMMARY ***
Total pot $2.50 | Rake $0 
Seat 1: Oli3579 (small blind) folded before Flop
Seat 2: BGS013 (big blind) folded before Flop
Seat 3: AndreaBsAs folded before Flop (didn't bet)
Seat 4: wmarl90 folded before Flop (didn't bet)
Seat 5: Yoalfre folded before Flop (didn't bet)
Seat 6: franco232315 (button) collected ($2.50)



PokerStars Hand #254431888895:  Hold'em No Limit ($0.50/$1.00 USD) - 2025/01/18 15:14:25 WET [2025/01/18 10:14:25 ET]
Table 'Bharani III' 6-max Seat #1 is the button
Seat 1: Oli3579 ($131.70 in chips) 
Seat 2: BGS013 ($134.76 in chips) 
Seat 3: AndreaBsAs ($100 in chips) 
Seat 4: wmarl90 ($30.89 in chips) 
Seat 5: Yoalfre ($142.60 in chips) 
BGS013: posts small blind $0.50
AndreaBsAs: posts big blind $1
*** HOLE CARDS ***
wmarl90: raises $2 to $3
xxxZeka joins the table at seat #6 
Yoalfre: folds 
Oli3579: folds 
BGS013: folds 
AndreaBsAs: folds 
Uncalled bet ($2) returned to wmarl90
wmarl90 collected $2.50 from pot
*** SUMMARY ***
Total pot $2.50 | Rake $0 
Seat 1: Oli3579 (button) folded before Flop (didn't bet)
Seat 2: BGS013 (small blind) folded before Flop
Seat 3: AndreaBsAs (big blind) folded before Flop
Seat 4: wmarl90 collected ($2.50)
Seat 5: Yoalfre folded before Flop (didn't bet)



PokerStars Hand #254431892801:  Hold'em No Limit ($0.50/$1.00 USD) - 2025/01/18 15:14:43 WET [2025/01/18 10:14:43 ET]
Table 'Bharani III' 6-max Seat #2 is the button
Seat 6: xxxZeka ($100 in chips) is sitting out
Seat 1: Oli3579 ($131.70 in chips) 
Seat 2: BGS013 ($134.26 in chips) 
Seat 3: AndreaBsAs ($100 in chips) 
Seat 4: wmarl90 ($32.39 in chips) 
Seat 5: Yoalfre ($142.60 in chips) 
AndreaBsAs: posts small blind $0.50
wmarl90: posts big blind $1
xxxZeka: sits out 
*** HOLE CARDS ***
Yoalfre: folds 
Oli3579: folds 
BGS013: folds 
AndreaBsAs: folds 
Uncalled bet ($0.50) returned to wmarl90
wmarl90 collected $1 from pot
*** SUMMARY ***
Total pot $1 | Rake $0 
Seat 6: xxxZeka
Seat 1: Oli3579 folded before Flop (didn't bet)
Seat 2: BGS013 (button) folded before Flop (didn't bet)
Seat 3: AndreaBsAs (small blind) folded before Flop
Seat 4: wmarl90 (big blind) collected ($1)
Seat 5: Yoalfre folded before Flop (didn't bet)



PokerStars Hand #254431895670:  Hold'em No Limit ($0.50/$1.00 USD) - 2025/01/18 15:14:56 WET [2025/01/18 10:14:56 ET]
Table 'Bharani III' 6-max Seat #3 is the button
Seat 6: xxxZeka ($100 in chips) is sitting out
Seat 1: Oli3579 ($131.70 in chips) 
Seat 2: BGS013 ($134.26 in chips) 
Seat 3: AndreaBsAs ($100 in chips) 
Seat 4: wmarl90 ($32.89 in chips) 
Seat 5: Yoalfre ($142.60 in chips) 
wmarl90: posts small blind $0.50
Yoalfre: posts big blind $1
xxxZeka: sits out 
*** HOLE CARDS ***
Oli3579: raises $1.25 to $2.25
BGS013: folds 
AndreaBsAs: folds 
wmarl90: folds 
Yoalfre: folds 
Uncalled bet ($1.25) returned to Oli3579
Oli3579 collected $2.50 from pot
Oli3579: doesn't show hand 
*** SUMMARY ***
Total pot $2.50 | Rake $0 
Seat 6: xxxZeka
Seat 1: Oli3579 collected ($2.50)
Seat 2: BGS013 folded before Flop (didn't bet)
Seat 3: AndreaBsAs (button) folded before Flop (didn't bet)
Seat 4: wmarl90 (small blind) folded before Flop
Seat 5: Yoalfre (big blind) folded before Flop



PokerStars Hand #254431898078:  Hold'em No Limit ($0.50/$1.00 USD) - 2025/01/18 15:15:06 WET [2025/01/18 10:15:06 ET]
Table 'Bharani III' 6-max Seat #4 is the button
Seat 1: Oli3579 ($133.20 in chips) 
Seat 2: BGS013 ($134.26 in chips) 
Seat 3: AndreaBsAs ($100 in chips) 
Seat 4: wmarl90 ($32.39 in chips) 
Seat 5: Yoalfre ($141.60 in chips) 
Seat 6: xxxZeka ($100 in chips) 
Yoalfre: posts small blind $0.50
xxxZeka: posts big blind $1
*** HOLE CARDS ***
Oli3579: folds 
BGS013: raises $1 to $2
AndreaBsAs: folds 
wmarl90: folds 
Yoalfre: folds 
xxxZeka: folds 
Uncalled bet ($1) returned to BGS013
BGS013 collected $2.50 from pot
BGS013: doesn't show hand 
*** SUMMARY ***
Total pot $2.50 | Rake $0 
Seat 1: Oli3579 folded before Flop (didn't bet)
Seat 2: BGS013 collected ($2.50)
Seat 3: AndreaBsAs folded before Flop (didn't bet)
Seat 4: wmarl90 (button) folded before Flop (didn't bet)
Seat 5: Yoalfre (small blind) folded before Flop
Seat 6: xxxZeka (big blind) folded before Flop



PokerStars Hand #254431902069:  Hold'em No Limit ($0.50/$1.00 USD) - 2025/01/18 15:15:25 WET [2025/01/18 10:15:25 ET]
Table 'Bharani III' 6-max Seat #5 is the button
Seat 1: Oli3579 ($133.20 in chips) 
Seat 2: BGS013 ($135.76 in chips) 
Seat 3: AndreaBsAs ($100 in chips) 
Seat 4: wmarl90 ($32.39 in chips) 
Seat 5: Yoalfre ($141.10 in chips) 
Seat 6: xxxZeka ($100 in chips) 
xxxZeka: posts small blind $0.50
Oli3579: posts big blind $1
*** HOLE CARDS ***
BGS013: folds 
AndreaBsAs: folds 
wmarl90: raises $2 to $3
Yoalfre: folds 
xxxZeka: folds 
Oli3579: folds 
Uncalled bet ($2) returned to wmarl90
wmarl90 collected $2.50 from pot
*** SUMMARY ***
Total pot $2.50 | Rake $0 
Seat 1: Oli3579 (big blind) folded before Flop
Seat 2: BGS013 folded before Flop (didn't bet)
Seat 3: AndreaBsAs folded before Flop (didn't bet)
Seat 4: wmarl90 collected ($2.50)
Seat 5: Yoalfre (button) folded before Flop (didn't bet)
Seat 6: xxxZeka (small blind) folded before Flop



PokerStars Hand #254431906715:  Hold'em No Limit ($0.50/$1.00 USD) - 2025/01/18 15:15:45 WET [2025/01/18 10:15:45 ET]
Table 'Bharani III' 6-max Seat #6 is the button
Seat 1: Oli3579 ($132.20 in chips) 
Seat 2: BGS013 ($135.76 in chips) 
Seat 3: AndreaBsAs ($100 in chips) 
Seat 4: wmarl90 ($33.89 in chips) 
Seat 5: Yoalfre ($141.10 in chips) 
Seat 6: xxxZeka ($100 in chips) 
Oli3579: posts small blind $0.50
BGS013: posts big blind $1
*** HOLE CARDS ***
AndreaBsAs: raises $1.20 to $2.20
wmarl90: folds 
Yoalfre: folds 
xxxZeka: folds 
Oli3579: folds 
BGS013: folds 
Uncalled bet ($1.20) returned to AndreaBsAs
AndreaBsAs collected $2.50 from pot
*** SUMMARY ***
Total pot $2.50 | Rake $0 
Seat 1: Oli3579 (small blind) folded before Flop
Seat 2: BGS013 (big blind) folded before Flop
Seat 3: AndreaBsAs collected ($2.50)
Seat 4: wmarl90 folded before Flop (didn't bet)
Seat 5: Yoalfre folded before Flop (didn't bet)
Seat 6: xxxZeka (button) folded before Flop (didn't bet)



PokerStars Hand #254431909879:  Hold'em No Limit ($0.50/$1.00 USD) - 2025/01/18 15:15:59 WET [2025/01/18 10:15:59 ET]
Table 'Bharani III' 6-max Seat #1 is the button
Seat 1: Oli3579 ($131.70 in chips) 
Seat 2: BGS013 ($134.76 in chips) 
Seat 3: AndreaBsAs ($101.50 in chips) 
Seat 4: wmarl90 ($33.89 in chips) 
Seat 5: Yoalfre ($141.10 in chips) 
Seat 6: xxxZeka ($100 in chips) 
BGS013: posts small blind $0.50
AndreaBsAs: posts big blind $1
*** HOLE CARDS ***
wmarl90: folds 
Yoalfre: folds 
xxxZeka: folds 
Oli3579: folds 
BGS013: raises $2 to $3
AndreaBsAs: folds 
Uncalled bet ($2) returned to BGS013
BGS013 collected $2 from pot
BGS013: doesn't show hand 
*** SUMMARY ***
Total pot $2 | Rake $0 
Seat 1: Oli3579 (button) folded before Flop (didn't bet)
Seat 2: BGS013 (small blind) collected ($2)
Seat 3: AndreaBsAs (big blind) folded before Flop
Seat 4: wmarl90 folded before Flop (didn't bet)
Seat 5: Yoalfre folded before Flop (didn't bet)
Seat 6: xxxZeka folded before Flop (didn't bet)



PokerStars Hand #254431916024:  Hold'em No Limit ($0.50/$1.00 USD) - 2025/01/18 15:16:27 WET [2025/01/18 10:16:27 ET]
Table 'Bharani III' 6-max Seat #2 is the button
Seat 1: Oli3579 ($131.70 in chips) 
Seat 2: BGS013 ($135.76 in chips) 
Seat 3: AndreaBsAs ($100.50 in chips) 
Seat 4: wmarl90 ($33.89 in chips) 
Seat 5: Yoalfre ($141.10 in chips) 
Seat 6: xxxZeka ($100 in chips) 
AndreaBsAs: posts small blind $0.50
wmarl90: posts big blind $1
*** HOLE CARDS ***
Yoalfre: raises $1.50 to $2.50
xxxZeka: folds 
Oli3579: raises $5.25 to $7.75
BGS013: folds 
AndreaBsAs: folds 
wmarl90: folds 
Yoalfre: folds 
Uncalled bet ($5.25) returned to Oli3579
Oli3579 collected $6.50 from pot
Oli3579: doesn't show hand 
*** SUMMARY ***
Total pot $6.50 | Rake $0 
Seat 1: Oli3579 collected ($6.50)
Seat 2: BGS013 (button) folded before Flop (didn't bet)
Seat 3: AndreaBsAs (small blind) folded before Flop
Seat 4: wmarl90 (big blind) folded before Flop
Seat 5: Yoalfre folded before Flop
Seat 6: xxxZeka folded before Flop (didn't bet)



PokerStars Hand #254431922191:  Hold'em No Limit ($0.50/$1.00 USD) - 2025/01/18 15:16:54 WET [2025/01/18 10:16:54 ET]
Table 'Bharani III' 6-max Seat #3 is the button
Seat 1: Oli3579 ($135.70 in chips) 
Seat 2: BGS013 ($135.76 in chips) 
Seat 3: AndreaBsAs ($100 in chips) 
Seat 4: wmarl90 ($32.89 in chips) 
Seat 5: Yoalfre ($138.60 in chips) 
Seat 6: xxxZeka ($100 in chips) 
wmarl90: posts small blind $0.50
Yoalfre: posts big blind $1
*** HOLE CARDS ***
xxxZeka: folds 
Oli3579: folds 
BGS013: folds 
AndreaBsAs: folds 
wmarl90: folds 
Uncalled bet ($0.50) returned to Yoalfre
Yoalfre collected $1 from pot
Yoalfre: doesn't show hand 
*** SUMMARY ***
Total pot $1 | Rake $0 
Seat 1: Oli3579 folded before Flop (didn't bet)
Seat 2: BGS013 folded before Flop (didn't bet)
Seat 3: AndreaBsAs (button) folded before Flop (didn't bet)
Seat 4: wmarl90 (small blind) folded before Flop
Seat 5: Yoalfre (big blind) collected ($1)
Seat 6: xxxZeka folded before Flop (didn't bet)



PokerStars Hand #254431925544:  Hold'em No Limit ($0.50/$1.00 USD) - 2025/01/18 15:17:09 WET [2025/01/18 10:17:09 ET]
Table 'Bharani III' 6-max Seat #4 is the button
Seat 1: Oli3579 ($135.70 in chips) 
Seat 2: BGS013 ($135.76 in chips) 
Seat 3: AndreaBsAs ($100 in chips) 
Seat 4: wmarl90 ($32.39 in chips) 
Seat 5: Yoalfre ($139.10 in chips) 
Seat 6: xxxZeka ($100 in chips) 
Yoalfre: posts small blind $0.50
xxxZeka: posts big blind $1
*** HOLE CARDS ***
Oli3579: folds 
BGS013: folds 
AndreaBsAs: folds 
wmarl90: raises $1 to $2
Yoalfre: folds 
xxxZeka: folds 
Uncalled bet ($1) returned to wmarl90
wmarl90 collected $2.50 from pot
*** SUMMARY ***
Total pot $2.50 | Rake $0 
Seat 1: Oli3579 folded before Flop (didn't bet)
Seat 2: BGS013 folded before Flop (didn't bet)
Seat 3: AndreaBsAs folded before Flop (didn't bet)
Seat 4: wmarl90 (button) collected ($2.50)
Seat 5: Yoalfre (small blind) folded before Flop
Seat 6: xxxZeka (big blind) folded before Flop



PokerStars Hand #254431931630:  Hold'em No Limit ($0.50/$1.00 USD) - 2025/01/18 15:17:36 WET [2025/01/18 10:17:36 ET]
Table 'Bharani III' 6-max Seat #5 is the button
Seat 1: Oli3579 ($135.70 in chips) 
Seat 2: BGS013 ($135.76 in chips) 
Seat 3: AndreaBsAs ($100 in chips) 
Seat 4: wmarl90 ($33.89 in chips) 
Seat 5: Yoalfre ($138.60 in chips) 
Seat 6: xxxZeka ($100 in chips) 
xxxZeka: posts small blind $0.50
Oli3579: posts big blind $1
*** HOLE CARDS ***
BGS013: folds 
AndreaBsAs: folds 
wmarl90: folds 
Yoalfre: folds 
xxxZeka: raises $2 to $3
Oli3579: folds 
Uncalled bet ($2) returned to xxxZeka
xxxZeka collected $2 from pot
xxxZeka: doesn't show hand 
*** SUMMARY ***
Total pot $2 | Rake $0 
Seat 1: Oli3579 (big blind) folded before Flop
Seat 2: BGS013 folded before Flop (didn't bet)
Seat 3: AndreaBsAs folded before Flop (didn't bet)
Seat 4: wmarl90 folded before Flop (didn't bet)
Seat 5: Yoalfre (button) folded before Flop (didn't bet)
Seat 6: xxxZeka (small blind) collected ($2)



PokerStars Hand #254431936369:  Hold'em No Limit ($0.50/$1.00 USD) - 2025/01/18 15:17:56 WET [2025/01/18 10:17:56 ET]
Table 'Bharani III' 6-max Seat #6 is the button
Seat 1: Oli3579 ($134.70 in chips) 
Seat 2: BGS013 ($135.76 in chips) 
Seat 3: AndreaBsAs ($100 in chips) 
Seat 4: wmarl90 ($33.89 in chips) 
Seat 5: Yoalfre ($138.60 in chips) 
Seat 6: xxxZeka ($101 in chips) 
Oli3579: posts small blind $0.50
BGS013: posts big blind $1
*** HOLE CARDS ***
AndreaBsAs: folds 
wmarl90: folds 
Yoalfre: folds 
xxxZeka: folds 
Oli3579: folds 
Uncalled bet ($0.50) returned to BGS013
BGS013 collected $1 from pot
BGS013: doesn't show hand 
*** SUMMARY ***
Total pot $1 | Rake $0 
Seat 1: Oli3579 (small blind) folded before Flop
Seat 2: BGS013 (big blind) collected ($1)
Seat 3: AndreaBsAs folded before Flop (didn't bet)
Seat 4: wmarl90 folded before Flop (didn't bet)
Seat 5: Yoalfre folded before Flop (didn't bet)
Seat 6: xxxZeka (button) folded before Flop (didn't bet)



PokerStars Hand #254431939169:  Hold'em No Limit ($0.50/$1.00 USD) - 2025/01/18 15:18:09 WET [2025/01/18 10:18:09 ET]
Table 'Bharani III' 6-max Seat #1 is the button
Seat 3: AndreaBsAs ($100 in chips) is sitting out
Seat 1: Oli3579 ($134.20 in chips) 
Seat 2: BGS013 ($136.26 in chips) 
Seat 4: wmarl90 ($33.89 in chips) 
Seat 5: Yoalfre ($138.60 in chips) 
Seat 6: xxxZeka ($101 in chips) 
BGS013: posts small blind $0.50
AndreaBsAs: is sitting out 
wmarl90: posts big blind $1
*** HOLE CARDS ***
Yoalfre: folds 
xxxZeka: raises $1.50 to $2.50
Oli3579: folds 
BGS013: folds 
wmarl90: calls $1.50
*** FLOP *** [5h 3s Tc]
wmarl90: checks 
xxxZeka: checks 
*** TURN *** [5h 3s Tc] [9d]
wmarl90: checks 
xxxZeka: bets $1.72
wmarl90: calls $1.72
*** RIVER *** [5h 3s Tc 9d] [Td]
wmarl90: checks 
xxxZeka: checks 
*** SHOW DOWN ***
wmarl90: shows [4h As] (a pair of Tens)
xxxZeka: mucks hand 
wmarl90 collected $8.49 from pot
*** SUMMARY ***
Total pot $8.94 | Rake $0.45 
Board [5h 3s Tc 9d Td]
Seat 3: AndreaBsAs
Seat 1: Oli3579 (button) folded before Flop (didn't bet)
Seat 2: BGS013 (small blind) folded before Flop
Seat 4: wmarl90 (big blind) showed [4h As] and won ($8.49) with a pair of Tens
Seat 5: Yoalfre folded before Flop (didn't bet)
Seat 6: xxxZeka mucked



PokerStars Hand #254431951060:  Hold'em No Limit ($0.50/$1.00 USD) - 2025/01/18 15:19:00 WET [2025/01/18 10:19:00 ET]
Table 'Bharani III' 6-max Seat #2 is the button
Seat 3: AndreaBsAs ($100 in chips) is sitting out
Seat 1: Oli3579 ($134.20 in chips) 
Seat 2: BGS013 ($135.76 in chips) 
Seat 4: wmarl90 ($38.16 in chips) 
Seat 5: Yoalfre ($138.60 in chips) 
Seat 6: xxxZeka ($100 in chips) 
wmarl90: posts small blind $0.50
Yoalfre: posts big blind $1
*** HOLE CARDS ***
xxxZeka: folds 
Oli3579: folds 
BGS013: folds 
wmarl90: raises $2 to $3
Yoalfre: folds 
Uncalled bet ($2) returned to wmarl90
wmarl90 collected $2 from pot
*** SUMMARY ***
Total pot $2 | Rake $0 
Seat 3: AndreaBsAs
Seat 1: Oli3579 folded before Flop (didn't bet)
Seat 2: BGS013 (button) folded before Flop (didn't bet)
Seat 4: wmarl90 (small blind) collected ($2)
Seat 5: Yoalfre (big blind) folded before Flop
Seat 6: xxxZeka folded before Flop (didn't bet)



PokerStars Hand #254431954274:  Hold'em No Limit ($0.50/$1.00 USD) - 2025/01/18 15:19:14 WET [2025/01/18 10:19:14 ET]
Table 'Bharani III' 6-max Seat #4 is the button
Seat 3: AndreaBsAs ($100 in chips) is sitting out
Seat 1: Oli3579 ($134.20 in chips) 
Seat 2: BGS013 ($135.76 in chips) 
Seat 4: wmarl90 ($39.16 in chips) 
Seat 5: Yoalfre ($137.60 in chips) 
Seat 6: xxxZeka ($100 in chips) 
Yoalfre: posts small blind $0.50
xxxZeka: posts big blind $1
*** HOLE CARDS ***
Oli3579: folds 
BGS013: raises $1.50 to $2.50
wmarl90: folds 
Yoalfre: folds 
xxxZeka: folds 
Uncalled bet ($1.50) returned to BGS013
BGS013 collected $2.50 from pot
BGS013: doesn't show hand 
*** SUMMARY ***
Total pot $2.50 | Rake $0 
Seat 3: AndreaBsAs
Seat 1: Oli3579 folded before Flop (didn't bet)
Seat 2: BGS013 collected ($2.50)
Seat 4: wmarl90 (button) folded before Flop (didn't bet)
Seat 5: Yoalfre (small blind) folded before Flop
Seat 6: xxxZeka (big blind) folded before Flop



PokerStars Hand #254431957492:  Hold'em No Limit ($0.50/$1.00 USD) - 2025/01/18 15:19:29 WET [2025/01/18 10:19:29 ET]
Table 'Bharani III' 6-max Seat #5 is the button
Seat 3: AndreaBsAs ($100 in chips) is sitting out
Seat 1: Oli3579 ($134.20 in chips) 
Seat 2: BGS013 ($137.26 in chips) 
Seat 4: wmarl90 ($39.16 in chips) 
Seat 5: Yoalfre ($137.10 in chips) 
Seat 6: xxxZeka ($100 in chips) 
xxxZeka: posts small blind $0.50
Oli3579: posts big blind $1
*** HOLE CARDS ***
BGS013: folds 
wmarl90: raises $1.50 to $2.50
Yoalfre: folds 
xxxZeka: raises $9.50 to $12
Oli3579: folds 
wmarl90: raises $27.16 to $39.16 and is all-in
xxxZeka: calls $27.16
*** FLOP *** [8h Ad Td]
*** TURN *** [8h Ad Td] [5s]
*** RIVER *** [8h Ad Td 5s] [Ts]
*** SHOW DOWN ***
xxxZeka: shows [Qs As] (two pair, Aces and Tens)
wmarl90: shows [7d 7h] (two pair, Tens and Sevens)
xxxZeka collected $76.82 from pot
*** SUMMARY ***
Total pot $79.32 | Rake $2.50 
Board [8h Ad Td 5s Ts]
Seat 3: AndreaBsAs
Seat 1: Oli3579 (big blind) folded before Flop
Seat 2: BGS013 folded before Flop (didn't bet)
Seat 4: wmarl90 showed [7d 7h] and lost with two pair, Tens and Sevens
Seat 5: Yoalfre (button) folded before Flop (didn't bet)
Seat 6: xxxZeka (small blind) showed [Qs As] and won ($76.82) with two pair, Aces and Tens



PokerStars Hand #254431964549:  Hold'em No Limit ($0.50/$1.00 USD) - 2025/01/18 15:19:59 WET [2025/01/18 10:19:59 ET]
Table 'Bharani III' 6-max Seat #6 is the button
Seat 3: AndreaBsAs ($100 in chips) is sitting out
Seat 4: wmarl90 ($0 in chips) is sitting out
Seat 1: Oli3579 ($133.20 in chips) 
Seat 2: BGS013 ($137.26 in chips) 
Seat 5: Yoalfre ($137.10 in chips) 
Seat 6: xxxZeka ($137.66 in chips) 
Oli3579: posts small blind $0.50
BGS013: posts big blind $1
AndreaBsAs: sits out 
*** HOLE CARDS ***
Yoalfre: raises $1.50 to $2.50
wmarl90 is disconnected 
xxxZeka: folds 
Oli3579: folds 
BGS013: folds 
Uncalled bet ($1.50) returned to Yoalfre
Yoalfre collected $2.50 from pot
Yoalfre: doesn't show hand 
*** SUMMARY ***
Total pot $2.50 | Rake $0 
Seat 3: AndreaBsAs
Seat 4: wmarl90
Seat 1: Oli3579 (small blind) folded before Flop
Seat 2: BGS013 (big blind) folded before Flop
Seat 5: Yoalfre collected ($2.50)
Seat 6: xxxZeka (button) folded before Flop (didn't bet)



PokerStars Hand #254431967515:  Hold'em No Limit ($0.50/$1.00 USD) - 2025/01/18 15:20:12 WET [2025/01/18 10:20:12 ET]
Table 'Bharani III' 6-max Seat #1 is the button
Seat 4: wmarl90 ($0 in chips) is sitting out
Seat 1: Oli3579 ($132.70 in chips) 
Seat 2: BGS013 ($136.26 in chips) 
Seat 3: AndreaBsAs ($100 in chips) 
Seat 5: Yoalfre ($138.60 in chips) 
Seat 6: xxxZeka ($137.66 in chips) 
BGS013: posts small blind $0.50
AndreaBsAs: posts big blind $1
*** HOLE CARDS ***
Yoalfre: folds 
xxxZeka: folds 
Oli3579: raises $1.25 to $2.25
BGS013: folds 
AndreaBsAs: folds 
Uncalled bet ($1.25) returned to Oli3579
Oli3579 collected $2.50 from pot
Oli3579: doesn't show hand 
*** SUMMARY ***
Total pot $2.50 | Rake $0 
Seat 4: wmarl90
Seat 1: Oli3579 (button) collected ($2.50)
Seat 2: BGS013 (small blind) folded before Flop
Seat 3: AndreaBsAs (big blind) folded before Flop
Seat 5: Yoalfre folded before Flop (didn't bet)
Seat 6: xxxZeka folded before Flop (didn't bet)



PokerStars Hand #254431972401:  Hold'em No Limit ($0.50/$1.00 USD) - 2025/01/18 15:20:33 WET [2025/01/18 10:20:33 ET]
Table 'Bharani III' 6-max Seat #2 is the button
Seat 4: wmarl90 ($0 in chips) is sitting out
Seat 1: Oli3579 ($134.20 in chips) 
Seat 2: BGS013 ($135.76 in chips) 
Seat 3: AndreaBsAs ($100 in chips) 
Seat 5: Yoalfre ($138.60 in chips) 
Seat 6: xxxZeka ($137.66 in chips) 
AndreaBsAs: posts small blind $0.50
Yoalfre: posts big blind $1
*** HOLE CARDS ***
xxxZeka: raises $1.50 to $2.50
Oli3579: folds 
BGS013: folds 
AndreaBsAs: folds 
Yoalfre: calls $1.50
*** FLOP *** [7c 5c 9h]
Yoalfre: checks 
xxxZeka: checks 
*** TURN *** [7c 5c 9h] [9s]
Yoalfre: checks 
xxxZeka: checks 
*** RIVER *** [7c 5c 9h 9s] [3d]
Yoalfre: bets $7.83
xxxZeka: calls $7.83
*** SHOW DOWN ***
Yoalfre: shows [3s 3h] (a full house, Threes full of Nines)
xxxZeka: mucks hand 
Yoalfre collected $20.10 from pot
*** SUMMARY ***
Total pot $21.16 | Rake $1.06 
Board [7c 5c 9h 9s 3d]
Seat 4: wmarl90
Seat 1: Oli3579 folded before Flop (didn't bet)
Seat 2: BGS013 (button) folded before Flop (didn't bet)
Seat 3: AndreaBsAs (small blind) folded before Flop
Seat 5: Yoalfre (big blind) showed [3s 3h] and won ($20.10) with a full house, Threes full of Nines
Seat 6: xxxZeka mucked



PokerStars Hand #254431990151:  Hold'em No Limit ($0.50/$1.00 USD) - 2025/01/18 15:21:51 WET [2025/01/18 10:21:51 ET]
Table 'Bharani III' 6-max Seat #3 is the button
Seat 4: wmarl90 ($0 in chips) is sitting out
Seat 1: Oli3579 ($134.20 in chips) 
Seat 2: BGS013 ($135.76 in chips) 
Seat 3: AndreaBsAs ($100 in chips) 
Seat 5: Yoalfre ($148.37 in chips) 
Seat 6: xxxZeka ($127.33 in chips) 
Yoalfre: posts small blind $0.50
xxxZeka: posts big blind $1
*** HOLE CARDS ***
Oli3579: raises $1.25 to $2.25
BGS013: folds 
AndreaBsAs: folds 
Yoalfre: folds 
xxxZeka: folds 
Uncalled bet ($1.25) returned to Oli3579
Oli3579 collected $2.50 from pot
Oli3579: doesn't show hand 
*** SUMMARY ***
Total pot $2.50 | Rake $0 
Seat 4: wmarl90
Seat 1: Oli3579 collected ($2.50)
Seat 2: BGS013 folded before Flop (didn't bet)
Seat 3: AndreaBsAs (button) folded before Flop (didn't bet)
Seat 5: Yoalfre (small blind) folded before Flop
Seat 6: xxxZeka (big blind) folded before Flop



PokerStars Hand #254431995043:  Hold'em No Limit ($0.50/$1.00 USD) - 2025/01/18 15:22:13 WET [2025/01/18 10:22:13 ET]
Table 'Bharani III' 6-max Seat #5 is the button
Seat 4: wmarl90 ($0 in chips) is sitting out
Seat 1: Oli3579 ($135.70 in chips) 
Seat 2: BGS013 ($135.76 in chips) 
Seat 3: AndreaBsAs ($100 in chips) 
Seat 5: Yoalfre ($147.87 in chips) 
Seat 6: xxxZeka ($126.33 in chips) 
xxxZeka: posts small blind $0.50
Oli3579: posts big blind $1
*** HOLE CARDS ***
BGS013: folds 
AndreaBsAs: folds 
Yoalfre: folds 
xxxZeka: folds 
Uncalled bet ($0.50) returned to Oli3579
Oli3579 collected $1 from pot
Oli3579: doesn't show hand 
*** SUMMARY ***
Total pot $1 | Rake $0 
Seat 4: wmarl90
Seat 1: Oli3579 (big blind) collected ($1)
Seat 2: BGS013 folded before Flop (didn't bet)
Seat 3: AndreaBsAs folded before Flop (didn't bet)
Seat 5: Yoalfre (button) folded before Flop (didn't bet)
Seat 6: xxxZeka (small blind) folded before Flop



PokerStars Hand #254431998661:  Hold'em No Limit ($0.50/$1.00 USD) - 2025/01/18 15:22:29 WET [2025/01/18 10:22:29 ET]
Table 'Bharani III' 6-max Seat #6 is the button
Seat 4: wmarl90 ($0 in chips) is sitting out
Seat 1: Oli3579 ($136.20 in chips) 
Seat 2: BGS013 ($135.76 in chips) 
Seat 3: AndreaBsAs ($100 in chips) 
Seat 5: Yoalfre ($147.87 in chips) 
Seat 6: xxxZeka ($125.83 in chips) 
Oli3579: posts small blind $0.50
BGS013: posts big blind $1
*** HOLE CARDS ***
AndreaBsAs: folds 
Yoalfre: folds 
xxxZeka: raises $1.50 to $2.50
Oli3579: folds 
BGS013: folds 
Uncalled bet ($1.50) returned to xxxZeka
xxxZeka collected $2.50 from pot
xxxZeka: doesn't show hand 
*** SUMMARY ***
Total pot $2.50 | Rake $0 
Seat 4: wmarl90
Seat 1: Oli3579 (small blind) folded before Flop
Seat 2: BGS013 (big blind) folded before Flop
Seat 3: AndreaBsAs folded before Flop (didn't bet)
Seat 5: Yoalfre folded before Flop (didn't bet)
Seat 6: xxxZeka (button) collected ($2.50)



PokerStars Hand #254432004013:  Hold'em No Limit ($0.50/$1.00 USD) - 2025/01/18 15:22:52 WET [2025/01/18 10:22:52 ET]
Table 'Bharani III' 6-max Seat #1 is the button
Seat 3: AndreaBsAs ($100 in chips) is sitting out
Seat 4: wmarl90 ($0 in chips) is sitting out
Seat 1: Oli3579 ($135.70 in chips) 
Seat 2: BGS013 ($134.76 in chips) 
Seat 5: Yoalfre ($147.87 in chips) 
Seat 6: xxxZeka ($127.33 in chips) 
BGS013: posts small blind $0.50
AndreaBsAs: is sitting out 
Yoalfre: posts big blind $1
*** HOLE CARDS ***
xxxZeka: folds 
Oli3579: folds 
BGS013: folds 
Uncalled bet ($0.50) returned to Yoalfre
Yoalfre collected $1 from pot
Yoalfre: doesn't show hand 
*** SUMMARY ***
Total pot $1 | Rake $0 
Seat 3: AndreaBsAs
Seat 4: wmarl90
Seat 1: Oli3579 (button) folded before Flop (didn't bet)
Seat 2: BGS013 (small blind) folded before Flop
Seat 5: Yoalfre (big blind) collected ($1)
Seat 6: xxxZeka folded before Flop (didn't bet)



PokerStars Hand #254432007880:  Hold'em No Limit ($0.50/$1.00 USD) - 2025/01/18 15:23:09 WET [2025/01/18 10:23:09 ET]
Table 'Bharani III' 6-max Seat #2 is the button
Seat 3: AndreaBsAs ($100 in chips) is sitting out
Seat 4: wmarl90 ($0 in chips) is sitting out
Seat 1: Oli3579 ($135.70 in chips) 
Seat 2: BGS013 ($134.26 in chips) 
Seat 5: Yoalfre ($148.37 in chips) 
Seat 6: xxxZeka ($127.33 in chips) 
Yoalfre: posts small blind $0.50
xxxZeka: posts big blind $1
*** HOLE CARDS ***
Oli3579: folds 
BGS013: folds 
Yoalfre: raises $2 to $3
xxxZeka: calls $2
*** FLOP *** [3h 5d 5s]
Yoalfre: bets $1.88
xxxZeka: folds 
Uncalled bet ($1.88) returned to Yoalfre
Yoalfre collected $5.70 from pot
Yoalfre: doesn't show hand 
*** SUMMARY ***
Total pot $6 | Rake $0.30 
Board [3h 5d 5s]
Seat 3: AndreaBsAs
Seat 4: wmarl90
Seat 1: Oli3579 folded before Flop (didn't bet)
Seat 2: BGS013 (button) folded before Flop (didn't bet)
Seat 5: Yoalfre (small blind) collected ($5.70)
Seat 6: xxxZeka (big blind) folded on the Flop



PokerStars Hand #254432016405:  Hold'em No Limit ($0.50/$1.00 USD) - 2025/01/18 15:23:46 WET [2025/01/18 10:23:46 ET]
Table 'Bharani III' 6-max Seat #5 is the button
Seat 1: Oli3579 ($135.70 in chips) is sitting out
Seat 3: AndreaBsAs ($100 in chips) is sitting out
Seat 4: wmarl90 ($0 in chips) is sitting out
Seat 2: BGS013 ($134.26 in chips) 
Seat 5: Yoalfre ($151.07 in chips) 
Seat 6: xxxZeka ($124.33 in chips) 
xxxZeka: posts small blind $0.50
Oli3579: is sitting out 
BGS013: posts big blind $1
*** HOLE CARDS ***
Oli3579 leaves the table
Yoalfre: raises $1.50 to $2.50
xxxZeka: folds 
BGS013: raises $9.50 to $12
Yoalfre: folds 
Uncalled bet ($9.50) returned to BGS013
BGS013 collected $5.50 from pot
BGS013: doesn't show hand 
*** SUMMARY ***
Total pot $5.50 | Rake $0 
Seat 1: Oli3579
Seat 3: AndreaBsAs
Seat 4: wmarl90
Seat 2: BGS013 (big blind) collected ($5.50)
Seat 5: Yoalfre (button) folded before Flop
Seat 6: xxxZeka (small blind) folded before Flop



PokerStars Hand #254432022651:  Hold'em No Limit ($0.50/$1.00 USD) - 2025/01/18 15:24:14 WET [2025/01/18 10:24:14 ET]
Table 'Bharani III' 6-max Seat #6 is the button
Seat 3: AndreaBsAs ($100 in chips) is sitting out
Seat 4: wmarl90 ($0 in chips) is sitting out
Seat 2: BGS013 ($137.26 in chips) 
Seat 5: Yoalfre ($148.57 in chips) 
Seat 6: xxxZeka ($123.83 in chips) 
BGS013: posts small blind $0.50
Yoalfre: posts big blind $1
*** HOLE CARDS ***
xxxZeka: folds 
BGS013: raises $2 to $3
Yoalfre: folds 
Uncalled bet ($2) returned to BGS013
BGS013 collected $2 from pot
BGS013: doesn't show hand 
*** SUMMARY ***
Total pot $2 | Rake $0 
Seat 3: AndreaBsAs
Seat 4: wmarl90
Seat 2: BGS013 (small blind) collected ($2)
Seat 5: Yoalfre (big blind) folded before Flop
Seat 6: xxxZeka (button) folded before Flop (didn't bet)



PokerStars Hand #254432026120:  Hold'em No Limit ($0.50/$1.00 USD) - 2025/01/18 15:24:29 WET [2025/01/18 10:24:29 ET]
Table 'Bharani III' 6-max Seat #2 is the button
Seat 3: AndreaBsAs ($100 in chips) is sitting out
Seat 4: wmarl90 ($0 in chips) is sitting out
Seat 2: BGS013 ($138.26 in chips) 
Seat 5: Yoalfre ($147.57 in chips) 
Seat 6: xxxZeka ($123.83 in chips) 
Yoalfre: posts small blind $0.50
xxxZeka: posts big blind $1
*** HOLE CARDS ***
BGS013: folds 
Yoalfre: folds 
Uncalled bet ($0.50) returned to xxxZeka
xxxZeka collected $1 from pot
xxxZeka: doesn't show hand 
BGS013 leaves the table
*** SUMMARY ***
Total pot $1 | Rake $0 
Seat 3: AndreaBsAs
Seat 4: wmarl90
Seat 2: BGS013 (button) folded before Flop (didn't bet)
Seat 5: Yoalfre (small blind) folded before Flop
Seat 6: xxxZeka (big blind) collected ($1)



