PokerStars Hand #254428547926:  Hold'em No Limit ($0.50/$1.00 USD) - 2025/01/18 9:05:00 WET [2025/01/18 4:05:00 ET]
Table 'Rimito III' 6-max Seat #4 is the button
Seat 1: JoeBlack_MS ($105.38 in chips) 
Seat 2: papidan1 ($43.37 in chips) 
Seat 3: steelNike ($42 in chips) 
Seat 4: LuckyShikari ($102.50 in chips) 
Seat 5: 3EPH ($100 in chips) 
Seat 6: Poker9803 ($100 in chips) 
3EPH: posts small blind $0.50
Poker9803: posts big blind $1
*** HOLE CARDS ***
JoeBlack_MS: folds 
papidan1: raises $2 to $3
steelNike: folds 
LuckyShikari: folds 
3EPH: folds 
Poker9803: folds 
Uncalled bet ($2) returned to papidan1
papidan1 collected $2.50 from pot
*** SUMMARY ***
Total pot $2.50 | Rake $0 
Seat 1: JoeBlack_MS folded before Flop (didn't bet)
Seat 2: papidan1 collected ($2.50)
Seat 3: steelNike folded before Flop (didn't bet)
Seat 4: LuckyShikari (button) folded before Flop (didn't bet)
Seat 5: 3EPH (small blind) folded before Flop
Seat 6: Poker9803 (big blind) folded before Flop



PokerStars Hand #254428549230:  Hold'em No Limit ($0.50/$1.00 USD) - 2025/01/18 9:05:13 WET [2025/01/18 4:05:13 ET]
Table 'Rimito III' 6-max Seat #5 is the button
Seat 1: JoeBlack_MS ($105.38 in chips) 
Seat 2: papidan1 ($44.87 in chips) 
Seat 3: steelNike ($42 in chips) 
Seat 4: LuckyShikari ($102.50 in chips) 
Seat 5: 3EPH ($100 in chips) 
Seat 6: Poker9803 ($100 in chips) 
Poker9803: posts small blind $0.50
JoeBlack_MS: posts big blind $1
*** HOLE CARDS ***
papidan1: raises $2.50 to $3.50
steelNike: folds 
LuckyShikari: folds 
3EPH: folds 
Poker9803: folds 
JoeBlack_MS: folds 
Uncalled bet ($2.50) returned to papidan1
papidan1 collected $2.50 from pot
*** SUMMARY ***
Total pot $2.50 | Rake $0 
Seat 1: JoeBlack_MS (big blind) folded before Flop
Seat 2: papidan1 collected ($2.50)
Seat 3: steelNike folded before Flop (didn't bet)
Seat 4: LuckyShikari folded before Flop (didn't bet)
Seat 5: 3EPH (button) folded before Flop (didn't bet)
Seat 6: Poker9803 (small blind) folded before Flop



PokerStars Hand #254428550645:  Hold'em No Limit ($0.50/$1.00 USD) - 2025/01/18 9:05:28 WET [2025/01/18 4:05:28 ET]
Table 'Rimito III' 6-max Seat #6 is the button
Seat 1: JoeBlack_MS ($104.38 in chips) 
Seat 2: papidan1 ($46.37 in chips) 
Seat 3: steelNike ($42 in chips) 
Seat 4: LuckyShikari ($102.50 in chips) 
Seat 5: 3EPH ($100 in chips) 
Seat 6: Poker9803 ($100 in chips) 
JoeBlack_MS: posts small blind $0.50
papidan1: posts big blind $1
*** HOLE CARDS ***
steelNike: folds 
LuckyShikari: folds 
3EPH: raises $1.50 to $2.50
Poker9803: folds 
JoeBlack_MS: folds 
papidan1: folds 
Uncalled bet ($1.50) returned to 3EPH
3EPH collected $2.50 from pot
3EPH: doesn't show hand 
*** SUMMARY ***
Total pot $2.50 | Rake $0 
Seat 1: JoeBlack_MS (small blind) folded before Flop
Seat 2: papidan1 (big blind) folded before Flop
Seat 3: steelNike folded before Flop (didn't bet)
Seat 4: LuckyShikari folded before Flop (didn't bet)
Seat 5: 3EPH collected ($2.50)
Seat 6: Poker9803 (button) folded before Flop (didn't bet)



PokerStars Hand #254428552050:  Hold'em No Limit ($0.50/$1.00 USD) - 2025/01/18 9:05:42 WET [2025/01/18 4:05:42 ET]
Table 'Rimito III' 6-max Seat #1 is the button
Seat 1: JoeBlack_MS ($103.88 in chips) 
Seat 2: papidan1 ($45.37 in chips) 
Seat 3: steelNike ($42 in chips) 
Seat 4: LuckyShikari ($102.50 in chips) 
Seat 5: 3EPH ($101.50 in chips) 
Seat 6: Poker9803 ($100 in chips) 
papidan1: posts small blind $0.50
steelNike: posts big blind $1
*** HOLE CARDS ***
LuckyShikari: folds 
3EPH: raises $1 to $2
Poker9803: folds 
JoeBlack_MS: raises $5 to $7
papidan1: folds 
steelNike: folds 
3EPH: calls $5
*** FLOP *** [Kc 2h Ts]
3EPH: checks 
JoeBlack_MS: bets $6
3EPH: calls $6
*** TURN *** [Kc 2h Ts] [Qc]
3EPH: checks 
JoeBlack_MS: checks 
*** RIVER *** [Kc 2h Ts Qc] [5s]
3EPH: bets $19.58
JoeBlack_MS: calls $19.58
*** SHOW DOWN ***
3EPH: shows [Qd Td] (two pair, Queens and Tens)
JoeBlack_MS: mucks hand 
3EPH collected $64.16 from pot
*** SUMMARY ***
Total pot $66.66 | Rake $2.50 
Board [Kc 2h Ts Qc 5s]
Seat 1: JoeBlack_MS (button) mucked
Seat 2: papidan1 (small blind) folded before Flop
Seat 3: steelNike (big blind) folded before Flop
Seat 4: LuckyShikari folded before Flop (didn't bet)
Seat 5: 3EPH showed [Qd Td] and won ($64.16) with two pair, Queens and Tens
Seat 6: Poker9803 folded before Flop (didn't bet)



PokerStars Hand #254428560036:  Hold'em No Limit ($0.50/$1.00 USD) - 2025/01/18 9:07:03 WET [2025/01/18 4:07:03 ET]
Table 'Rimito III' 6-max Seat #2 is the button
Seat 1: JoeBlack_MS ($100 in chips) 
Seat 2: papidan1 ($44.87 in chips) 
Seat 3: steelNike ($41 in chips) 
Seat 4: LuckyShikari ($102.50 in chips) 
Seat 5: 3EPH ($133.08 in chips) 
Seat 6: Poker9803 ($100 in chips) 
steelNike: posts small blind $0.50
LuckyShikari: posts big blind $1
*** HOLE CARDS ***
3EPH: folds 
Poker9803: folds 
JoeBlack_MS: raises $1.30 to $2.30
papidan1: raises $4.30 to $6.60
steelNike: folds 
LuckyShikari: folds 
JoeBlack_MS: calls $4.30
*** FLOP *** [4d 8s 7h]
JoeBlack_MS: checks 
papidan1: bets $13.96
JoeBlack_MS: folds 
Uncalled bet ($13.96) returned to papidan1
papidan1 collected $13.96 from pot
*** SUMMARY ***
Total pot $14.70 | Rake $0.74 
Board [4d 8s 7h]
Seat 1: JoeBlack_MS folded on the Flop
Seat 2: papidan1 (button) collected ($13.96)
Seat 3: steelNike (small blind) folded before Flop
Seat 4: LuckyShikari (big blind) folded before Flop
Seat 5: 3EPH folded before Flop (didn't bet)
Seat 6: Poker9803 folded before Flop (didn't bet)



PokerStars Hand #254428563544:  Hold'em No Limit ($0.50/$1.00 USD) - 2025/01/18 9:07:40 WET [2025/01/18 4:07:40 ET]
Table 'Rimito III' 6-max Seat #3 is the button
Seat 1: JoeBlack_MS ($100 in chips) 
Seat 2: papidan1 ($52.23 in chips) 
Seat 3: steelNike ($40.50 in chips) 
Seat 4: LuckyShikari ($101.50 in chips) 
Seat 5: 3EPH ($133.08 in chips) 
Seat 6: Poker9803 ($100 in chips) 
LuckyShikari: posts small blind $0.50
3EPH: posts big blind $1
*** HOLE CARDS ***
Poker9803: folds 
JoeBlack_MS: folds 
papidan1: folds 
steelNike: folds 
LuckyShikari: raises $2 to $3
3EPH: folds 
Uncalled bet ($2) returned to LuckyShikari
LuckyShikari collected $2 from pot
LuckyShikari: doesn't show hand 
*** SUMMARY ***
Total pot $2 | Rake $0 
Seat 1: JoeBlack_MS folded before Flop (didn't bet)
Seat 2: papidan1 folded before Flop (didn't bet)
Seat 3: steelNike (button) folded before Flop (didn't bet)
Seat 4: LuckyShikari (small blind) collected ($2)
Seat 5: 3EPH (big blind) folded before Flop
Seat 6: Poker9803 folded before Flop (didn't bet)



PokerStars Hand #254428565619:  Hold'em No Limit ($0.50/$1.00 USD) - 2025/01/18 9:08:01 WET [2025/01/18 4:08:01 ET]
Table 'Rimito III' 6-max Seat #4 is the button
Seat 1: JoeBlack_MS ($100 in chips) 
Seat 2: papidan1 ($52.23 in chips) 
Seat 3: steelNike ($40.50 in chips) 
Seat 4: LuckyShikari ($102.50 in chips) 
Seat 5: 3EPH ($132.08 in chips) 
Seat 6: Poker9803 ($100 in chips) 
3EPH: posts small blind $0.50
Poker9803: posts big blind $1
*** HOLE CARDS ***
JoeBlack_MS: folds 
papidan1: folds 
steelNike: folds 
LuckyShikari: raises $1 to $2
3EPH: folds 
Poker9803: folds 
Uncalled bet ($1) returned to LuckyShikari
LuckyShikari collected $2.50 from pot
LuckyShikari: doesn't show hand 
*** SUMMARY ***
Total pot $2.50 | Rake $0 
Seat 1: JoeBlack_MS folded before Flop (didn't bet)
Seat 2: papidan1 folded before Flop (didn't bet)
Seat 3: steelNike folded before Flop (didn't bet)
Seat 4: LuckyShikari (button) collected ($2.50)
Seat 5: 3EPH (small blind) folded before Flop
Seat 6: Poker9803 (big blind) folded before Flop



PokerStars Hand #254428567391:  Hold'em No Limit ($0.50/$1.00 USD) - 2025/01/18 9:08:20 WET [2025/01/18 4:08:20 ET]
Table 'Rimito III' 6-max Seat #5 is the button
Seat 1: JoeBlack_MS ($100 in chips) 
Seat 2: papidan1 ($52.23 in chips) 
Seat 3: steelNike ($40.50 in chips) 
Seat 4: LuckyShikari ($104 in chips) 
Seat 5: 3EPH ($131.58 in chips) 
Seat 6: Poker9803 ($100 in chips) 
Poker9803: posts small blind $0.50
JoeBlack_MS: posts big blind $1
*** HOLE CARDS ***
papidan1: folds 
steelNike: folds 
LuckyShikari: folds 
3EPH: folds 
Poker9803: folds 
Uncalled bet ($0.50) returned to JoeBlack_MS
JoeBlack_MS collected $1 from pot
JoeBlack_MS: doesn't show hand 
*** SUMMARY ***
Total pot $1 | Rake $0 
Seat 1: JoeBlack_MS (big blind) collected ($1)
Seat 2: papidan1 folded before Flop (didn't bet)
Seat 3: steelNike folded before Flop (didn't bet)
Seat 4: LuckyShikari folded before Flop (didn't bet)
Seat 5: 3EPH (button) folded before Flop (didn't bet)
Seat 6: Poker9803 (small blind) folded before Flop



PokerStars Hand #254428568444:  Hold'em No Limit ($0.50/$1.00 USD) - 2025/01/18 9:08:31 WET [2025/01/18 4:08:31 ET]
Table 'Rimito III' 6-max Seat #6 is the button
Seat 1: JoeBlack_MS ($100.50 in chips) 
Seat 2: papidan1 ($52.23 in chips) 
Seat 3: steelNike ($40.50 in chips) 
Seat 4: LuckyShikari ($104 in chips) 
Seat 5: 3EPH ($131.58 in chips) 
Seat 6: Poker9803 ($100 in chips) 
JoeBlack_MS: posts small blind $0.50
papidan1: posts big blind $1
*** HOLE CARDS ***
steelNike: folds 
LuckyShikari: raises $1.25 to $2.25
3EPH: folds 
Poker9803: folds 
JoeBlack_MS: folds 
papidan1: folds 
Uncalled bet ($1.25) returned to LuckyShikari
LuckyShikari collected $2.50 from pot
LuckyShikari: doesn't show hand 
*** SUMMARY ***
Total pot $2.50 | Rake $0 
Seat 1: JoeBlack_MS (small blind) folded before Flop
Seat 2: papidan1 (big blind) folded before Flop
Seat 3: steelNike folded before Flop (didn't bet)
Seat 4: LuckyShikari collected ($2.50)
Seat 5: 3EPH folded before Flop (didn't bet)
Seat 6: Poker9803 (button) folded before Flop (didn't bet)



PokerStars Hand #254428570750:  Hold'em No Limit ($0.50/$1.00 USD) - 2025/01/18 9:08:55 WET [2025/01/18 4:08:55 ET]
Table 'Rimito III' 6-max Seat #1 is the button
Seat 1: JoeBlack_MS ($100 in chips) 
Seat 2: papidan1 ($51.23 in chips) 
Seat 3: steelNike ($40.50 in chips) 
Seat 4: LuckyShikari ($105.50 in chips) 
Seat 5: 3EPH ($131.58 in chips) 
Seat 6: Poker9803 ($100 in chips) 
papidan1: posts small blind $0.50
steelNike: posts big blind $1
*** HOLE CARDS ***
LuckyShikari: raises $1 to $2
3EPH: folds 
Poker9803: folds 
JoeBlack_MS: folds 
papidan1: folds 
steelNike: folds 
Uncalled bet ($1) returned to LuckyShikari
LuckyShikari collected $2.50 from pot
LuckyShikari: doesn't show hand 
*** SUMMARY ***
Total pot $2.50 | Rake $0 
Seat 1: JoeBlack_MS (button) folded before Flop (didn't bet)
Seat 2: papidan1 (small blind) folded before Flop
Seat 3: steelNike (big blind) folded before Flop
Seat 4: LuckyShikari collected ($2.50)
Seat 5: 3EPH folded before Flop (didn't bet)
Seat 6: Poker9803 folded before Flop (didn't bet)



PokerStars Hand #254428573356:  Hold'em No Limit ($0.50/$1.00 USD) - 2025/01/18 9:09:22 WET [2025/01/18 4:09:22 ET]
Table 'Rimito III' 6-max Seat #2 is the button
Seat 1: JoeBlack_MS ($100 in chips) 
Seat 2: papidan1 ($50.73 in chips) 
Seat 3: steelNike ($39.50 in chips) 
Seat 4: LuckyShikari ($107 in chips) 
Seat 5: 3EPH ($131.58 in chips) 
Seat 6: Poker9803 ($100 in chips) 
steelNike: posts small blind $0.50
LuckyShikari: posts big blind $1
*** HOLE CARDS ***
3EPH: folds 
Poker9803: folds 
JoeBlack_MS: folds 
papidan1: folds 
steelNike: folds 
Uncalled bet ($0.50) returned to LuckyShikari
LuckyShikari collected $1 from pot
LuckyShikari: doesn't show hand 
*** SUMMARY ***
Total pot $1 | Rake $0 
Seat 1: JoeBlack_MS folded before Flop (didn't bet)
Seat 2: papidan1 (button) folded before Flop (didn't bet)
Seat 3: steelNike (small blind) folded before Flop
Seat 4: LuckyShikari (big blind) collected ($1)
Seat 5: 3EPH folded before Flop (didn't bet)
Seat 6: Poker9803 folded before Flop (didn't bet)



PokerStars Hand #254428575034:  Hold'em No Limit ($0.50/$1.00 USD) - 2025/01/18 9:09:39 WET [2025/01/18 4:09:39 ET]
Table 'Rimito III' 6-max Seat #3 is the button
Seat 1: JoeBlack_MS ($100 in chips) 
Seat 2: papidan1 ($50.73 in chips) 
Seat 3: steelNike ($39 in chips) 
Seat 4: LuckyShikari ($107.50 in chips) 
Seat 5: 3EPH ($131.58 in chips) 
Seat 6: Poker9803 ($100 in chips) 
LuckyShikari: posts small blind $0.50
3EPH: posts big blind $1
*** HOLE CARDS ***
Poker9803: raises $1 to $2
JoeBlack_MS: folds 
papidan1: calls $2
steelNike: folds 
LuckyShikari: folds 
3EPH: folds 
*** FLOP *** [Kc As Qh]
Poker9803: bets $3.92
papidan1: raises $13.06 to $16.98
Poker9803: raises $58.77 to $75.75
papidan1: calls $31.75 and is all-in
Uncalled bet ($27.02) returned to Poker9803
*** TURN *** [Kc As Qh] [Kd]
*** RIVER *** [Kc As Qh Kd] [Td]
*** SHOW DOWN ***
Poker9803: shows [Qs Ad] (two pair, Aces and Kings)
papidan1: shows [Ts 9c] (two pair, Kings and Tens)
Poker9803 collected $100.46 from pot
*** SUMMARY ***
Total pot $102.96 | Rake $2.50 
Board [Kc As Qh Kd Td]
Seat 1: JoeBlack_MS folded before Flop (didn't bet)
Seat 2: papidan1 showed [Ts 9c] and lost with two pair, Kings and Tens
Seat 3: steelNike (button) folded before Flop (didn't bet)
Seat 4: LuckyShikari (small blind) folded before Flop
Seat 5: 3EPH (big blind) folded before Flop
Seat 6: Poker9803 showed [Qs Ad] and won ($100.46) with two pair, Aces and Kings



PokerStars Hand #254428578074:  Hold'em No Limit ($0.50/$1.00 USD) - 2025/01/18 9:10:10 WET [2025/01/18 4:10:10 ET]
Table 'Rimito III' 6-max Seat #4 is the button
Seat 2: papidan1 ($0 in chips) is sitting out
Seat 1: JoeBlack_MS ($100 in chips) 
Seat 3: steelNike ($39 in chips) 
Seat 4: LuckyShikari ($107 in chips) 
Seat 5: 3EPH ($130.58 in chips) 
Seat 6: Poker9803 ($149.73 in chips) 
3EPH: posts small blind $0.50
Poker9803: posts big blind $1
*** HOLE CARDS ***
JoeBlack_MS: folds 
papidan1 leaves the table
steelNike: raises $1 to $2
LuckyShikari: folds 
3EPH: folds 
Poker9803: folds 
Uncalled bet ($1) returned to steelNike
steelNike collected $2.50 from pot
*** SUMMARY ***
Total pot $2.50 | Rake $0 
Seat 2: papidan1
Seat 1: JoeBlack_MS folded before Flop (didn't bet)
Seat 3: steelNike collected ($2.50)
Seat 4: LuckyShikari (button) folded before Flop (didn't bet)
Seat 5: 3EPH (small blind) folded before Flop
Seat 6: Poker9803 (big blind) folded before Flop



PokerStars Hand #254428580670:  Hold'em No Limit ($0.50/$1.00 USD) - 2025/01/18 9:10:37 WET [2025/01/18 4:10:37 ET]
Table 'Rimito III' 6-max Seat #5 is the button
Seat 1: JoeBlack_MS ($100 in chips) 
Seat 3: steelNike ($40.50 in chips) 
Seat 4: LuckyShikari ($107 in chips) 
Seat 5: 3EPH ($130.08 in chips) 
Seat 6: Poker9803 ($148.73 in chips) 
Poker9803: posts small blind $0.50
JoeBlack_MS: posts big blind $1
*** HOLE CARDS ***
steelNike: folds 
LuckyShikari: folds 
3EPH: folds 
Poker9803: folds 
Uncalled bet ($0.50) returned to JoeBlack_MS
JoeBlack_MS collected $1 from pot
JoeBlack_MS: doesn't show hand 
*** SUMMARY ***
Total pot $1 | Rake $0 
Seat 1: JoeBlack_MS (big blind) collected ($1)
Seat 3: steelNike folded before Flop (didn't bet)
Seat 4: LuckyShikari folded before Flop (didn't bet)
Seat 5: 3EPH (button) folded before Flop (didn't bet)
Seat 6: Poker9803 (small blind) folded before Flop



PokerStars Hand #254428594615:  Hold'em No Limit ($0.50/$1.00 USD) - 2025/01/18 9:13:00 WET [2025/01/18 4:13:00 ET]
Table 'Rimito III' 6-max Seat #1 is the button
Seat 4: LuckyShikari ($107 in chips) is sitting out
Seat 1: JoeBlack_MS ($100.50 in chips) 
Seat 2: p@p@stroumf ($99 in chips) 
Seat 3: blistein ($100 in chips) 
Seat 5: antey89 ($80 in chips) 
p@p@stroumf: posts small blind $0.50
blistein: posts big blind $1
*** HOLE CARDS ***
AlexEliseev7 joins the table at seat #6 
antey89: folds 
JoeBlack_MS: raises $1.50 to $2.50
p@p@stroumf: raises $2.50 to $5
blistein: folds 
JoeBlack_MS: calls $2.50
*** FLOP *** [8d 7s 8h]
p@p@stroumf: bets $7
JoeBlack_MS: calls $7
*** TURN *** [8d 7s 8h] [Qd]
p@p@stroumf: bets $17
JoeBlack_MS: calls $17
*** RIVER *** [8d 7s 8h Qd] [Jd]
p@p@stroumf: checks 
JoeBlack_MS: checks 
*** SHOW DOWN ***
p@p@stroumf: shows [Ah Ac] (two pair, Aces and Eights)
JoeBlack_MS: mucks hand 
p@p@stroumf collected $58 from pot
*** SUMMARY ***
Total pot $59 | Rake $1 
Board [8d 7s 8h Qd Jd]
Seat 4: LuckyShikari
Seat 1: JoeBlack_MS (button) mucked
Seat 2: p@p@stroumf (small blind) showed [Ah Ac] and won ($58) with two pair, Aces and Eights
Seat 3: blistein (big blind) folded before Flop
Seat 5: antey89 folded before Flop (didn't bet)



PokerStars Hand #254428604086:  Hold'em No Limit ($0.50/$1.00 USD) - 2025/01/18 9:14:36 WET [2025/01/18 4:14:36 ET]
Table 'Rimito III' 6-max Seat #2 is the button
Seat 4: LuckyShikari ($107 in chips) is sitting out
Seat 6: AlexEliseev7 ($100 in chips) is sitting out
Seat 1: JoeBlack_MS ($100 in chips) 
Seat 2: p@p@stroumf ($128 in chips) 
Seat 3: blistein ($100 in chips) 
Seat 5: antey89 ($100 in chips) 
blistein: posts small blind $0.50
antey89: posts big blind $1
AlexEliseev7: sits out 
*** HOLE CARDS ***
JoeBlack_MS: raises $1.30 to $2.30
p@p@stroumf: folds 
blistein: folds 
antey89: folds 
Uncalled bet ($1.30) returned to JoeBlack_MS
JoeBlack_MS collected $2.50 from pot
JoeBlack_MS: doesn't show hand 
*** SUMMARY ***
Total pot $2.50 | Rake $0 
Seat 4: LuckyShikari
Seat 6: AlexEliseev7
Seat 1: JoeBlack_MS collected ($2.50)
Seat 2: p@p@stroumf (button) folded before Flop (didn't bet)
Seat 3: blistein (small blind) folded before Flop
Seat 5: antey89 (big blind) folded before Flop



PokerStars Hand #254428605644:  Hold'em No Limit ($0.50/$1.00 USD) - 2025/01/18 9:14:52 WET [2025/01/18 4:14:52 ET]
Table 'Rimito III' 6-max Seat #3 is the button
Seat 4: LuckyShikari ($107 in chips) is sitting out
Seat 1: JoeBlack_MS ($101.50 in chips) 
Seat 2: p@p@stroumf ($128 in chips) 
Seat 3: blistein ($100 in chips) 
Seat 5: antey89 ($100 in chips) 
Seat 6: AlexEliseev7 ($100 in chips) 
antey89: posts small blind $0.50
AlexEliseev7: posts big blind $1
*** HOLE CARDS ***
JoeBlack_MS: folds 
p@p@stroumf: raises $1 to $2
blistein: folds 
antey89: raises $9 to $11
AlexEliseev7: folds 
p@p@stroumf: folds 
Uncalled bet ($9) returned to antey89
antey89 collected $5 from pot
antey89: doesn't show hand 
*** SUMMARY ***
Total pot $5 | Rake $0 
Seat 4: LuckyShikari
Seat 1: JoeBlack_MS folded before Flop (didn't bet)
Seat 2: p@p@stroumf folded before Flop
Seat 3: blistein (button) folded before Flop (didn't bet)
Seat 5: antey89 (small blind) collected ($5)
Seat 6: AlexEliseev7 (big blind) folded before Flop



PokerStars Hand #254428609381:  Hold'em No Limit ($0.50/$1.00 USD) - 2025/01/18 9:15:30 WET [2025/01/18 4:15:30 ET]
Table 'Rimito III' 6-max Seat #5 is the button
Seat 4: LuckyShikari ($107 in chips) is sitting out
Seat 1: JoeBlack_MS ($101.50 in chips) 
Seat 2: p@p@stroumf ($126 in chips) 
Seat 3: blistein ($100 in chips) 
Seat 5: antey89 ($103 in chips) 
Seat 6: AlexEliseev7 ($100 in chips) 
AlexEliseev7: posts small blind $0.50
JoeBlack_MS: posts big blind $1
*** HOLE CARDS ***
p@p@stroumf: raises $3 to $4
blistein: folds 
antey89: folds 
AlexEliseev7: raises $8 to $12
JoeBlack_MS: folds 
p@p@stroumf: calls $8
*** FLOP *** [2h 6c 6h]
AlexEliseev7: bets $7.84
p@p@stroumf: raises $10.84 to $18.68
AlexEliseev7: calls $10.84
*** TURN *** [2h 6c 6h] [Jc]
AlexEliseev7: checks 
p@p@stroumf: bets $29
AlexEliseev7: raises $40.32 to $69.32 and is all-in
p@p@stroumf: folds 
Uncalled bet ($40.32) returned to AlexEliseev7
AlexEliseev7 collected $117.86 from pot
AlexEliseev7: doesn't show hand 
*** SUMMARY ***
Total pot $120.36 | Rake $2.50 
Board [2h 6c 6h Jc]
Seat 4: LuckyShikari
Seat 1: JoeBlack_MS (big blind) folded before Flop
Seat 2: p@p@stroumf folded on the Turn
Seat 3: blistein folded before Flop (didn't bet)
Seat 5: antey89 (button) folded before Flop (didn't bet)
Seat 6: AlexEliseev7 (small blind) collected ($117.86)



PokerStars Hand #254428618583:  Hold'em No Limit ($0.50/$1.00 USD) - 2025/01/18 9:17:04 WET [2025/01/18 4:17:04 ET]
Table 'Rimito III' 6-max Seat #6 is the button
Seat 4: LuckyShikari ($107 in chips) is sitting out
Seat 1: JoeBlack_MS ($100.50 in chips) 
Seat 2: p@p@stroumf ($66.32 in chips) 
Seat 3: blistein ($100 in chips) 
Seat 5: antey89 ($103 in chips) 
Seat 6: AlexEliseev7 ($158.18 in chips) 
JoeBlack_MS: posts small blind $0.50
p@p@stroumf: posts big blind $1
*** HOLE CARDS ***
blistein: folds 
antey89: folds 
AlexEliseev7: raises $1.50 to $2.50
JoeBlack_MS: raises $8.50 to $11
p@p@stroumf: folds 
AlexEliseev7: raises $13 to $24
JoeBlack_MS: folds 
Uncalled bet ($13) returned to AlexEliseev7
AlexEliseev7 collected $23 from pot
AlexEliseev7: doesn't show hand 
*** SUMMARY ***
Total pot $23 | Rake $0 
Seat 4: LuckyShikari
Seat 1: JoeBlack_MS (small blind) folded before Flop
Seat 2: p@p@stroumf (big blind) folded before Flop
Seat 3: blistein folded before Flop (didn't bet)
Seat 5: antey89 folded before Flop (didn't bet)
Seat 6: AlexEliseev7 (button) collected ($23)



PokerStars Hand #254428622473:  Hold'em No Limit ($0.50/$1.00 USD) - 2025/01/18 9:17:43 WET [2025/01/18 4:17:43 ET]
Table 'Rimito III' 6-max Seat #1 is the button
Seat 4: LuckyShikari ($107 in chips) is sitting out
Seat 1: JoeBlack_MS ($100 in chips) 
Seat 2: p@p@stroumf ($65.32 in chips) 
Seat 3: blistein ($100 in chips) 
Seat 5: antey89 ($103 in chips) 
Seat 6: AlexEliseev7 ($170.18 in chips) 
p@p@stroumf: posts small blind $0.50
blistein: posts big blind $1
*** HOLE CARDS ***
antey89: folds 
AlexEliseev7: raises $1.50 to $2.50
JoeBlack_MS: folds 
p@p@stroumf: folds 
blistein: folds 
Uncalled bet ($1.50) returned to AlexEliseev7
AlexEliseev7 collected $2.50 from pot
AlexEliseev7: doesn't show hand 
*** SUMMARY ***
Total pot $2.50 | Rake $0 
Seat 4: LuckyShikari
Seat 1: JoeBlack_MS (button) folded before Flop (didn't bet)
Seat 2: p@p@stroumf (small blind) folded before Flop
Seat 3: blistein (big blind) folded before Flop
Seat 5: antey89 folded before Flop (didn't bet)
Seat 6: AlexEliseev7 collected ($2.50)



PokerStars Hand #254428623603:  Hold'em No Limit ($0.50/$1.00 USD) - 2025/01/18 9:17:55 WET [2025/01/18 4:17:55 ET]
Table 'Rimito III' 6-max Seat #2 is the button
Seat 4: LuckyShikari ($107 in chips) is sitting out
Seat 1: JoeBlack_MS ($100 in chips) 
Seat 2: p@p@stroumf ($64.82 in chips) 
Seat 3: blistein ($100 in chips) 
Seat 5: antey89 ($103 in chips) 
Seat 6: AlexEliseev7 ($171.68 in chips) 
blistein: posts small blind $0.50
antey89: posts big blind $1
*** HOLE CARDS ***
AlexEliseev7: folds 
JoeBlack_MS: folds 
p@p@stroumf: raises $2 to $3
blistein: folds 
antey89: folds 
Uncalled bet ($2) returned to p@p@stroumf
p@p@stroumf collected $2.50 from pot
*** SUMMARY ***
Total pot $2.50 | Rake $0 
Seat 4: LuckyShikari
Seat 1: JoeBlack_MS folded before Flop (didn't bet)
Seat 2: p@p@stroumf (button) collected ($2.50)
Seat 3: blistein (small blind) folded before Flop
Seat 5: antey89 (big blind) folded before Flop
Seat 6: AlexEliseev7 folded before Flop (didn't bet)



PokerStars Hand #254428625642:  Hold'em No Limit ($0.50/$1.00 USD) - 2025/01/18 9:18:16 WET [2025/01/18 4:18:16 ET]
Table 'Rimito III' 6-max Seat #3 is the button
Seat 4: LuckyShikari ($107 in chips) is sitting out
Seat 1: JoeBlack_MS ($100 in chips) 
Seat 2: p@p@stroumf ($66.32 in chips) 
Seat 3: blistein ($100 in chips) 
Seat 5: antey89 ($102 in chips) 
Seat 6: AlexEliseev7 ($171.68 in chips) 
antey89: posts small blind $0.50
AlexEliseev7: posts big blind $1
*** HOLE CARDS ***
JoeBlack_MS: folds 
p@p@stroumf: raises $2 to $3
blistein: folds 
antey89: folds 
AlexEliseev7: folds 
Uncalled bet ($2) returned to p@p@stroumf
p@p@stroumf collected $2.50 from pot
*** SUMMARY ***
Total pot $2.50 | Rake $0 
Seat 4: LuckyShikari
Seat 1: JoeBlack_MS folded before Flop (didn't bet)
Seat 2: p@p@stroumf collected ($2.50)
Seat 3: blistein (button) folded before Flop (didn't bet)
Seat 5: antey89 (small blind) folded before Flop
Seat 6: AlexEliseev7 (big blind) folded before Flop



PokerStars Hand #254428627622:  Hold'em No Limit ($0.50/$1.00 USD) - 2025/01/18 9:18:36 WET [2025/01/18 4:18:36 ET]
Table 'Rimito III' 6-max Seat #5 is the button
Seat 4: LuckyShikari ($107 in chips) is sitting out
Seat 1: JoeBlack_MS ($100 in chips) 
Seat 2: p@p@stroumf ($67.82 in chips) 
Seat 3: blistein ($100 in chips) 
Seat 5: antey89 ($101.50 in chips) 
Seat 6: AlexEliseev7 ($170.68 in chips) 
AlexEliseev7: posts small blind $0.50
JoeBlack_MS: posts big blind $1
*** HOLE CARDS ***
p@p@stroumf: calls $1
blistein: folds 
antey89: folds 
AlexEliseev7: folds 
JoeBlack_MS: checks 
*** FLOP *** [3h 7d 9d]
JoeBlack_MS: checks 
p@p@stroumf: bets $1
JoeBlack_MS: folds 
Uncalled bet ($1) returned to p@p@stroumf
p@p@stroumf collected $2.38 from pot
LuckyShikari leaves the table
*** SUMMARY ***
Total pot $2.50 | Rake $0.12 
Board [3h 7d 9d]
Seat 4: LuckyShikari
Seat 1: JoeBlack_MS (big blind) folded on the Flop
Seat 2: p@p@stroumf collected ($2.38)
Seat 3: blistein folded before Flop (didn't bet)
Seat 5: antey89 (button) folded before Flop (didn't bet)
Seat 6: AlexEliseev7 (small blind) folded before Flop



PokerStars Hand #254428630901:  Hold'em No Limit ($0.50/$1.00 USD) - 2025/01/18 9:19:09 WET [2025/01/18 4:19:09 ET]
Table 'Rimito III' 6-max Seat #6 is the button
Seat 1: JoeBlack_MS ($100 in chips) 
Seat 2: p@p@stroumf ($69.20 in chips) 
Seat 3: blistein ($100 in chips) 
Seat 5: antey89 ($101.50 in chips) 
Seat 6: AlexEliseev7 ($170.18 in chips) 
JoeBlack_MS: posts small blind $0.50
p@p@stroumf: posts big blind $1
*** HOLE CARDS ***
blistein: raises $1.20 to $2.20
antey89: raises $5.30 to $7.50
AlexEliseev7: folds 
JoeBlack_MS: folds 
p@p@stroumf: folds 
coeeeelho joins the table at seat #4 
blistein: calls $5.30
*** FLOP *** [Jd Ks Kc]
blistein: checks 
antey89: bets $4
blistein: calls $4
*** TURN *** [Jd Ks Kc] [Qc]
blistein: checks 
antey89: checks 
*** RIVER *** [Jd Ks Kc Qc] [5d]
blistein: bets $17.46
antey89: folds 
Uncalled bet ($17.46) returned to blistein
blistein collected $23.28 from pot
blistein: doesn't show hand 
antey89 leaves the table
*** SUMMARY ***
Total pot $24.50 | Rake $1.22 
Board [Jd Ks Kc Qc 5d]
Seat 1: JoeBlack_MS (small blind) folded before Flop
Seat 2: p@p@stroumf (big blind) folded before Flop
Seat 3: blistein collected ($23.28)
Seat 5: antey89 folded on the River
Seat 6: AlexEliseev7 (button) folded before Flop (didn't bet)



PokerStars Hand #254428644297:  Hold'em No Limit ($0.50/$1.00 USD) - 2025/01/18 9:21:22 WET [2025/01/18 4:21:22 ET]
Table 'Rimito III' 6-max Seat #1 is the button
Seat 4: coeeeelho ($100 in chips) is sitting out
Seat 1: JoeBlack_MS ($100 in chips) 
Seat 2: p@p@stroumf ($68.20 in chips) 
Seat 3: blistein ($111.78 in chips) 
Seat 6: AlexEliseev7 ($170.18 in chips) 
p@p@stroumf: posts small blind $0.50
blistein: posts big blind $1
coeeeelho: sits out 
*** HOLE CARDS ***
AlexEliseev7: folds 
JoeBlack_MS: folds 
p@p@stroumf: calls $0.50
blistein: checks 
*** FLOP *** [7h Th 3s]
kuhclemO joins the table at seat #5 
p@p@stroumf: checks 
blistein: bets $1
p@p@stroumf: folds 
Uncalled bet ($1) returned to blistein
blistein collected $1.90 from pot
blistein: doesn't show hand 
*** SUMMARY ***
Total pot $2 | Rake $0.10 
Board [7h Th 3s]
Seat 4: coeeeelho
Seat 1: JoeBlack_MS (button) folded before Flop (didn't bet)
Seat 2: p@p@stroumf (small blind) folded on the Flop
Seat 3: blistein (big blind) collected ($1.90)
Seat 6: AlexEliseev7 folded before Flop (didn't bet)



PokerStars Hand #254428646464:  Hold'em No Limit ($0.50/$1.00 USD) - 2025/01/18 9:21:44 WET [2025/01/18 4:21:44 ET]
Table 'Rimito III' 6-max Seat #2 is the button
Seat 5: kuhclemO ($100 in chips) is sitting out
Seat 1: JoeBlack_MS ($100 in chips) 
Seat 2: p@p@stroumf ($67.20 in chips) 
Seat 3: blistein ($112.68 in chips) 
Seat 4: coeeeelho ($100 in chips) 
Seat 6: AlexEliseev7 ($170.18 in chips) 
blistein: posts small blind $0.50
coeeeelho: posts big blind $1
kuhclemO: sits out 
*** HOLE CARDS ***
AlexEliseev7: folds 
JoeBlack_MS: folds 
p@p@stroumf: raises $2 to $3
blistein: folds 
coeeeelho: calls $2
*** FLOP *** [6h 9d 7d]
coeeeelho: checks 
p@p@stroumf: checks 
*** TURN *** [6h 9d 7d] [5d]
coeeeelho: bets $3.09
p@p@stroumf: folds 
Uncalled bet ($3.09) returned to coeeeelho
coeeeelho collected $6.18 from pot
*** SUMMARY ***
Total pot $6.50 | Rake $0.32 
Board [6h 9d 7d 5d]
Seat 5: kuhclemO
Seat 1: JoeBlack_MS folded before Flop (didn't bet)
Seat 2: p@p@stroumf (button) folded on the Turn
Seat 3: blistein (small blind) folded before Flop
Seat 4: coeeeelho (big blind) collected ($6.18)
Seat 6: AlexEliseev7 folded before Flop (didn't bet)



PokerStars Hand #254428650208:  Hold'em No Limit ($0.50/$1.00 USD) - 2025/01/18 9:22:22 WET [2025/01/18 4:22:22 ET]
Table 'Rimito III' 6-max Seat #3 is the button
Seat 1: JoeBlack_MS ($100 in chips) 
Seat 2: p@p@stroumf ($64.20 in chips) 
Seat 3: blistein ($112.18 in chips) 
Seat 4: coeeeelho ($103.18 in chips) 
Seat 5: kuhclemO ($100 in chips) 
Seat 6: AlexEliseev7 ($170.18 in chips) 
coeeeelho: posts small blind $0.50
kuhclemO: posts big blind $1
*** HOLE CARDS ***
AlexEliseev7: folds 
JoeBlack_MS: folds 
p@p@stroumf: folds 
blistein: folds 
coeeeelho: folds 
Uncalled bet ($0.50) returned to kuhclemO
kuhclemO collected $1 from pot
kuhclemO: doesn't show hand 
*** SUMMARY ***
Total pot $1 | Rake $0 
Seat 1: JoeBlack_MS folded before Flop (didn't bet)
Seat 2: p@p@stroumf folded before Flop (didn't bet)
Seat 3: blistein (button) folded before Flop (didn't bet)
Seat 4: coeeeelho (small blind) folded before Flop
Seat 5: kuhclemO (big blind) collected ($1)
Seat 6: AlexEliseev7 folded before Flop (didn't bet)



PokerStars Hand #254428652939:  Hold'em No Limit ($0.50/$1.00 USD) - 2025/01/18 9:22:49 WET [2025/01/18 4:22:49 ET]
Table 'Rimito III' 6-max Seat #4 is the button
Seat 1: JoeBlack_MS ($100 in chips) 
Seat 2: p@p@stroumf ($64.20 in chips) 
Seat 3: blistein ($112.18 in chips) 
Seat 4: coeeeelho ($102.68 in chips) 
Seat 5: kuhclemO ($100.50 in chips) 
Seat 6: AlexEliseev7 ($170.18 in chips) 
kuhclemO: posts small blind $0.50
AlexEliseev7: posts big blind $1
*** HOLE CARDS ***
JoeBlack_MS: folds 
p@p@stroumf: raises $2 to $3
blistein: raises $4 to $7
coeeeelho: folds 
kuhclemO: folds 
AlexEliseev7: folds 
p@p@stroumf: calls $4
*** FLOP *** [5c 4s Td]
p@p@stroumf: bets $8
blistein: calls $8
*** TURN *** [5c 4s Td] [Jh]
p@p@stroumf: bets $15
blistein: folds 
Uncalled bet ($15) returned to p@p@stroumf
p@p@stroumf collected $29.92 from pot
*** SUMMARY ***
Total pot $31.50 | Rake $1.58 
Board [5c 4s Td Jh]
Seat 1: JoeBlack_MS folded before Flop (didn't bet)
Seat 2: p@p@stroumf collected ($29.92)
Seat 3: blistein folded on the Turn
Seat 4: coeeeelho (button) folded before Flop (didn't bet)
Seat 5: kuhclemO (small blind) folded before Flop
Seat 6: AlexEliseev7 (big blind) folded before Flop



PokerStars Hand #254428660458:  Hold'em No Limit ($0.50/$1.00 USD) - 2025/01/18 9:24:03 WET [2025/01/18 4:24:03 ET]
Table 'Rimito III' 6-max Seat #5 is the button
Seat 1: JoeBlack_MS ($100 in chips) 
Seat 2: p@p@stroumf ($79.12 in chips) 
Seat 3: blistein ($100 in chips) 
Seat 4: coeeeelho ($102.68 in chips) 
Seat 5: kuhclemO ($100 in chips) 
Seat 6: AlexEliseev7 ($169.18 in chips) 
AlexEliseev7: posts small blind $0.50
JoeBlack_MS: posts big blind $1
*** HOLE CARDS ***
p@p@stroumf: calls $1
blistein: folds 
coeeeelho: folds 
kuhclemO: folds 
AlexEliseev7: folds 
JoeBlack_MS: checks 
*** FLOP *** [5c Jc 5d]
JoeBlack_MS: checks 
p@p@stroumf: checks 
*** TURN *** [5c Jc 5d] [Ah]
JoeBlack_MS: bets $1.78
p@p@stroumf: folds 
Uncalled bet ($1.78) returned to JoeBlack_MS
JoeBlack_MS collected $2.38 from pot
JoeBlack_MS: doesn't show hand 
*** SUMMARY ***
Total pot $2.50 | Rake $0.12 
Board [5c Jc 5d Ah]
Seat 1: JoeBlack_MS (big blind) collected ($2.38)
Seat 2: p@p@stroumf folded on the Turn
Seat 3: blistein folded before Flop (didn't bet)
Seat 4: coeeeelho folded before Flop (didn't bet)
Seat 5: kuhclemO (button) folded before Flop (didn't bet)
Seat 6: AlexEliseev7 (small blind) folded before Flop



PokerStars Hand #254428662782:  Hold'em No Limit ($0.50/$1.00 USD) - 2025/01/18 9:24:27 WET [2025/01/18 4:24:27 ET]
Table 'Rimito III' 6-max Seat #6 is the button
Seat 1: JoeBlack_MS ($101.38 in chips) 
Seat 2: p@p@stroumf ($78.12 in chips) 
Seat 3: blistein ($100 in chips) 
Seat 4: coeeeelho ($102.68 in chips) 
Seat 5: kuhclemO ($100 in chips) 
Seat 6: AlexEliseev7 ($168.68 in chips) 
JoeBlack_MS: posts small blind $0.50
p@p@stroumf: posts big blind $1
*** HOLE CARDS ***
blistein: folds 
coeeeelho: folds 
kuhclemO: folds 
AlexEliseev7: raises $1.50 to $2.50
JoeBlack_MS: calls $2
p@p@stroumf: calls $1.50
*** FLOP *** [2c 5h Jc]
JoeBlack_MS: checks 
p@p@stroumf: bets $5
AlexEliseev7: folds 
JoeBlack_MS: calls $5
*** TURN *** [2c 5h Jc] [8c]
JoeBlack_MS: checks 
p@p@stroumf: bets $9
JoeBlack_MS: calls $9
*** RIVER *** [2c 5h Jc 8c] [2h]
JoeBlack_MS: checks 
p@p@stroumf: checks 
*** SHOW DOWN ***
JoeBlack_MS: shows [7c 6c] (a flush, Jack high)
p@p@stroumf: mucks hand 
JoeBlack_MS collected $33.72 from pot
*** SUMMARY ***
Total pot $35.50 | Rake $1.78 
Board [2c 5h Jc 8c 2h]
Seat 1: JoeBlack_MS (small blind) showed [7c 6c] and won ($33.72) with a flush, Jack high
Seat 2: p@p@stroumf (big blind) mucked
Seat 3: blistein folded before Flop (didn't bet)
Seat 4: coeeeelho folded before Flop (didn't bet)
Seat 5: kuhclemO folded before Flop (didn't bet)
Seat 6: AlexEliseev7 (button) folded on the Flop



PokerStars Hand #254428670567:  Hold'em No Limit ($0.50/$1.00 USD) - 2025/01/18 9:25:44 WET [2025/01/18 4:25:44 ET]
Table 'Rimito III' 6-max Seat #1 is the button
Seat 1: JoeBlack_MS ($118.60 in chips) 
Seat 2: p@p@stroumf ($61.62 in chips) 
Seat 3: blistein ($100 in chips) 
Seat 4: coeeeelho ($102.68 in chips) 
Seat 5: kuhclemO ($100 in chips) 
Seat 6: AlexEliseev7 ($166.18 in chips) 
p@p@stroumf: posts small blind $0.50
blistein: posts big blind $1
*** HOLE CARDS ***
coeeeelho: raises $1.10 to $2.10
kuhclemO: folds 
AlexEliseev7: folds 
JoeBlack_MS: folds 
p@p@stroumf: folds 
blistein: calls $1.10
*** FLOP *** [Qd 6s Qh]
blistein: checks 
coeeeelho: bets $1.11
blistein: raises $2.89 to $4
coeeeelho: calls $2.89
*** TURN *** [Qd 6s Qh] [8h]
blistein: checks 
coeeeelho: checks 
*** RIVER *** [Qd 6s Qh 8h] [8c]
blistein: bets $30.15
coeeeelho: folds 
Uncalled bet ($30.15) returned to blistein
blistein collected $12.06 from pot
blistein: doesn't show hand 
*** SUMMARY ***
Total pot $12.70 | Rake $0.64 
Board [Qd 6s Qh 8h 8c]
Seat 1: JoeBlack_MS (button) folded before Flop (didn't bet)
Seat 2: p@p@stroumf (small blind) folded before Flop
Seat 3: blistein (big blind) collected ($12.06)
Seat 4: coeeeelho folded on the River
Seat 5: kuhclemO folded before Flop (didn't bet)
Seat 6: AlexEliseev7 folded before Flop (didn't bet)



PokerStars Hand #254428679201:  Hold'em No Limit ($0.50/$1.00 USD) - 2025/01/18 9:27:09 WET [2025/01/18 4:27:09 ET]
Table 'Rimito III' 6-max Seat #2 is the button
Seat 1: JoeBlack_MS ($118.60 in chips) 
Seat 2: p@p@stroumf ($61.12 in chips) 
Seat 3: blistein ($105.96 in chips) 
Seat 4: coeeeelho ($100 in chips) 
Seat 5: kuhclemO ($100 in chips) 
Seat 6: AlexEliseev7 ($166.18 in chips) 
blistein: posts small blind $0.50
coeeeelho: posts big blind $1
*** HOLE CARDS ***
kuhclemO: folds 
AlexEliseev7: folds 
JoeBlack_MS: folds 
p@p@stroumf: raises $1 to $2
blistein: folds 
coeeeelho: folds 
Uncalled bet ($1) returned to p@p@stroumf
p@p@stroumf collected $2.50 from pot
*** SUMMARY ***
Total pot $2.50 | Rake $0 
Seat 1: JoeBlack_MS folded before Flop (didn't bet)
Seat 2: p@p@stroumf (button) collected ($2.50)
Seat 3: blistein (small blind) folded before Flop
Seat 4: coeeeelho (big blind) folded before Flop
Seat 5: kuhclemO folded before Flop (didn't bet)
Seat 6: AlexEliseev7 folded before Flop (didn't bet)



PokerStars Hand #254428680940:  Hold'em No Limit ($0.50/$1.00 USD) - 2025/01/18 9:27:26 WET [2025/01/18 4:27:26 ET]
Table 'Rimito III' 6-max Seat #3 is the button
Seat 1: JoeBlack_MS ($118.60 in chips) 
Seat 2: p@p@stroumf ($62.62 in chips) 
Seat 3: blistein ($105.46 in chips) 
Seat 4: coeeeelho ($100 in chips) 
Seat 5: kuhclemO ($100 in chips) 
Seat 6: AlexEliseev7 ($166.18 in chips) 
coeeeelho: posts small blind $0.50
kuhclemO: posts big blind $1
*** HOLE CARDS ***
AlexEliseev7: folds 
JoeBlack_MS: raises $1 to $2
p@p@stroumf: calls $2
blistein: folds 
coeeeelho: folds 
kuhclemO: calls $1
*** FLOP *** [4c 9c 7s]
kuhclemO: checks 
JoeBlack_MS: checks 
p@p@stroumf: bets $3
kuhclemO: calls $3
JoeBlack_MS: folds 
*** TURN *** [4c 9c 7s] [4h]
kuhclemO: checks 
p@p@stroumf: bets $7
kuhclemO: folds 
Uncalled bet ($7) returned to p@p@stroumf
p@p@stroumf collected $11.88 from pot
*** SUMMARY ***
Total pot $12.50 | Rake $0.62 
Board [4c 9c 7s 4h]
Seat 1: JoeBlack_MS folded on the Flop
Seat 2: p@p@stroumf collected ($11.88)
Seat 3: blistein (button) folded before Flop (didn't bet)
Seat 4: coeeeelho (small blind) folded before Flop
Seat 5: kuhclemO (big blind) folded on the Turn
Seat 6: AlexEliseev7 folded before Flop (didn't bet)



PokerStars Hand #254428686585:  Hold'em No Limit ($0.50/$1.00 USD) - 2025/01/18 9:28:23 WET [2025/01/18 4:28:23 ET]
Table 'Rimito III' 6-max Seat #4 is the button
Seat 1: JoeBlack_MS ($116.60 in chips) 
Seat 2: p@p@stroumf ($69.50 in chips) 
Seat 3: blistein ($105.46 in chips) 
Seat 4: coeeeelho ($100 in chips) 
Seat 5: kuhclemO ($100 in chips) 
Seat 6: AlexEliseev7 ($166.18 in chips) 
kuhclemO: posts small blind $0.50
AlexEliseev7: posts big blind $1
*** HOLE CARDS ***
JoeBlack_MS: raises $1 to $2
p@p@stroumf: raises $4 to $6
blistein: folds 
coeeeelho: folds 
kuhclemO: folds 
AlexEliseev7: folds 
JoeBlack_MS: calls $4
*** FLOP *** [9c Tc 8h]
JoeBlack_MS: checks 
p@p@stroumf: bets $6
JoeBlack_MS: calls $6
*** TURN *** [9c Tc 8h] [Ad]
JoeBlack_MS: checks 
p@p@stroumf: bets $15
JoeBlack_MS: calls $15
*** RIVER *** [9c Tc 8h Ad] [Jc]
JoeBlack_MS: bets $6.36
p@p@stroumf: raises $36.14 to $42.50 and is all-in
JoeBlack_MS: calls $36.14
*** SHOW DOWN ***
p@p@stroumf: shows [Qs As] (a straight, Eight to Queen)
JoeBlack_MS: shows [Jd Ac] (two pair, Aces and Jacks)
p@p@stroumf collected $138 from pot
*** SUMMARY ***
Total pot $140.50 | Rake $2.50 
Board [9c Tc 8h Ad Jc]
Seat 1: JoeBlack_MS showed [Jd Ac] and lost with two pair, Aces and Jacks
Seat 2: p@p@stroumf showed [Qs As] and won ($138) with a straight, Eight to Queen
Seat 3: blistein folded before Flop (didn't bet)
Seat 4: coeeeelho (button) folded before Flop (didn't bet)
Seat 5: kuhclemO (small blind) folded before Flop
Seat 6: AlexEliseev7 (big blind) folded before Flop



PokerStars Hand #254428695811:  Hold'em No Limit ($0.50/$1.00 USD) - 2025/01/18 9:29:52 WET [2025/01/18 4:29:52 ET]
Table 'Rimito III' 6-max Seat #5 is the button
Seat 1: JoeBlack_MS ($100 in chips) 
Seat 2: p@p@stroumf ($138 in chips) 
Seat 3: blistein ($105.46 in chips) 
Seat 4: coeeeelho ($100 in chips) 
Seat 5: kuhclemO ($100 in chips) 
Seat 6: AlexEliseev7 ($165.18 in chips) 
AlexEliseev7: posts small blind $0.50
JoeBlack_MS: posts big blind $1
*** HOLE CARDS ***
p@p@stroumf: raises $1 to $2
blistein: raises $5 to $7
coeeeelho: folds 
kuhclemO: folds 
AlexEliseev7: folds 
JoeBlack_MS: folds 
p@p@stroumf: calls $5
*** FLOP *** [Jh Tc Qh]
p@p@stroumf: checks 
blistein: bets $11.04
p@p@stroumf: calls $11.04
*** TURN *** [Jh Tc Qh] [6d]
p@p@stroumf: checks 
blistein: bets $26.78
p@p@stroumf: calls $26.78
*** RIVER *** [Jh Tc Qh 6d] [9c]
p@p@stroumf: bets $55
blistein: raises $5.64 to $60.64 and is all-in
p@p@stroumf: calls $5.64
*** SHOW DOWN ***
blistein: shows [Kc Ad] (a straight, Ten to Ace)
p@p@stroumf: shows [8h Ah] (a straight, Eight to Queen)
blistein collected $209.92 from pot
*** SUMMARY ***
Total pot $212.42 | Rake $2.50 
Board [Jh Tc Qh 6d 9c]
Seat 1: JoeBlack_MS (big blind) folded before Flop
Seat 2: p@p@stroumf showed [8h Ah] and lost with a straight, Eight to Queen
Seat 3: blistein showed [Kc Ad] and won ($209.92) with a straight, Ten to Ace
Seat 4: coeeeelho folded before Flop (didn't bet)
Seat 5: kuhclemO (button) folded before Flop (didn't bet)
Seat 6: AlexEliseev7 (small blind) folded before Flop



PokerStars Hand #254428705821:  Hold'em No Limit ($0.50/$1.00 USD) - 2025/01/18 9:31:28 WET [2025/01/18 4:31:28 ET]
Table 'Rimito III' 6-max Seat #6 is the button
Seat 1: JoeBlack_MS ($100 in chips) 
Seat 2: p@p@stroumf ($32.54 in chips) 
Seat 3: blistein ($209.92 in chips) 
Seat 4: coeeeelho ($100 in chips) 
Seat 5: kuhclemO ($100 in chips) 
Seat 6: AlexEliseev7 ($164.68 in chips) 
JoeBlack_MS: posts small blind $0.50
p@p@stroumf: posts big blind $1
*** HOLE CARDS ***
blistein: folds 
coeeeelho: folds 
kuhclemO: folds 
AlexEliseev7: raises $1.50 to $2.50
JoeBlack_MS: folds 
p@p@stroumf: calls $1.50
*** FLOP *** [6d Kc 2d]
p@p@stroumf: bets $3
AlexEliseev7: raises $5.50 to $8.50
p@p@stroumf: raises $21.54 to $30.04 and is all-in
AlexEliseev7: calls $21.54
*** TURN *** [6d Kc 2d] [8s]
*** RIVER *** [6d Kc 2d 8s] [Tc]
*** SHOW DOWN ***
p@p@stroumf: shows [6h 9h] (a pair of Sixes)
AlexEliseev7: shows [Kh Ah] (a pair of Kings)
AlexEliseev7 collected $63.08 from pot
*** SUMMARY ***
Total pot $65.58 | Rake $2.50 
Board [6d Kc 2d 8s Tc]
Seat 1: JoeBlack_MS (small blind) folded before Flop
Seat 2: p@p@stroumf (big blind) showed [6h 9h] and lost with a pair of Sixes
Seat 3: blistein folded before Flop (didn't bet)
Seat 4: coeeeelho folded before Flop (didn't bet)
Seat 5: kuhclemO folded before Flop (didn't bet)
Seat 6: AlexEliseev7 (button) showed [Kh Ah] and won ($63.08) with a pair of Kings



PokerStars Hand #254428711240:  Hold'em No Limit ($0.50/$1.00 USD) - 2025/01/18 9:32:20 WET [2025/01/18 4:32:20 ET]
Table 'Rimito III' 6-max Seat #1 is the button
Seat 2: p@p@stroumf ($0 in chips) is sitting out
Seat 1: JoeBlack_MS ($100 in chips) 
Seat 3: blistein ($209.92 in chips) 
Seat 4: coeeeelho ($100 in chips) 
Seat 5: kuhclemO ($100 in chips) 
Seat 6: AlexEliseev7 ($195.22 in chips) 
blistein: posts small blind $0.50
coeeeelho: posts big blind $1
*** HOLE CARDS ***
kuhclemO: folds 
kuhclemO leaves the table
AlexEliseev7: folds 
JoeBlack_MS: folds 
blistein: folds 
Uncalled bet ($0.50) returned to coeeeelho
coeeeelho collected $1 from pot
*** SUMMARY ***
Total pot $1 | Rake $0 
Seat 2: p@p@stroumf
Seat 1: JoeBlack_MS (button) folded before Flop (didn't bet)
Seat 3: blistein (small blind) folded before Flop
Seat 4: coeeeelho (big blind) collected ($1)
Seat 5: kuhclemO folded before Flop (didn't bet)
Seat 6: AlexEliseev7 folded before Flop (didn't bet)



PokerStars Hand #254428712079:  Hold'em No Limit ($0.50/$1.00 USD) - 2025/01/18 9:32:28 WET [2025/01/18 4:32:28 ET]
Table 'Rimito III' 6-max Seat #3 is the button
Seat 2: p@p@stroumf ($0 in chips) is sitting out
Seat 1: JoeBlack_MS ($100 in chips) 
Seat 3: blistein ($209.42 in chips) 
Seat 4: coeeeelho ($100.50 in chips) 
Seat 6: AlexEliseev7 ($195.22 in chips) 
coeeeelho: posts small blind $0.50
AlexEliseev7: posts big blind $1
*** HOLE CARDS ***
JoeBlack_MS: raises $1.30 to $2.30
p@p@stroumf leaves the table
blistein: folds 
coeeeelho: folds 
AlexEliseev7: folds 
Uncalled bet ($1.30) returned to JoeBlack_MS
JoeBlack_MS collected $2.50 from pot
JoeBlack_MS: doesn't show hand 
*** SUMMARY ***
Total pot $2.50 | Rake $0 
Seat 2: p@p@stroumf
Seat 1: JoeBlack_MS collected ($2.50)
Seat 3: blistein (button) folded before Flop (didn't bet)
Seat 4: coeeeelho (small blind) folded before Flop
Seat 6: AlexEliseev7 (big blind) folded before Flop



PokerStars Hand #254428713409:  Hold'em No Limit ($0.50/$1.00 USD) - 2025/01/18 9:32:40 WET [2025/01/18 4:32:40 ET]
Table 'Rimito III' 6-max Seat #4 is the button
Seat 1: JoeBlack_MS ($101.50 in chips) 
Seat 3: blistein ($209.42 in chips) 
Seat 4: coeeeelho ($100 in chips) 
Seat 6: AlexEliseev7 ($194.22 in chips) 
AlexEliseev7: posts small blind $0.50
JoeBlack_MS: posts big blind $1
*** HOLE CARDS ***
blistein: folds 
blistein leaves the table
coeeeelho: raises $1.50 to $2.50
AlexEliseev7: folds 
JoeBlack_MS: raises $10.50 to $13
coeeeelho: folds 
Uncalled bet ($10.50) returned to JoeBlack_MS
coeeeelho leaves the table
JoeBlack_MS collected $5.50 from pot
JoeBlack_MS: doesn't show hand 
*** SUMMARY ***
Total pot $5.50 | Rake $0 
Seat 1: JoeBlack_MS (big blind) collected ($5.50)
Seat 3: blistein folded before Flop (didn't bet)
Seat 4: coeeeelho (button) folded before Flop
Seat 6: AlexEliseev7 (small blind) folded before Flop



