PokerStars Hand #254435267963:  Hold'em No Limit ($0.50/$1.00 USD) - 2025/01/18 18:56:10 WET [2025/01/18 13:56:10 ET]
Table 'Salome IV' 6-max Seat #3 is the button
Seat 1: EvilReality ($100 in chips) 
Seat 2: Christianzt1 ($100 in chips) 
Seat 3: YYfourU ($39.59 in chips) 
Seat 4: blistein ($100 in chips) 
Seat 5: sta$igk ($100 in chips) 
Seat 6: z00mba ($101.50 in chips) 
blistein: posts small blind $0.50
sta$igk: posts big blind $1
*** HOLE CARDS ***
z00mba: folds 
EvilReality: folds 
Christianzt1: raises $1.40 to $2.40
YYfourU: calls $2.40
blistein: folds 
sta$igk: raises $11.60 to $14
Christianzt1: folds 
YYfourU: raises $25.59 to $39.59 and is all-in
sta$igk: calls $25.59
*** FLOP *** [5h 9d 2d]
*** TURN *** [5h 9d 2d] [Qc]
*** RIVER *** [5h 9d 2d Qc] [4d]
*** SHOW DOWN ***
sta$igk: shows [Kh Qh] (a pair of Queens)
YYfourU: shows [Ac 9h] (a pair of Nines)
sta$igk collected $79.58 from pot
*** SUMMARY ***
Total pot $82.08 | Rake $2.50 
Board [5h 9d 2d Qc 4d]
Seat 1: EvilReality folded before Flop (didn't bet)
Seat 2: Christianzt1 folded before Flop
Seat 3: YYfourU (button) showed [Ac 9h] and lost with a pair of Nines
Seat 4: blistein (small blind) folded before Flop
Seat 5: sta$igk (big blind) showed [Kh Qh] and won ($79.58) with a pair of Queens
Seat 6: z00mba folded before Flop (didn't bet)



PokerStars Hand #254435275636:  Hold'em No Limit ($0.50/$1.00 USD) - 2025/01/18 18:56:50 WET [2025/01/18 13:56:50 ET]
Table 'Salome IV' 6-max Seat #4 is the button
Seat 3: YYfourU ($0 in chips) is sitting out
Seat 1: EvilReality ($100 in chips) 
Seat 2: Christianzt1 ($100 in chips) 
Seat 4: blistein ($100 in chips) 
Seat 5: sta$igk ($139.99 in chips) 
Seat 6: z00mba ($101.50 in chips) 
sta$igk: posts small blind $0.50
z00mba: posts big blind $1
*** HOLE CARDS ***
EvilReality: folds 
Christianzt1: folds 
blistein: folds 
sta$igk: folds 
Uncalled bet ($0.50) returned to z00mba
z00mba collected $1 from pot
z00mba: doesn't show hand 
*** SUMMARY ***
Total pot $1 | Rake $0 
Seat 3: YYfourU
Seat 1: EvilReality folded before Flop (didn't bet)
Seat 2: Christianzt1 folded before Flop (didn't bet)
Seat 4: blistein (button) folded before Flop (didn't bet)
Seat 5: sta$igk (small blind) folded before Flop
Seat 6: z00mba (big blind) collected ($1)



PokerStars Hand #254435276881:  Hold'em No Limit ($0.50/$1.00 USD) - 2025/01/18 18:56:57 WET [2025/01/18 13:56:57 ET]
Table 'Salome IV' 6-max Seat #5 is the button
Seat 1: EvilReality ($100 in chips) 
Seat 2: Christianzt1 ($100 in chips) 
Seat 3: YYfourU ($24.75 in chips) 
Seat 4: blistein ($100 in chips) 
Seat 5: sta$igk ($139.49 in chips) 
Seat 6: z00mba ($102 in chips) 
z00mba: posts small blind $0.50
EvilReality: posts big blind $1
*** HOLE CARDS ***
Christianzt1: folds 
YYfourU: folds 
blistein: raises $1.30 to $2.30
sta$igk: folds 
z00mba: folds 
EvilReality: raises $8.70 to $11
blistein: folds 
Uncalled bet ($8.70) returned to EvilReality
EvilReality collected $5.10 from pot
EvilReality: doesn't show hand 
*** SUMMARY ***
Total pot $5.10 | Rake $0 
Seat 1: EvilReality (big blind) collected ($5.10)
Seat 2: Christianzt1 folded before Flop (didn't bet)
Seat 3: YYfourU folded before Flop (didn't bet)
Seat 4: blistein folded before Flop
Seat 5: sta$igk (button) folded before Flop (didn't bet)
Seat 6: z00mba (small blind) folded before Flop



PokerStars Hand #254435280648:  Hold'em No Limit ($0.50/$1.00 USD) - 2025/01/18 18:57:16 WET [2025/01/18 13:57:16 ET]
Table 'Salome IV' 6-max Seat #6 is the button
Seat 1: EvilReality ($102.80 in chips) 
Seat 2: Christianzt1 ($100 in chips) 
Seat 3: YYfourU ($24.75 in chips) 
Seat 4: blistein ($100 in chips) 
Seat 5: sta$igk ($139.49 in chips) 
Seat 6: z00mba ($101.50 in chips) 
EvilReality: posts small blind $0.50
Christianzt1: posts big blind $1
*** HOLE CARDS ***
YYfourU: raises $2.50 to $3.50
blistein: folds 
sta$igk: folds 
z00mba: folds 
EvilReality: folds 
Christianzt1: folds 
Uncalled bet ($2.50) returned to YYfourU
YYfourU collected $2.50 from pot
*** SUMMARY ***
Total pot $2.50 | Rake $0 
Seat 1: EvilReality (small blind) folded before Flop
Seat 2: Christianzt1 (big blind) folded before Flop
Seat 3: YYfourU collected ($2.50)
Seat 4: blistein folded before Flop (didn't bet)
Seat 5: sta$igk folded before Flop (didn't bet)
Seat 6: z00mba (button) folded before Flop (didn't bet)



PokerStars Hand #254435283872:  Hold'em No Limit ($0.50/$1.00 USD) - 2025/01/18 18:57:33 WET [2025/01/18 13:57:33 ET]
Table 'Salome IV' 6-max Seat #1 is the button
Seat 1: EvilReality ($102.30 in chips) 
Seat 2: Christianzt1 ($100 in chips) 
Seat 3: YYfourU ($26.25 in chips) 
Seat 4: blistein ($100 in chips) 
Seat 5: sta$igk ($139.49 in chips) 
Seat 6: z00mba ($101.50 in chips) 
Christianzt1: posts small blind $0.50
YYfourU: posts big blind $1
*** HOLE CARDS ***
blistein: folds 
sta$igk: folds 
z00mba: folds 
EvilReality: folds 
Christianzt1: folds 
Uncalled bet ($0.50) returned to YYfourU
YYfourU collected $1 from pot
*** SUMMARY ***
Total pot $1 | Rake $0 
Seat 1: EvilReality (button) folded before Flop (didn't bet)
Seat 2: Christianzt1 (small blind) folded before Flop
Seat 3: YYfourU (big blind) collected ($1)
Seat 4: blistein folded before Flop (didn't bet)
Seat 5: sta$igk folded before Flop (didn't bet)
Seat 6: z00mba folded before Flop (didn't bet)



PokerStars Hand #254435285747:  Hold'em No Limit ($0.50/$1.00 USD) - 2025/01/18 18:57:43 WET [2025/01/18 13:57:43 ET]
Table 'Salome IV' 6-max Seat #2 is the button
Seat 1: EvilReality ($102.30 in chips) 
Seat 2: Christianzt1 ($100 in chips) 
Seat 3: YYfourU ($26.75 in chips) 
Seat 4: blistein ($100 in chips) 
Seat 5: sta$igk ($139.49 in chips) 
Seat 6: z00mba ($101.50 in chips) 
YYfourU: posts small blind $0.50
blistein: posts big blind $1
*** HOLE CARDS ***
sta$igk: folds 
z00mba: folds 
EvilReality: folds 
Christianzt1: folds 
YYfourU: raises $25.75 to $26.75 and is all-in
blistein: folds 
Uncalled bet ($25.75) returned to YYfourU
YYfourU collected $2 from pot
*** SUMMARY ***
Total pot $2 | Rake $0 
Seat 1: EvilReality folded before Flop (didn't bet)
Seat 2: Christianzt1 (button) folded before Flop (didn't bet)
Seat 3: YYfourU (small blind) collected ($2)
Seat 4: blistein (big blind) folded before Flop
Seat 5: sta$igk folded before Flop (didn't bet)
Seat 6: z00mba folded before Flop (didn't bet)



PokerStars Hand #254435288450:  Hold'em No Limit ($0.50/$1.00 USD) - 2025/01/18 18:57:57 WET [2025/01/18 13:57:57 ET]
Table 'Salome IV' 6-max Seat #3 is the button
Seat 1: EvilReality ($102.30 in chips) 
Seat 2: Christianzt1 ($100 in chips) 
Seat 3: YYfourU ($27.75 in chips) 
Seat 4: blistein ($100 in chips) 
Seat 5: sta$igk ($139.49 in chips) 
Seat 6: z00mba ($101.50 in chips) 
blistein: posts small blind $0.50
sta$igk: posts big blind $1
*** HOLE CARDS ***
z00mba: folds 
EvilReality: raises $1.50 to $2.50
Christianzt1: folds 
YYfourU: raises $6.50 to $9
blistein: folds 
sta$igk: folds 
EvilReality: raises $93.30 to $102.30 and is all-in
YYfourU: calls $18.75 and is all-in
Uncalled bet ($74.55) returned to EvilReality
*** FLOP *** [4h Ts Qs]
*** TURN *** [4h Ts Qs] [Kh]
*** RIVER *** [4h Ts Qs Kh] [Qc]
*** SHOW DOWN ***
EvilReality: shows [Js Ac] (a straight, Ten to Ace)
YYfourU: shows [7d Ah] (a pair of Queens)
EvilReality collected $54.50 from pot
*** SUMMARY ***
Total pot $57 | Rake $2.50 
Board [4h Ts Qs Kh Qc]
Seat 1: EvilReality showed [Js Ac] and won ($54.50) with a straight, Ten to Ace
Seat 2: Christianzt1 folded before Flop (didn't bet)
Seat 3: YYfourU (button) showed [7d Ah] and lost with a pair of Queens
Seat 4: blistein (small blind) folded before Flop
Seat 5: sta$igk (big blind) folded before Flop
Seat 6: z00mba folded before Flop (didn't bet)



PokerStars Hand #254435297630:  Hold'em No Limit ($0.50/$1.00 USD) - 2025/01/18 18:58:44 WET [2025/01/18 13:58:44 ET]
Table 'Salome IV' 6-max Seat #4 is the button
Seat 3: YYfourU ($0 in chips) is sitting out
Seat 1: EvilReality ($129.05 in chips) 
Seat 2: Christianzt1 ($100 in chips) 
Seat 4: blistein ($100 in chips) 
Seat 5: sta$igk ($138.49 in chips) 
Seat 6: z00mba ($101.50 in chips) 
sta$igk: posts small blind $0.50
z00mba: posts big blind $1
*** HOLE CARDS ***
EvilReality: folds 
Christianzt1: folds 
YYfourU leaves the table
blistein: folds 
sta$igk: raises $2 to $3
michasia joins the table at seat #3 
Christianzt1 leaves the table
z00mba: folds 
Uncalled bet ($2) returned to sta$igk
sta$igk collected $2 from pot
sta$igk: doesn't show hand 
*** SUMMARY ***
Total pot $2 | Rake $0 
Seat 3: YYfourU
Seat 1: EvilReality folded before Flop (didn't bet)
Seat 2: Christianzt1 folded before Flop (didn't bet)
Seat 4: blistein (button) folded before Flop (didn't bet)
Seat 5: sta$igk (small blind) collected ($2)
Seat 6: z00mba (big blind) folded before Flop



PokerStars Hand #254435299955:  Hold'em No Limit ($0.50/$1.00 USD) - 2025/01/18 18:58:55 WET [2025/01/18 13:58:55 ET]
Table 'Salome IV' 6-max Seat #5 is the button
Seat 1: EvilReality ($129.05 in chips) is sitting out
Seat 3: michasia ($100 in chips) 
Seat 4: blistein ($100 in chips) 
Seat 5: sta$igk ($139.49 in chips) 
Seat 6: z00mba ($100.50 in chips) 
z00mba: posts small blind $0.50
EvilReality: is sitting out 
michasia: posts big blind $1
*** HOLE CARDS ***
blistein: folds 
EvilReality leaves the table
sta$igk: folds 
z00mba: raises $2 to $3
michasia: calls $2
*** FLOP *** [Td Jc 6d]
blistein leaves the table
z00mba: checks 
michasia: bets $3.80
z00mba: folds 
Uncalled bet ($3.80) returned to michasia
michasia collected $5.70 from pot
michasia: doesn't show hand 
*** SUMMARY ***
Total pot $6 | Rake $0.30 
Board [Td Jc 6d]
Seat 1: EvilReality
Seat 3: michasia (big blind) collected ($5.70)
Seat 4: blistein folded before Flop (didn't bet)
Seat 5: sta$igk (button) folded before Flop (didn't bet)
Seat 6: z00mba (small blind) folded on the Flop



