PokerStars Hand #254436879364:  Hold'em No Limit ($0.50/$1.00 USD) - 2025/01/18 20:28:09 WET [2025/01/18 15:28:09 ET]
Table 'Menkalinan III' 6-max Seat #2 is the button
Seat 2: tintin641 ($100 in chips) 
Seat 6: gohome78 ($10 in chips) 
tintin641: posts small blind $0.50
gohome78: posts big blind $1
*** HOLE CARDS ***
tintin641: folds 
Uncalled bet ($0.50) returned to gohome78
nastja336 joins the table at seat #4 
gohome78 collected $1 from pot
stevoooo34 joins the table at seat #3 
blistein joins the table at seat #5 
stevoooo34 is disconnected 
*** SUMMARY ***
Total pot $1 | Rake $0 
Seat 2: tintin641 (button) (small blind) folded before Flop
Seat 6: gohome78 (big blind) collected ($1)



PokerStars Hand #254437029506:  Hold'em No Limit ($0.50/$1.00 USD) - 2025/01/18 20:36:16 WET [2025/01/18 15:36:16 ET]
Table 'Menkalinan III' 6-max Seat #2 is the button
Seat 5: Joe_Li7 ($100 in chips) is sitting out
Seat 6: z00mba ($100 in chips) is sitting out
Seat 1: derek5858 ($100 in chips) 
Seat 2: tintin641 ($153.84 in chips) 
Seat 3: stevoooo34 ($38.46 in chips) 
Seat 4: BGS013 ($100 in chips) 
stevoooo34: posts small blind $0.50
BGS013: posts big blind $1
Joe_Li7: sits out 
z00mba: sits out 
*** HOLE CARDS ***
derek5858: folds 
tintin641: raises $1.50 to $2.50
stevoooo34: folds 
BGS013: folds 
Uncalled bet ($1.50) returned to tintin641
tintin641 collected $2.50 from pot
tintin641: doesn't show hand 
*** SUMMARY ***
Total pot $2.50 | Rake $0 
Seat 5: Joe_Li7
Seat 6: z00mba
Seat 1: derek5858 folded before Flop (didn't bet)
Seat 2: tintin641 (button) collected ($2.50)
Seat 3: stevoooo34 (small blind) folded before Flop
Seat 4: BGS013 (big blind) folded before Flop



PokerStars Hand #254437034121:  Hold'em No Limit ($0.50/$1.00 USD) - 2025/01/18 20:36:31 WET [2025/01/18 15:36:31 ET]
Table 'Menkalinan III' 6-max Seat #3 is the button
Seat 6: z00mba ($100 in chips) is sitting out
Seat 1: derek5858 ($100 in chips) 
Seat 2: tintin641 ($155.34 in chips) 
Seat 3: stevoooo34 ($37.96 in chips) 
Seat 4: BGS013 ($100 in chips) 
Seat 5: Joe_Li7 ($100 in chips) 
BGS013: posts small blind $0.50
Joe_Li7: posts big blind $1
z00mba: sits out 
*** HOLE CARDS ***
derek5858: folds 
tintin641: folds 
stevoooo34: calls $1
BGS013: folds 
Joe_Li7: checks 
*** FLOP *** [3d 7c Qc]
Joe_Li7: checks 
stevoooo34: bets $2
Joe_Li7: folds 
Uncalled bet ($2) returned to stevoooo34
stevoooo34 collected $2.38 from pot
*** SUMMARY ***
Total pot $2.50 | Rake $0.12 
Board [3d 7c Qc]
Seat 6: z00mba
Seat 1: derek5858 folded before Flop (didn't bet)
Seat 2: tintin641 folded before Flop (didn't bet)
Seat 3: stevoooo34 (button) collected ($2.38)
Seat 4: BGS013 (small blind) folded before Flop
Seat 5: Joe_Li7 (big blind) folded on the Flop



PokerStars Hand #254437045985:  Hold'em No Limit ($0.50/$1.00 USD) - 2025/01/18 20:37:10 WET [2025/01/18 15:37:10 ET]
Table 'Menkalinan III' 6-max Seat #4 is the button
Seat 1: derek5858 ($100 in chips) 
Seat 2: tintin641 ($155.34 in chips) 
Seat 3: stevoooo34 ($39.34 in chips) 
Seat 4: BGS013 ($100 in chips) 
Seat 5: Joe_Li7 ($100 in chips) 
Seat 6: z00mba ($100 in chips) 
Joe_Li7: posts small blind $0.50
z00mba: posts big blind $1
*** HOLE CARDS ***
derek5858: folds 
tintin641: folds 
stevoooo34: folds 
BGS013: folds 
Joe_Li7: raises $2 to $3
z00mba: folds 
Uncalled bet ($2) returned to Joe_Li7
Joe_Li7 collected $2 from pot
*** SUMMARY ***
Total pot $2 | Rake $0 
Seat 1: derek5858 folded before Flop (didn't bet)
Seat 2: tintin641 folded before Flop (didn't bet)
Seat 3: stevoooo34 folded before Flop (didn't bet)
Seat 4: BGS013 (button) folded before Flop (didn't bet)
Seat 5: Joe_Li7 (small blind) collected ($2)
Seat 6: z00mba (big blind) folded before Flop



PokerStars Hand #254437052527:  Hold'em No Limit ($0.50/$1.00 USD) - 2025/01/18 20:37:31 WET [2025/01/18 15:37:31 ET]
Table 'Menkalinan III' 6-max Seat #5 is the button
Seat 1: derek5858 ($100 in chips) 
Seat 2: tintin641 ($155.34 in chips) 
Seat 3: stevoooo34 ($39.34 in chips) 
Seat 4: BGS013 ($100 in chips) 
Seat 5: Joe_Li7 ($101 in chips) 
Seat 6: z00mba ($100 in chips) 
z00mba: posts small blind $0.50
derek5858: posts big blind $1
*** HOLE CARDS ***
tintin641: folds 
stevoooo34: calls $1
BGS013: raises $2.50 to $3.50
Joe_Li7: folds 
z00mba: folds 
derek5858: folds 
tintin641 leaves the table
stevoooo34: calls $2.50
*** FLOP *** [5h 5c Ts]
stevoooo34: checks 
BGS013: bets $2.10
stevoooo34: folds 
Uncalled bet ($2.10) returned to BGS013
BGS013 collected $8.08 from pot
BGS013: doesn't show hand 
*** SUMMARY ***
Total pot $8.50 | Rake $0.42 
Board [5h 5c Ts]
Seat 1: derek5858 (big blind) folded before Flop
Seat 2: tintin641 folded before Flop (didn't bet)
Seat 3: stevoooo34 folded on the Flop
Seat 4: BGS013 collected ($8.08)
Seat 5: Joe_Li7 (button) folded before Flop (didn't bet)
Seat 6: z00mba (small blind) folded before Flop



PokerStars Hand #254437067410:  Hold'em No Limit ($0.50/$1.00 USD) - 2025/01/18 20:38:19 WET [2025/01/18 15:38:19 ET]
Table 'Menkalinan III' 6-max Seat #6 is the button
Seat 1: derek5858 ($100 in chips) 
Seat 3: stevoooo34 ($35.84 in chips) 
Seat 4: BGS013 ($104.58 in chips) 
Seat 5: Joe_Li7 ($101 in chips) 
Seat 6: z00mba ($100 in chips) 
derek5858: posts small blind $0.50
stevoooo34: posts big blind $1
*** HOLE CARDS ***
BGS013: folds 
Joe_Li7: folds 
lommer93 joins the table at seat #2 
z00mba: folds 
derek5858: folds 
Uncalled bet ($0.50) returned to stevoooo34
stevoooo34 collected $1 from pot
*** SUMMARY ***
Total pot $1 | Rake $0 
Seat 1: derek5858 (small blind) folded before Flop
Seat 3: stevoooo34 (big blind) collected ($1)
Seat 4: BGS013 folded before Flop (didn't bet)
Seat 5: Joe_Li7 folded before Flop (didn't bet)
Seat 6: z00mba (button) folded before Flop (didn't bet)



PokerStars Hand #254437070922:  Hold'em No Limit ($0.50/$1.00 USD) - 2025/01/18 20:38:31 WET [2025/01/18 15:38:31 ET]
Table 'Menkalinan III' 6-max Seat #1 is the button
Seat 2: lommer93 ($20 in chips) is sitting out
Seat 1: derek5858 ($100 in chips) 
Seat 3: stevoooo34 ($36.34 in chips) 
Seat 4: BGS013 ($104.58 in chips) 
Seat 5: Joe_Li7 ($101 in chips) 
Seat 6: z00mba ($100 in chips) 
stevoooo34: posts small blind $0.50
BGS013: posts big blind $1
*** HOLE CARDS ***
Joe_Li7: raises $1.20 to $2.20
z00mba: folds 
derek5858: folds 
stevoooo34: calls $1.70
BGS013: folds 
*** FLOP *** [7d 3h Th]
stevoooo34: checks 
Joe_Li7: bets $3.44
stevoooo34: folds 
Uncalled bet ($3.44) returned to Joe_Li7
Joe_Li7 collected $5.13 from pot
*** SUMMARY ***
Total pot $5.40 | Rake $0.27 
Board [7d 3h Th]
Seat 2: lommer93
Seat 1: derek5858 (button) folded before Flop (didn't bet)
Seat 3: stevoooo34 (small blind) folded on the Flop
Seat 4: BGS013 (big blind) folded before Flop
Seat 5: Joe_Li7 collected ($5.13)
Seat 6: z00mba folded before Flop (didn't bet)



PokerStars Hand #254437080666:  Hold'em No Limit ($0.50/$1.00 USD) - 2025/01/18 20:39:02 WET [2025/01/18 15:39:02 ET]
Table 'Menkalinan III' 6-max Seat #3 is the button
Seat 2: lommer93 ($20 in chips) is sitting out
Seat 1: derek5858 ($100 in chips) 
Seat 3: stevoooo34 ($34.14 in chips) 
Seat 4: BGS013 ($103.58 in chips) 
Seat 5: Joe_Li7 ($103.93 in chips) 
Seat 6: z00mba ($100 in chips) 
BGS013: posts small blind $0.50
Joe_Li7: posts big blind $1
lommer93: sits out 
*** HOLE CARDS ***
z00mba: folds 
derek5858: folds 
stevoooo34: folds 
BGS013: folds 
Uncalled bet ($0.50) returned to Joe_Li7
stevoooo34 leaves the table
Joe_Li7 collected $1 from pot
*** SUMMARY ***
Total pot $1 | Rake $0 
Seat 2: lommer93
Seat 1: derek5858 folded before Flop (didn't bet)
Seat 3: stevoooo34 (button) folded before Flop (didn't bet)
Seat 4: BGS013 (small blind) folded before Flop
Seat 5: Joe_Li7 (big blind) collected ($1)
Seat 6: z00mba folded before Flop (didn't bet)



PokerStars Hand #254437083610:  Hold'em No Limit ($0.50/$1.00 USD) - 2025/01/18 20:39:12 WET [2025/01/18 15:39:12 ET]
Table 'Menkalinan III' 6-max Seat #4 is the button
Seat 2: lommer93 ($20 in chips) is sitting out
Seat 1: derek5858 ($100 in chips) 
Seat 4: BGS013 ($103.08 in chips) 
Seat 5: Joe_Li7 ($104.43 in chips) 
Seat 6: z00mba ($100 in chips) 
Joe_Li7: posts small blind $0.50
z00mba: posts big blind $1
lommer93: sits out 
*** HOLE CARDS ***
derek5858: raises $1 to $2
BGS013: folds 
Joe_Li7: folds 
z00mba: folds 
Uncalled bet ($1) returned to derek5858
derek5858 collected $2.50 from pot
*** SUMMARY ***
Total pot $2.50 | Rake $0 
Seat 2: lommer93
Seat 1: derek5858 collected ($2.50)
Seat 4: BGS013 (button) folded before Flop (didn't bet)
Seat 5: Joe_Li7 (small blind) folded before Flop
Seat 6: z00mba (big blind) folded before Flop



PokerStars Hand #254437087573:  Hold'em No Limit ($0.50/$1.00 USD) - 2025/01/18 20:39:25 WET [2025/01/18 15:39:25 ET]
Table 'Menkalinan III' 6-max Seat #5 is the button
Seat 2: lommer93 ($20 in chips) is sitting out
Seat 1: derek5858 ($101.50 in chips) 
Seat 4: BGS013 ($103.08 in chips) 
Seat 5: Joe_Li7 ($103.93 in chips) 
Seat 6: z00mba ($100 in chips) 
z00mba: posts small blind $0.50
derek5858: posts big blind $1
lommer93: sits out 
*** HOLE CARDS ***
michasia joins the table at seat #3 
BGS013: folds 
Joe_Li7: folds 
z00mba: raises $2 to $3
derek5858: raises $7 to $10
z00mba: calls $7
*** FLOP *** [Ac 8c 4h]
z00mba: checks 
derek5858: bets $13.30
z00mba: folds 
Uncalled bet ($13.30) returned to derek5858
derek5858 collected $19 from pot
*** SUMMARY ***
Total pot $20 | Rake $1 
Board [Ac 8c 4h]
Seat 2: lommer93
Seat 1: derek5858 (big blind) collected ($19)
Seat 4: BGS013 folded before Flop (didn't bet)
Seat 5: Joe_Li7 (button) folded before Flop (didn't bet)
Seat 6: z00mba (small blind) folded on the Flop



PokerStars Hand #254437102381:  Hold'em No Limit ($0.50/$1.00 USD) - 2025/01/18 20:40:13 WET [2025/01/18 15:40:13 ET]
Table 'Menkalinan III' 6-max Seat #6 is the button
Seat 3: michasia ($100 in chips) is sitting out
Seat 1: derek5858 ($110.50 in chips) 
Seat 2: lommer93 ($20 in chips) 
Seat 4: BGS013 ($103.08 in chips) 
Seat 5: Joe_Li7 ($103.93 in chips) 
Seat 6: z00mba ($100 in chips) 
derek5858: posts small blind $0.50
lommer93: posts big blind $1
michasia: sits out 
*** HOLE CARDS ***
BGS013: folds 
Joe_Li7: folds 
z00mba: raises $1.50 to $2.50
derek5858: folds 
lommer93: folds 
Uncalled bet ($1.50) returned to z00mba
z00mba collected $2.50 from pot
z00mba: doesn't show hand 
*** SUMMARY ***
Total pot $2.50 | Rake $0 
Seat 3: michasia
Seat 1: derek5858 (small blind) folded before Flop
Seat 2: lommer93 (big blind) folded before Flop
Seat 4: BGS013 folded before Flop (didn't bet)
Seat 5: Joe_Li7 folded before Flop (didn't bet)
Seat 6: z00mba (button) collected ($2.50)



PokerStars Hand #254437108234:  Hold'em No Limit ($0.50/$1.00 USD) - 2025/01/18 20:40:32 WET [2025/01/18 15:40:32 ET]
Table 'Menkalinan III' 6-max Seat #1 is the button
Seat 1: derek5858 ($110 in chips) 
Seat 2: lommer93 ($19 in chips) 
Seat 3: michasia ($100 in chips) 
Seat 4: BGS013 ($103.08 in chips) 
Seat 5: Joe_Li7 ($103.93 in chips) 
Seat 6: z00mba ($101.50 in chips) 
lommer93: posts small blind $0.50
michasia: posts big blind $1
*** HOLE CARDS ***
BGS013: folds 
Joe_Li7: folds 
z00mba: folds 
derek5858: raises $1.50 to $2.50
lommer93: folds 
michasia: calls $1.50
*** FLOP *** [Jc Qc Qs]
michasia: checks 
derek5858: bets $1.57
michasia: folds 
Uncalled bet ($1.57) returned to derek5858
derek5858 collected $5.22 from pot
*** SUMMARY ***
Total pot $5.50 | Rake $0.28 
Board [Jc Qc Qs]
Seat 1: derek5858 (button) collected ($5.22)
Seat 2: lommer93 (small blind) folded before Flop
Seat 3: michasia (big blind) folded on the Flop
Seat 4: BGS013 folded before Flop (didn't bet)
Seat 5: Joe_Li7 folded before Flop (didn't bet)
Seat 6: z00mba folded before Flop (didn't bet)



PokerStars Hand #254437118867:  Hold'em No Limit ($0.50/$1.00 USD) - 2025/01/18 20:41:07 WET [2025/01/18 15:41:07 ET]
Table 'Menkalinan III' 6-max Seat #2 is the button
Seat 1: derek5858 ($112.72 in chips) 
Seat 2: lommer93 ($18.50 in chips) 
Seat 3: michasia ($100 in chips) 
Seat 4: BGS013 ($103.08 in chips) 
Seat 5: Joe_Li7 ($103.93 in chips) 
Seat 6: z00mba ($101.50 in chips) 
michasia: posts small blind $0.50
BGS013: posts big blind $1
*** HOLE CARDS ***
Joe_Li7: folds 
z00mba: raises $1.50 to $2.50
Joe_Li7 leaves the table
derek5858: folds 
lommer93: folds 
michasia: folds 
BGS013: folds 
Uncalled bet ($1.50) returned to z00mba
z00mba collected $2.50 from pot
z00mba: doesn't show hand 
*** SUMMARY ***
Total pot $2.50 | Rake $0 
Seat 1: derek5858 folded before Flop (didn't bet)
Seat 2: lommer93 (button) folded before Flop (didn't bet)
Seat 3: michasia (small blind) folded before Flop
Seat 4: BGS013 (big blind) folded before Flop
Seat 5: Joe_Li7 folded before Flop (didn't bet)
Seat 6: z00mba collected ($2.50)



PokerStars Hand #254437128876:  Hold'em No Limit ($0.50/$1.00 USD) - 2025/01/18 20:41:39 WET [2025/01/18 15:41:39 ET]
Table 'Menkalinan III' 6-max Seat #3 is the button
Seat 6: z00mba ($103 in chips) is sitting out
Seat 1: derek5858 ($112.72 in chips) 
Seat 2: lommer93 ($18.50 in chips) 
Seat 3: michasia ($100 in chips) 
Seat 4: BGS013 ($102.08 in chips) 
BGS013: posts small blind $0.50
z00mba: is sitting out 
derek5858: posts big blind $1
*** HOLE CARDS ***
lommer93: raises $1 to $2
michasia: folds 
Xenicide joins the table at seat #5 
BGS013: raises $9 to $11
derek5858: folds 
lommer93: calls $9
*** FLOP *** [Qd Jd 5d]
BGS013: bets $27.94
lommer93: folds 
Uncalled bet ($27.94) returned to BGS013
BGS013 collected $22 from pot
BGS013: doesn't show hand 
*** SUMMARY ***
Total pot $23 | Rake $1 
Board [Qd Jd 5d]
Seat 6: z00mba
Seat 1: derek5858 (big blind) folded before Flop
Seat 2: lommer93 folded on the Flop
Seat 3: michasia (button) folded before Flop (didn't bet)
Seat 4: BGS013 (small blind) collected ($22)



PokerStars Hand #254437137513:  Hold'em No Limit ($0.50/$1.00 USD) - 2025/01/18 20:42:07 WET [2025/01/18 15:42:07 ET]
Table 'Menkalinan III' 6-max Seat #4 is the button
Seat 5: Xenicide ($100 in chips) is sitting out
Seat 6: z00mba ($103 in chips) is sitting out
Seat 1: derek5858 ($111.72 in chips) 
Seat 2: lommer93 ($7.50 in chips) 
Seat 3: michasia ($100 in chips) 
Seat 4: BGS013 ($113.08 in chips) 
derek5858: posts small blind $0.50
lommer93: posts big blind $1
*** HOLE CARDS ***
michasia: folds 
BGS013: folds 
derek5858: folds 
Uncalled bet ($0.50) returned to lommer93
lommer93 collected $1 from pot
lommer93: doesn't show hand 
*** SUMMARY ***
Total pot $1 | Rake $0 
Seat 5: Xenicide
Seat 6: z00mba
Seat 1: derek5858 (small blind) folded before Flop
Seat 2: lommer93 (big blind) collected ($1)
Seat 3: michasia folded before Flop (didn't bet)
Seat 4: BGS013 (button) folded before Flop (didn't bet)



PokerStars Hand #254437140453:  Hold'em No Limit ($0.50/$1.00 USD) - 2025/01/18 20:42:17 WET [2025/01/18 15:42:17 ET]
Table 'Menkalinan III' 6-max Seat #1 is the button
Seat 5: Xenicide ($100 in chips) is sitting out
Seat 6: z00mba ($103 in chips) is sitting out
Seat 1: derek5858 ($111.22 in chips) 
Seat 2: lommer93 ($8 in chips) 
Seat 3: michasia ($100 in chips) 
Seat 4: BGS013 ($113.08 in chips) 
lommer93: posts small blind $0.50
michasia: posts big blind $1
Xenicide: sits out 
*** HOLE CARDS ***
BGS013: folds 
derek5858: folds 
lommer93: folds 
Uncalled bet ($0.50) returned to michasia
michasia collected $1 from pot
michasia: doesn't show hand 
*** SUMMARY ***
Total pot $1 | Rake $0 
Seat 5: Xenicide
Seat 6: z00mba
Seat 1: derek5858 (button) folded before Flop (didn't bet)
Seat 2: lommer93 (small blind) folded before Flop
Seat 3: michasia (big blind) collected ($1)
Seat 4: BGS013 folded before Flop (didn't bet)



PokerStars Hand #254437146795:  Hold'em No Limit ($0.50/$1.00 USD) - 2025/01/18 20:42:37 WET [2025/01/18 15:42:37 ET]
Table 'Menkalinan III' 6-max Seat #2 is the button
Seat 5: Xenicide ($100 in chips) is sitting out
Seat 6: z00mba ($103 in chips) is sitting out
Seat 1: derek5858 ($111.22 in chips) 
Seat 2: lommer93 ($7.50 in chips) 
Seat 3: michasia ($100.50 in chips) 
Seat 4: BGS013 ($113.08 in chips) 
michasia: posts small blind $0.50
BGS013: posts big blind $1
Xenicide: sits out 
*** HOLE CARDS ***
derek5858: folds 
lommer93: raises $1 to $2
michasia: folds 
BGS013: folds 
Uncalled bet ($1) returned to lommer93
lommer93 collected $2.50 from pot
lommer93: doesn't show hand 
*** SUMMARY ***
Total pot $2.50 | Rake $0 
Seat 5: Xenicide
Seat 6: z00mba
Seat 1: derek5858 folded before Flop (didn't bet)
Seat 2: lommer93 (button) collected ($2.50)
Seat 3: michasia (small blind) folded before Flop
Seat 4: BGS013 (big blind) folded before Flop



PokerStars Hand #254437151052:  Hold'em No Limit ($0.50/$1.00 USD) - 2025/01/18 20:42:51 WET [2025/01/18 15:42:51 ET]
Table 'Menkalinan III' 6-max Seat #3 is the button
Seat 6: z00mba ($103 in chips) is sitting out
Seat 1: derek5858 ($111.22 in chips) 
Seat 2: lommer93 ($9 in chips) 
Seat 3: michasia ($100 in chips) 
Seat 4: BGS013 ($112.08 in chips) 
Seat 5: Xenicide ($100 in chips) 
BGS013: posts small blind $0.50
Xenicide: posts big blind $1
*** HOLE CARDS ***
derek5858: folds 
lommer93: folds 
michasia: folds 
BGS013: raises $2 to $3
Xenicide: folds 
Uncalled bet ($2) returned to BGS013
BGS013 collected $2 from pot
BGS013: doesn't show hand 
*** SUMMARY ***
Total pot $2 | Rake $0 
Seat 6: z00mba
Seat 1: derek5858 folded before Flop (didn't bet)
Seat 2: lommer93 folded before Flop (didn't bet)
Seat 3: michasia (button) folded before Flop (didn't bet)
Seat 4: BGS013 (small blind) collected ($2)
Seat 5: Xenicide (big blind) folded before Flop



PokerStars Hand #254437155452:  Hold'em No Limit ($0.50/$1.00 USD) - 2025/01/18 20:43:05 WET [2025/01/18 15:43:05 ET]
Table 'Menkalinan III' 6-max Seat #4 is the button
Seat 6: z00mba ($103 in chips) is sitting out
Seat 1: derek5858 ($111.22 in chips) 
Seat 2: lommer93 ($9 in chips) 
Seat 3: michasia ($100 in chips) 
Seat 4: BGS013 ($113.08 in chips) 
Seat 5: Xenicide ($100 in chips) 
Xenicide: posts small blind $0.50
derek5858: posts big blind $1
*** HOLE CARDS ***
lommer93: folds 
michasia: folds 
BGS013: raises $1.50 to $2.50
Xenicide: folds 
derek5858: raises $10.50 to $13
BGS013: folds 
Uncalled bet ($10.50) returned to derek5858
derek5858 collected $5.50 from pot
*** SUMMARY ***
Total pot $5.50 | Rake $0 
Seat 6: z00mba
Seat 1: derek5858 (big blind) collected ($5.50)
Seat 2: lommer93 folded before Flop (didn't bet)
Seat 3: michasia folded before Flop (didn't bet)
Seat 4: BGS013 (button) folded before Flop
Seat 5: Xenicide (small blind) folded before Flop



PokerStars Hand #254437167456:  Hold'em No Limit ($0.50/$1.00 USD) - 2025/01/18 20:43:45 WET [2025/01/18 15:43:45 ET]
Table 'Menkalinan III' 6-max Seat #5 is the button
Seat 6: z00mba ($103 in chips) is sitting out
Seat 1: derek5858 ($114.22 in chips) 
Seat 2: lommer93 ($9 in chips) 
Seat 3: michasia ($100 in chips) 
Seat 4: BGS013 ($110.58 in chips) 
Seat 5: Xenicide ($100 in chips) 
derek5858: posts small blind $0.50
lommer93: posts big blind $1
*** HOLE CARDS ***
michasia: folds 
BGS013: raises $1.50 to $2.50
Xenicide: raises $4.50 to $7
derek5858: folds 
lommer93: raises $2 to $9 and is all-in
BGS013: folds 
Xenicide: calls $2
derek5858 leaves the table
*** FLOP *** [5h 7d 8h]
*** TURN *** [5h 7d 8h] [Ac]
*** RIVER *** [5h 7d 8h Ac] [Tc]
*** SHOW DOWN ***
lommer93: shows [Qs Qc] (a pair of Queens)
Xenicide: shows [Jh Ks] (high card Ace)
lommer93 collected $19.95 from pot
*** SUMMARY ***
Total pot $21 | Rake $1.05 
Board [5h 7d 8h Ac Tc]
Seat 6: z00mba
Seat 1: derek5858 (small blind) folded before Flop
Seat 2: lommer93 (big blind) showed [Qs Qc] and won ($19.95) with a pair of Queens
Seat 3: michasia folded before Flop (didn't bet)
Seat 4: BGS013 folded before Flop
Seat 5: Xenicide (button) showed [Jh Ks] and lost with high card Ace



PokerStars Hand #254437183253:  Hold'em No Limit ($0.50/$1.00 USD) - 2025/01/18 20:44:37 WET [2025/01/18 15:44:37 ET]
Table 'Menkalinan III' 6-max Seat #2 is the button
Seat 6: z00mba ($103 in chips) is sitting out
Seat 2: lommer93 ($19.95 in chips) 
Seat 3: michasia ($100 in chips) 
Seat 4: BGS013 ($108.08 in chips) 
Seat 5: Xenicide ($100 in chips) 
michasia: posts small blind $0.50
BGS013: posts big blind $1
*** HOLE CARDS ***
z00mba leaves the table
Xenicide: folds 
lommer93 has timed out
lommer93: folds 
michasia: raises $2 to $3
BGS013: folds 
Uncalled bet ($2) returned to michasia
michasia collected $2 from pot
michasia: doesn't show hand 
*** SUMMARY ***
Total pot $2 | Rake $0 
Seat 6: z00mba
Seat 2: lommer93 (button) folded before Flop (didn't bet)
Seat 3: michasia (small blind) collected ($2)
Seat 4: BGS013 (big blind) folded before Flop
Seat 5: Xenicide folded before Flop (didn't bet)



PokerStars Hand #254437189666:  Hold'em No Limit ($0.50/$1.00 USD) - 2025/01/18 20:44:58 WET [2025/01/18 15:44:58 ET]
Table 'Menkalinan III' 6-max Seat #3 is the button
Seat 2: lommer93 ($19.95 in chips) 
Seat 3: michasia ($101 in chips) 
Seat 4: BGS013 ($107.08 in chips) 
Seat 5: Xenicide ($100 in chips) 
BGS013: posts small blind $0.50
Xenicide: posts big blind $1
*** HOLE CARDS ***
lommer93 has timed out
lommer93: folds 
michasia: folds 
BGS013: raises $2 to $3
Xenicide: raises $6 to $9
BGS013: calls $6
*** FLOP *** [3d Ts Tc]
BGS013: checks 
eric2023happy joins the table at seat #1 
JonnyAces7 joins the table at seat #6 
JonnyAces7 is disconnected 
Xenicide: bets $5.30
BGS013: calls $5.30
*** TURN *** [3d Ts Tc] [9c]
BGS013: checks 
Xenicide: checks 
*** RIVER *** [3d Ts Tc 9c] [8h]
BGS013: checks 
Xenicide: checks 
*** SHOW DOWN ***
BGS013: shows [Qd Jd] (a straight, Eight to Queen)
Xenicide: mucks hand 
BGS013 collected $27.60 from pot
*** SUMMARY ***
Total pot $28.60 | Rake $1 
Board [3d Ts Tc 9c 8h]
Seat 2: lommer93 folded before Flop (didn't bet)
Seat 3: michasia (button) folded before Flop (didn't bet)
Seat 4: BGS013 (small blind) showed [Qd Jd] and won ($27.60) with a straight, Eight to Queen
Seat 5: Xenicide (big blind) mucked



PokerStars Hand #254437215128:  Hold'em No Limit ($0.50/$1.00 USD) - 2025/01/18 20:46:22 WET [2025/01/18 15:46:22 ET]
Table 'Menkalinan III' 6-max Seat #4 is the button
Seat 1: eric2023happy ($38.45 in chips) 
Seat 2: lommer93 ($19.95 in chips) 
Seat 3: michasia ($101 in chips) 
Seat 4: BGS013 ($120.38 in chips) 
Seat 5: Xenicide ($100 in chips) 
Seat 6: JonnyAces7 ($10 in chips) 
Xenicide: posts small blind $0.50
JonnyAces7: posts big blind $1
eric2023happy: posts big blind $1
*** HOLE CARDS ***
eric2023happy: raises $2.50 to $3.50
lommer93 has timed out
lommer93: folds 
michasia: folds 
BGS013: folds 
Xenicide: folds 
JonnyAces7: calls $2.50
*** FLOP *** [2h 5h Ah]
JonnyAces7: checks 
eric2023happy: bets $7.12
JonnyAces7: folds 
Uncalled bet ($7.12) returned to eric2023happy
eric2023happy collected $7.12 from pot
eric2023happy: doesn't show hand 
*** SUMMARY ***
Total pot $7.50 | Rake $0.38 
Board [2h 5h Ah]
Seat 1: eric2023happy collected ($7.12)
Seat 2: lommer93 folded before Flop (didn't bet)
Seat 3: michasia folded before Flop (didn't bet)
Seat 4: BGS013 (button) folded before Flop (didn't bet)
Seat 5: Xenicide (small blind) folded before Flop
Seat 6: JonnyAces7 (big blind) folded on the Flop



PokerStars Hand #254437229781:  Hold'em No Limit ($0.50/$1.00 USD) - 2025/01/18 20:47:10 WET [2025/01/18 15:47:10 ET]
Table 'Menkalinan III' 6-max Seat #5 is the button
Seat 1: eric2023happy ($42.07 in chips) 
Seat 2: lommer93 ($19.95 in chips) 
Seat 3: michasia ($101 in chips) 
Seat 4: BGS013 ($120.38 in chips) 
Seat 5: Xenicide ($100 in chips) 
Seat 6: JonnyAces7 ($6.50 in chips) 
JonnyAces7: posts small blind $0.50
eric2023happy: posts big blind $1
*** HOLE CARDS ***
lommer93: folds 
michasia: raises $1.60 to $2.60
BGS013: calls $2.60
Xenicide: folds 
JonnyAces7: folds 
eric2023happy: folds 
*** FLOP *** [2h Ad 8d]
michasia: checks 
BGS013: checks 
*** TURN *** [2h Ad 8d] [2d]
michasia: checks 
BGS013: checks 
*** RIVER *** [2h Ad 8d 2d] [5d]
michasia: checks 
BGS013: checks 
*** SHOW DOWN ***
michasia: shows [Ks Js] (a pair of Deuces)
BGS013: mucks hand 
michasia collected $6.36 from pot
*** SUMMARY ***
Total pot $6.70 | Rake $0.34 
Board [2h Ad 8d 2d 5d]
Seat 1: eric2023happy (big blind) folded before Flop
Seat 2: lommer93 folded before Flop (didn't bet)
Seat 3: michasia showed [Ks Js] and won ($6.36) with a pair of Deuces
Seat 4: BGS013 mucked
Seat 5: Xenicide (button) folded before Flop (didn't bet)
Seat 6: JonnyAces7 (small blind) folded before Flop



PokerStars Hand #254437249518:  Hold'em No Limit ($0.50/$1.00 USD) - 2025/01/18 20:48:15 WET [2025/01/18 15:48:15 ET]
Table 'Menkalinan III' 6-max Seat #6 is the button
Seat 1: eric2023happy ($41.07 in chips) 
Seat 2: lommer93 ($19.95 in chips) 
Seat 3: michasia ($104.76 in chips) 
Seat 4: BGS013 ($117.78 in chips) 
Seat 5: Xenicide ($100 in chips) 
Seat 6: JonnyAces7 ($6 in chips) 
eric2023happy: posts small blind $0.50
lommer93: posts big blind $1
*** HOLE CARDS ***
michasia: folds 
BGS013: raises $1 to $2
Xenicide: folds 
michasia leaves the table
JonnyAces7: calls $2
eric2023happy: calls $1.50
lommer93: calls $1
*** FLOP *** [7d 6c 7c]
eric2023happy: checks 
sta$igk joins the table at seat #3 
lommer93: bets $3.80
BGS013: folds 
JonnyAces7: raises $0.20 to $4 and is all-in
eric2023happy: calls $4
lommer93: calls $0.20
*** TURN *** [7d 6c 7c] [Ks]
eric2023happy: checks 
lommer93: bets $9.50
eric2023happy: folds 
Uncalled bet ($9.50) returned to lommer93
*** RIVER *** [7d 6c 7c Ks] [2s]
*** SHOW DOWN ***
lommer93: shows [9d Kh] (two pair, Kings and Sevens)
JonnyAces7: shows [8s 7s] (three of a kind, Sevens)
JonnyAces7 collected $19 from pot
*** SUMMARY ***
Total pot $20 | Rake $1 
Board [7d 6c 7c Ks 2s]
Seat 1: eric2023happy (small blind) folded on the Turn
Seat 2: lommer93 (big blind) showed [9d Kh] and lost with two pair, Kings and Sevens
Seat 3: michasia folded before Flop (didn't bet)
Seat 4: BGS013 folded on the Flop
Seat 5: Xenicide folded before Flop (didn't bet)
Seat 6: JonnyAces7 (button) showed [8s 7s] and won ($19) with three of a kind, Sevens



PokerStars Hand #254437268088:  Hold'em No Limit ($0.50/$1.00 USD) - 2025/01/18 20:49:15 WET [2025/01/18 15:49:15 ET]
Table 'Menkalinan III' 6-max Seat #1 is the button
Seat 1: eric2023happy ($35.07 in chips) 
Seat 2: lommer93 ($13.95 in chips) 
Seat 3: sta$igk ($100 in chips) 
Seat 4: BGS013 ($115.78 in chips) 
Seat 5: Xenicide ($100 in chips) 
Seat 6: JonnyAces7 ($19 in chips) 
lommer93: posts small blind $0.50
sta$igk: posts big blind $1
*** HOLE CARDS ***
BGS013: raises $1 to $2
Xenicide: folds 
JonnyAces7: folds 
eric2023happy: raises $5.50 to $7.50
lommer93: folds 
sta$igk: folds 
BGS013: folds 
Uncalled bet ($5.50) returned to eric2023happy
eric2023happy collected $5.50 from pot
eric2023happy: doesn't show hand 
*** SUMMARY ***
Total pot $5.50 | Rake $0 
Seat 1: eric2023happy (button) collected ($5.50)
Seat 2: lommer93 (small blind) folded before Flop
Seat 3: sta$igk (big blind) folded before Flop
Seat 4: BGS013 folded before Flop
Seat 5: Xenicide folded before Flop (didn't bet)
Seat 6: JonnyAces7 folded before Flop (didn't bet)



PokerStars Hand #254437276795:  Hold'em No Limit ($0.50/$1.00 USD) - 2025/01/18 20:49:44 WET [2025/01/18 15:49:44 ET]
Table 'Menkalinan III' 6-max Seat #2 is the button
Seat 1: eric2023happy ($38.57 in chips) 
Seat 2: lommer93 ($13.45 in chips) 
Seat 3: sta$igk ($100 in chips) 
Seat 4: BGS013 ($113.78 in chips) 
Seat 5: Xenicide ($100 in chips) 
Seat 6: JonnyAces7 ($19 in chips) 
sta$igk: posts small blind $0.50
BGS013: posts big blind $1
*** HOLE CARDS ***
Xenicide: folds 
JonnyAces7: folds 
eric2023happy: raises $1 to $2
lommer93: folds 
sta$igk: raises $8 to $10
BGS013: folds 
eric2023happy: folds 
Uncalled bet ($8) returned to sta$igk
sta$igk collected $5 from pot
sta$igk: doesn't show hand 
*** SUMMARY ***
Total pot $5 | Rake $0 
Seat 1: eric2023happy folded before Flop
Seat 2: lommer93 (button) folded before Flop (didn't bet)
Seat 3: sta$igk (small blind) collected ($5)
Seat 4: BGS013 (big blind) folded before Flop
Seat 5: Xenicide folded before Flop (didn't bet)
Seat 6: JonnyAces7 folded before Flop (didn't bet)



PokerStars Hand #254437284114:  Hold'em No Limit ($0.50/$1.00 USD) - 2025/01/18 20:50:08 WET [2025/01/18 15:50:08 ET]
Table 'Menkalinan III' 6-max Seat #3 is the button
Seat 1: eric2023happy ($36.57 in chips) 
Seat 2: lommer93 ($13.45 in chips) 
Seat 3: sta$igk ($103 in chips) 
Seat 4: BGS013 ($112.78 in chips) 
Seat 5: Xenicide ($100 in chips) 
Seat 6: JonnyAces7 ($19 in chips) 
BGS013: posts small blind $0.50
Xenicide: posts big blind $1
*** HOLE CARDS ***
JonnyAces7: folds 
eric2023happy: folds 
lommer93: folds 
sta$igk: raises $1.50 to $2.50
BGS013: folds 
Xenicide: folds 
Uncalled bet ($1.50) returned to sta$igk
sta$igk collected $2.50 from pot
sta$igk: doesn't show hand 
*** SUMMARY ***
Total pot $2.50 | Rake $0 
Seat 1: eric2023happy folded before Flop (didn't bet)
Seat 2: lommer93 folded before Flop (didn't bet)
Seat 3: sta$igk (button) collected ($2.50)
Seat 4: BGS013 (small blind) folded before Flop
Seat 5: Xenicide (big blind) folded before Flop
Seat 6: JonnyAces7 folded before Flop (didn't bet)



PokerStars Hand #254437291690:  Hold'em No Limit ($0.50/$1.00 USD) - 2025/01/18 20:50:32 WET [2025/01/18 15:50:32 ET]
Table 'Menkalinan III' 6-max Seat #4 is the button
Seat 1: eric2023happy ($36.57 in chips) 
Seat 2: lommer93 ($13.45 in chips) 
Seat 3: sta$igk ($104.50 in chips) 
Seat 4: BGS013 ($112.28 in chips) 
Seat 5: Xenicide ($100 in chips) 
Seat 6: JonnyAces7 ($19 in chips) 
Xenicide: posts small blind $0.50
JonnyAces7: posts big blind $1
*** HOLE CARDS ***
eric2023happy: folds 
lommer93: raises $2 to $3
sta$igk: folds 
BGS013: folds 
Xenicide: folds 
JonnyAces7: folds 
Uncalled bet ($2) returned to lommer93
lommer93 collected $2.50 from pot
lommer93: doesn't show hand 
*** SUMMARY ***
Total pot $2.50 | Rake $0 
Seat 1: eric2023happy folded before Flop (didn't bet)
Seat 2: lommer93 collected ($2.50)
Seat 3: sta$igk folded before Flop (didn't bet)
Seat 4: BGS013 (button) folded before Flop (didn't bet)
Seat 5: Xenicide (small blind) folded before Flop
Seat 6: JonnyAces7 (big blind) folded before Flop



PokerStars Hand #254437299805:  Hold'em No Limit ($0.50/$1.00 USD) - 2025/01/18 20:50:59 WET [2025/01/18 15:50:59 ET]
Table 'Menkalinan III' 6-max Seat #5 is the button
Seat 1: eric2023happy ($36.57 in chips) 
Seat 2: lommer93 ($14.95 in chips) 
Seat 3: sta$igk ($104.50 in chips) 
Seat 4: BGS013 ($112.28 in chips) 
Seat 5: Xenicide ($100 in chips) 
Seat 6: JonnyAces7 ($18 in chips) 
JonnyAces7: posts small blind $0.50
eric2023happy: posts big blind $1
*** HOLE CARDS ***
lommer93: folds 
sta$igk: folds 
BGS013: folds 
Xenicide: raises $1.25 to $2.25
JonnyAces7: folds 
eric2023happy: raises $3 to $5.25
Xenicide: calls $3
*** FLOP *** [4s Tc Kd]
eric2023happy: bets $6
Xenicide: calls $6
*** TURN *** [4s Tc Kd] [As]
eric2023happy: checks 
Xenicide: checks 
*** RIVER *** [4s Tc Kd As] [Jh]
eric2023happy: checks 
Xenicide: bets $88.75 and is all-in
eric2023happy: folds 
Uncalled bet ($88.75) returned to Xenicide
Xenicide collected $21.85 from pot
*** SUMMARY ***
Total pot $23 | Rake $1.15 
Board [4s Tc Kd As Jh]
Seat 1: eric2023happy (big blind) folded on the River
Seat 2: lommer93 folded before Flop (didn't bet)
Seat 3: sta$igk folded before Flop (didn't bet)
Seat 4: BGS013 folded before Flop (didn't bet)
Seat 5: Xenicide (button) collected ($21.85)
Seat 6: JonnyAces7 (small blind) folded before Flop



PokerStars Hand #254437325939:  Hold'em No Limit ($0.50/$1.00 USD) - 2025/01/18 20:52:25 WET [2025/01/18 15:52:25 ET]
Table 'Menkalinan III' 6-max Seat #6 is the button
Seat 1: eric2023happy ($25.32 in chips) 
Seat 2: lommer93 ($14.95 in chips) 
Seat 3: sta$igk ($104.50 in chips) 
Seat 4: BGS013 ($112.28 in chips) 
Seat 5: Xenicide ($110.60 in chips) 
Seat 6: JonnyAces7 ($17.50 in chips) 
eric2023happy: posts small blind $0.50
lommer93: posts big blind $1
*** HOLE CARDS ***
sta$igk: folds 
BGS013: raises $1 to $2
Xenicide: folds 
JonnyAces7: folds 
eric2023happy: folds 
lommer93: calls $1
*** FLOP *** [Ac 9h 8h]
lommer93: bets $2.14
BGS013: raises $10.87 to $13.01
lommer93: folds 
Uncalled bet ($10.87) returned to BGS013
BGS013 collected $8.34 from pot
BGS013: doesn't show hand 
*** SUMMARY ***
Total pot $8.78 | Rake $0.44 
Board [Ac 9h 8h]
Seat 1: eric2023happy (small blind) folded before Flop
Seat 2: lommer93 (big blind) folded on the Flop
Seat 3: sta$igk folded before Flop (didn't bet)
Seat 4: BGS013 collected ($8.34)
Seat 5: Xenicide folded before Flop (didn't bet)
Seat 6: JonnyAces7 (button) folded before Flop (didn't bet)



PokerStars Hand #254437339879:  Hold'em No Limit ($0.50/$1.00 USD) - 2025/01/18 20:53:11 WET [2025/01/18 15:53:11 ET]
Table 'Menkalinan III' 6-max Seat #1 is the button
Seat 1: eric2023happy ($24.82 in chips) 
Seat 2: lommer93 ($10.81 in chips) 
Seat 3: sta$igk ($104.50 in chips) 
Seat 4: BGS013 ($116.48 in chips) 
Seat 5: Xenicide ($110.60 in chips) 
Seat 6: JonnyAces7 ($17.50 in chips) 
lommer93: posts small blind $0.50
sta$igk: posts big blind $1
*** HOLE CARDS ***
BGS013: folds 
Xenicide: folds 
JonnyAces7: raises $2.50 to $3.50
eric2023happy: folds 
lommer93: folds 
sta$igk: raises $101 to $104.50 and is all-in
JonnyAces7: calls $14 and is all-in
Uncalled bet ($87) returned to sta$igk
*** FLOP *** [2h Tc Qd]
*** TURN *** [2h Tc Qd] [5s]
*** RIVER *** [2h Tc Qd 5s] [5d]
*** SHOW DOWN ***
sta$igk: shows [Jh Ah] (a pair of Fives)
JonnyAces7: shows [Kh Qh] (two pair, Queens and Fives)
JonnyAces7 collected $33.72 from pot
*** SUMMARY ***
Total pot $35.50 | Rake $1.78 
Board [2h Tc Qd 5s 5d]
Seat 1: eric2023happy (button) folded before Flop (didn't bet)
Seat 2: lommer93 (small blind) folded before Flop
Seat 3: sta$igk (big blind) showed [Jh Ah] and lost with a pair of Fives
Seat 4: BGS013 folded before Flop (didn't bet)
Seat 5: Xenicide folded before Flop (didn't bet)
Seat 6: JonnyAces7 showed [Kh Qh] and won ($33.72) with two pair, Queens and Fives



PokerStars Hand #254437348206:  Hold'em No Limit ($0.50/$1.00 USD) - 2025/01/18 20:53:38 WET [2025/01/18 15:53:38 ET]
Table 'Menkalinan III' 6-max Seat #2 is the button
Seat 1: eric2023happy ($24.82 in chips) 
Seat 2: lommer93 ($10.31 in chips) 
Seat 3: sta$igk ($100 in chips) 
Seat 4: BGS013 ($116.48 in chips) 
Seat 5: Xenicide ($110.60 in chips) 
Seat 6: JonnyAces7 ($33.72 in chips) 
sta$igk: posts small blind $0.50
BGS013: posts big blind $1
*** HOLE CARDS ***
Xenicide: folds 
JonnyAces7: folds 
eric2023happy: folds 
lommer93: folds 
sta$igk: folds 
Uncalled bet ($0.50) returned to BGS013
BGS013 collected $1 from pot
BGS013: doesn't show hand 
*** SUMMARY ***
Total pot $1 | Rake $0 
Seat 1: eric2023happy folded before Flop (didn't bet)
Seat 2: lommer93 (button) folded before Flop (didn't bet)
Seat 3: sta$igk (small blind) folded before Flop
Seat 4: BGS013 (big blind) collected ($1)
Seat 5: Xenicide folded before Flop (didn't bet)
Seat 6: JonnyAces7 folded before Flop (didn't bet)



PokerStars Hand #254437351791:  Hold'em No Limit ($0.50/$1.00 USD) - 2025/01/18 20:53:50 WET [2025/01/18 15:53:50 ET]
Table 'Menkalinan III' 6-max Seat #3 is the button
Seat 1: eric2023happy ($24.82 in chips) 
Seat 2: lommer93 ($10.31 in chips) 
Seat 3: sta$igk ($100 in chips) 
Seat 4: BGS013 ($116.98 in chips) 
Seat 5: Xenicide ($110.60 in chips) 
Seat 6: JonnyAces7 ($33.72 in chips) 
BGS013: posts small blind $0.50
Xenicide: posts big blind $1
*** HOLE CARDS ***
JonnyAces7: calls $1
eric2023happy: raises $3.50 to $4.50
lommer93: folds 
sta$igk: folds 
BGS013: folds 
Xenicide: calls $3.50
JonnyAces7: folds 
*** FLOP *** [Jd Qh Ks]
Xenicide: checks 
eric2023happy: checks 
*** TURN *** [Jd Qh Ks] [7d]
Xenicide: checks 
eric2023happy: checks 
*** RIVER *** [Jd Qh Ks 7d] [9c]
Xenicide: bets $13.47
eric2023happy: calls $13.47
*** SHOW DOWN ***
Xenicide: shows [2d 2s] (a pair of Deuces)
eric2023happy: shows [9h 6d] (a pair of Nines)
eric2023happy collected $35.57 from pot
*** SUMMARY ***
Total pot $37.44 | Rake $1.87 
Board [Jd Qh Ks 7d 9c]
Seat 1: eric2023happy showed [9h 6d] and won ($35.57) with a pair of Nines
Seat 2: lommer93 folded before Flop (didn't bet)
Seat 3: sta$igk (button) folded before Flop (didn't bet)
Seat 4: BGS013 (small blind) folded before Flop
Seat 5: Xenicide (big blind) showed [2d 2s] and lost with a pair of Deuces
Seat 6: JonnyAces7 folded before Flop



PokerStars Hand #254437368779:  Hold'em No Limit ($0.50/$1.00 USD) - 2025/01/18 20:54:47 WET [2025/01/18 15:54:47 ET]
Table 'Menkalinan III' 6-max Seat #4 is the button
Seat 1: eric2023happy ($42.42 in chips) 
Seat 2: lommer93 ($10.31 in chips) 
Seat 3: sta$igk ($100 in chips) 
Seat 4: BGS013 ($116.48 in chips) 
Seat 5: Xenicide ($100 in chips) 
Seat 6: JonnyAces7 ($32.72 in chips) 
Xenicide: posts small blind $0.50
JonnyAces7: posts big blind $1
*** HOLE CARDS ***
eric2023happy: raises $1 to $2
lommer93: raises $1 to $3
sta$igk: folds 
BGS013: folds 
Xenicide: folds 
JonnyAces7: folds 
eric2023happy: calls $1
*** FLOP *** [6c 4h 9d]
eric2023happy: checks 
lommer93: bets $7.31 and is all-in
eric2023happy: folds 
Uncalled bet ($7.31) returned to lommer93
lommer93 collected $7.12 from pot
lommer93: doesn't show hand 
*** SUMMARY ***
Total pot $7.50 | Rake $0.38 
Board [6c 4h 9d]
Seat 1: eric2023happy folded on the Flop
Seat 2: lommer93 collected ($7.12)
Seat 3: sta$igk folded before Flop (didn't bet)
Seat 4: BGS013 (button) folded before Flop (didn't bet)
Seat 5: Xenicide (small blind) folded before Flop
Seat 6: JonnyAces7 (big blind) folded before Flop



PokerStars Hand #254437376440:  Hold'em No Limit ($0.50/$1.00 USD) - 2025/01/18 20:55:15 WET [2025/01/18 15:55:15 ET]
Table 'Menkalinan III' 6-max Seat #5 is the button
Seat 1: eric2023happy ($39.42 in chips) 
Seat 2: lommer93 ($14.43 in chips) 
Seat 3: sta$igk ($100 in chips) 
Seat 4: BGS013 ($116.48 in chips) 
Seat 5: Xenicide ($100 in chips) 
Seat 6: JonnyAces7 ($31.72 in chips) 
JonnyAces7: posts small blind $0.50
eric2023happy: posts big blind $1
*** HOLE CARDS ***
lommer93: folds 
sta$igk: folds 
BGS013: folds 
Xenicide: raises $1.25 to $2.25
JonnyAces7: folds 
eric2023happy: folds 
Uncalled bet ($1.25) returned to Xenicide
Xenicide collected $2.50 from pot
*** SUMMARY ***
Total pot $2.50 | Rake $0 
Seat 1: eric2023happy (big blind) folded before Flop
Seat 2: lommer93 folded before Flop (didn't bet)
Seat 3: sta$igk folded before Flop (didn't bet)
Seat 4: BGS013 folded before Flop (didn't bet)
Seat 5: Xenicide (button) collected ($2.50)
Seat 6: JonnyAces7 (small blind) folded before Flop



PokerStars Hand #254437379618:  Hold'em No Limit ($0.50/$1.00 USD) - 2025/01/18 20:55:31 WET [2025/01/18 15:55:31 ET]
Table 'Menkalinan III' 6-max Seat #6 is the button
Seat 1: eric2023happy ($38.42 in chips) 
Seat 2: lommer93 ($14.43 in chips) 
Seat 3: sta$igk ($100 in chips) 
Seat 4: BGS013 ($116.48 in chips) 
Seat 5: Xenicide ($101.50 in chips) 
Seat 6: JonnyAces7 ($31.22 in chips) 
eric2023happy: posts small blind $0.50
lommer93: posts big blind $1
*** HOLE CARDS ***
sta$igk: folds 
BGS013: folds 
Xenicide: folds 
JonnyAces7: raises $1 to $2
eric2023happy: folds 
lommer93: folds 
Uncalled bet ($1) returned to JonnyAces7
JonnyAces7 collected $2.50 from pot
*** SUMMARY ***
Total pot $2.50 | Rake $0 
Seat 1: eric2023happy (small blind) folded before Flop
Seat 2: lommer93 (big blind) folded before Flop
Seat 3: sta$igk folded before Flop (didn't bet)
Seat 4: BGS013 folded before Flop (didn't bet)
Seat 5: Xenicide folded before Flop (didn't bet)
Seat 6: JonnyAces7 (button) collected ($2.50)



PokerStars Hand #254437387162:  Hold'em No Limit ($0.50/$1.00 USD) - 2025/01/18 20:56:07 WET [2025/01/18 15:56:07 ET]
Table 'Menkalinan III' 6-max Seat #1 is the button
Seat 1: eric2023happy ($37.92 in chips) 
Seat 2: lommer93 ($13.43 in chips) 
Seat 3: sta$igk ($100 in chips) 
Seat 4: BGS013 ($116.48 in chips) 
Seat 5: Xenicide ($101.50 in chips) 
Seat 6: JonnyAces7 ($32.72 in chips) 
lommer93: posts small blind $0.50
sta$igk: posts big blind $1
*** HOLE CARDS ***
BGS013: raises $1 to $2
Xenicide: folds 
JonnyAces7: folds 
eric2023happy: folds 
lommer93: raises $11.43 to $13.43 and is all-in
sta$igk: folds 
BGS013: folds 
Uncalled bet ($11.43) returned to lommer93
lommer93 collected $5 from pot
lommer93: doesn't show hand 
*** SUMMARY ***
Total pot $5 | Rake $0 
Seat 1: eric2023happy (button) folded before Flop (didn't bet)
Seat 2: lommer93 (small blind) collected ($5)
Seat 3: sta$igk (big blind) folded before Flop
Seat 4: BGS013 folded before Flop
Seat 5: Xenicide folded before Flop (didn't bet)
Seat 6: JonnyAces7 folded before Flop (didn't bet)



PokerStars Hand #254437392891:  Hold'em No Limit ($0.50/$1.00 USD) - 2025/01/18 20:56:34 WET [2025/01/18 15:56:34 ET]
Table 'Menkalinan III' 6-max Seat #2 is the button
Seat 1: eric2023happy ($37.92 in chips) 
Seat 2: lommer93 ($16.43 in chips) 
Seat 3: sta$igk ($100 in chips) 
Seat 4: BGS013 ($114.48 in chips) 
Seat 5: Xenicide ($101.50 in chips) 
Seat 6: JonnyAces7 ($32.72 in chips) 
sta$igk: posts small blind $0.50
BGS013: posts big blind $1
*** HOLE CARDS ***
Xenicide: folds 
JonnyAces7: raises $1 to $2
eric2023happy: folds 
lommer93: folds 
sta$igk: folds 
BGS013: calls $1
*** FLOP *** [8s Jc 2h]
BGS013: checks 
JonnyAces7: checks 
*** TURN *** [8s Jc 2h] [2s]
BGS013: bets $1.11
JonnyAces7: calls $1.11
*** RIVER *** [8s Jc 2h 2s] [4h]
BGS013: bets $1.66
JonnyAces7: folds 
Uncalled bet ($1.66) returned to BGS013
BGS013 collected $6.38 from pot
BGS013: doesn't show hand 
*** SUMMARY ***
Total pot $6.72 | Rake $0.34 
Board [8s Jc 2h 2s 4h]
Seat 1: eric2023happy folded before Flop (didn't bet)
Seat 2: lommer93 (button) folded before Flop (didn't bet)
Seat 3: sta$igk (small blind) folded before Flop
Seat 4: BGS013 (big blind) collected ($6.38)
Seat 5: Xenicide folded before Flop (didn't bet)
Seat 6: JonnyAces7 folded on the River



PokerStars Hand #254437405702:  Hold'em No Limit ($0.50/$1.00 USD) - 2025/01/18 20:57:35 WET [2025/01/18 15:57:35 ET]
Table 'Menkalinan III' 6-max Seat #3 is the button
Seat 1: eric2023happy ($37.92 in chips) 
Seat 2: lommer93 ($16.43 in chips) 
Seat 3: sta$igk ($100 in chips) 
Seat 4: BGS013 ($117.75 in chips) 
Seat 5: Xenicide ($101.50 in chips) 
Seat 6: JonnyAces7 ($29.61 in chips) 
BGS013: posts small blind $0.50
Xenicide: posts big blind $1
*** HOLE CARDS ***
JonnyAces7: folds 
eric2023happy: raises $1 to $2
lommer93: calls $2
sta$igk: folds 
BGS013: folds 
Xenicide: folds 
*** FLOP *** [As 9s 2h]
eric2023happy: bets $2.61
lommer93: folds 
Uncalled bet ($2.61) returned to eric2023happy
eric2023happy collected $5.22 from pot
eric2023happy: doesn't show hand 
*** SUMMARY ***
Total pot $5.50 | Rake $0.28 
Board [As 9s 2h]
Seat 1: eric2023happy collected ($5.22)
Seat 2: lommer93 folded on the Flop
Seat 3: sta$igk (button) folded before Flop (didn't bet)
Seat 4: BGS013 (small blind) folded before Flop
Seat 5: Xenicide (big blind) folded before Flop
Seat 6: JonnyAces7 folded before Flop (didn't bet)



PokerStars Hand #254437411205:  Hold'em No Limit ($0.50/$1.00 USD) - 2025/01/18 20:58:01 WET [2025/01/18 15:58:01 ET]
Table 'Menkalinan III' 6-max Seat #4 is the button
Seat 1: eric2023happy ($41.14 in chips) 
Seat 2: lommer93 ($14.43 in chips) 
Seat 3: sta$igk ($100 in chips) 
Seat 4: BGS013 ($117.25 in chips) 
Seat 5: Xenicide ($100.50 in chips) 
Seat 6: JonnyAces7 ($29.61 in chips) 
Xenicide: posts small blind $0.50
JonnyAces7: posts big blind $1
*** HOLE CARDS ***
eric2023happy: folds 
lommer93: folds 
sta$igk: folds 
BGS013: raises $1 to $2
Xenicide: raises $7.50 to $9.50
JonnyAces7: folds 
BGS013: folds 
Uncalled bet ($7.50) returned to Xenicide
Xenicide collected $5 from pot
*** SUMMARY ***
Total pot $5 | Rake $0 
Seat 1: eric2023happy folded before Flop (didn't bet)
Seat 2: lommer93 folded before Flop (didn't bet)
Seat 3: sta$igk folded before Flop (didn't bet)
Seat 4: BGS013 (button) folded before Flop
Seat 5: Xenicide (small blind) collected ($5)
Seat 6: JonnyAces7 (big blind) folded before Flop



PokerStars Hand #254437417315:  Hold'em No Limit ($0.50/$1.00 USD) - 2025/01/18 20:58:30 WET [2025/01/18 15:58:30 ET]
Table 'Menkalinan III' 6-max Seat #5 is the button
Seat 1: eric2023happy ($41.14 in chips) 
Seat 2: lommer93 ($14.43 in chips) 
Seat 3: sta$igk ($100 in chips) 
Seat 4: BGS013 ($115.25 in chips) 
Seat 5: Xenicide ($103.50 in chips) 
Seat 6: JonnyAces7 ($28.61 in chips) 
JonnyAces7: posts small blind $0.50
eric2023happy: posts big blind $1
*** HOLE CARDS ***
lommer93: folds 
sta$igk: folds 
BGS013: folds 
Xenicide: folds 
JonnyAces7: raises $4 to $5
eric2023happy: folds 
Uncalled bet ($4) returned to JonnyAces7
JonnyAces7 collected $2 from pot
*** SUMMARY ***
Total pot $2 | Rake $0 
Seat 1: eric2023happy (big blind) folded before Flop
Seat 2: lommer93 folded before Flop (didn't bet)
Seat 3: sta$igk folded before Flop (didn't bet)
Seat 4: BGS013 folded before Flop (didn't bet)
Seat 5: Xenicide (button) folded before Flop (didn't bet)
Seat 6: JonnyAces7 (small blind) collected ($2)



PokerStars Hand #254437423835:  Hold'em No Limit ($0.50/$1.00 USD) - 2025/01/18 20:59:00 WET [2025/01/18 15:59:00 ET]
Table 'Menkalinan III' 6-max Seat #6 is the button
Seat 1: eric2023happy ($40.14 in chips) 
Seat 2: lommer93 ($14.43 in chips) 
Seat 3: sta$igk ($100 in chips) 
Seat 4: BGS013 ($115.25 in chips) 
Seat 5: Xenicide ($103.50 in chips) 
Seat 6: JonnyAces7 ($29.61 in chips) 
eric2023happy: posts small blind $0.50
lommer93: posts big blind $1
*** HOLE CARDS ***
sta$igk: folds 
BGS013: folds 
Xenicide: raises $1 to $2
JonnyAces7: folds 
eric2023happy: raises $3 to $5
lommer93: folds 
Xenicide: calls $3
*** FLOP *** [Td 9s 4c]
lommer93 leaves the table
eric2023happy: bets $1
Xenicide: raises $4.36 to $5.36
eric2023happy: calls $4.36
*** TURN *** [Td 9s 4c] [Jd]
eric2023happy: checks 
stevoooo34 joins the table at seat #2 
stevoooo34 is disconnected 
Xenicide: checks 
*** RIVER *** [Td 9s 4c Jd] [9d]
eric2023happy: bets $2
Xenicide: raises $91.14 to $93.14 and is all-in
eric2023happy: folds 
Uncalled bet ($91.14) returned to Xenicide
Xenicide collected $24.43 from pot
Xenicide: shows [5d 5h] (two pair, Nines and Fives)
*** SUMMARY ***
Total pot $25.72 | Rake $1.29 
Board [Td 9s 4c Jd 9d]
Seat 1: eric2023happy (small blind) folded on the River
Seat 2: lommer93 (big blind) folded before Flop
Seat 3: sta$igk folded before Flop (didn't bet)
Seat 4: BGS013 folded before Flop (didn't bet)
Seat 5: Xenicide collected ($24.43)
Seat 6: JonnyAces7 (button) folded before Flop (didn't bet)



PokerStars Hand #254437450714:  Hold'em No Limit ($0.50/$1.00 USD) - 2025/01/18 21:01:02 WET [2025/01/18 16:01:02 ET]
Table 'Menkalinan III' 6-max Seat #1 is the button
Seat 2: stevoooo34 ($34.14 in chips) is sitting out
Seat 1: eric2023happy ($27.78 in chips) 
Seat 3: sta$igk ($100 in chips) 
Seat 4: BGS013 ($115.25 in chips) 
Seat 5: Xenicide ($115.57 in chips) 
Seat 6: JonnyAces7 ($29.61 in chips) 
sta$igk: posts small blind $0.50
BGS013: posts big blind $1
*** HOLE CARDS ***
Xenicide: raises $1 to $2
JonnyAces7: folds 
eric2023happy: calls $2
sta$igk: folds 
BGS013: folds 
*** FLOP *** [Qc 7h 7c]
Xenicide: checks 
eric2023happy: checks 
*** TURN *** [Qc 7h 7c] [2h]
Xenicide: bets $6
eric2023happy: raises $6 to $12
Xenicide: calls $6
*** RIVER *** [Qc 7h 7c 2h] [Ac]
Xenicide: bets $24
eric2023happy: calls $13.78 and is all-in
Uncalled bet ($10.22) returned to Xenicide
*** SHOW DOWN ***
Xenicide: shows [Tc 9c] (a flush, Ace high)
eric2023happy: shows [7d 5s] (three of a kind, Sevens)
Xenicide collected $54.56 from pot
*** SUMMARY ***
Total pot $57.06 | Rake $2.50 
Board [Qc 7h 7c 2h Ac]
Seat 2: stevoooo34
Seat 1: eric2023happy (button) showed [7d 5s] and lost with three of a kind, Sevens
Seat 3: sta$igk (small blind) folded before Flop
Seat 4: BGS013 (big blind) folded before Flop
Seat 5: Xenicide showed [Tc 9c] and won ($54.56) with a flush, Ace high
Seat 6: JonnyAces7 folded before Flop (didn't bet)



PokerStars Hand #254437468495:  Hold'em No Limit ($0.50/$1.00 USD) - 2025/01/18 21:02:06 WET [2025/01/18 16:02:06 ET]
Table 'Menkalinan III' 6-max Seat #3 is the button
Seat 1: eric2023happy ($0 in chips) is sitting out
Seat 2: stevoooo34 ($34.14 in chips) 
Seat 3: sta$igk ($100 in chips) 
Seat 4: BGS013 ($114.25 in chips) 
Seat 5: Xenicide ($142.35 in chips) 
Seat 6: JonnyAces7 ($29.61 in chips) 
BGS013: posts small blind $0.50
Xenicide: posts big blind $1
stevoooo34: posts big blind $1
*** HOLE CARDS ***
JonnyAces7: folds 
stevoooo34: checks 
sta$igk: folds 
BGS013: folds 
Xenicide: checks 
*** FLOP *** [2h Ks As]
Xenicide: checks 
stevoooo34: checks 
*** TURN *** [2h Ks As] [3d]
Xenicide: checks 
stevoooo34: bets $2
Xenicide: folds 
Uncalled bet ($2) returned to stevoooo34
stevoooo34 collected $2.38 from pot
*** SUMMARY ***
Total pot $2.50 | Rake $0.12 
Board [2h Ks As 3d]
Seat 1: eric2023happy
Seat 2: stevoooo34 collected ($2.38)
Seat 3: sta$igk (button) folded before Flop (didn't bet)
Seat 4: BGS013 (small blind) folded before Flop
Seat 5: Xenicide (big blind) folded on the Turn
Seat 6: JonnyAces7 folded before Flop (didn't bet)



PokerStars Hand #254437476961:  Hold'em No Limit ($0.50/$1.00 USD) - 2025/01/18 21:02:35 WET [2025/01/18 16:02:35 ET]
Table 'Menkalinan III' 6-max Seat #4 is the button
Seat 1: eric2023happy ($28.55 in chips) 
Seat 2: stevoooo34 ($35.52 in chips) 
Seat 3: sta$igk ($100 in chips) 
Seat 4: BGS013 ($113.75 in chips) 
Seat 5: Xenicide ($141.35 in chips) 
Seat 6: JonnyAces7 ($29.61 in chips) 
Xenicide: posts small blind $0.50
JonnyAces7: posts big blind $1
*** HOLE CARDS ***
eric2023happy: raises $1 to $2
stevoooo34: folds 
sta$igk: raises $4 to $6
BGS013: folds 
Xenicide: folds 
JonnyAces7: folds 
eric2023happy: calls $4
*** FLOP *** [4h Qd 2h]
eric2023happy: checks 
sta$igk: bets $4.23
eric2023happy: raises $4.23 to $8.46
sta$igk: raises $85.54 to $94 and is all-in
eric2023happy: calls $14.09 and is all-in
Uncalled bet ($71.45) returned to sta$igk
*** TURN *** [4h Qd 2h] [3h]
*** RIVER *** [4h Qd 2h 3h] [Jc]
*** SHOW DOWN ***
eric2023happy: shows [9c 2c] (a pair of Deuces)
sta$igk: shows [Kc Qc] (a pair of Queens)
sta$igk collected $56.10 from pot
*** SUMMARY ***
Total pot $58.60 | Rake $2.50 
Board [4h Qd 2h 3h Jc]
Seat 1: eric2023happy showed [9c 2c] and lost with a pair of Deuces
Seat 2: stevoooo34 folded before Flop (didn't bet)
Seat 3: sta$igk showed [Kc Qc] and won ($56.10) with a pair of Queens
Seat 4: BGS013 (button) folded before Flop (didn't bet)
Seat 5: Xenicide (small blind) folded before Flop
Seat 6: JonnyAces7 (big blind) folded before Flop



PokerStars Hand #254437494477:  Hold'em No Limit ($0.50/$1.00 USD) - 2025/01/18 21:03:33 WET [2025/01/18 16:03:33 ET]
Table 'Menkalinan III' 6-max Seat #5 is the button
Seat 1: eric2023happy ($0 in chips) is sitting out
Seat 2: stevoooo34 ($35.52 in chips) 
Seat 3: sta$igk ($127.55 in chips) 
Seat 4: BGS013 ($113.75 in chips) 
Seat 5: Xenicide ($140.85 in chips) 
Seat 6: JonnyAces7 ($28.61 in chips) 
JonnyAces7: posts small blind $0.50
stevoooo34: posts big blind $1
*** HOLE CARDS ***
sta$igk: raises $1.50 to $2.50
BGS013: folds 
eric2023happy leaves the table
Xenicide: folds 
JonnyAces7: folds 
stevoooo34: raises $4.50 to $7
z00mba joins the table at seat #1 
sta$igk: calls $4.50
*** FLOP *** [3h Th 5s]
stevoooo34: bets $5
sta$igk: raises $115.55 to $120.55 and is all-in
stevoooo34: folds 
Uncalled bet ($115.55) returned to sta$igk
sta$igk collected $23.28 from pot
sta$igk: doesn't show hand 
*** SUMMARY ***
Total pot $24.50 | Rake $1.22 
Board [3h Th 5s]
Seat 1: eric2023happy
Seat 2: stevoooo34 (big blind) folded on the Flop
Seat 3: sta$igk collected ($23.28)
Seat 4: BGS013 folded before Flop (didn't bet)
Seat 5: Xenicide (button) folded before Flop (didn't bet)
Seat 6: JonnyAces7 (small blind) folded before Flop



PokerStars Hand #254437510458:  Hold'em No Limit ($0.50/$1.00 USD) - 2025/01/18 21:04:25 WET [2025/01/18 16:04:25 ET]
Table 'Menkalinan III' 6-max Seat #6 is the button
Seat 1: z00mba ($103 in chips) is sitting out
Seat 2: stevoooo34 ($23.52 in chips) 
Seat 3: sta$igk ($138.83 in chips) 
Seat 4: BGS013 ($113.75 in chips) 
Seat 5: Xenicide ($140.85 in chips) 
Seat 6: JonnyAces7 ($28.11 in chips) 
stevoooo34: posts small blind $0.50
sta$igk: posts big blind $1
*** HOLE CARDS ***
BGS013: folds 
Xenicide: raises $1 to $2
JonnyAces7: folds 
stevoooo34: calls $1.50
sta$igk: folds 
*** FLOP *** [Ad Kc Qc]
stevoooo34: checks 
Xenicide: bets $1.19
stevoooo34: calls $1.19
*** TURN *** [Ad Kc Qc] [Td]
stevoooo34: checks 
Xenicide: bets $1.75
stevoooo34: calls $1.75
*** RIVER *** [Ad Kc Qc Td] [6h]
stevoooo34: checks 
Xenicide: checks 
*** SHOW DOWN ***
stevoooo34: shows [5c 6c] (a pair of Sixes)
Xenicide: shows [Tc Qs] (two pair, Queens and Tens)
Xenicide collected $10.34 from pot
*** SUMMARY ***
Total pot $10.88 | Rake $0.54 
Board [Ad Kc Qc Td 6h]
Seat 1: z00mba
Seat 2: stevoooo34 (small blind) showed [5c 6c] and lost with a pair of Sixes
Seat 3: sta$igk (big blind) folded before Flop
Seat 4: BGS013 folded before Flop (didn't bet)
Seat 5: Xenicide showed [Tc Qs] and won ($10.34) with two pair, Queens and Tens
Seat 6: JonnyAces7 (button) folded before Flop (didn't bet)



PokerStars Hand #254437529025:  Hold'em No Limit ($0.50/$1.00 USD) - 2025/01/18 21:05:26 WET [2025/01/18 16:05:26 ET]
Table 'Menkalinan III' 6-max Seat #2 is the button
Seat 1: z00mba ($103 in chips) is sitting out
Seat 2: stevoooo34 ($18.58 in chips) 
Seat 3: sta$igk ($137.83 in chips) 
Seat 4: BGS013 ($113.75 in chips) 
Seat 5: Xenicide ($146.25 in chips) 
Seat 6: JonnyAces7 ($28.11 in chips) 
sta$igk: posts small blind $0.50
BGS013: posts big blind $1
z00mba: sits out 
*** HOLE CARDS ***
Xenicide: folds 
JonnyAces7: folds 
stevoooo34: calls $1
sta$igk: folds 
BGS013: checks 
*** FLOP *** [9d 9s Qh]
BGS013: checks 
stevoooo34: checks 
*** TURN *** [9d 9s Qh] [Ac]
BGS013: checks 
stevoooo34: checks 
*** RIVER *** [9d 9s Qh Ac] [7c]
BGS013: checks 
stevoooo34: checks 
*** SHOW DOWN ***
BGS013: shows [Ts 2c] (a pair of Nines)
stevoooo34: shows [Kc Jh] (a pair of Nines - Ace+King kicker)
stevoooo34 collected $2.38 from pot
*** SUMMARY ***
Total pot $2.50 | Rake $0.12 
Board [9d 9s Qh Ac 7c]
Seat 1: z00mba
Seat 2: stevoooo34 (button) showed [Kc Jh] and won ($2.38) with a pair of Nines
Seat 3: sta$igk (small blind) folded before Flop
Seat 4: BGS013 (big blind) showed [Ts 2c] and lost with a pair of Nines
Seat 5: Xenicide folded before Flop (didn't bet)
Seat 6: JonnyAces7 folded before Flop (didn't bet)



PokerStars Hand #254437541960:  Hold'em No Limit ($0.50/$1.00 USD) - 2025/01/18 21:06:08 WET [2025/01/18 16:06:08 ET]
Table 'Menkalinan III' 6-max Seat #3 is the button
Seat 1: z00mba ($103 in chips) is sitting out
Seat 2: stevoooo34 ($19.96 in chips) 
Seat 3: sta$igk ($137.33 in chips) 
Seat 4: BGS013 ($112.75 in chips) 
Seat 5: Xenicide ($146.25 in chips) 
Seat 6: JonnyAces7 ($28.11 in chips) 
BGS013: posts small blind $0.50
Xenicide: posts big blind $1
z00mba: sits out 
*** HOLE CARDS ***
JonnyAces7: folds 
stevoooo34: folds 
sta$igk: folds 
BGS013: raises $2 to $3
Xenicide: folds 
Uncalled bet ($2) returned to BGS013
BGS013 collected $2 from pot
BGS013: doesn't show hand 
*** SUMMARY ***
Total pot $2 | Rake $0 
Seat 1: z00mba
Seat 2: stevoooo34 folded before Flop (didn't bet)
Seat 3: sta$igk (button) folded before Flop (didn't bet)
Seat 4: BGS013 (small blind) collected ($2)
Seat 5: Xenicide (big blind) folded before Flop
Seat 6: JonnyAces7 folded before Flop (didn't bet)



PokerStars Hand #254437553562:  Hold'em No Limit ($0.50/$1.00 USD) - 2025/01/18 21:06:46 WET [2025/01/18 16:06:46 ET]
Table 'Menkalinan III' 6-max Seat #4 is the button
Seat 1: z00mba ($103 in chips) is sitting out
Seat 2: stevoooo34 ($19.96 in chips) 
Seat 3: sta$igk ($137.33 in chips) 
Seat 4: BGS013 ($113.75 in chips) 
Seat 5: Xenicide ($145.25 in chips) 
Seat 6: JonnyAces7 ($28.11 in chips) 
Xenicide: posts small blind $0.50
JonnyAces7: posts big blind $1
z00mba: sits out 
*** HOLE CARDS ***
stevoooo34: folds 
sta$igk: raises $1.50 to $2.50
BGS013: folds 
Xenicide: folds 
JonnyAces7: folds 
Uncalled bet ($1.50) returned to sta$igk
sta$igk collected $2.50 from pot
sta$igk: doesn't show hand 
*** SUMMARY ***
Total pot $2.50 | Rake $0 
Seat 1: z00mba
Seat 2: stevoooo34 folded before Flop (didn't bet)
Seat 3: sta$igk collected ($2.50)
Seat 4: BGS013 (button) folded before Flop (didn't bet)
Seat 5: Xenicide (small blind) folded before Flop
Seat 6: JonnyAces7 (big blind) folded before Flop



PokerStars Hand #254437558076:  Hold'em No Limit ($0.50/$1.00 USD) - 2025/01/18 21:07:00 WET [2025/01/18 16:07:00 ET]
Table 'Menkalinan III' 6-max Seat #5 is the button
Seat 1: z00mba ($103 in chips) 
Seat 2: stevoooo34 ($19.96 in chips) 
Seat 3: sta$igk ($138.83 in chips) 
Seat 4: BGS013 ($113.75 in chips) 
Seat 5: Xenicide ($144.75 in chips) 
Seat 6: JonnyAces7 ($27.11 in chips) 
JonnyAces7: posts small blind $0.50
z00mba: posts big blind $1
*** HOLE CARDS ***
stevoooo34: folds 
sta$igk: folds 
BGS013: folds 
Xenicide: raises $1.25 to $2.25
JonnyAces7: folds 
z00mba: folds 
Uncalled bet ($1.25) returned to Xenicide
Xenicide collected $2.50 from pot
*** SUMMARY ***
Total pot $2.50 | Rake $0 
Seat 1: z00mba (big blind) folded before Flop
Seat 2: stevoooo34 folded before Flop (didn't bet)
Seat 3: sta$igk folded before Flop (didn't bet)
Seat 4: BGS013 folded before Flop (didn't bet)
Seat 5: Xenicide (button) collected ($2.50)
Seat 6: JonnyAces7 (small blind) folded before Flop



PokerStars Hand #254437568829:  Hold'em No Limit ($0.50/$1.00 USD) - 2025/01/18 21:07:36 WET [2025/01/18 16:07:36 ET]
Table 'Menkalinan III' 6-max Seat #6 is the button
Seat 1: z00mba ($102 in chips) 
Seat 2: stevoooo34 ($19.96 in chips) 
Seat 3: sta$igk ($138.83 in chips) 
Seat 4: BGS013 ($113.75 in chips) 
Seat 5: Xenicide ($146.25 in chips) 
Seat 6: JonnyAces7 ($26.61 in chips) 
z00mba: posts small blind $0.50
stevoooo34: posts big blind $1
*** HOLE CARDS ***
sta$igk: folds 
BGS013: folds 
Xenicide: raises $1 to $2
JonnyAces7: folds 
z00mba: folds 
stevoooo34: calls $1
*** FLOP *** [9h Qh 7h]
stevoooo34: checks 
Xenicide: bets $1.07
stevoooo34: calls $1.07
*** TURN *** [9h Qh 7h] [Ah]
stevoooo34: checks 
Xenicide: bets $1.58
stevoooo34: calls $1.58
*** RIVER *** [9h Qh 7h Ah] [Qs]
stevoooo34: checks 
Xenicide: checks 
*** SHOW DOWN ***
stevoooo34: shows [9c Jh] (a flush, Ace high)
Xenicide: mucks hand 
stevoooo34 collected $9.31 from pot
*** SUMMARY ***
Total pot $9.80 | Rake $0.49 
Board [9h Qh 7h Ah Qs]
Seat 1: z00mba (small blind) folded before Flop
Seat 2: stevoooo34 (big blind) showed [9c Jh] and won ($9.31) with a flush, Ace high
Seat 3: sta$igk folded before Flop (didn't bet)
Seat 4: BGS013 folded before Flop (didn't bet)
Seat 5: Xenicide mucked
Seat 6: JonnyAces7 (button) folded before Flop (didn't bet)



PokerStars Hand #254437585077:  Hold'em No Limit ($0.50/$1.00 USD) - 2025/01/18 21:08:29 WET [2025/01/18 16:08:29 ET]
Table 'Menkalinan III' 6-max Seat #1 is the button
Seat 1: z00mba ($101.50 in chips) 
Seat 2: stevoooo34 ($24.62 in chips) 
Seat 3: sta$igk ($138.83 in chips) 
Seat 4: BGS013 ($113.75 in chips) 
Seat 5: Xenicide ($141.60 in chips) 
Seat 6: JonnyAces7 ($26.61 in chips) 
stevoooo34: posts small blind $0.50
sta$igk: posts big blind $1
*** HOLE CARDS ***
BGS013: folds 
Xenicide: folds 
JonnyAces7: raises $2 to $3
z00mba: folds 
stevoooo34: folds 
sta$igk: folds 
Uncalled bet ($2) returned to JonnyAces7
JonnyAces7 collected $2.50 from pot
*** SUMMARY ***
Total pot $2.50 | Rake $0 
Seat 1: z00mba (button) folded before Flop (didn't bet)
Seat 2: stevoooo34 (small blind) folded before Flop
Seat 3: sta$igk (big blind) folded before Flop
Seat 4: BGS013 folded before Flop (didn't bet)
Seat 5: Xenicide folded before Flop (didn't bet)
Seat 6: JonnyAces7 collected ($2.50)



PokerStars Hand #254437592713:  Hold'em No Limit ($0.50/$1.00 USD) - 2025/01/18 21:08:54 WET [2025/01/18 16:08:54 ET]
Table 'Menkalinan III' 6-max Seat #2 is the button
Seat 1: z00mba ($101.50 in chips) 
Seat 2: stevoooo34 ($24.12 in chips) 
Seat 3: sta$igk ($137.83 in chips) 
Seat 4: BGS013 ($113.75 in chips) 
Seat 5: Xenicide ($141.60 in chips) 
Seat 6: JonnyAces7 ($28.11 in chips) 
sta$igk: posts small blind $0.50
BGS013: posts big blind $1
*** HOLE CARDS ***
Xenicide: folds 
JonnyAces7: folds 
z00mba: folds 
stevoooo34: folds 
sta$igk: raises $2 to $3
BGS013: raises $6.50 to $9.50
sta$igk: folds 
Uncalled bet ($6.50) returned to BGS013
BGS013 collected $6 from pot
BGS013: doesn't show hand 
*** SUMMARY ***
Total pot $6 | Rake $0 
Seat 1: z00mba folded before Flop (didn't bet)
Seat 2: stevoooo34 (button) folded before Flop (didn't bet)
Seat 3: sta$igk (small blind) folded before Flop
Seat 4: BGS013 (big blind) collected ($6)
Seat 5: Xenicide folded before Flop (didn't bet)
Seat 6: JonnyAces7 folded before Flop (didn't bet)



PokerStars Hand #254437599300:  Hold'em No Limit ($0.50/$1.00 USD) - 2025/01/18 21:09:16 WET [2025/01/18 16:09:16 ET]
Table 'Menkalinan III' 6-max Seat #3 is the button
Seat 1: z00mba ($101.50 in chips) 
Seat 2: stevoooo34 ($24.12 in chips) 
Seat 3: sta$igk ($134.83 in chips) 
Seat 4: BGS013 ($116.75 in chips) 
Seat 5: Xenicide ($141.60 in chips) 
Seat 6: JonnyAces7 ($28.11 in chips) 
BGS013: posts small blind $0.50
Xenicide: posts big blind $1
*** HOLE CARDS ***
JonnyAces7: calls $1
z00mba: folds 
stevoooo34: folds 
sta$igk: folds 
BGS013: calls $0.50
Xenicide: checks 
*** FLOP *** [4c 3d 6h]
BGS013: bets $1
Xenicide: raises $1 to $2
JonnyAces7: folds 
BGS013: calls $1
*** TURN *** [4c 3d 6h] [3h]
BGS013: checks 
Xenicide: checks 
*** RIVER *** [4c 3d 6h 3h] [7h]
BGS013: checks 
Xenicide: bets $1.66
BGS013: calls $1.66
*** SHOW DOWN ***
Xenicide: shows [5s Jd] (a straight, Three to Seven)
BGS013: mucks hand 
Xenicide collected $9.80 from pot
*** SUMMARY ***
Total pot $10.32 | Rake $0.52 
Board [4c 3d 6h 3h 7h]
Seat 1: z00mba folded before Flop (didn't bet)
Seat 2: stevoooo34 folded before Flop (didn't bet)
Seat 3: sta$igk (button) folded before Flop (didn't bet)
Seat 4: BGS013 (small blind) mucked
Seat 5: Xenicide (big blind) showed [5s Jd] and won ($9.80) with a straight, Three to Seven
Seat 6: JonnyAces7 folded on the Flop



PokerStars Hand #254437628648:  Hold'em No Limit ($0.50/$1.00 USD) - 2025/01/18 21:10:51 WET [2025/01/18 16:10:51 ET]
Table 'Menkalinan III' 6-max Seat #4 is the button
Seat 1: z00mba ($101.50 in chips) 
Seat 2: stevoooo34 ($24.12 in chips) 
Seat 3: sta$igk ($134.83 in chips) 
Seat 4: BGS013 ($112.09 in chips) 
Seat 5: Xenicide ($146.74 in chips) 
Seat 6: JonnyAces7 ($27.11 in chips) 
Xenicide: posts small blind $0.50
JonnyAces7: posts big blind $1
*** HOLE CARDS ***
z00mba: folds 
stevoooo34: folds 
sta$igk: folds 
BGS013: raises $1.50 to $2.50
Xenicide: folds 
JonnyAces7: folds 
Uncalled bet ($1.50) returned to BGS013
BGS013 collected $2.50 from pot
BGS013: doesn't show hand 
*** SUMMARY ***
Total pot $2.50 | Rake $0 
Seat 1: z00mba folded before Flop (didn't bet)
Seat 2: stevoooo34 folded before Flop (didn't bet)
Seat 3: sta$igk folded before Flop (didn't bet)
Seat 4: BGS013 (button) collected ($2.50)
Seat 5: Xenicide (small blind) folded before Flop
Seat 6: JonnyAces7 (big blind) folded before Flop



PokerStars Hand #254437635906:  Hold'em No Limit ($0.50/$1.00 USD) - 2025/01/18 21:11:14 WET [2025/01/18 16:11:14 ET]
Table 'Menkalinan III' 6-max Seat #5 is the button
Seat 1: z00mba ($101.50 in chips) 
Seat 2: stevoooo34 ($24.12 in chips) 
Seat 3: sta$igk ($134.83 in chips) 
Seat 4: BGS013 ($113.59 in chips) 
Seat 5: Xenicide ($146.24 in chips) 
Seat 6: JonnyAces7 ($26.11 in chips) 
JonnyAces7: posts small blind $0.50
z00mba: posts big blind $1
*** HOLE CARDS ***
stevoooo34: folds 
sta$igk: folds 
BGS013: folds 
Xenicide: raises $1.25 to $2.25
stevoooo34 leaves the table
JonnyAces7: raises $23.86 to $26.11 and is all-in
z00mba: folds 
Xenicide: folds 
Uncalled bet ($23.86) returned to JonnyAces7
JonnyAces7 collected $5.50 from pot
*** SUMMARY ***
Total pot $5.50 | Rake $0 
Seat 1: z00mba (big blind) folded before Flop
Seat 2: stevoooo34 folded before Flop (didn't bet)
Seat 3: sta$igk folded before Flop (didn't bet)
Seat 4: BGS013 folded before Flop (didn't bet)
Seat 5: Xenicide (button) folded before Flop
Seat 6: JonnyAces7 (small blind) collected ($5.50)



PokerStars Hand #254437645027:  Hold'em No Limit ($0.50/$1.00 USD) - 2025/01/18 21:11:44 WET [2025/01/18 16:11:44 ET]
Table 'Menkalinan III' 6-max Seat #6 is the button
Seat 1: z00mba ($100.50 in chips) 
Seat 3: sta$igk ($134.83 in chips) 
Seat 4: BGS013 ($113.59 in chips) 
Seat 5: Xenicide ($143.99 in chips) 
Seat 6: JonnyAces7 ($29.36 in chips) 
z00mba: posts small blind $0.50
sta$igk: posts big blind $1
*** HOLE CARDS ***
BGS013: folds 
Xenicide: folds 
JonnyAces7: raises $2 to $3
z00mba: folds 
sta$igk: calls $2
*** FLOP *** [Kh 9s 3c]
shootingGRID joins the table at seat #2 
sta$igk: checks 
JonnyAces7: bets $6.18
sta$igk: folds 
Uncalled bet ($6.18) returned to JonnyAces7
JonnyAces7 collected $6.18 from pot
*** SUMMARY ***
Total pot $6.50 | Rake $0.32 
Board [Kh 9s 3c]
Seat 1: z00mba (small blind) folded before Flop
Seat 3: sta$igk (big blind) folded on the Flop
Seat 4: BGS013 folded before Flop (didn't bet)
Seat 5: Xenicide folded before Flop (didn't bet)
Seat 6: JonnyAces7 (button) collected ($6.18)



PokerStars Hand #254437656683:  Hold'em No Limit ($0.50/$1.00 USD) - 2025/01/18 21:12:21 WET [2025/01/18 16:12:21 ET]
Table 'Menkalinan III' 6-max Seat #1 is the button
Seat 2: shootingGRID ($100 in chips) is sitting out
Seat 1: z00mba ($100 in chips) 
Seat 3: sta$igk ($131.83 in chips) 
Seat 4: BGS013 ($113.59 in chips) 
Seat 5: Xenicide ($143.99 in chips) 
Seat 6: JonnyAces7 ($32.54 in chips) 
sta$igk: posts small blind $0.50
BGS013: posts big blind $1
*** HOLE CARDS ***
Xenicide: folds 
JonnyAces7: folds 
z00mba: raises $1.50 to $2.50
sta$igk: folds 
BGS013: folds 
Uncalled bet ($1.50) returned to z00mba
z00mba collected $2.50 from pot
z00mba: doesn't show hand 
*** SUMMARY ***
Total pot $2.50 | Rake $0 
Seat 2: shootingGRID
Seat 1: z00mba (button) collected ($2.50)
Seat 3: sta$igk (small blind) folded before Flop
Seat 4: BGS013 (big blind) folded before Flop
Seat 5: Xenicide folded before Flop (didn't bet)
Seat 6: JonnyAces7 folded before Flop (didn't bet)



PokerStars Hand #254437664115:  Hold'em No Limit ($0.50/$1.00 USD) - 2025/01/18 21:12:44 WET [2025/01/18 16:12:44 ET]
Table 'Menkalinan III' 6-max Seat #3 is the button
Seat 2: shootingGRID ($100 in chips) is sitting out
Seat 5: Xenicide ($143.99 in chips) is sitting out
Seat 1: z00mba ($101.50 in chips) 
Seat 3: sta$igk ($131.33 in chips) 
Seat 4: BGS013 ($112.59 in chips) 
Seat 6: JonnyAces7 ($32.54 in chips) 
BGS013: posts small blind $0.50
Xenicide: is sitting out 
JonnyAces7: posts big blind $1
shootingGRID: sits out 
*** HOLE CARDS ***
Xenicide leaves the table
z00mba: folds 
sta$igk: folds 
BGS013: raises $2 to $3
JonnyAces7: folds 
Uncalled bet ($2) returned to BGS013
BGS013 collected $2 from pot
BGS013: doesn't show hand 
*** SUMMARY ***
Total pot $2 | Rake $0 
Seat 2: shootingGRID
Seat 5: Xenicide
Seat 1: z00mba folded before Flop (didn't bet)
Seat 3: sta$igk (button) folded before Flop (didn't bet)
Seat 4: BGS013 (small blind) collected ($2)
Seat 6: JonnyAces7 (big blind) folded before Flop



PokerStars Hand #254437670255:  Hold'em No Limit ($0.50/$1.00 USD) - 2025/01/18 21:13:05 WET [2025/01/18 16:13:05 ET]
Table 'Menkalinan III' 6-max Seat #4 is the button
Seat 2: shootingGRID ($100 in chips) is sitting out
Seat 1: z00mba ($101.50 in chips) 
Seat 3: sta$igk ($131.33 in chips) 
Seat 4: BGS013 ($113.59 in chips) 
Seat 6: JonnyAces7 ($31.54 in chips) 
JonnyAces7: posts small blind $0.50
z00mba: posts big blind $1
shootingGRID: sits out 
*** HOLE CARDS ***
sta$igk: folds 
BGS013: folds 
JonnyAces7: folds 
Uncalled bet ($0.50) returned to z00mba
AlexPinsk1 joins the table at seat #5 
z00mba collected $1 from pot
z00mba: doesn't show hand 
*** SUMMARY ***
Total pot $1 | Rake $0 
Seat 2: shootingGRID
Seat 1: z00mba (big blind) collected ($1)
Seat 3: sta$igk folded before Flop (didn't bet)
Seat 4: BGS013 (button) folded before Flop (didn't bet)
Seat 6: JonnyAces7 (small blind) folded before Flop



PokerStars Hand #254437837430:  Hold'em No Limit ($0.50/$1.00 USD) - 2025/01/18 21:21:54 WET [2025/01/18 16:21:54 ET]
Table 'Menkalinan III' 6-max Seat #6 is the button
Seat 1: z00mba ($100 in chips) 
Seat 2: shootingGRID ($100.38 in chips) 
Seat 3: sta$igk ($135.28 in chips) 
Seat 4: RYAN.WESTY ($53.72 in chips) 
Seat 5: AlexPinsk1 ($101.30 in chips) 
Seat 6: JonnyAces7 ($26.04 in chips) 
z00mba: posts small blind $0.50
shootingGRID: posts big blind $1
*** HOLE CARDS ***
sta$igk: folds 
RYAN.WESTY: folds 
AlexPinsk1: folds 
JonnyAces7: raises $25.04 to $26.04 and is all-in
z00mba: folds 
shootingGRID: folds 
Uncalled bet ($25.04) returned to JonnyAces7
JonnyAces7 collected $2.50 from pot
*** SUMMARY ***
Total pot $2.50 | Rake $0 
Seat 1: z00mba (small blind) folded before Flop
Seat 2: shootingGRID (big blind) folded before Flop
Seat 3: sta$igk folded before Flop (didn't bet)
Seat 4: RYAN.WESTY folded before Flop (didn't bet)
Seat 5: AlexPinsk1 folded before Flop (didn't bet)
Seat 6: JonnyAces7 (button) collected ($2.50)



PokerStars Hand #254437843988:  Hold'em No Limit ($0.50/$1.00 USD) - 2025/01/18 21:22:15 WET [2025/01/18 16:22:15 ET]
Table 'Menkalinan III' 6-max Seat #1 is the button
Seat 1: z00mba ($100 in chips) 
Seat 2: shootingGRID ($100 in chips) 
Seat 3: sta$igk ($135.28 in chips) 
Seat 4: RYAN.WESTY ($53.72 in chips) 
Seat 5: AlexPinsk1 ($101.30 in chips) 
Seat 6: JonnyAces7 ($27.54 in chips) 
shootingGRID: posts small blind $0.50
sta$igk: posts big blind $1
*** HOLE CARDS ***
RYAN.WESTY: folds 
AlexPinsk1: folds 
JonnyAces7: calls $1
z00mba: folds 
shootingGRID: raises $3 to $4
sta$igk: folds 
JonnyAces7: folds 
Uncalled bet ($3) returned to shootingGRID
shootingGRID collected $3 from pot
*** SUMMARY ***
Total pot $3 | Rake $0 
Seat 1: z00mba (button) folded before Flop (didn't bet)
Seat 2: shootingGRID (small blind) collected ($3)
Seat 3: sta$igk (big blind) folded before Flop
Seat 4: RYAN.WESTY folded before Flop (didn't bet)
Seat 5: AlexPinsk1 folded before Flop (didn't bet)
Seat 6: JonnyAces7 folded before Flop



PokerStars Hand #254437856525:  Hold'em No Limit ($0.50/$1.00 USD) - 2025/01/18 21:22:54 WET [2025/01/18 16:22:54 ET]
Table 'Menkalinan III' 6-max Seat #2 is the button
Seat 1: z00mba ($100 in chips) 
Seat 2: shootingGRID ($102 in chips) 
Seat 3: sta$igk ($134.28 in chips) 
Seat 4: RYAN.WESTY ($53.72 in chips) 
Seat 5: AlexPinsk1 ($101.30 in chips) 
Seat 6: JonnyAces7 ($26.54 in chips) 
sta$igk: posts small blind $0.50
RYAN.WESTY: posts big blind $1
*** HOLE CARDS ***
AlexPinsk1: folds 
JonnyAces7: folds 
z00mba: folds 
shootingGRID: raises $1.50 to $2.50
sta$igk: folds 
RYAN.WESTY: calls $1.50
*** FLOP *** [4h 6d 5h]
RYAN.WESTY: checks 
shootingGRID: checks 
*** TURN *** [4h 6d 5h] [2c]
RYAN.WESTY: bets $1
shootingGRID: folds 
Uncalled bet ($1) returned to RYAN.WESTY
RYAN.WESTY collected $5.22 from pot
RYAN.WESTY: doesn't show hand 
*** SUMMARY ***
Total pot $5.50 | Rake $0.28 
Board [4h 6d 5h 2c]
Seat 1: z00mba folded before Flop (didn't bet)
Seat 2: shootingGRID (button) folded on the Turn
Seat 3: sta$igk (small blind) folded before Flop
Seat 4: RYAN.WESTY (big blind) collected ($5.22)
Seat 5: AlexPinsk1 folded before Flop (didn't bet)
Seat 6: JonnyAces7 folded before Flop (didn't bet)



PokerStars Hand #254437879930:  Hold'em No Limit ($0.50/$1.00 USD) - 2025/01/18 21:24:09 WET [2025/01/18 16:24:09 ET]
Table 'Menkalinan III' 6-max Seat #3 is the button
Seat 1: z00mba ($100 in chips) 
Seat 2: shootingGRID ($100 in chips) 
Seat 3: sta$igk ($133.78 in chips) 
Seat 4: RYAN.WESTY ($56.44 in chips) 
Seat 5: AlexPinsk1 ($101.30 in chips) 
Seat 6: JonnyAces7 ($26.54 in chips) 
RYAN.WESTY: posts small blind $0.50
AlexPinsk1: posts big blind $1
*** HOLE CARDS ***
JonnyAces7: folds 
z00mba: folds 
shootingGRID: raises $1.25 to $2.25
sta$igk: raises $5.25 to $7.50
RYAN.WESTY: folds 
AlexPinsk1: folds 
shootingGRID: folds 
Uncalled bet ($5.25) returned to sta$igk
sta$igk collected $6 from pot
sta$igk: doesn't show hand 
*** SUMMARY ***
Total pot $6 | Rake $0 
Seat 1: z00mba folded before Flop (didn't bet)
Seat 2: shootingGRID folded before Flop
Seat 3: sta$igk (button) collected ($6)
Seat 4: RYAN.WESTY (small blind) folded before Flop
Seat 5: AlexPinsk1 (big blind) folded before Flop
Seat 6: JonnyAces7 folded before Flop (didn't bet)



PokerStars Hand #254437888276:  Hold'em No Limit ($0.50/$1.00 USD) - 2025/01/18 21:24:35 WET [2025/01/18 16:24:35 ET]
Table 'Menkalinan III' 6-max Seat #4 is the button
Seat 1: z00mba ($100 in chips) 
Seat 2: shootingGRID ($100 in chips) 
Seat 3: sta$igk ($137.53 in chips) 
Seat 4: RYAN.WESTY ($55.94 in chips) 
Seat 5: AlexPinsk1 ($100.30 in chips) 
Seat 6: JonnyAces7 ($26.54 in chips) 
AlexPinsk1: posts small blind $0.50
JonnyAces7: posts big blind $1
*** HOLE CARDS ***
z00mba: raises $1.50 to $2.50
shootingGRID: folds 
sta$igk: folds 
RYAN.WESTY: folds 
AlexPinsk1: folds 
RYAN.WESTY leaves the table
JonnyAces7: folds 
Uncalled bet ($1.50) returned to z00mba
z00mba collected $2.50 from pot
z00mba: doesn't show hand 
*** SUMMARY ***
Total pot $2.50 | Rake $0 
Seat 1: z00mba collected ($2.50)
Seat 2: shootingGRID folded before Flop (didn't bet)
Seat 3: sta$igk folded before Flop (didn't bet)
Seat 4: RYAN.WESTY (button) folded before Flop (didn't bet)
Seat 5: AlexPinsk1 (small blind) folded before Flop
Seat 6: JonnyAces7 (big blind) folded before Flop



PokerStars Hand #254437894960:  Hold'em No Limit ($0.50/$1.00 USD) - 2025/01/18 21:24:57 WET [2025/01/18 16:24:57 ET]
Table 'Menkalinan III' 6-max Seat #5 is the button
Seat 1: z00mba ($101.50 in chips) is sitting out
Seat 2: shootingGRID ($100 in chips) 
Seat 3: sta$igk ($137.53 in chips) 
Seat 5: AlexPinsk1 ($100 in chips) 
Seat 6: JonnyAces7 ($25.54 in chips) 
JonnyAces7: posts small blind $0.50
shootingGRID: posts big blind $1
*** HOLE CARDS ***
sta$igk: folds 
AlexPinsk1: raises $1.50 to $2.50
JonnyAces7: folds 
z00mba leaves the table
shootingGRID: raises $10.50 to $13
franco232315 joins the table at seat #1 
AlexPinsk1: raises $12.50 to $25.50
shootingGRID: raises $74.50 to $100 and is all-in
AlexPinsk1: calls $74.50 and is all-in
ptolejmus joins the table at seat #4 
*** FIRST FLOP *** [8c 2s Td]
*** FIRST TURN *** [8c 2s Td] [Js]
*** FIRST RIVER *** [8c 2s Td Js] [5h]
*** SECOND FLOP *** [Jh 5s 6s]
*** SECOND TURN *** [Jh 5s 6s] [5d]
*** SECOND RIVER *** [Jh 5s 6s 5d] [3d]
*** FIRST SHOW DOWN ***
shootingGRID: shows [Kd Ks] (a pair of Kings)
AlexPinsk1: shows [Kh Kc] (a pair of Kings)
shootingGRID collected $49.88 from pot
AlexPinsk1 collected $49.87 from pot
*** SECOND SHOW DOWN ***
shootingGRID: shows [Kd Ks] (two pair, Kings and Fives)
AlexPinsk1: shows [Kh Kc] (two pair, Kings and Fives)
shootingGRID collected $49.88 from pot
AlexPinsk1 collected $49.87 from pot
*** SUMMARY ***
Total pot $200.50 | Rake $1 
Hand was run twice
FIRST Board [8c 2s Td Js 5h]
SECOND Board [Jh 5s 6s 5d 3d]
Seat 1: z00mba
Seat 2: shootingGRID (big blind) showed [Kd Ks] and won ($49.88) with a pair of Kings, and won ($49.88) with two pair, Kings and Fives
Seat 3: sta$igk folded before Flop (didn't bet)
Seat 5: AlexPinsk1 (button) showed [Kh Kc] and won ($49.87) with a pair of Kings, and won ($49.87) with two pair, Kings and Fives
Seat 6: JonnyAces7 (small blind) folded before Flop



PokerStars Hand #254437913000:  Hold'em No Limit ($0.50/$1.00 USD) - 2025/01/18 21:25:55 WET [2025/01/18 16:25:55 ET]
Table 'Menkalinan III' 6-max Seat #6 is the button
Seat 1: franco232315 ($100 in chips) is sitting out
Seat 4: ptolejmus ($10 in chips) is sitting out
Seat 2: shootingGRID ($100 in chips) 
Seat 3: sta$igk ($137.53 in chips) 
Seat 5: AlexPinsk1 ($100 in chips) 
Seat 6: JonnyAces7 ($25.04 in chips) 
shootingGRID: posts small blind $0.50
sta$igk: posts big blind $1
ptolejmus: sits out 
*** HOLE CARDS ***
AlexPinsk1: folds 
JonnyAces7: raises $24.04 to $25.04 and is all-in
shootingGRID: folds 
sta$igk: folds 
Uncalled bet ($24.04) returned to JonnyAces7
JonnyAces7 collected $2.50 from pot
*** SUMMARY ***
Total pot $2.50 | Rake $0 
Seat 1: franco232315
Seat 4: ptolejmus
Seat 2: shootingGRID (small blind) folded before Flop
Seat 3: sta$igk (big blind) folded before Flop
Seat 5: AlexPinsk1 folded before Flop (didn't bet)
Seat 6: JonnyAces7 (button) collected ($2.50)



PokerStars Hand #254437922991:  Hold'em No Limit ($0.50/$1.00 USD) - 2025/01/18 21:26:27 WET [2025/01/18 16:26:27 ET]
Table 'Menkalinan III' 6-max Seat #2 is the button
Seat 1: franco232315 ($100 in chips) is sitting out
Seat 2: shootingGRID ($100 in chips) 
Seat 3: sta$igk ($136.53 in chips) 
Seat 4: ptolejmus ($10 in chips) 
Seat 5: AlexPinsk1 ($100 in chips) 
Seat 6: JonnyAces7 ($26.54 in chips) 
sta$igk: posts small blind $0.50
ptolejmus: posts big blind $1
franco232315: sits out 
*** HOLE CARDS ***
AlexPinsk1: folds 
JonnyAces7: folds 
shootingGRID: folds 
sta$igk: folds 
Uncalled bet ($0.50) returned to ptolejmus
ptolejmus collected $1 from pot
*** SUMMARY ***
Total pot $1 | Rake $0 
Seat 1: franco232315
Seat 2: shootingGRID (button) folded before Flop (didn't bet)
Seat 3: sta$igk (small blind) folded before Flop
Seat 4: ptolejmus (big blind) collected ($1)
Seat 5: AlexPinsk1 folded before Flop (didn't bet)
Seat 6: JonnyAces7 folded before Flop (didn't bet)



PokerStars Hand #254437925616:  Hold'em No Limit ($0.50/$1.00 USD) - 2025/01/18 21:26:36 WET [2025/01/18 16:26:36 ET]
Table 'Menkalinan III' 6-max Seat #3 is the button
Seat 1: franco232315 ($100 in chips) is sitting out
Seat 2: shootingGRID ($100 in chips) 
Seat 3: sta$igk ($136.03 in chips) 
Seat 4: ptolejmus ($10.50 in chips) 
Seat 5: AlexPinsk1 ($100 in chips) 
Seat 6: JonnyAces7 ($26.54 in chips) 
ptolejmus: posts small blind $0.50
AlexPinsk1: posts big blind $1
franco232315: sits out 
*** HOLE CARDS ***
JonnyAces7: folds 
shootingGRID: folds 
sta$igk: raises $1 to $2
ptolejmus: folds 
AlexPinsk1: folds 
Uncalled bet ($1) returned to sta$igk
sta$igk collected $2.50 from pot
sta$igk: doesn't show hand 
*** SUMMARY ***
Total pot $2.50 | Rake $0 
Seat 1: franco232315
Seat 2: shootingGRID folded before Flop (didn't bet)
Seat 3: sta$igk (button) collected ($2.50)
Seat 4: ptolejmus (small blind) folded before Flop
Seat 5: AlexPinsk1 (big blind) folded before Flop
Seat 6: JonnyAces7 folded before Flop (didn't bet)



PokerStars Hand #254437938110:  Hold'em No Limit ($0.50/$1.00 USD) - 2025/01/18 21:27:16 WET [2025/01/18 16:27:16 ET]
Table 'Menkalinan III' 6-max Seat #4 is the button
Seat 1: franco232315 ($100 in chips) is sitting out
Seat 2: shootingGRID ($100 in chips) 
Seat 3: sta$igk ($137.53 in chips) 
Seat 4: ptolejmus ($10 in chips) 
Seat 5: AlexPinsk1 ($100 in chips) 
Seat 6: JonnyAces7 ($26.54 in chips) 
AlexPinsk1: posts small blind $0.50
JonnyAces7: posts big blind $1
franco232315: sits out 
*** HOLE CARDS ***
shootingGRID: folds 
sta$igk: folds 
ptolejmus: folds 
AlexPinsk1: calls $0.50
JonnyAces7: checks 
*** FLOP *** [Qh 9c 5s]
AlexPinsk1: checks 
JonnyAces7: checks 
*** TURN *** [Qh 9c 5s] [5h]
AlexPinsk1: checks 
JonnyAces7: checks 
*** RIVER *** [Qh 9c 5s 5h] [9h]
AlexPinsk1: checks 
JonnyAces7: checks 
*** SHOW DOWN ***
AlexPinsk1: shows [8s 7d] (two pair, Nines and Fives)
JonnyAces7: shows [3d 8c] (two pair, Nines and Fives)
AlexPinsk1 collected $0.95 from pot
JonnyAces7 collected $0.95 from pot
*** SUMMARY ***
Total pot $2 | Rake $0.10 
Board [Qh 9c 5s 5h 9h]
Seat 1: franco232315
Seat 2: shootingGRID folded before Flop (didn't bet)
Seat 3: sta$igk folded before Flop (didn't bet)
Seat 4: ptolejmus (button) folded before Flop (didn't bet)
Seat 5: AlexPinsk1 (small blind) showed [8s 7d] and won ($0.95) with two pair, Nines and Fives
Seat 6: JonnyAces7 (big blind) showed [3d 8c] and won ($0.95) with two pair, Nines and Fives



PokerStars Hand #254437947083:  Hold'em No Limit ($0.50/$1.00 USD) - 2025/01/18 21:27:45 WET [2025/01/18 16:27:45 ET]
Table 'Menkalinan III' 6-max Seat #5 is the button
Seat 1: franco232315 ($100 in chips) 
Seat 2: shootingGRID ($100 in chips) 
Seat 3: sta$igk ($137.53 in chips) 
Seat 4: ptolejmus ($10 in chips) 
Seat 5: AlexPinsk1 ($100 in chips) 
Seat 6: JonnyAces7 ($26.49 in chips) 
JonnyAces7: posts small blind $0.50
franco232315: posts big blind $1
*** HOLE CARDS ***
shootingGRID: folds 
sta$igk: folds 
ptolejmus: raises $1 to $2
AlexPinsk1: folds 
JonnyAces7: raises $24.49 to $26.49 and is all-in
franco232315: folds 
ptolejmus: calls $8 and is all-in
Uncalled bet ($16.49) returned to JonnyAces7
*** FLOP *** [Th 2s 6d]
*** TURN *** [Th 2s 6d] [7d]
*** RIVER *** [Th 2s 6d 7d] [5s]
*** SHOW DOWN ***
JonnyAces7: shows [2c 2d] (three of a kind, Deuces)
ptolejmus: shows [As Ad] (a pair of Aces)
JonnyAces7 collected $19.95 from pot
*** SUMMARY ***
Total pot $21 | Rake $1.05 
Board [Th 2s 6d 7d 5s]
Seat 1: franco232315 (big blind) folded before Flop
Seat 2: shootingGRID folded before Flop (didn't bet)
Seat 3: sta$igk folded before Flop (didn't bet)
Seat 4: ptolejmus showed [As Ad] and lost with a pair of Aces
Seat 5: AlexPinsk1 (button) folded before Flop (didn't bet)
Seat 6: JonnyAces7 (small blind) showed [2c 2d] and won ($19.95) with three of a kind, Deuces



PokerStars Hand #254437957164:  Hold'em No Limit ($0.50/$1.00 USD) - 2025/01/18 21:28:18 WET [2025/01/18 16:28:18 ET]
Table 'Menkalinan III' 6-max Seat #6 is the button
Seat 1: franco232315 ($100 in chips) 
Seat 2: shootingGRID ($100 in chips) 
Seat 3: sta$igk ($137.53 in chips) 
Seat 4: ptolejmus ($10 in chips) 
Seat 5: AlexPinsk1 ($100 in chips) 
Seat 6: JonnyAces7 ($36.44 in chips) 
franco232315: posts small blind $0.50
shootingGRID: posts big blind $1
*** HOLE CARDS ***
sta$igk: folds 
ptolejmus: folds 
AlexPinsk1: folds 
JonnyAces7: folds 
JonnyAces7 leaves the table
franco232315: raises $2 to $3
shootingGRID: calls $2
*** FLOP *** [7s Qs 4c]
franco232315: bets $1.88
shootingGRID: raises $6.14 to $8.02
franco232315: folds 
Uncalled bet ($6.14) returned to shootingGRID
shootingGRID collected $9.27 from pot
*** SUMMARY ***
Total pot $9.76 | Rake $0.49 
Board [7s Qs 4c]
Seat 1: franco232315 (small blind) folded on the Flop
Seat 2: shootingGRID (big blind) collected ($9.27)
Seat 3: sta$igk folded before Flop (didn't bet)
Seat 4: ptolejmus folded before Flop (didn't bet)
Seat 5: AlexPinsk1 folded before Flop (didn't bet)
Seat 6: JonnyAces7 (button) folded before Flop (didn't bet)



PokerStars Hand #254437972168:  Hold'em No Limit ($0.50/$1.00 USD) - 2025/01/18 21:29:07 WET [2025/01/18 16:29:07 ET]
Table 'Menkalinan III' 6-max Seat #1 is the button
Seat 3: sta$igk ($137.53 in chips) is sitting out
Seat 1: franco232315 ($100 in chips) 
Seat 2: shootingGRID ($104.39 in chips) 
Seat 4: ptolejmus ($10 in chips) 
Seat 5: AlexPinsk1 ($100 in chips) 
shootingGRID: posts small blind $0.50
sta$igk: is sitting out 
ptolejmus: posts big blind $1
*** HOLE CARDS ***
sta$igk leaves the table
AlexPinsk1: raises $1.50 to $2.50
franco232315: folds 
shootingGRID: folds 
ptolejmus: folds 
Uncalled bet ($1.50) returned to AlexPinsk1
AlexPinsk1 collected $2.50 from pot
AlexPinsk1: doesn't show hand 
*** SUMMARY ***
Total pot $2.50 | Rake $0 
Seat 3: sta$igk
Seat 1: franco232315 (button) folded before Flop (didn't bet)
Seat 2: shootingGRID (small blind) folded before Flop
Seat 4: ptolejmus (big blind) folded before Flop
Seat 5: AlexPinsk1 collected ($2.50)



PokerStars Hand #254437982250:  Hold'em No Limit ($0.50/$1.00 USD) - 2025/01/18 21:29:41 WET [2025/01/18 16:29:41 ET]
Table 'Menkalinan III' 6-max Seat #2 is the button
Seat 1: franco232315 ($100 in chips) 
Seat 2: shootingGRID ($103.89 in chips) 
Seat 4: ptolejmus ($10 in chips) 
Seat 5: AlexPinsk1 ($101.50 in chips) 
ptolejmus: posts small blind $0.50
AlexPinsk1: posts big blind $1
*** HOLE CARDS ***
franco232315: folds 
franco232315 leaves the table
shootingGRID: raises $1.50 to $2.50
ptolejmus: folds 
AlexPinsk1: raises $9.50 to $12
shootingGRID: raises $14.40 to $26.40
AlexPinsk1: folds 
Uncalled bet ($14.40) returned to shootingGRID
shootingGRID collected $24.50 from pot
*** SUMMARY ***
Total pot $24.50 | Rake $0 
Seat 1: franco232315 folded before Flop (didn't bet)
Seat 2: shootingGRID (button) collected ($24.50)
Seat 4: ptolejmus (small blind) folded before Flop
Seat 5: AlexPinsk1 (big blind) folded before Flop



