PokerStars Hand #254437225357:  Hold'em No Limit ($0.50/$1.00 USD) - 2025/01/18 20:46:55 WET [2025/01/18 15:46:55 ET]
Table 'Paulina IV' 6-max Seat #3 is the button
Seat 4: z00mba ($100 in chips) is sitting out
Seat 1: Tigodrigues ($64.64 in chips) 
Seat 2: Joker007r ($100 in chips) 
Seat 3: v.sting ($100 in chips) 
Seat 5: XneferX ($100 in chips) 
Seat 6: MAO_DZEDYN_S ($100 in chips) 
XneferX: posts small blind $0.50
MAO_DZEDYN_S: posts big blind $1
*** HOLE CARDS ***
Tigodrigues: folds 
Joker007r: raises $1.50 to $2.50
v.sting: folds 
XneferX: folds 
Tigodrigues leaves the table
MAO_DZEDYN_S: folds 
Uncalled bet ($1.50) returned to Joker007r
Joker007r collected $2.50 from pot
Joker007r: doesn't show hand 
*** SUMMARY ***
Total pot $2.50 | Rake $0 
Seat 4: z00mba
Seat 1: Tigodrigues folded before Flop (didn't bet)
Seat 2: Joker007r collected ($2.50)
Seat 3: v.sting (button) folded before Flop (didn't bet)
Seat 5: XneferX (small blind) folded before Flop
Seat 6: MAO_DZEDYN_S (big blind) folded before Flop



PokerStars Hand #254437235013:  Hold'em No Limit ($0.50/$1.00 USD) - 2025/01/18 20:47:27 WET [2025/01/18 15:47:27 ET]
Table 'Paulina IV' 6-max Seat #5 is the button
Seat 4: z00mba ($100 in chips) is sitting out
Seat 2: Joker007r ($101.50 in chips) 
Seat 3: v.sting ($100 in chips) 
Seat 5: XneferX ($100 in chips) 
Seat 6: MAO_DZEDYN_S ($100 in chips) 
MAO_DZEDYN_S: posts small blind $0.50
Joker007r: posts big blind $1
z00mba: sits out 
*** HOLE CARDS ***
v.sting: folds 
XneferX: folds 
MAO_DZEDYN_S: raises $2 to $3
Joker007r: calls $2
*** FLOP *** [Ac Qd 9s]
MAO_DZEDYN_S: bets $1.71
Joker007r: folds 
Uncalled bet ($1.71) returned to MAO_DZEDYN_S
MAO_DZEDYN_S collected $5.70 from pot
MAO_DZEDYN_S: doesn't show hand 
*** SUMMARY ***
Total pot $6 | Rake $0.30 
Board [Ac Qd 9s]
Seat 4: z00mba
Seat 2: Joker007r (big blind) folded on the Flop
Seat 3: v.sting folded before Flop (didn't bet)
Seat 5: XneferX (button) folded before Flop (didn't bet)
Seat 6: MAO_DZEDYN_S (small blind) collected ($5.70)



PokerStars Hand #254437247426:  Hold'em No Limit ($0.50/$1.00 USD) - 2025/01/18 20:48:08 WET [2025/01/18 15:48:08 ET]
Table 'Paulina IV' 6-max Seat #6 is the button
Seat 4: z00mba ($100 in chips) is sitting out
Seat 2: Joker007r ($100 in chips) 
Seat 3: v.sting ($100 in chips) 
Seat 5: XneferX ($100 in chips) 
Seat 6: MAO_DZEDYN_S ($102.70 in chips) 
Joker007r: posts small blind $0.50
v.sting: posts big blind $1
z00mba: sits out 
*** HOLE CARDS ***
XneferX: raises $1.30 to $2.30
MAO_DZEDYN_S: folds 
Joker007r: folds 
v.sting: folds 
Uncalled bet ($1.30) returned to XneferX
XneferX collected $2.50 from pot
XneferX: doesn't show hand 
*** SUMMARY ***
Total pot $2.50 | Rake $0 
Seat 4: z00mba
Seat 2: Joker007r (small blind) folded before Flop
Seat 3: v.sting (big blind) folded before Flop
Seat 5: XneferX collected ($2.50)
Seat 6: MAO_DZEDYN_S (button) folded before Flop (didn't bet)



PokerStars Hand #254437252361:  Hold'em No Limit ($0.50/$1.00 USD) - 2025/01/18 20:48:24 WET [2025/01/18 15:48:24 ET]
Table 'Paulina IV' 6-max Seat #2 is the button
Seat 2: Joker007r ($100 in chips) 
Seat 3: v.sting ($100 in chips) 
Seat 4: z00mba ($100 in chips) 
Seat 5: XneferX ($101.50 in chips) 
Seat 6: MAO_DZEDYN_S ($102.70 in chips) 
v.sting: posts small blind $0.50
z00mba: posts big blind $1
*** HOLE CARDS ***
XneferX: folds 
MAO_DZEDYN_S: folds 
Joker007r: folds 
v.sting: folds 
Uncalled bet ($0.50) returned to z00mba
z00mba collected $1 from pot
z00mba: doesn't show hand 
*** SUMMARY ***
Total pot $1 | Rake $0 
Seat 2: Joker007r (button) folded before Flop (didn't bet)
Seat 3: v.sting (small blind) folded before Flop
Seat 4: z00mba (big blind) collected ($1)
Seat 5: XneferX folded before Flop (didn't bet)
Seat 6: MAO_DZEDYN_S folded before Flop (didn't bet)



PokerStars Hand #254437284049:  Hold'em No Limit ($0.50/$1.00 USD) - 2025/01/18 20:50:07 WET [2025/01/18 15:50:07 ET]
Table 'Paulina IV' 6-max Seat #3 is the button
Seat 3: XneferX ($101.50 in chips) 
Seat 4: blackclan7 ($100 in chips) 
Seat 6: MAO_DZEDYN_S ($102.70 in chips) 
blackclan7: posts small blind $0.50
MAO_DZEDYN_S: posts big blind $1
*** HOLE CARDS ***
XneferX: folds 
blackclan7: raises $2 to $3
MAO_DZEDYN_S: calls $2
*** FLOP *** [Tc 7s 9h]
blackclan7: checks 
MAO_DZEDYN_S: bets $1.71
blackclan7: raises $4.65 to $6.36
MAO_DZEDYN_S: folds 
Uncalled bet ($4.65) returned to blackclan7
blackclan7 collected $8.95 from pot
blackclan7: doesn't show hand 
*** SUMMARY ***
Total pot $9.42 | Rake $0.47 
Board [Tc 7s 9h]
Seat 3: XneferX (button) folded before Flop (didn't bet)
Seat 4: blackclan7 (small blind) collected ($8.95)
Seat 6: MAO_DZEDYN_S (big blind) folded on the Flop



PokerStars Hand #254437306787:  Hold'em No Limit ($0.50/$1.00 USD) - 2025/01/18 20:51:22 WET [2025/01/18 15:51:22 ET]
Table 'Paulina IV' 6-max Seat #4 is the button
Seat 3: XneferX ($101.50 in chips) 
Seat 4: blackclan7 ($104.24 in chips) 
Seat 6: MAO_DZEDYN_S ($100 in chips) 
MAO_DZEDYN_S: posts small blind $0.50
XneferX: posts big blind $1
*** HOLE CARDS ***
blackclan7: raises $1.50 to $2.50
MAO_DZEDYN_S: folds 
XneferX: calls $1.50
*** FLOP *** [Jh Kd Kc]
Kristo 914 joins the table at seat #2 
XneferX: checks 
blackclan7: bets $1.72
XneferX: folds 
Uncalled bet ($1.72) returned to blackclan7
blackclan7 collected $5.22 from pot
blackclan7: doesn't show hand 
*** SUMMARY ***
Total pot $5.50 | Rake $0.28 
Board [Jh Kd Kc]
Seat 3: XneferX (big blind) folded on the Flop
Seat 4: blackclan7 (button) collected ($5.22)
Seat 6: MAO_DZEDYN_S (small blind) folded before Flop



PokerStars Hand #254437324849:  Hold'em No Limit ($0.50/$1.00 USD) - 2025/01/18 20:52:21 WET [2025/01/18 15:52:21 ET]
Table 'Paulina IV' 6-max Seat #6 is the button
Seat 2: Kristo 914 ($100 in chips) is sitting out
Seat 3: XneferX ($100 in chips) 
Seat 4: blackclan7 ($106.96 in chips) 
Seat 6: MAO_DZEDYN_S ($100 in chips) 
XneferX: posts small blind $0.50
blackclan7: posts big blind $1
*** HOLE CARDS ***
vadjkeee joins the table at seat #1 
worker0k joins the table at seat #5 
MAO_DZEDYN_S: raises $1.50 to $2.50
XneferX: folds 
blackclan7: calls $1.50
*** FLOP *** [7d Qd 8d]
blackclan7: checks 
MAO_DZEDYN_S: bets $1.25
blackclan7: calls $1.25
*** TURN *** [7d Qd 8d] [Jc]
blackclan7: checks 
MAO_DZEDYN_S: checks 
*** RIVER *** [7d Qd 8d Jc] [Ad]
blackclan7: checks 
MAO_DZEDYN_S: checks 
*** SHOW DOWN ***
blackclan7: shows [9s Tc] (a straight, Eight to Queen)
MAO_DZEDYN_S: mucks hand 
blackclan7 collected $7.60 from pot
*** SUMMARY ***
Total pot $8 | Rake $0.40 
Board [7d Qd 8d Jc Ad]
Seat 2: Kristo 914
Seat 3: XneferX (small blind) folded before Flop
Seat 4: blackclan7 (big blind) showed [9s Tc] and won ($7.60) with a straight, Eight to Queen
Seat 6: MAO_DZEDYN_S (button) mucked



PokerStars Hand #254437350307:  Hold'em No Limit ($0.50/$1.00 USD) - 2025/01/18 20:53:45 WET [2025/01/18 15:53:45 ET]
Table 'Paulina IV' 6-max Seat #3 is the button
Seat 1: vadjkeee ($100 in chips) is sitting out
Seat 2: Kristo 914 ($100 in chips) is sitting out
Seat 3: XneferX ($100 in chips) 
Seat 4: blackclan7 ($110.81 in chips) 
Seat 5: worker0k ($100 in chips) 
Seat 6: MAO_DZEDYN_S ($100 in chips) 
blackclan7: posts small blind $0.50
worker0k: posts big blind $1
vadjkeee: sits out 
Kristo 914: sits out 
*** HOLE CARDS ***
MAO_DZEDYN_S: folds 
XneferX: raises $1.77 to $2.77
MAO_DZEDYN_S leaves the table
blackclan7: folds 
worker0k: folds 
Uncalled bet ($1.77) returned to XneferX
XneferX collected $2.50 from pot
XneferX: doesn't show hand 
*** SUMMARY ***
Total pot $2.50 | Rake $0 
Seat 1: vadjkeee
Seat 2: Kristo 914
Seat 3: XneferX (button) collected ($2.50)
Seat 4: blackclan7 (small blind) folded before Flop
Seat 5: worker0k (big blind) folded before Flop
Seat 6: MAO_DZEDYN_S folded before Flop (didn't bet)



PokerStars Hand #254437353569:  Hold'em No Limit ($0.50/$1.00 USD) - 2025/01/18 20:53:56 WET [2025/01/18 15:53:56 ET]
Table 'Paulina IV' 6-max Seat #4 is the button
Seat 2: Kristo 914 ($100 in chips) is sitting out
Seat 1: vadjkeee ($100 in chips) 
Seat 3: XneferX ($101.50 in chips) 
Seat 4: blackclan7 ($110.31 in chips) 
Seat 5: worker0k ($100 in chips) 
worker0k: posts small blind $0.50
vadjkeee: posts big blind $1
Kristo 914: sits out 
*** HOLE CARDS ***
XneferX: folds 
blackclan7: raises $1.50 to $2.50
worker0k: folds 
vadjkeee: calls $1.50
*** FLOP *** [8c Qd 6h]
vadjkeee: checks 
R.M.Farcas joins the table at seat #6 
blackclan7: bets $1.72
vadjkeee: calls $1.72
*** TURN *** [8c Qd 6h] [5d]
vadjkeee: checks 
blackclan7: checks 
*** RIVER *** [8c Qd 6h 5d] [7c]
vadjkeee: checks 
blackclan7: checks 
*** SHOW DOWN ***
vadjkeee: shows [Th 8h] (a pair of Eights)
blackclan7: mucks hand 
vadjkeee collected $8.49 from pot
*** SUMMARY ***
Total pot $8.94 | Rake $0.45 
Board [8c Qd 6h 5d 7c]
Seat 2: Kristo 914
Seat 1: vadjkeee (big blind) showed [Th 8h] and won ($8.49) with a pair of Eights
Seat 3: XneferX folded before Flop (didn't bet)
Seat 4: blackclan7 (button) mucked
Seat 5: worker0k (small blind) folded before Flop



PokerStars Hand #254437374034:  Hold'em No Limit ($0.50/$1.00 USD) - 2025/01/18 20:55:05 WET [2025/01/18 15:55:05 ET]
Table 'Paulina IV' 6-max Seat #5 is the button
Seat 6: R.M.Farcas ($80 in chips) is sitting out
Seat 1: vadjkeee ($104.27 in chips) 
Seat 2: Kristo 914 ($100 in chips) 
Seat 3: XneferX ($101.50 in chips) 
Seat 4: blackclan7 ($106.09 in chips) 
Seat 5: worker0k ($100 in chips) 
vadjkeee: posts small blind $0.50
Kristo 914: posts big blind $1
*** HOLE CARDS ***
XneferX: folds 
XneferX leaves the table
blackclan7: raises $1.30 to $2.30
worker0k: folds 
vadjkeee: folds 
Kristo 914: folds 
Uncalled bet ($1.30) returned to blackclan7
blackclan7 collected $2.50 from pot
blackclan7: doesn't show hand 
*** SUMMARY ***
Total pot $2.50 | Rake $0 
Seat 6: R.M.Farcas
Seat 1: vadjkeee (small blind) folded before Flop
Seat 2: Kristo 914 (big blind) folded before Flop
Seat 3: XneferX folded before Flop (didn't bet)
Seat 4: blackclan7 collected ($2.50)
Seat 5: worker0k (button) folded before Flop (didn't bet)



PokerStars Hand #254437378798:  Hold'em No Limit ($0.50/$1.00 USD) - 2025/01/18 20:55:27 WET [2025/01/18 15:55:27 ET]
Table 'Paulina IV' 6-max Seat #1 is the button
Seat 4: blackclan7 ($107.59 in chips) is sitting out
Seat 5: worker0k ($100 in chips) is sitting out
Seat 1: vadjkeee ($103.77 in chips) 
Seat 2: Kristo 914 ($100 in chips) 
Seat 6: R.M.Farcas ($100 in chips) 
Kristo 914: posts small blind $0.50
blackclan7: is sitting out 
worker0k: is sitting out 
R.M.Farcas: posts big blind $1
*** HOLE CARDS ***
worker0k leaves the table
blackclan7 leaves the table
adrianos1211 joins the table at seat #3 
vadjkeee: raises $1.50 to $2.50
Kristo 914: folds 
R.M.Farcas: calls $1.50
*** FLOP *** [Td 9d 2d]
R.M.Farcas: checks 
vadjkeee: checks 
*** TURN *** [Td 9d 2d] [6s]
R.M.Farcas: checks 
vadjkeee: bets $3.92
R.M.Farcas: folds 
Uncalled bet ($3.92) returned to vadjkeee
vadjkeee collected $5.22 from pot
vadjkeee: doesn't show hand 
*** SUMMARY ***
Total pot $5.50 | Rake $0.28 
Board [Td 9d 2d 6s]
Seat 4: blackclan7
Seat 5: worker0k
Seat 1: vadjkeee (button) collected ($5.22)
Seat 2: Kristo 914 (small blind) folded before Flop
Seat 6: R.M.Farcas (big blind) folded on the Turn



PokerStars Hand #254437384829:  Hold'em No Limit ($0.50/$1.00 USD) - 2025/01/18 20:55:56 WET [2025/01/18 15:55:56 ET]
Table 'Paulina IV' 6-max Seat #6 is the button
Seat 3: adrianos1211 ($100 in chips) is sitting out
Seat 2: Kristo 914 ($100 in chips) 
Seat 6: R.M.Farcas ($97.50 in chips) 
R.M.Farcas: posts small blind $0.50
Kristo 914: posts big blind $1
*** HOLE CARDS ***
R.M.Farcas: folds 
Uncalled bet ($0.50) returned to Kristo 914
Kristo 914 collected $1 from pot
Kristo 914: doesn't show hand 
*** SUMMARY ***
Total pot $1 | Rake $0 
Seat 3: adrianos1211
Seat 2: Kristo 914 (big blind) collected ($1)
Seat 6: R.M.Farcas (button) (small blind) folded before Flop



PokerStars Hand #254437387098:  Hold'em No Limit ($0.50/$1.00 USD) - 2025/01/18 20:56:07 WET [2025/01/18 15:56:07 ET]
Table 'Paulina IV' 6-max Seat #2 is the button
Seat 6: R.M.Farcas ($97 in chips) is sitting out
Seat 2: Kristo 914 ($100.50 in chips) 
Seat 3: adrianos1211 ($100 in chips) 
Kristo 914: posts small blind $0.50
adrianos1211: posts big blind $1
*** HOLE CARDS ***
Kristo 914: folds 
Uncalled bet ($0.50) returned to adrianos1211
adrianos1211 collected $1 from pot
adrianos1211: doesn't show hand 
*** SUMMARY ***
Total pot $1 | Rake $0 
Seat 6: R.M.Farcas
Seat 2: Kristo 914 (button) (small blind) folded before Flop
Seat 3: adrianos1211 (big blind) collected ($1)



