PokerStars Hand #254428641594:  Hold'em No Limit ($0.50/$1.00 USD) - 2025/01/18 9:20:55 WET [2025/01/18 4:20:55 ET]
Table 'Baillauda III' 6-max Seat #3 is the button
Seat 1: Amara2009 ($20.82 in chips) 
Seat 2: Burlica2013 ($100 in chips) 
Seat 3: CEPTT ($102.30 in chips) 
Amara2009: posts small blind $0.50
Burlica2013: posts big blind $1
*** HOLE CARDS ***
CEPTT: folds 
Amara2009: folds 
Uncalled bet ($0.50) returned to Burlica2013
Burlica2013 collected $1 from pot
Burlica2013: doesn't show hand 
*** SUMMARY ***
Total pot $1 | Rake $0 
Seat 1: Amara2009 (small blind) folded before Flop
Seat 2: Burlica2013 (big blind) collected ($1)
Seat 3: CEPTT (button) folded before Flop (didn't bet)



PokerStars Hand #254428642350:  Hold'em No Limit ($0.50/$1.00 USD) - 2025/01/18 9:21:02 WET [2025/01/18 4:21:02 ET]
Table 'Baillauda III' 6-max Seat #1 is the button
Seat 1: Amara2009 ($20.32 in chips) 
Seat 2: Burlica2013 ($100.50 in chips) 
Seat 3: CEPTT ($102.30 in chips) 
Burlica2013: posts small blind $0.50
CEPTT: posts big blind $1
*** HOLE CARDS ***
Amara2009: calls $1
Burlica2013: raises $9 to $10
CEPTT: folds 
Amara2009: folds 
Uncalled bet ($9) returned to Burlica2013
Burlica2013 collected $3 from pot
Burlica2013: doesn't show hand 
*** SUMMARY ***
Total pot $3 | Rake $0 
Seat 1: Amara2009 (button) folded before Flop
Seat 2: Burlica2013 (small blind) collected ($3)
Seat 3: CEPTT (big blind) folded before Flop



PokerStars Hand #254428643878:  Hold'em No Limit ($0.50/$1.00 USD) - 2025/01/18 9:21:18 WET [2025/01/18 4:21:18 ET]
Table 'Baillauda III' 6-max Seat #2 is the button
Seat 1: Amara2009 ($19.32 in chips) 
Seat 2: Burlica2013 ($102.50 in chips) 
Seat 3: CEPTT ($101.30 in chips) 
CEPTT: posts small blind $0.50
Amara2009: posts big blind $1
*** HOLE CARDS ***
Burlica2013: folds 
Kristo 914 joins the table at seat #5 
blistein joins the table at seat #6 
CEPTT: folds 
Uncalled bet ($0.50) returned to Amara2009
Amara2009 collected $1 from pot
*** SUMMARY ***
Total pot $1 | Rake $0 
Seat 1: Amara2009 (big blind) collected ($1)
Seat 2: Burlica2013 (button) folded before Flop (didn't bet)
Seat 3: CEPTT (small blind) folded before Flop



PokerStars Hand #254428644892:  Hold'em No Limit ($0.50/$1.00 USD) - 2025/01/18 9:21:28 WET [2025/01/18 4:21:28 ET]
Table 'Baillauda III' 6-max Seat #3 is the button
Seat 5: Kristo 914 ($100 in chips) is sitting out
Seat 6: blistein ($100 in chips) is sitting out
Seat 1: Amara2009 ($19.82 in chips) 
Seat 2: Burlica2013 ($102.50 in chips) 
Seat 3: CEPTT ($100.80 in chips) 
Amara2009: posts small blind $0.50
Burlica2013: posts big blind $1
*** HOLE CARDS ***
CEPTT: folds 
Amara2009: calls $0.50
Burlica2013: checks 
*** FLOP *** [3c 6c 2d]
Amara2009: checks 
Burlica2013: checks 
*** TURN *** [3c 6c 2d] [Ad]
Amara2009: bets $1.90
Burlica2013: folds 
Uncalled bet ($1.90) returned to Amara2009
Amara2009 collected $1.88 from pot
*** SUMMARY ***
Total pot $2 | Rake $0.12 
Board [3c 6c 2d Ad]
Seat 5: Kristo 914
Seat 6: blistein
Seat 1: Amara2009 (small blind) collected ($1.88)
Seat 2: Burlica2013 (big blind) folded on the Turn
Seat 3: CEPTT (button) folded before Flop (didn't bet)



PokerStars Hand #254428646386:  Hold'em No Limit ($0.50/$1.00 USD) - 2025/01/18 9:21:44 WET [2025/01/18 4:21:44 ET]
Table 'Baillauda III' 6-max Seat #1 is the button
Seat 5: Kristo 914 ($100 in chips) is sitting out
Seat 6: blistein ($100 in chips) is sitting out
Seat 1: Amara2009 ($20.70 in chips) 
Seat 2: Burlica2013 ($101.50 in chips) 
Seat 3: CEPTT ($100.80 in chips) 
Burlica2013: posts small blind $0.50
CEPTT: posts big blind $1
Kristo 914: sits out 
blistein: sits out 
*** HOLE CARDS ***
janarr5 joins the table at seat #4 
Amara2009: folds 
Burlica2013: folds 
Uncalled bet ($0.50) returned to CEPTT
CEPTT collected $1 from pot
CEPTT: doesn't show hand 
*** SUMMARY ***
Total pot $1 | Rake $0 
Seat 5: Kristo 914
Seat 6: blistein
Seat 1: Amara2009 (button) folded before Flop (didn't bet)
Seat 2: Burlica2013 (small blind) folded before Flop
Seat 3: CEPTT (big blind) collected ($1)



PokerStars Hand #254428647112:  Hold'em No Limit ($0.50/$1.00 USD) - 2025/01/18 9:21:50 WET [2025/01/18 4:21:50 ET]
Table 'Baillauda III' 6-max Seat #2 is the button
Seat 5: Kristo 914 ($100 in chips) is sitting out
Seat 6: blistein ($100 in chips) is sitting out
Seat 1: Amara2009 ($20.70 in chips) 
Seat 2: Burlica2013 ($101 in chips) 
Seat 3: CEPTT ($101.30 in chips) 
Seat 4: janarr5 ($100 in chips) 
CEPTT: posts small blind $0.50
janarr5: posts big blind $1
Kristo 914: sits out 
blistein: sits out 
*** HOLE CARDS ***
Amara2009: folds 
Burlica2013: raises $1.45 to $2.45
CEPTT: folds 
janarr5: folds 
Uncalled bet ($1.45) returned to Burlica2013
Burlica2013 collected $2.50 from pot
Burlica2013: doesn't show hand 
*** SUMMARY ***
Total pot $2.50 | Rake $0 
Seat 5: Kristo 914
Seat 6: blistein
Seat 1: Amara2009 folded before Flop (didn't bet)
Seat 2: Burlica2013 (button) collected ($2.50)
Seat 3: CEPTT (small blind) folded before Flop
Seat 4: janarr5 (big blind) folded before Flop



PokerStars Hand #254428648273:  Hold'em No Limit ($0.50/$1.00 USD) - 2025/01/18 9:22:02 WET [2025/01/18 4:22:02 ET]
Table 'Baillauda III' 6-max Seat #3 is the button
Seat 6: blistein ($100 in chips) is sitting out
Seat 1: Amara2009 ($20.70 in chips) 
Seat 2: Burlica2013 ($102.50 in chips) 
Seat 3: CEPTT ($100.80 in chips) 
Seat 4: janarr5 ($100 in chips) 
Seat 5: Kristo 914 ($100 in chips) 
janarr5: posts small blind $0.50
Kristo 914: posts big blind $1
blistein: sits out 
*** HOLE CARDS ***
Amara2009: calls $1
Burlica2013: folds 
CEPTT: raises $4 to $5
janarr5: folds 
Kristo 914: folds 
Amara2009: folds 
Uncalled bet ($4) returned to CEPTT
CEPTT collected $3.50 from pot
CEPTT: doesn't show hand 
*** SUMMARY ***
Total pot $3.50 | Rake $0 
Seat 6: blistein
Seat 1: Amara2009 folded before Flop
Seat 2: Burlica2013 folded before Flop (didn't bet)
Seat 3: CEPTT (button) collected ($3.50)
Seat 4: janarr5 (small blind) folded before Flop
Seat 5: Kristo 914 (big blind) folded before Flop



PokerStars Hand #254428651264:  Hold'em No Limit ($0.50/$1.00 USD) - 2025/01/18 9:22:32 WET [2025/01/18 4:22:32 ET]
Table 'Baillauda III' 6-max Seat #4 is the button
Seat 1: Amara2009 ($19.70 in chips) 
Seat 2: Burlica2013 ($102.50 in chips) 
Seat 3: CEPTT ($103.30 in chips) 
Seat 4: janarr5 ($100 in chips) 
Seat 5: Kristo 914 ($100 in chips) 
Seat 6: blistein ($100 in chips) 
Kristo 914: posts small blind $0.50
blistein: posts big blind $1
*** HOLE CARDS ***
Amara2009: folds 
Burlica2013: raises $1.20 to $2.20
CEPTT: folds 
janarr5: folds 
Kristo 914: folds 
blistein: folds 
Uncalled bet ($1.20) returned to Burlica2013
Burlica2013 collected $2.50 from pot
Burlica2013: doesn't show hand 
*** SUMMARY ***
Total pot $2.50 | Rake $0 
Seat 1: Amara2009 folded before Flop (didn't bet)
Seat 2: Burlica2013 collected ($2.50)
Seat 3: CEPTT folded before Flop (didn't bet)
Seat 4: janarr5 (button) folded before Flop (didn't bet)
Seat 5: Kristo 914 (small blind) folded before Flop
Seat 6: blistein (big blind) folded before Flop



PokerStars Hand #254428652998:  Hold'em No Limit ($0.50/$1.00 USD) - 2025/01/18 9:22:50 WET [2025/01/18 4:22:50 ET]
Table 'Baillauda III' 6-max Seat #5 is the button
Seat 1: Amara2009 ($19.70 in chips) 
Seat 2: Burlica2013 ($104 in chips) 
Seat 3: CEPTT ($103.30 in chips) 
Seat 4: janarr5 ($100 in chips) 
Seat 5: Kristo 914 ($100 in chips) 
Seat 6: blistein ($100 in chips) 
blistein: posts small blind $0.50
Amara2009: posts big blind $1
*** HOLE CARDS ***
Burlica2013: raises $1.20 to $2.20
CEPTT: folds 
janarr5: folds 
Kristo 914: folds 
blistein: folds 
Amara2009: raises $1.20 to $3.40
Burlica2013: raises $100.60 to $104 and is all-in
Amara2009: calls $16.30 and is all-in
Uncalled bet ($84.30) returned to Burlica2013
*** FLOP *** [Ks Ts 9s]
*** TURN *** [Ks Ts 9s] [5h]
*** RIVER *** [Ks Ts 9s 5h] [6c]
*** SHOW DOWN ***
Amara2009: shows [2s 2c] (a pair of Deuces)
Burlica2013: shows [Jd Ah] (high card Ace)
Amara2009 collected $37.40 from pot
*** SUMMARY ***
Total pot $39.90 | Rake $2.50 
Board [Ks Ts 9s 5h 6c]
Seat 1: Amara2009 (big blind) showed [2s 2c] and won ($37.40) with a pair of Deuces
Seat 2: Burlica2013 showed [Jd Ah] and lost with high card Ace
Seat 3: CEPTT folded before Flop (didn't bet)
Seat 4: janarr5 folded before Flop (didn't bet)
Seat 5: Kristo 914 (button) folded before Flop (didn't bet)
Seat 6: blistein (small blind) folded before Flop



PokerStars Hand #254428655785:  Hold'em No Limit ($0.50/$1.00 USD) - 2025/01/18 9:23:18 WET [2025/01/18 4:23:18 ET]
Table 'Baillauda III' 6-max Seat #6 is the button
Seat 2: Burlica2013 ($100 in chips) is sitting out
Seat 1: Amara2009 ($37.40 in chips) 
Seat 3: CEPTT ($103.30 in chips) 
Seat 4: janarr5 ($100 in chips) 
Seat 5: Kristo 914 ($100 in chips) 
Seat 6: blistein ($100 in chips) 
Amara2009: posts small blind $0.50
Burlica2013: is sitting out 
CEPTT: posts big blind $1
*** HOLE CARDS ***
Burlica2013 leaves the table
janarr5: folds 
Kristo 914: folds 
blistein: raises $1.50 to $2.50
Amara2009: folds 
CEPTT: folds 
Uncalled bet ($1.50) returned to blistein
blistein collected $2.50 from pot
blistein: doesn't show hand 
*** SUMMARY ***
Total pot $2.50 | Rake $0 
Seat 2: Burlica2013
Seat 1: Amara2009 (small blind) folded before Flop
Seat 3: CEPTT (big blind) folded before Flop
Seat 4: janarr5 folded before Flop (didn't bet)
Seat 5: Kristo 914 folded before Flop (didn't bet)
Seat 6: blistein (button) collected ($2.50)



PokerStars Hand #254428658031:  Hold'em No Limit ($0.50/$1.00 USD) - 2025/01/18 9:23:40 WET [2025/01/18 4:23:40 ET]
Table 'Baillauda III' 6-max Seat #1 is the button
Seat 1: Amara2009 ($36.90 in chips) 
Seat 3: CEPTT ($102.30 in chips) 
Seat 4: janarr5 ($100 in chips) 
Seat 5: Kristo 914 ($100 in chips) 
Seat 6: blistein ($101.50 in chips) 
CEPTT: posts small blind $0.50
janarr5: posts big blind $1
*** HOLE CARDS ***
Kristo 914: folds 
blistein: raises $1.30 to $2.30
Amara2009: calls $2.30
CEPTT: folds 
janarr5: folds 
*** FLOP *** [6s 9s Td]
blistein: checks 
Amara2009: checks 
*** TURN *** [6s 9s Td] [Ks]
blistein: checks 
Amara2009: bets $4.90
blistein: folds 
Uncalled bet ($4.90) returned to Amara2009
Amara2009 collected $5.72 from pot
*** SUMMARY ***
Total pot $6.10 | Rake $0.38 
Board [6s 9s Td Ks]
Seat 1: Amara2009 (button) collected ($5.72)
Seat 3: CEPTT (small blind) folded before Flop
Seat 4: janarr5 (big blind) folded before Flop
Seat 5: Kristo 914 folded before Flop (didn't bet)
Seat 6: blistein folded on the Turn



PokerStars Hand #254428663306:  Hold'em No Limit ($0.50/$1.00 USD) - 2025/01/18 9:24:32 WET [2025/01/18 4:24:32 ET]
Table 'Baillauda III' 6-max Seat #3 is the button
Seat 1: Amara2009 ($40.32 in chips) 
Seat 3: CEPTT ($101.80 in chips) 
Seat 4: janarr5 ($100 in chips) 
Seat 5: Kristo 914 ($100 in chips) 
Seat 6: blistein ($100 in chips) 
janarr5: posts small blind $0.50
Kristo 914: posts big blind $1
*** HOLE CARDS ***
blistein: folds 
Amara2009: folds 
CEPTT: folds 
janarr5: raises $2 to $3
Kristo 914: raises $6 to $9
janarr5: folds 
Uncalled bet ($6) returned to Kristo 914
Kristo 914 collected $6 from pot
Kristo 914: doesn't show hand 
*** SUMMARY ***
Total pot $6 | Rake $0 
Seat 1: Amara2009 folded before Flop (didn't bet)
Seat 3: CEPTT (button) folded before Flop (didn't bet)
Seat 4: janarr5 (small blind) folded before Flop
Seat 5: Kristo 914 (big blind) collected ($6)
Seat 6: blistein folded before Flop (didn't bet)



PokerStars Hand #254428665493:  Hold'em No Limit ($0.50/$1.00 USD) - 2025/01/18 9:24:54 WET [2025/01/18 4:24:54 ET]
Table 'Baillauda III' 6-max Seat #4 is the button
Seat 1: Amara2009 ($40.32 in chips) 
Seat 3: CEPTT ($101.80 in chips) 
Seat 4: janarr5 ($100 in chips) 
Seat 5: Kristo 914 ($103 in chips) 
Seat 6: blistein ($100 in chips) 
Kristo 914: posts small blind $0.50
blistein: posts big blind $1
*** HOLE CARDS ***
Amara2009: calls $1
CEPTT: folds 
janarr5: raises $2.50 to $3.50
Kristo 914: folds 
blistein: folds 
Amara2009: calls $2.50
*** FLOP *** [7h As 4s]
Amara2009: checks 
janarr5: bets $2.02
Amara2009: calls $2.02
*** TURN *** [7h As 4s] [2h]
Amara2009: checks 
janarr5: checks 
*** RIVER *** [7h As 4s 2h] [2c]
Amara2009: bets $5.96
janarr5: calls $5.96
*** SHOW DOWN ***
Amara2009: shows [8h Ah] (two pair, Aces and Deuces)
janarr5: mucks hand 
Amara2009 collected $22.94 from pot
*** SUMMARY ***
Total pot $24.46 | Rake $1.52 
Board [7h As 4s 2h 2c]
Seat 1: Amara2009 showed [8h Ah] and won ($22.94) with two pair, Aces and Deuces
Seat 3: CEPTT folded before Flop (didn't bet)
Seat 4: janarr5 (button) mucked
Seat 5: Kristo 914 (small blind) folded before Flop
Seat 6: blistein (big blind) folded before Flop



PokerStars Hand #254428668809:  Hold'em No Limit ($0.50/$1.00 USD) - 2025/01/18 9:25:27 WET [2025/01/18 4:25:27 ET]
Table 'Baillauda III' 6-max Seat #5 is the button
Seat 1: Amara2009 ($51.78 in chips) 
Seat 3: CEPTT ($101.80 in chips) 
Seat 4: janarr5 ($100 in chips) 
Seat 5: Kristo 914 ($102.50 in chips) 
Seat 6: blistein ($100 in chips) 
blistein: posts small blind $0.50
Amara2009: posts big blind $1
*** HOLE CARDS ***
CEPTT: raises $1.25 to $2.25
janarr5: folds 
Kristo 914: raises $5.25 to $7.50
blistein: folds 
Amara2009: folds 
CEPTT: folds 
Uncalled bet ($5.25) returned to Kristo 914
Kristo 914 collected $6 from pot
Kristo 914: doesn't show hand 
*** SUMMARY ***
Total pot $6 | Rake $0 
Seat 1: Amara2009 (big blind) folded before Flop
Seat 3: CEPTT folded before Flop
Seat 4: janarr5 folded before Flop (didn't bet)
Seat 5: Kristo 914 (button) collected ($6)
Seat 6: blistein (small blind) folded before Flop



PokerStars Hand #254428670824:  Hold'em No Limit ($0.50/$1.00 USD) - 2025/01/18 9:25:47 WET [2025/01/18 4:25:47 ET]
Table 'Baillauda III' 6-max Seat #6 is the button
Seat 1: Amara2009 ($50.78 in chips) 
Seat 3: CEPTT ($100 in chips) 
Seat 4: janarr5 ($100 in chips) 
Seat 5: Kristo 914 ($106.25 in chips) 
Seat 6: blistein ($100 in chips) 
Amara2009: posts small blind $0.50
CEPTT: posts big blind $1
*** HOLE CARDS ***
janarr5: folds 
Kristo 914: folds 
blistein: raises $1.50 to $2.50
Amara2009: calls $2
CEPTT: folds 
*** FLOP *** [3s Qs 9h]
Amara2009: checks 
blistein: checks 
*** TURN *** [3s Qs 9h] [Js]
Amara2009: bets $2.85
blistein: folds 
Uncalled bet ($2.85) returned to Amara2009
Amara2009 collected $5.62 from pot
*** SUMMARY ***
Total pot $6 | Rake $0.38 
Board [3s Qs 9h Js]
Seat 1: Amara2009 (small blind) collected ($5.62)
Seat 3: CEPTT (big blind) folded before Flop
Seat 4: janarr5 folded before Flop (didn't bet)
Seat 5: Kristo 914 folded before Flop (didn't bet)
Seat 6: blistein (button) folded on the Turn



PokerStars Hand #254428676505:  Hold'em No Limit ($0.50/$1.00 USD) - 2025/01/18 9:26:43 WET [2025/01/18 4:26:43 ET]
Table 'Baillauda III' 6-max Seat #1 is the button
Seat 1: Amara2009 ($53.90 in chips) 
Seat 3: CEPTT ($100 in chips) 
Seat 4: janarr5 ($100 in chips) 
Seat 5: Kristo 914 ($106.25 in chips) 
Seat 6: blistein ($100 in chips) 
CEPTT: posts small blind $0.50
janarr5: posts big blind $1
*** HOLE CARDS ***
Kristo 914: folds 
blistein: folds 
Amara2009: folds 
CEPTT: folds 
Uncalled bet ($0.50) returned to janarr5
janarr5 collected $1 from pot
janarr5: doesn't show hand 
*** SUMMARY ***
Total pot $1 | Rake $0 
Seat 1: Amara2009 (button) folded before Flop (didn't bet)
Seat 3: CEPTT (small blind) folded before Flop
Seat 4: janarr5 (big blind) collected ($1)
Seat 5: Kristo 914 folded before Flop (didn't bet)
Seat 6: blistein folded before Flop (didn't bet)



PokerStars Hand #254428677899:  Hold'em No Limit ($0.50/$1.00 USD) - 2025/01/18 9:26:57 WET [2025/01/18 4:26:57 ET]
Table 'Baillauda III' 6-max Seat #3 is the button
Seat 1: Amara2009 ($53.90 in chips) 
Seat 3: CEPTT ($100 in chips) 
Seat 4: janarr5 ($100.50 in chips) 
Seat 5: Kristo 914 ($106.25 in chips) 
Seat 6: blistein ($100 in chips) 
janarr5: posts small blind $0.50
Kristo 914: posts big blind $1
*** HOLE CARDS ***
blistein: folds 
Amara2009: folds 
CEPTT: folds 
janarr5: raises $2 to $3
Kristo 914: calls $2
*** FLOP *** [6h As Jc]
Gluck35 joins the table at seat #2 
janarr5: bets $1.43
Kristo 914: folds 
Uncalled bet ($1.43) returned to janarr5
janarr5 collected $5.70 from pot
janarr5: doesn't show hand 
*** SUMMARY ***
Total pot $6 | Rake $0.30 
Board [6h As Jc]
Seat 1: Amara2009 folded before Flop (didn't bet)
Seat 3: CEPTT (button) folded before Flop (didn't bet)
Seat 4: janarr5 (small blind) collected ($5.70)
Seat 5: Kristo 914 (big blind) folded on the Flop
Seat 6: blistein folded before Flop (didn't bet)



PokerStars Hand #254428680725:  Hold'em No Limit ($0.50/$1.00 USD) - 2025/01/18 9:27:25 WET [2025/01/18 4:27:25 ET]
Table 'Baillauda III' 6-max Seat #4 is the button
Seat 2: Gluck35 ($100 in chips) is sitting out
Seat 1: Amara2009 ($53.90 in chips) 
Seat 3: CEPTT ($100 in chips) 
Seat 4: janarr5 ($103.20 in chips) 
Seat 5: Kristo 914 ($103.25 in chips) 
Seat 6: blistein ($100 in chips) 
Kristo 914: posts small blind $0.50
blistein: posts big blind $1
Gluck35: sits out 
*** HOLE CARDS ***
Amara2009: calls $1
CEPTT: raises $3 to $4
janarr5: folds 
Kristo 914: folds 
blistein: folds 
Amara2009: folds 
Uncalled bet ($3) returned to CEPTT
CEPTT collected $3.50 from pot
CEPTT: doesn't show hand 
*** SUMMARY ***
Total pot $3.50 | Rake $0 
Seat 2: Gluck35
Seat 1: Amara2009 folded before Flop
Seat 3: CEPTT collected ($3.50)
Seat 4: janarr5 (button) folded before Flop (didn't bet)
Seat 5: Kristo 914 (small blind) folded before Flop
Seat 6: blistein (big blind) folded before Flop



PokerStars Hand #254428684086:  Hold'em No Limit ($0.50/$1.00 USD) - 2025/01/18 9:27:58 WET [2025/01/18 4:27:58 ET]
Table 'Baillauda III' 6-max Seat #5 is the button
Seat 2: Gluck35 ($100 in chips) is sitting out
Seat 1: Amara2009 ($52.90 in chips) 
Seat 3: CEPTT ($102.50 in chips) 
Seat 4: janarr5 ($103.20 in chips) 
Seat 5: Kristo 914 ($102.75 in chips) 
Seat 6: blistein ($100 in chips) 
blistein: posts small blind $0.50
Amara2009: posts big blind $1
Gluck35: sits out 
*** HOLE CARDS ***
CEPTT: folds 
janarr5: raises $1.25 to $2.25
Kristo 914: folds 
blistein: folds 
Amara2009: calls $1.25
*** FLOP *** [6s 2s 9c]
Amara2009: checks 
janarr5: checks 
*** TURN *** [6s 2s 9c] [7c]
Amara2009: bets $2.38
janarr5: calls $2.38
*** RIVER *** [6s 2s 9c 7c] [9d]
Amara2009: bets $4.64
janarr5: folds 
Uncalled bet ($4.64) returned to Amara2009
Amara2009 collected $9.15 from pot
*** SUMMARY ***
Total pot $9.76 | Rake $0.61 
Board [6s 2s 9c 7c 9d]
Seat 2: Gluck35
Seat 1: Amara2009 (big blind) collected ($9.15)
Seat 3: CEPTT folded before Flop (didn't bet)
Seat 4: janarr5 folded on the River
Seat 5: Kristo 914 (button) folded before Flop (didn't bet)
Seat 6: blistein (small blind) folded before Flop



PokerStars Hand #254428689779:  Hold'em No Limit ($0.50/$1.00 USD) - 2025/01/18 9:28:53 WET [2025/01/18 4:28:53 ET]
Table 'Baillauda III' 6-max Seat #6 is the button
Seat 1: Amara2009 ($57.42 in chips) 
Seat 2: Gluck35 ($100 in chips) 
Seat 3: CEPTT ($102.50 in chips) 
Seat 4: janarr5 ($100 in chips) 
Seat 5: Kristo 914 ($102.75 in chips) 
Seat 6: blistein ($100 in chips) 
Amara2009: posts small blind $0.50
Gluck35: posts big blind $1
*** HOLE CARDS ***
CEPTT: folds 
janarr5: folds 
Kristo 914: raises $1.40 to $2.40
blistein: folds 
Amara2009: folds 
Gluck35: raises $9.10 to $11.50
Kristo 914: folds 
Uncalled bet ($9.10) returned to Gluck35
Gluck35 collected $5.30 from pot
Gluck35: doesn't show hand 
*** SUMMARY ***
Total pot $5.30 | Rake $0 
Seat 1: Amara2009 (small blind) folded before Flop
Seat 2: Gluck35 (big blind) collected ($5.30)
Seat 3: CEPTT folded before Flop (didn't bet)
Seat 4: janarr5 folded before Flop (didn't bet)
Seat 5: Kristo 914 folded before Flop
Seat 6: blistein (button) folded before Flop (didn't bet)



PokerStars Hand #254428692902:  Hold'em No Limit ($0.50/$1.00 USD) - 2025/01/18 9:29:24 WET [2025/01/18 4:29:24 ET]
Table 'Baillauda III' 6-max Seat #1 is the button
Seat 3: CEPTT ($102.50 in chips) is sitting out
Seat 1: Amara2009 ($56.92 in chips) 
Seat 2: Gluck35 ($102.90 in chips) 
Seat 4: janarr5 ($100 in chips) 
Seat 5: Kristo 914 ($100.35 in chips) 
Seat 6: blistein ($100 in chips) 
Gluck35: posts small blind $0.50
CEPTT: is sitting out 
janarr5: posts big blind $1
*** HOLE CARDS ***
Kristo 914: folds 
blistein: folds 
Amara2009: folds 
CEPTT leaves the table
Gluck35: folds 
Uncalled bet ($0.50) returned to janarr5
janarr5 collected $1 from pot
janarr5: doesn't show hand 
*** SUMMARY ***
Total pot $1 | Rake $0 
Seat 3: CEPTT
Seat 1: Amara2009 (button) folded before Flop (didn't bet)
Seat 2: Gluck35 (small blind) folded before Flop
Seat 4: janarr5 (big blind) collected ($1)
Seat 5: Kristo 914 folded before Flop (didn't bet)
Seat 6: blistein folded before Flop (didn't bet)



PokerStars Hand #254428694197:  Hold'em No Limit ($0.50/$1.00 USD) - 2025/01/18 9:29:37 WET [2025/01/18 4:29:37 ET]
Table 'Baillauda III' 6-max Seat #2 is the button
Seat 1: Amara2009 ($56.92 in chips) 
Seat 2: Gluck35 ($102.40 in chips) 
Seat 4: janarr5 ($100.50 in chips) 
Seat 5: Kristo 914 ($100.35 in chips) 
Seat 6: blistein ($100 in chips) 
janarr5: posts small blind $0.50
Kristo 914: posts big blind $1
*** HOLE CARDS ***
blistein: raises $1.20 to $2.20
Amara2009: folds 
Gluck35: folds 
janarr5: folds 
Kristo 914: folds 
Uncalled bet ($1.20) returned to blistein
blistein collected $2.50 from pot
blistein: doesn't show hand 
*** SUMMARY ***
Total pot $2.50 | Rake $0 
Seat 1: Amara2009 folded before Flop (didn't bet)
Seat 2: Gluck35 (button) folded before Flop (didn't bet)
Seat 4: janarr5 (small blind) folded before Flop
Seat 5: Kristo 914 (big blind) folded before Flop
Seat 6: blistein collected ($2.50)



PokerStars Hand #254428695620:  Hold'em No Limit ($0.50/$1.00 USD) - 2025/01/18 9:29:50 WET [2025/01/18 4:29:50 ET]
Table 'Baillauda III' 6-max Seat #4 is the button
Seat 1: Amara2009 ($56.92 in chips) 
Seat 2: Gluck35 ($102.40 in chips) 
Seat 4: janarr5 ($100 in chips) 
Seat 5: Kristo 914 ($100 in chips) 
Seat 6: blistein ($101.50 in chips) 
Kristo 914: posts small blind $0.50
blistein: posts big blind $1
*** HOLE CARDS ***
Amara2009: folds 
Gluck35: folds 
janarr5: folds 
Kristo 914: raises $2 to $3
blistein: calls $2
*** FLOP *** [Js 5d Kd]
Kristo 914: checks 
blistein: checks 
*** TURN *** [Js 5d Kd] [6c]
Kristo 914: bets $8.42
louissingleton joins the table at seat #3 
louissingleton is disconnected 
blistein: folds 
Uncalled bet ($8.42) returned to Kristo 914
Kristo 914 collected $5.70 from pot
Kristo 914: doesn't show hand 
*** SUMMARY ***
Total pot $6 | Rake $0.30 
Board [Js 5d Kd 6c]
Seat 1: Amara2009 folded before Flop (didn't bet)
Seat 2: Gluck35 folded before Flop (didn't bet)
Seat 4: janarr5 (button) folded before Flop (didn't bet)
Seat 5: Kristo 914 (small blind) collected ($5.70)
Seat 6: blistein (big blind) folded on the Turn



PokerStars Hand #254428701355:  Hold'em No Limit ($0.50/$1.00 USD) - 2025/01/18 9:30:46 WET [2025/01/18 4:30:46 ET]
Table 'Baillauda III' 6-max Seat #5 is the button
Seat 3: louissingleton ($50.12 in chips) is sitting out
Seat 1: Amara2009 ($56.92 in chips) 
Seat 2: Gluck35 ($102.40 in chips) 
Seat 4: janarr5 ($100 in chips) 
Seat 5: Kristo 914 ($102.70 in chips) 
Seat 6: blistein ($100 in chips) 
blistein: posts small blind $0.50
Amara2009: posts big blind $1
louissingleton: sits out 
*** HOLE CARDS ***
Gluck35: folds 
janarr5 has timed out
janarr5: folds 
Kristo 914: raises $1.40 to $2.40
blistein: raises $9.60 to $12
Amara2009: folds 
Kristo 914: folds 
Uncalled bet ($9.60) returned to blistein
blistein collected $5.80 from pot
blistein: doesn't show hand 
*** SUMMARY ***
Total pot $5.80 | Rake $0 
Seat 3: louissingleton
Seat 1: Amara2009 (big blind) folded before Flop
Seat 2: Gluck35 folded before Flop (didn't bet)
Seat 4: janarr5 folded before Flop (didn't bet)
Seat 5: Kristo 914 (button) folded before Flop
Seat 6: blistein (small blind) collected ($5.80)



PokerStars Hand #254428705344:  Hold'em No Limit ($0.50/$1.00 USD) - 2025/01/18 9:31:23 WET [2025/01/18 4:31:23 ET]
Table 'Baillauda III' 6-max Seat #6 is the button
Seat 1: Amara2009 ($55.92 in chips) 
Seat 2: Gluck35 ($102.40 in chips) 
Seat 3: louissingleton ($50.12 in chips) 
Seat 4: janarr5 ($100 in chips) 
Seat 5: Kristo 914 ($100.30 in chips) 
Seat 6: blistein ($103.40 in chips) 
Amara2009: posts small blind $0.50
Gluck35: posts big blind $1
louissingleton: posts big blind $1
*** HOLE CARDS ***
louissingleton: checks 
janarr5: folds 
Kristo 914: folds 
blistein: folds 
Amara2009: folds 
Gluck35: checks 
*** FLOP *** [Qs Ts 3h]
Gluck35: checks 
louissingleton: checks 
*** TURN *** [Qs Ts 3h] [5d]
Gluck35: checks 
louissingleton: checks 
*** RIVER *** [Qs Ts 3h 5d] [Qh]
Gluck35: checks 
louissingleton: checks 
*** SHOW DOWN ***
Gluck35: shows [Kc 4s] (a pair of Queens)
louissingleton: mucks hand 
Gluck35 collected $2.38 from pot
*** SUMMARY ***
Total pot $2.50 | Rake $0.12 
Board [Qs Ts 3h 5d Qh]
Seat 1: Amara2009 (small blind) folded before Flop
Seat 2: Gluck35 (big blind) showed [Kc 4s] and won ($2.38) with a pair of Queens
Seat 3: louissingleton mucked
Seat 4: janarr5 folded before Flop (didn't bet)
Seat 5: Kristo 914 folded before Flop (didn't bet)
Seat 6: blistein (button) folded before Flop (didn't bet)



PokerStars Hand #254428708519:  Hold'em No Limit ($0.50/$1.00 USD) - 2025/01/18 9:31:54 WET [2025/01/18 4:31:54 ET]
Table 'Baillauda III' 6-max Seat #1 is the button
Seat 4: janarr5 ($100 in chips) is sitting out
Seat 1: Amara2009 ($55.42 in chips) 
Seat 2: Gluck35 ($103.78 in chips) 
Seat 3: louissingleton ($49.12 in chips) 
Seat 5: Kristo 914 ($100.30 in chips) 
Seat 6: blistein ($103.40 in chips) 
Gluck35: posts small blind $0.50
louissingleton: posts big blind $1
*** HOLE CARDS ***
Kristo 914: folds 
blistein: folds 
Amara2009: calls $1
Gluck35: folds 
louissingleton: checks 
*** FLOP *** [2h 4c 7h]
louissingleton: checks 
Amara2009: checks 
*** TURN *** [2h 4c 7h] [4h]
louissingleton: checks 
Amara2009: bets $1.19
louissingleton: calls $1.19
*** RIVER *** [2h 4c 7h 4h] [3c]
louissingleton: checks 
Amara2009: checks 
*** SHOW DOWN ***
louissingleton: shows [Kc 2s] (two pair, Fours and Deuces)
Amara2009: shows [2c Ah] (two pair, Fours and Deuces - Ace kicker)
Amara2009 collected $4.58 from pot
*** SUMMARY ***
Total pot $4.88 | Rake $0.30 
Board [2h 4c 7h 4h 3c]
Seat 4: janarr5
Seat 1: Amara2009 (button) showed [2c Ah] and won ($4.58) with two pair, Fours and Deuces
Seat 2: Gluck35 (small blind) folded before Flop
Seat 3: louissingleton (big blind) showed [Kc 2s] and lost with two pair, Fours and Deuces
Seat 5: Kristo 914 folded before Flop (didn't bet)
Seat 6: blistein folded before Flop (didn't bet)



PokerStars Hand #254428711760:  Hold'em No Limit ($0.50/$1.00 USD) - 2025/01/18 9:32:25 WET [2025/01/18 4:32:25 ET]
Table 'Baillauda III' 6-max Seat #2 is the button
Seat 4: janarr5 ($100 in chips) is sitting out
Seat 1: Amara2009 ($57.81 in chips) 
Seat 2: Gluck35 ($103.28 in chips) 
Seat 3: louissingleton ($46.93 in chips) 
Seat 5: Kristo 914 ($100.30 in chips) 
Seat 6: blistein ($103.40 in chips) 
louissingleton: posts small blind $0.50
Kristo 914: posts big blind $1
*** HOLE CARDS ***
blistein: raises $1.20 to $2.20
Amara2009: folds 
Gluck35: folds 
louissingleton: calls $1.70
Kristo 914: folds 
*** FLOP *** [3h 7h 2h]
louissingleton: checks 
blistein: bets $1.28
louissingleton: folds 
Uncalled bet ($1.28) returned to blistein
blistein collected $5.13 from pot
blistein: doesn't show hand 
*** SUMMARY ***
Total pot $5.40 | Rake $0.27 
Board [3h 7h 2h]
Seat 4: janarr5
Seat 1: Amara2009 folded before Flop (didn't bet)
Seat 2: Gluck35 (button) folded before Flop (didn't bet)
Seat 3: louissingleton (small blind) folded on the Flop
Seat 5: Kristo 914 (big blind) folded before Flop
Seat 6: blistein collected ($5.13)



PokerStars Hand #254428717804:  Hold'em No Limit ($0.50/$1.00 USD) - 2025/01/18 9:33:22 WET [2025/01/18 4:33:22 ET]
Table 'Baillauda III' 6-max Seat #3 is the button
Seat 4: janarr5 ($100 in chips) is sitting out
Seat 1: Amara2009 ($57.81 in chips) 
Seat 2: Gluck35 ($103.28 in chips) 
Seat 3: louissingleton ($44.73 in chips) 
Seat 5: Kristo 914 ($100 in chips) 
Seat 6: blistein ($106.33 in chips) 
Kristo 914: posts small blind $0.50
blistein: posts big blind $1
*** HOLE CARDS ***
Amara2009: calls $1
Gluck35: folds 
louissingleton: calls $1
Kristo 914: calls $0.50
blistein: checks 
*** FLOP *** [7s Th 8d]
Kristo 914: checks 
blistein: checks 
Amara2009: checks 
louissingleton: bets $1
Kristo 914: calls $1
blistein: calls $1
Amara2009: calls $1
*** TURN *** [7s Th 8d] [5d]
Kristo 914: checks 
blistein: checks 
Amara2009: checks 
louissingleton: bets $1
Kristo 914: folds 
blistein: raises $6 to $7
Amara2009: folds 
louissingleton: calls $6
*** RIVER *** [7s Th 8d 5d] [Ad]
blistein: bets $2.09
louissingleton: calls $2.09
*** SHOW DOWN ***
blistein: shows [Ts Kd] (a pair of Tens)
louissingleton: mucks hand 
blistein collected $24.87 from pot
*** SUMMARY ***
Total pot $26.18 | Rake $1.31 
Board [7s Th 8d 5d Ad]
Seat 4: janarr5
Seat 1: Amara2009 folded on the Turn
Seat 2: Gluck35 folded before Flop (didn't bet)
Seat 3: louissingleton (button) mucked
Seat 5: Kristo 914 (small blind) folded on the Turn
Seat 6: blistein (big blind) showed [Ts Kd] and won ($24.87) with a pair of Tens



PokerStars Hand #254428729617:  Hold'em No Limit ($0.50/$1.00 USD) - 2025/01/18 9:35:16 WET [2025/01/18 4:35:16 ET]
Table 'Baillauda III' 6-max Seat #5 is the button
Seat 4: janarr5 ($100 in chips) is sitting out
Seat 1: Amara2009 ($55.81 in chips) 
Seat 2: Gluck35 ($103.28 in chips) 
Seat 3: louissingleton ($33.64 in chips) 
Seat 5: Kristo 914 ($100 in chips) 
Seat 6: blistein ($120.11 in chips) 
blistein: posts small blind $0.50
Amara2009: posts big blind $1
*** HOLE CARDS ***
Gluck35: folds 
louissingleton: folds 
Kristo 914: raises $1.40 to $2.40
blistein: folds 
Amara2009: folds 
Uncalled bet ($1.40) returned to Kristo 914
Kristo 914 collected $2.50 from pot
Kristo 914: doesn't show hand 
*** SUMMARY ***
Total pot $2.50 | Rake $0 
Seat 4: janarr5
Seat 1: Amara2009 (big blind) folded before Flop
Seat 2: Gluck35 folded before Flop (didn't bet)
Seat 3: louissingleton folded before Flop (didn't bet)
Seat 5: Kristo 914 (button) collected ($2.50)
Seat 6: blistein (small blind) folded before Flop



PokerStars Hand #254428732163:  Hold'em No Limit ($0.50/$1.00 USD) - 2025/01/18 9:35:40 WET [2025/01/18 4:35:40 ET]
Table 'Baillauda III' 6-max Seat #6 is the button
Seat 4: janarr5 ($100 in chips) is sitting out
Seat 1: Amara2009 ($54.81 in chips) 
Seat 2: Gluck35 ($103.28 in chips) 
Seat 3: louissingleton ($33.64 in chips) 
Seat 5: Kristo 914 ($101.50 in chips) 
Seat 6: blistein ($119.61 in chips) 
Amara2009: posts small blind $0.50
Gluck35: posts big blind $1
*** HOLE CARDS ***
louissingleton: folds 
Kristo 914: folds 
blistein: folds 
Amara2009: raises $1 to $2
Gluck35: folds 
Uncalled bet ($1) returned to Amara2009
Amara2009 collected $2 from pot
*** SUMMARY ***
Total pot $2 | Rake $0 
Seat 4: janarr5
Seat 1: Amara2009 (small blind) collected ($2)
Seat 2: Gluck35 (big blind) folded before Flop
Seat 3: louissingleton folded before Flop (didn't bet)
Seat 5: Kristo 914 folded before Flop (didn't bet)
Seat 6: blistein (button) folded before Flop (didn't bet)



PokerStars Hand #254428733767:  Hold'em No Limit ($0.50/$1.00 USD) - 2025/01/18 9:35:56 WET [2025/01/18 4:35:56 ET]
Table 'Baillauda III' 6-max Seat #1 is the button
Seat 4: janarr5 ($100 in chips) is sitting out
Seat 1: Amara2009 ($55.81 in chips) 
Seat 2: Gluck35 ($102.28 in chips) 
Seat 3: louissingleton ($33.64 in chips) 
Seat 5: Kristo 914 ($101.50 in chips) 
Seat 6: blistein ($119.61 in chips) 
Gluck35: posts small blind $0.50
louissingleton: posts big blind $1
*** HOLE CARDS ***
Kristo 914: folds 
blistein: folds 
Amara2009: folds 
Gluck35: raises $2 to $3
louissingleton: calls $2
*** FLOP *** [Jd 7d 6c]
Gluck35: checks 
louissingleton: checks 
*** TURN *** [Jd 7d 6c] [9d]
Gluck35: checks 
louissingleton: checks 
*** RIVER *** [Jd 7d 6c 9d] [Qc]
Gluck35: bets $4.28
louissingleton: calls $4.28
*** SHOW DOWN ***
Gluck35: shows [6s Qs] (two pair, Queens and Sixes)
louissingleton: mucks hand 
Gluck35 collected $13.83 from pot
*** SUMMARY ***
Total pot $14.56 | Rake $0.73 
Board [Jd 7d 6c 9d Qc]
Seat 4: janarr5
Seat 1: Amara2009 (button) folded before Flop (didn't bet)
Seat 2: Gluck35 (small blind) showed [6s Qs] and won ($13.83) with two pair, Queens and Sixes
Seat 3: louissingleton (big blind) mucked
Seat 5: Kristo 914 folded before Flop (didn't bet)
Seat 6: blistein folded before Flop (didn't bet)



PokerStars Hand #254428738222:  Hold'em No Limit ($0.50/$1.00 USD) - 2025/01/18 9:36:38 WET [2025/01/18 4:36:38 ET]
Table 'Baillauda III' 6-max Seat #2 is the button
Seat 4: janarr5 ($100 in chips) is sitting out
Seat 1: Amara2009 ($55.81 in chips) 
Seat 2: Gluck35 ($108.83 in chips) 
Seat 3: louissingleton ($26.36 in chips) 
Seat 5: Kristo 914 ($101.50 in chips) 
Seat 6: blistein ($119.61 in chips) 
louissingleton: posts small blind $0.50
Kristo 914: posts big blind $1
*** HOLE CARDS ***
blistein: folds 
Amara2009: folds 
Gluck35: folds 
louissingleton: calls $0.50
Kristo 914: checks 
*** FLOP *** [Jc Qc 6c]
louissingleton: bets $2
Kristo 914: folds 
Uncalled bet ($2) returned to louissingleton
louissingleton collected $1.90 from pot
*** SUMMARY ***
Total pot $2 | Rake $0.10 
Board [Jc Qc 6c]
Seat 4: janarr5
Seat 1: Amara2009 folded before Flop (didn't bet)
Seat 2: Gluck35 (button) folded before Flop (didn't bet)
Seat 3: louissingleton (small blind) collected ($1.90)
Seat 5: Kristo 914 (big blind) folded on the Flop
Seat 6: blistein folded before Flop (didn't bet)



PokerStars Hand #254428739962:  Hold'em No Limit ($0.50/$1.00 USD) - 2025/01/18 9:36:55 WET [2025/01/18 4:36:55 ET]
Table 'Baillauda III' 6-max Seat #3 is the button
Seat 4: janarr5 ($100 in chips) is sitting out
Seat 1: Amara2009 ($55.81 in chips) 
Seat 2: Gluck35 ($108.83 in chips) 
Seat 3: louissingleton ($27.26 in chips) 
Seat 5: Kristo 914 ($100.50 in chips) 
Seat 6: blistein ($119.61 in chips) 
Kristo 914: posts small blind $0.50
blistein: posts big blind $1
*** HOLE CARDS ***
Amara2009: calls $1
Gluck35: folds 
louissingleton: calls $1
Kristo 914: folds 
blistein: checks 
*** FLOP *** [Qs Ah Kd]
blistein: checks 
Amara2009: checks 
louissingleton: bets $2
blistein: folds 
Amara2009: folds 
Uncalled bet ($2) returned to louissingleton
louissingleton collected $3.32 from pot
*** SUMMARY ***
Total pot $3.50 | Rake $0.18 
Board [Qs Ah Kd]
Seat 4: janarr5
Seat 1: Amara2009 folded on the Flop
Seat 2: Gluck35 folded before Flop (didn't bet)
Seat 3: louissingleton (button) collected ($3.32)
Seat 5: Kristo 914 (small blind) folded before Flop
Seat 6: blistein (big blind) folded on the Flop



PokerStars Hand #254428742371:  Hold'em No Limit ($0.50/$1.00 USD) - 2025/01/18 9:37:17 WET [2025/01/18 4:37:17 ET]
Table 'Baillauda III' 6-max Seat #5 is the button
Seat 4: janarr5 ($100 in chips) is sitting out
Seat 1: Amara2009 ($54.81 in chips) 
Seat 2: Gluck35 ($108.83 in chips) 
Seat 3: louissingleton ($29.58 in chips) 
Seat 5: Kristo 914 ($100 in chips) 
Seat 6: blistein ($118.61 in chips) 
blistein: posts small blind $0.50
Amara2009: posts big blind $1
*** HOLE CARDS ***
Gluck35: raises $1.25 to $2.25
louissingleton: folds 
Kristo 914: folds 
blistein: folds 
Amara2009: folds 
Uncalled bet ($1.25) returned to Gluck35
Gluck35 collected $2.50 from pot
Gluck35: doesn't show hand 
*** SUMMARY ***
Total pot $2.50 | Rake $0 
Seat 4: janarr5
Seat 1: Amara2009 (big blind) folded before Flop
Seat 2: Gluck35 collected ($2.50)
Seat 3: louissingleton folded before Flop (didn't bet)
Seat 5: Kristo 914 (button) folded before Flop (didn't bet)
Seat 6: blistein (small blind) folded before Flop



PokerStars Hand #254428743454:  Hold'em No Limit ($0.50/$1.00 USD) - 2025/01/18 9:37:27 WET [2025/01/18 4:37:27 ET]
Table 'Baillauda III' 6-max Seat #6 is the button
Seat 4: janarr5 ($100 in chips) is sitting out
Seat 1: Amara2009 ($53.81 in chips) 
Seat 2: Gluck35 ($110.33 in chips) 
Seat 3: louissingleton ($29.58 in chips) 
Seat 5: Kristo 914 ($100 in chips) 
Seat 6: blistein ($118.11 in chips) 
Amara2009: posts small blind $0.50
Gluck35: posts big blind $1
*** HOLE CARDS ***
louissingleton: folds 
Kristo 914: folds 
blistein: folds 
Amara2009: raises $1 to $2
Gluck35: folds 
Uncalled bet ($1) returned to Amara2009
Amara2009 collected $2 from pot
*** SUMMARY ***
Total pot $2 | Rake $0 
Seat 4: janarr5
Seat 1: Amara2009 (small blind) collected ($2)
Seat 2: Gluck35 (big blind) folded before Flop
Seat 3: louissingleton folded before Flop (didn't bet)
Seat 5: Kristo 914 folded before Flop (didn't bet)
Seat 6: blistein (button) folded before Flop (didn't bet)



PokerStars Hand #254428745785:  Hold'em No Limit ($0.50/$1.00 USD) - 2025/01/18 9:37:49 WET [2025/01/18 4:37:49 ET]
Table 'Baillauda III' 6-max Seat #1 is the button
Seat 4: janarr5 ($100 in chips) is sitting out
Seat 1: Amara2009 ($54.81 in chips) 
Seat 2: Gluck35 ($109.33 in chips) 
Seat 3: louissingleton ($29.58 in chips) 
Seat 5: Kristo 914 ($100 in chips) 
Seat 6: blistein ($118.11 in chips) 
Gluck35: posts small blind $0.50
louissingleton: posts big blind $1
*** HOLE CARDS ***
Kristo 914: folds 
blistein: raises $1.30 to $2.30
Amara2009: folds 
Gluck35: raises $8.15 to $10.45
louissingleton: folds 
blistein: folds 
Uncalled bet ($8.15) returned to Gluck35
Gluck35 collected $5.60 from pot
Gluck35: doesn't show hand 
*** SUMMARY ***
Total pot $5.60 | Rake $0 
Seat 4: janarr5
Seat 1: Amara2009 (button) folded before Flop (didn't bet)
Seat 2: Gluck35 (small blind) collected ($5.60)
Seat 3: louissingleton (big blind) folded before Flop
Seat 5: Kristo 914 folded before Flop (didn't bet)
Seat 6: blistein folded before Flop



PokerStars Hand #254428749822:  Hold'em No Limit ($0.50/$1.00 USD) - 2025/01/18 9:38:27 WET [2025/01/18 4:38:27 ET]
Table 'Baillauda III' 6-max Seat #2 is the button
Seat 4: janarr5 ($100 in chips) is sitting out
Seat 1: Amara2009 ($54.81 in chips) 
Seat 2: Gluck35 ($112.63 in chips) 
Seat 3: louissingleton ($28.58 in chips) 
Seat 5: Kristo 914 ($100 in chips) 
Seat 6: blistein ($115.81 in chips) 
louissingleton: posts small blind $0.50
Kristo 914: posts big blind $1
*** HOLE CARDS ***
Amara2009 is disconnected 
blistein: folds 
Amara2009 has timed out while disconnected
Amara2009: folds 
Gluck35: raises $1.25 to $2.25
louissingleton: folds 
Kristo 914: folds 
Uncalled bet ($1.25) returned to Gluck35
Gluck35 collected $2.50 from pot
Gluck35: doesn't show hand 
*** SUMMARY ***
Total pot $2.50 | Rake $0 
Seat 4: janarr5
Seat 1: Amara2009 folded before Flop (didn't bet)
Seat 2: Gluck35 (button) collected ($2.50)
Seat 3: louissingleton (small blind) folded before Flop
Seat 5: Kristo 914 (big blind) folded before Flop
Seat 6: blistein folded before Flop (didn't bet)



PokerStars Hand #254428752401:  Hold'em No Limit ($0.50/$1.00 USD) - 2025/01/18 9:38:50 WET [2025/01/18 4:38:50 ET]
Table 'Baillauda III' 6-max Seat #3 is the button
Seat 1: Amara2009 ($54.81 in chips) is sitting out
Seat 4: janarr5 ($100 in chips) is sitting out
Seat 2: Gluck35 ($114.13 in chips) 
Seat 3: louissingleton ($28.08 in chips) 
Seat 5: Kristo 914 ($100 in chips) 
Seat 6: blistein ($115.81 in chips) 
Kristo 914: posts small blind $0.50
blistein: posts big blind $1
*** HOLE CARDS ***
Gluck35: folds 
louissingleton: folds 
Kristo 914: folds 
Uncalled bet ($0.50) returned to blistein
blistein collected $1 from pot
blistein: doesn't show hand 
*** SUMMARY ***
Total pot $1 | Rake $0 
Seat 1: Amara2009
Seat 4: janarr5
Seat 2: Gluck35 folded before Flop (didn't bet)
Seat 3: louissingleton (button) folded before Flop (didn't bet)
Seat 5: Kristo 914 (small blind) folded before Flop
Seat 6: blistein (big blind) collected ($1)



PokerStars Hand #254428753060:  Hold'em No Limit ($0.50/$1.00 USD) - 2025/01/18 9:38:57 WET [2025/01/18 4:38:57 ET]
Table 'Baillauda III' 6-max Seat #5 is the button
Seat 1: Amara2009 ($54.81 in chips) is sitting out
Seat 4: janarr5 ($100 in chips) is sitting out
Seat 2: Gluck35 ($114.13 in chips) 
Seat 3: louissingleton ($28.08 in chips) 
Seat 5: Kristo 914 ($100 in chips) 
Seat 6: blistein ($116.31 in chips) 
blistein: posts small blind $0.50
Gluck35: posts big blind $1
janarr5: sits out 
*** HOLE CARDS ***
louissingleton: folds 
Kristo 914: raises $1.40 to $2.40
blistein: folds 
Gluck35: folds 
Uncalled bet ($1.40) returned to Kristo 914
Kristo 914 collected $2.50 from pot
Kristo 914: doesn't show hand 
*** SUMMARY ***
Total pot $2.50 | Rake $0 
Seat 1: Amara2009
Seat 4: janarr5
Seat 2: Gluck35 (big blind) folded before Flop
Seat 3: louissingleton folded before Flop (didn't bet)
Seat 5: Kristo 914 (button) collected ($2.50)
Seat 6: blistein (small blind) folded before Flop



PokerStars Hand #254428754182:  Hold'em No Limit ($0.50/$1.00 USD) - 2025/01/18 9:39:08 WET [2025/01/18 4:39:08 ET]
Table 'Baillauda III' 6-max Seat #6 is the button
Seat 1: Amara2009 ($54.81 in chips) is sitting out
Seat 4: janarr5 ($100 in chips) is sitting out
Seat 2: Gluck35 ($113.13 in chips) 
Seat 3: louissingleton ($28.08 in chips) 
Seat 5: Kristo 914 ($101.50 in chips) 
Seat 6: blistein ($115.81 in chips) 
Gluck35: posts small blind $0.50
louissingleton: posts big blind $1
janarr5: sits out 
*** HOLE CARDS ***
Kristo 914: folds 
blistein: raises $1.50 to $2.50
Gluck35: folds 
louissingleton: folds 
Uncalled bet ($1.50) returned to blistein
blistein collected $2.50 from pot
blistein: doesn't show hand 
*** SUMMARY ***
Total pot $2.50 | Rake $0 
Seat 1: Amara2009
Seat 4: janarr5
Seat 2: Gluck35 (small blind) folded before Flop
Seat 3: louissingleton (big blind) folded before Flop
Seat 5: Kristo 914 folded before Flop (didn't bet)
Seat 6: blistein (button) collected ($2.50)



PokerStars Hand #254428756168:  Hold'em No Limit ($0.50/$1.00 USD) - 2025/01/18 9:39:26 WET [2025/01/18 4:39:26 ET]
Table 'Baillauda III' 6-max Seat #2 is the button
Seat 1: Amara2009 ($54.81 in chips) is sitting out
Seat 2: Gluck35 ($112.63 in chips) 
Seat 3: louissingleton ($27.08 in chips) 
Seat 4: janarr5 ($100 in chips) 
Seat 5: Kristo 914 ($101.50 in chips) 
Seat 6: blistein ($117.31 in chips) 
louissingleton: posts small blind $0.50
janarr5: posts big blind $1
*** HOLE CARDS ***
Kristo 914: folds 
blistein: folds 
Gluck35: raises $1.25 to $2.25
louissingleton: calls $1.75
janarr5: folds 
*** FLOP *** [4c Ts 7c]
louissingleton: checks 
Gluck35: checks 
*** TURN *** [4c Ts 7c] [As]
louissingleton: checks 
Gluck35: bets $3.13
louissingleton: folds 
Uncalled bet ($3.13) returned to Gluck35
Gluck35 collected $5.22 from pot
Gluck35: doesn't show hand 
*** SUMMARY ***
Total pot $5.50 | Rake $0.28 
Board [4c Ts 7c As]
Seat 1: Amara2009
Seat 2: Gluck35 (button) collected ($5.22)
Seat 3: louissingleton (small blind) folded on the Turn
Seat 4: janarr5 (big blind) folded before Flop
Seat 5: Kristo 914 folded before Flop (didn't bet)
Seat 6: blistein folded before Flop (didn't bet)



PokerStars Hand #254428760959:  Hold'em No Limit ($0.50/$1.00 USD) - 2025/01/18 9:40:12 WET [2025/01/18 4:40:12 ET]
Table 'Baillauda III' 6-max Seat #3 is the button
Seat 1: Amara2009 ($54.81 in chips) is sitting out
Seat 2: Gluck35 ($115.60 in chips) 
Seat 3: louissingleton ($24.83 in chips) 
Seat 4: janarr5 ($100 in chips) 
Seat 5: Kristo 914 ($101.50 in chips) 
Seat 6: blistein ($117.31 in chips) 
janarr5: posts small blind $0.50
Kristo 914: posts big blind $1
*** HOLE CARDS ***
blistein: raises $1.20 to $2.20
Gluck35: folds 
louissingleton: calls $2.20
janarr5: folds 
Kristo 914: folds 
*** FLOP *** [5c Kh 7h]
blistein: checks 
louissingleton: checks 
*** TURN *** [5c Kh 7h] [8h]
blistein: checks 
louissingleton: checks 
*** RIVER *** [5c Kh 7h 8h] [5s]
blistein: checks 
louissingleton: checks 
*** SHOW DOWN ***
blistein: shows [Ac Qd] (a pair of Fives)
louissingleton: shows [Qs Ad] (a pair of Fives)
blistein collected $2.80 from pot
louissingleton collected $2.80 from pot
*** SUMMARY ***
Total pot $5.90 | Rake $0.30 
Board [5c Kh 7h 8h 5s]
Seat 1: Amara2009
Seat 2: Gluck35 folded before Flop (didn't bet)
Seat 3: louissingleton (button) showed [Qs Ad] and won ($2.80) with a pair of Fives
Seat 4: janarr5 (small blind) folded before Flop
Seat 5: Kristo 914 (big blind) folded before Flop
Seat 6: blistein showed [Ac Qd] and won ($2.80) with a pair of Fives



PokerStars Hand #254428766653:  Hold'em No Limit ($0.50/$1.00 USD) - 2025/01/18 9:41:05 WET [2025/01/18 4:41:05 ET]
Table 'Baillauda III' 6-max Seat #4 is the button
Seat 1: Amara2009 ($54.81 in chips) 
Seat 2: Gluck35 ($115.60 in chips) 
Seat 3: louissingleton ($25.43 in chips) 
Seat 4: janarr5 ($100 in chips) 
Seat 5: Kristo 914 ($100.50 in chips) 
Seat 6: blistein ($117.91 in chips) 
Kristo 914: posts small blind $0.50
blistein: posts big blind $1
Amara2009: posts small & big blinds $1.50
*** HOLE CARDS ***
Amara2009: checks 
Gluck35: folds 
louissingleton: folds 
janarr5: raises $2.50 to $3.50
Kristo 914: folds 
blistein: folds 
Amara2009: folds 
Uncalled bet ($2.50) returned to janarr5
janarr5 collected $4 from pot
janarr5: doesn't show hand 
*** SUMMARY ***
Total pot $4 | Rake $0 
Seat 1: Amara2009 folded before Flop (didn't bet)
Seat 2: Gluck35 folded before Flop (didn't bet)
Seat 3: louissingleton folded before Flop (didn't bet)
Seat 4: janarr5 (button) collected ($4)
Seat 5: Kristo 914 (small blind) folded before Flop
Seat 6: blistein (big blind) folded before Flop



PokerStars Hand #254428768268:  Hold'em No Limit ($0.50/$1.00 USD) - 2025/01/18 9:41:20 WET [2025/01/18 4:41:20 ET]
Table 'Baillauda III' 6-max Seat #5 is the button
Seat 1: Amara2009 ($53.31 in chips) 
Seat 2: Gluck35 ($115.60 in chips) 
Seat 3: louissingleton ($25.43 in chips) 
Seat 4: janarr5 ($103 in chips) 
Seat 5: Kristo 914 ($100 in chips) 
Seat 6: blistein ($116.91 in chips) 
blistein: posts small blind $0.50
Amara2009: posts big blind $1
*** HOLE CARDS ***
Gluck35: folds 
louissingleton: folds 
janarr5: folds 
Kristo 914: folds 
blistein: raises $2 to $3
Amara2009: folds 
Uncalled bet ($2) returned to blistein
blistein collected $2 from pot
blistein: doesn't show hand 
*** SUMMARY ***
Total pot $2 | Rake $0 
Seat 1: Amara2009 (big blind) folded before Flop
Seat 2: Gluck35 folded before Flop (didn't bet)
Seat 3: louissingleton folded before Flop (didn't bet)
Seat 4: janarr5 folded before Flop (didn't bet)
Seat 5: Kristo 914 (button) folded before Flop (didn't bet)
Seat 6: blistein (small blind) collected ($2)



PokerStars Hand #254428770061:  Hold'em No Limit ($0.50/$1.00 USD) - 2025/01/18 9:41:36 WET [2025/01/18 4:41:36 ET]
Table 'Baillauda III' 6-max Seat #6 is the button
Seat 1: Amara2009 ($52.31 in chips) 
Seat 2: Gluck35 ($115.60 in chips) 
Seat 3: louissingleton ($25.43 in chips) 
Seat 4: janarr5 ($103 in chips) 
Seat 5: Kristo 914 ($100 in chips) 
Seat 6: blistein ($117.91 in chips) 
Amara2009: posts small blind $0.50
Gluck35: posts big blind $1
*** HOLE CARDS ***
louissingleton: folds 
janarr5: folds 
Kristo 914: raises $1.40 to $2.40
blistein: folds 
Amara2009: folds 
Gluck35: folds 
Uncalled bet ($1.40) returned to Kristo 914
Kristo 914 collected $2.50 from pot
Kristo 914: doesn't show hand 
*** SUMMARY ***
Total pot $2.50 | Rake $0 
Seat 1: Amara2009 (small blind) folded before Flop
Seat 2: Gluck35 (big blind) folded before Flop
Seat 3: louissingleton folded before Flop (didn't bet)
Seat 4: janarr5 folded before Flop (didn't bet)
Seat 5: Kristo 914 collected ($2.50)
Seat 6: blistein (button) folded before Flop (didn't bet)



PokerStars Hand #254428773755:  Hold'em No Limit ($0.50/$1.00 USD) - 2025/01/18 9:42:10 WET [2025/01/18 4:42:10 ET]
Table 'Baillauda III' 6-max Seat #1 is the button
Seat 1: Amara2009 ($51.81 in chips) 
Seat 2: Gluck35 ($114.60 in chips) 
Seat 3: louissingleton ($25.43 in chips) 
Seat 4: janarr5 ($103 in chips) 
Seat 5: Kristo 914 ($101.50 in chips) 
Seat 6: blistein ($117.91 in chips) 
Gluck35: posts small blind $0.50
louissingleton: posts big blind $1
*** HOLE CARDS ***
janarr5: folds 
Kristo 914: folds 
blistein: raises $1.30 to $2.30
Amara2009: folds 
Gluck35: raises $8.20 to $10.50
louissingleton: folds 
blistein: folds 
Uncalled bet ($8.20) returned to Gluck35
Gluck35 collected $5.60 from pot
Gluck35: doesn't show hand 
*** SUMMARY ***
Total pot $5.60 | Rake $0 
Seat 1: Amara2009 (button) folded before Flop (didn't bet)
Seat 2: Gluck35 (small blind) collected ($5.60)
Seat 3: louissingleton (big blind) folded before Flop
Seat 4: janarr5 folded before Flop (didn't bet)
Seat 5: Kristo 914 folded before Flop (didn't bet)
Seat 6: blistein folded before Flop



PokerStars Hand #254428778517:  Hold'em No Limit ($0.50/$1.00 USD) - 2025/01/18 9:42:54 WET [2025/01/18 4:42:54 ET]
Table 'Baillauda III' 6-max Seat #2 is the button
Seat 1: Amara2009 ($51.81 in chips) 
Seat 2: Gluck35 ($117.90 in chips) 
Seat 3: louissingleton ($24.43 in chips) 
Seat 4: janarr5 ($103 in chips) 
Seat 5: Kristo 914 ($101.50 in chips) 
Seat 6: blistein ($115.61 in chips) 
louissingleton: posts small blind $0.50
janarr5: posts big blind $1
*** HOLE CARDS ***
Kristo 914: folds 
blistein: folds 
Amara2009: raises $1 to $2
Gluck35: folds 
louissingleton: folds 
janarr5: folds 
Uncalled bet ($1) returned to Amara2009
Amara2009 collected $2.50 from pot
*** SUMMARY ***
Total pot $2.50 | Rake $0 
Seat 1: Amara2009 collected ($2.50)
Seat 2: Gluck35 (button) folded before Flop (didn't bet)
Seat 3: louissingleton (small blind) folded before Flop
Seat 4: janarr5 (big blind) folded before Flop
Seat 5: Kristo 914 folded before Flop (didn't bet)
Seat 6: blistein folded before Flop (didn't bet)



PokerStars Hand #254428779755:  Hold'em No Limit ($0.50/$1.00 USD) - 2025/01/18 9:43:05 WET [2025/01/18 4:43:05 ET]
Table 'Baillauda III' 6-max Seat #3 is the button
Seat 1: Amara2009 ($53.31 in chips) 
Seat 2: Gluck35 ($117.90 in chips) 
Seat 3: louissingleton ($23.93 in chips) 
Seat 4: janarr5 ($102 in chips) 
Seat 5: Kristo 914 ($101.50 in chips) 
Seat 6: blistein ($115.61 in chips) 
janarr5: posts small blind $0.50
Kristo 914: posts big blind $1
*** HOLE CARDS ***
blistein: folds 
Amara2009: calls $1
Gluck35: raises $3 to $4
louissingleton: folds 
janarr5: folds 
blistein leaves the table
JoeBlack_MS joins the table at seat #6 
Kristo 914: folds 
Amara2009: calls $3
*** FLOP *** [3s 3d 7c]
Amara2009: checks 
Gluck35: checks 
*** TURN *** [3s 3d 7c] [Ad]
Amara2009: bets $3.51
Gluck35: calls $3.51
*** RIVER *** [3s 3d 7c Ad] [9s]
Amara2009: checks 
Gluck35: bets $10.46
Amara2009: folds 
Uncalled bet ($10.46) returned to Gluck35
Gluck35 collected $15.69 from pot
Gluck35: doesn't show hand 
*** SUMMARY ***
Total pot $16.52 | Rake $0.83 
Board [3s 3d 7c Ad 9s]
Seat 1: Amara2009 folded on the River
Seat 2: Gluck35 collected ($15.69)
Seat 3: louissingleton (button) folded before Flop (didn't bet)
Seat 4: janarr5 (small blind) folded before Flop
Seat 5: Kristo 914 (big blind) folded before Flop
Seat 6: blistein folded before Flop (didn't bet)



PokerStars Hand #254428787515:  Hold'em No Limit ($0.50/$1.00 USD) - 2025/01/18 9:44:17 WET [2025/01/18 4:44:17 ET]
Table 'Baillauda III' 6-max Seat #4 is the button
Seat 1: Amara2009 ($45.80 in chips) 
Seat 2: Gluck35 ($126.08 in chips) 
Seat 3: louissingleton ($23.93 in chips) 
Seat 4: janarr5 ($101.50 in chips) 
Seat 5: Kristo 914 ($100.50 in chips) 
Seat 6: JoeBlack_MS ($100 in chips) 
Kristo 914: posts small blind $0.50
JoeBlack_MS: posts big blind $1
*** HOLE CARDS ***
Amara2009: raises $1 to $2
Gluck35: folds 
louissingleton: folds 
janarr5: raises $5 to $7
Kristo 914: folds 
JoeBlack_MS: folds 
Amara2009: calls $5
*** FLOP *** [3h Js 6c]
Amara2009: checks 
janarr5: checks 
*** TURN *** [3h Js 6c] [Ts]
Amara2009: bets $7.36
janarr5: calls $7.36
*** RIVER *** [3h Js 6c Ts] [3s]
Amara2009: checks 
janarr5: bets $32
Amara2009: folds 
Uncalled bet ($32) returned to janarr5
janarr5 collected $28.71 from pot
janarr5: doesn't show hand 
*** SUMMARY ***
Total pot $30.22 | Rake $1.51 
Board [3h Js 6c Ts 3s]
Seat 1: Amara2009 folded on the River
Seat 2: Gluck35 folded before Flop (didn't bet)
Seat 3: louissingleton folded before Flop (didn't bet)
Seat 4: janarr5 (button) collected ($28.71)
Seat 5: Kristo 914 (small blind) folded before Flop
Seat 6: JoeBlack_MS (big blind) folded before Flop



PokerStars Hand #254428793669:  Hold'em No Limit ($0.50/$1.00 USD) - 2025/01/18 9:45:13 WET [2025/01/18 4:45:13 ET]
Table 'Baillauda III' 6-max Seat #5 is the button
Seat 1: Amara2009 ($31.44 in chips) 
Seat 2: Gluck35 ($126.08 in chips) 
Seat 3: louissingleton ($23.93 in chips) 
Seat 4: janarr5 ($115.85 in chips) 
Seat 5: Kristo 914 ($100 in chips) 
Seat 6: JoeBlack_MS ($100 in chips) 
JoeBlack_MS: posts small blind $0.50
Amara2009: posts big blind $1
*** HOLE CARDS ***
Gluck35: folds 
louissingleton: folds 
janarr5: folds 
Kristo 914: raises $1.40 to $2.40
JoeBlack_MS: folds 
Amara2009: raises $5.30 to $7.70
Kristo 914: folds 
Uncalled bet ($5.30) returned to Amara2009
Amara2009 collected $5.30 from pot
*** SUMMARY ***
Total pot $5.30 | Rake $0 
Seat 1: Amara2009 (big blind) collected ($5.30)
Seat 2: Gluck35 folded before Flop (didn't bet)
Seat 3: louissingleton folded before Flop (didn't bet)
Seat 4: janarr5 folded before Flop (didn't bet)
Seat 5: Kristo 914 (button) folded before Flop
Seat 6: JoeBlack_MS (small blind) folded before Flop



PokerStars Hand #254428795317:  Hold'em No Limit ($0.50/$1.00 USD) - 2025/01/18 9:45:28 WET [2025/01/18 4:45:28 ET]
Table 'Baillauda III' 6-max Seat #6 is the button
Seat 1: Amara2009 ($34.34 in chips) 
Seat 2: Gluck35 ($126.08 in chips) 
Seat 3: louissingleton ($23.93 in chips) 
Seat 4: janarr5 ($115.85 in chips) 
Seat 5: Kristo 914 ($100 in chips) 
Seat 6: JoeBlack_MS ($100 in chips) 
Amara2009: posts small blind $0.50
Gluck35: posts big blind $1
*** HOLE CARDS ***
louissingleton: folds 
janarr5: folds 
Kristo 914: folds 
JoeBlack_MS: raises $1.50 to $2.50
Amara2009: calls $2
Gluck35: calls $1.50
*** FLOP *** [3s 2c Qd]
Amara2009: checks 
Gluck35: checks 
JoeBlack_MS: bets $2.14
Amara2009: folds 
Gluck35: calls $2.14
*** TURN *** [3s 2c Qd] [Jh]
Gluck35: checks 
JoeBlack_MS: checks 
*** RIVER *** [3s 2c Qd Jh] [3d]
Gluck35: bets $7.46
JoeBlack_MS: calls $7.46
*** SHOW DOWN ***
Gluck35: shows [5d 6d] (a pair of Threes)
JoeBlack_MS: shows [Qc 8s] (two pair, Queens and Threes)
JoeBlack_MS collected $25.36 from pot
*** SUMMARY ***
Total pot $26.70 | Rake $1.34 
Board [3s 2c Qd Jh 3d]
Seat 1: Amara2009 (small blind) folded on the Flop
Seat 2: Gluck35 (big blind) showed [5d 6d] and lost with a pair of Threes
Seat 3: louissingleton folded before Flop (didn't bet)
Seat 4: janarr5 folded before Flop (didn't bet)
Seat 5: Kristo 914 folded before Flop (didn't bet)
Seat 6: JoeBlack_MS (button) showed [Qc 8s] and won ($25.36) with two pair, Queens and Threes



PokerStars Hand #254428803857:  Hold'em No Limit ($0.50/$1.00 USD) - 2025/01/18 9:46:44 WET [2025/01/18 4:46:44 ET]
Table 'Baillauda III' 6-max Seat #1 is the button
Seat 1: Amara2009 ($31.84 in chips) 
Seat 2: Gluck35 ($113.98 in chips) 
Seat 3: louissingleton ($23.93 in chips) 
Seat 4: janarr5 ($115.85 in chips) 
Seat 5: Kristo 914 ($100 in chips) 
Seat 6: JoeBlack_MS ($113.26 in chips) 
Gluck35: posts small blind $0.50
louissingleton: posts big blind $1
*** HOLE CARDS ***
janarr5: raises $1.25 to $2.25
Kristo 914: raises $5.25 to $7.50
JoeBlack_MS: folds 
Amara2009: folds 
Gluck35: folds 
louissingleton: folds 
janarr5: folds 
Uncalled bet ($5.25) returned to Kristo 914
Kristo 914 collected $6 from pot
Kristo 914: doesn't show hand 
*** SUMMARY ***
Total pot $6 | Rake $0 
Seat 1: Amara2009 (button) folded before Flop (didn't bet)
Seat 2: Gluck35 (small blind) folded before Flop
Seat 3: louissingleton (big blind) folded before Flop
Seat 4: janarr5 folded before Flop
Seat 5: Kristo 914 collected ($6)
Seat 6: JoeBlack_MS folded before Flop (didn't bet)



PokerStars Hand #254428806289:  Hold'em No Limit ($0.50/$1.00 USD) - 2025/01/18 9:47:06 WET [2025/01/18 4:47:06 ET]
Table 'Baillauda III' 6-max Seat #2 is the button
Seat 1: Amara2009 ($31.84 in chips) 
Seat 2: Gluck35 ($113.48 in chips) 
Seat 3: louissingleton ($22.93 in chips) 
Seat 4: janarr5 ($113.60 in chips) 
Seat 5: Kristo 914 ($103.75 in chips) 
Seat 6: JoeBlack_MS ($113.26 in chips) 
louissingleton: posts small blind $0.50
janarr5: posts big blind $1
*** HOLE CARDS ***
Kristo 914: calls $1
JoeBlack_MS: folds 
Amara2009: folds 
Gluck35: folds 
louissingleton: calls $0.50
janarr5: checks 
*** FLOP *** [7d 9d 9c]
louissingleton: checks 
janarr5: checks 
Kristo 914: checks 
*** TURN *** [7d 9d 9c] [8c]
louissingleton: checks 
janarr5: checks 
Kristo 914: checks 
*** RIVER *** [7d 9d 9c 8c] [Ks]
louissingleton: checks 
janarr5: bets $4.28
Kristo 914: folds 
louissingleton: folds 
Uncalled bet ($4.28) returned to janarr5
janarr5 collected $2.85 from pot
janarr5: doesn't show hand 
*** SUMMARY ***
Total pot $3 | Rake $0.15 
Board [7d 9d 9c 8c Ks]
Seat 1: Amara2009 folded before Flop (didn't bet)
Seat 2: Gluck35 (button) folded before Flop (didn't bet)
Seat 3: louissingleton (small blind) folded on the River
Seat 4: janarr5 (big blind) collected ($2.85)
Seat 5: Kristo 914 folded on the River
Seat 6: JoeBlack_MS folded before Flop (didn't bet)



PokerStars Hand #254428812355:  Hold'em No Limit ($0.50/$1.00 USD) - 2025/01/18 9:48:01 WET [2025/01/18 4:48:01 ET]
Table 'Baillauda III' 6-max Seat #3 is the button
Seat 5: Kristo 914 ($102.75 in chips) is sitting out
Seat 1: Amara2009 ($31.84 in chips) 
Seat 2: Gluck35 ($113.48 in chips) 
Seat 3: louissingleton ($21.93 in chips) 
Seat 4: janarr5 ($115.45 in chips) 
Seat 6: JoeBlack_MS ($113.26 in chips) 
janarr5: posts small blind $0.50
Kristo 914: is sitting out 
Kristo 914 leaves the table
JoeBlack_MS: posts big blind $1
*** HOLE CARDS ***
Amara2009: raises $1 to $2
Gluck35: folds 
louissingleton: raises $3 to $5
janarr5: folds 
JoeBlack_MS: folds 
Amara2009: calls $3
*** FLOP *** [Qs Ks 3c]
Amara2009: checks 
EAroca joins the table at seat #5 
louissingleton: bets $8
Amara2009: calls $8
*** TURN *** [Qs Ks 3c] [3h]
Amara2009: checks 
louissingleton: bets $8.93 and is all-in
Amara2009: folds 
Uncalled bet ($8.93) returned to louissingleton
louissingleton collected $26.12 from pot
*** SUMMARY ***
Total pot $27.50 | Rake $1.38 
Board [Qs Ks 3c 3h]
Seat 5: Kristo 914
Seat 1: Amara2009 folded on the Turn
Seat 2: Gluck35 folded before Flop (didn't bet)
Seat 3: louissingleton (button) collected ($26.12)
Seat 4: janarr5 (small blind) folded before Flop
Seat 6: JoeBlack_MS (big blind) folded before Flop



PokerStars Hand #254428816958:  Hold'em No Limit ($0.50/$1.00 USD) - 2025/01/18 9:48:43 WET [2025/01/18 4:48:43 ET]
Table 'Baillauda III' 6-max Seat #4 is the button
Seat 5: EAroca ($100 in chips) is sitting out
Seat 1: Amara2009 ($18.84 in chips) 
Seat 2: Gluck35 ($113.48 in chips) 
Seat 3: louissingleton ($35.05 in chips) 
Seat 4: janarr5 ($114.95 in chips) 
Seat 6: JoeBlack_MS ($112.26 in chips) 
JoeBlack_MS: posts small blind $0.50
Amara2009: posts big blind $1
*** HOLE CARDS ***
Gluck35: folds 
louissingleton: calls $1
janarr5: folds 
JoeBlack_MS: calls $0.50
Amara2009: raises $3 to $4
louissingleton: calls $3
JoeBlack_MS: folds 
*** FLOP *** [6c 8h 3s]
Amara2009: checks 
louissingleton: checks 
*** TURN *** [6c 8h 3s] [2c]
Amara2009: checks 
louissingleton: checks 
*** RIVER *** [6c 8h 3s 2c] [9d]
Amara2009: bets $14.84 and is all-in
louissingleton: folds 
Uncalled bet ($14.84) returned to Amara2009
Amara2009 collected $8.44 from pot
*** SUMMARY ***
Total pot $9 | Rake $0.56 
Board [6c 8h 3s 2c 9d]
Seat 5: EAroca
Seat 1: Amara2009 (big blind) collected ($8.44)
Seat 2: Gluck35 folded before Flop (didn't bet)
Seat 3: louissingleton folded on the River
Seat 4: janarr5 (button) folded before Flop (didn't bet)
Seat 6: JoeBlack_MS (small blind) folded before Flop



PokerStars Hand #254428821800:  Hold'em No Limit ($0.50/$1.00 USD) - 2025/01/18 9:49:26 WET [2025/01/18 4:49:26 ET]
Table 'Baillauda III' 6-max Seat #6 is the button
Seat 5: EAroca ($100 in chips) is sitting out
Seat 1: Amara2009 ($23.28 in chips) 
Seat 2: Gluck35 ($113.48 in chips) 
Seat 3: louissingleton ($31.05 in chips) 
Seat 4: janarr5 ($114.95 in chips) 
Seat 6: JoeBlack_MS ($111.26 in chips) 
Amara2009: posts small blind $0.50
Gluck35: posts big blind $1
EAroca: sits out 
*** HOLE CARDS ***
louissingleton: folds 
janarr5: folds 
JoeBlack_MS: folds 
Amara2009: raises $1 to $2
Gluck35: folds 
Uncalled bet ($1) returned to Amara2009
Amara2009 collected $2 from pot
*** SUMMARY ***
Total pot $2 | Rake $0 
Seat 5: EAroca
Seat 1: Amara2009 (small blind) collected ($2)
Seat 2: Gluck35 (big blind) folded before Flop
Seat 3: louissingleton folded before Flop (didn't bet)
Seat 4: janarr5 folded before Flop (didn't bet)
Seat 6: JoeBlack_MS (button) folded before Flop (didn't bet)



PokerStars Hand #254428824272:  Hold'em No Limit ($0.50/$1.00 USD) - 2025/01/18 9:49:49 WET [2025/01/18 4:49:49 ET]
Table 'Baillauda III' 6-max Seat #1 is the button
Seat 5: EAroca ($100 in chips) is sitting out
Seat 1: Amara2009 ($24.28 in chips) 
Seat 2: Gluck35 ($112.48 in chips) 
Seat 3: louissingleton ($31.05 in chips) 
Seat 4: janarr5 ($114.95 in chips) 
Seat 6: JoeBlack_MS ($111.26 in chips) 
Gluck35: posts small blind $0.50
louissingleton: posts big blind $1
EAroca: sits out 
*** HOLE CARDS ***
janarr5: folds 
JoeBlack_MS: folds 
Amara2009: folds 
Gluck35: folds 
Uncalled bet ($0.50) returned to louissingleton
louissingleton collected $1 from pot
*** SUMMARY ***
Total pot $1 | Rake $0 
Seat 5: EAroca
Seat 1: Amara2009 (button) folded before Flop (didn't bet)
Seat 2: Gluck35 (small blind) folded before Flop
Seat 3: louissingleton (big blind) collected ($1)
Seat 4: janarr5 folded before Flop (didn't bet)
Seat 6: JoeBlack_MS folded before Flop (didn't bet)



PokerStars Hand #254428826897:  Hold'em No Limit ($0.50/$1.00 USD) - 2025/01/18 9:50:12 WET [2025/01/18 4:50:12 ET]
Table 'Baillauda III' 6-max Seat #2 is the button
Seat 5: EAroca ($100 in chips) is sitting out
Seat 1: Amara2009 ($24.28 in chips) 
Seat 2: Gluck35 ($111.98 in chips) 
Seat 3: louissingleton ($31.55 in chips) 
Seat 4: janarr5 ($114.95 in chips) 
Seat 6: JoeBlack_MS ($111.26 in chips) 
louissingleton: posts small blind $0.50
janarr5: posts big blind $1
EAroca: sits out 
*** HOLE CARDS ***
JoeBlack_MS: folds 
Amara2009: calls $1
Gluck35: raises $3 to $4
louissingleton: folds 
janarr5: folds 
Amara2009: calls $3
*** FLOP *** [9s 4h 9c]
Amara2009: checks 
Gluck35: checks 
*** TURN *** [9s 4h 9c] [3d]
Amara2009: checks 
Gluck35: checks 
*** RIVER *** [9s 4h 9c 3d] [Qd]
Amara2009: bets $4.51
Gluck35: folds 
Uncalled bet ($4.51) returned to Amara2009
Amara2009 collected $8.90 from pot
*** SUMMARY ***
Total pot $9.50 | Rake $0.60 
Board [9s 4h 9c 3d Qd]
Seat 5: EAroca
Seat 1: Amara2009 collected ($8.90)
Seat 2: Gluck35 (button) folded on the River
Seat 3: louissingleton (small blind) folded before Flop
Seat 4: janarr5 (big blind) folded before Flop
Seat 6: JoeBlack_MS folded before Flop (didn't bet)



PokerStars Hand #254428831834:  Hold'em No Limit ($0.50/$1.00 USD) - 2025/01/18 9:50:57 WET [2025/01/18 4:50:57 ET]
Table 'Baillauda III' 6-max Seat #3 is the button
Seat 4: janarr5 ($113.95 in chips) is sitting out
Seat 5: EAroca ($100 in chips) is sitting out
Seat 1: Amara2009 ($29.18 in chips) 
Seat 2: Gluck35 ($107.98 in chips) 
Seat 3: louissingleton ($31.05 in chips) 
Seat 6: JoeBlack_MS ($111.26 in chips) 
JoeBlack_MS: posts small blind $0.50
Amara2009: posts big blind $1
*** HOLE CARDS ***
Gluck35: folds 
louissingleton: folds 
JoeBlack_MS: raises $1 to $2
Amara2009: folds 
Uncalled bet ($1) returned to JoeBlack_MS
JoeBlack_MS collected $2 from pot
JoeBlack_MS: doesn't show hand 
*** SUMMARY ***
Total pot $2 | Rake $0 
Seat 4: janarr5
Seat 5: EAroca
Seat 1: Amara2009 (big blind) folded before Flop
Seat 2: Gluck35 folded before Flop (didn't bet)
Seat 3: louissingleton (button) folded before Flop (didn't bet)
Seat 6: JoeBlack_MS (small blind) collected ($2)



PokerStars Hand #254428835327:  Hold'em No Limit ($0.50/$1.00 USD) - 2025/01/18 9:51:29 WET [2025/01/18 4:51:29 ET]
Table 'Baillauda III' 6-max Seat #6 is the button
Seat 4: janarr5 ($113.95 in chips) is sitting out
Seat 5: EAroca ($100 in chips) is sitting out
Seat 1: Amara2009 ($28.18 in chips) 
Seat 2: Gluck35 ($107.98 in chips) 
Seat 3: louissingleton ($31.05 in chips) 
Seat 6: JoeBlack_MS ($112.26 in chips) 
Amara2009: posts small blind $0.50
Gluck35: posts big blind $1
EAroca: sits out 
*** HOLE CARDS ***
louissingleton: folds 
JoeBlack_MS: folds 
Amara2009: raises $2 to $3
Gluck35: folds 
Uncalled bet ($2) returned to Amara2009
Amara2009 collected $2 from pot
*** SUMMARY ***
Total pot $2 | Rake $0 
Seat 4: janarr5
Seat 5: EAroca
Seat 1: Amara2009 (small blind) collected ($2)
Seat 2: Gluck35 (big blind) folded before Flop
Seat 3: louissingleton folded before Flop (didn't bet)
Seat 6: JoeBlack_MS (button) folded before Flop (didn't bet)



PokerStars Hand #254428837800:  Hold'em No Limit ($0.50/$1.00 USD) - 2025/01/18 9:51:51 WET [2025/01/18 4:51:51 ET]
Table 'Baillauda III' 6-max Seat #1 is the button
Seat 4: janarr5 ($113.95 in chips) is sitting out
Seat 5: EAroca ($100 in chips) is sitting out
Seat 1: Amara2009 ($29.18 in chips) 
Seat 2: Gluck35 ($106.98 in chips) 
Seat 3: louissingleton ($31.05 in chips) 
Seat 6: JoeBlack_MS ($112.26 in chips) 
Gluck35: posts small blind $0.50
louissingleton: posts big blind $1
EAroca: sits out 
*** HOLE CARDS ***
JoeBlack_MS: folds 
Amara2009: calls $1
Gluck35: folds 
louissingleton: checks 
*** FLOP *** [As 5c 9s]
louissingleton: checks 
Amara2009: bets $1
louissingleton: folds 
Uncalled bet ($1) returned to Amara2009
Amara2009 collected $2.35 from pot
*** SUMMARY ***
Total pot $2.50 | Rake $0.15 
Board [As 5c 9s]
Seat 4: janarr5
Seat 5: EAroca
Seat 1: Amara2009 (button) collected ($2.35)
Seat 2: Gluck35 (small blind) folded before Flop
Seat 3: louissingleton (big blind) folded on the Flop
Seat 6: JoeBlack_MS folded before Flop (didn't bet)



PokerStars Hand #254428843472:  Hold'em No Limit ($0.50/$1.00 USD) - 2025/01/18 9:52:42 WET [2025/01/18 4:52:42 ET]
Table 'Baillauda III' 6-max Seat #2 is the button
Seat 4: janarr5 ($113.95 in chips) is sitting out
Seat 1: Amara2009 ($30.53 in chips) 
Seat 2: Gluck35 ($106.48 in chips) 
Seat 3: louissingleton ($30.05 in chips) 
Seat 5: EAroca ($100 in chips) 
Seat 6: JoeBlack_MS ($112.26 in chips) 
louissingleton: posts small blind $0.50
EAroca: posts big blind $1
*** HOLE CARDS ***
Amara2009 is disconnected 
JoeBlack_MS: folds 
Amara2009 has timed out while disconnected
Amara2009: folds 
Gluck35: raises $1.25 to $2.25
louissingleton: folds 
EAroca: calls $1.25
*** FLOP *** [Th 4d 5s]
EAroca: checks 
Gluck35: bets $1.57
EAroca: calls $1.57
*** TURN *** [Th 4d 5s] [Js]
EAroca: checks 
Gluck35: bets $5.80
EAroca: folds 
Uncalled bet ($5.80) returned to Gluck35
Gluck35 collected $7.73 from pot
Gluck35: doesn't show hand 
*** SUMMARY ***
Total pot $8.14 | Rake $0.41 
Board [Th 4d 5s Js]
Seat 4: janarr5
Seat 1: Amara2009 folded before Flop (didn't bet)
Seat 2: Gluck35 (button) collected ($7.73)
Seat 3: louissingleton (small blind) folded before Flop
Seat 5: EAroca (big blind) folded on the Turn
Seat 6: JoeBlack_MS folded before Flop (didn't bet)



PokerStars Hand #254428853422:  Hold'em No Limit ($0.50/$1.00 USD) - 2025/01/18 9:54:12 WET [2025/01/18 4:54:12 ET]
Table 'Baillauda III' 6-max Seat #3 is the button
Seat 4: janarr5 ($113.95 in chips) is sitting out
Seat 1: Amara2009 ($30.53 in chips) 
Seat 2: Gluck35 ($110.39 in chips) 
Seat 3: louissingleton ($29.55 in chips) 
Seat 5: EAroca ($100 in chips) 
Seat 6: JoeBlack_MS ($112.26 in chips) 
EAroca: posts small blind $0.50
JoeBlack_MS: posts big blind $1
*** HOLE CARDS ***
Amara2009: raises $1 to $2
Gluck35: folds 
louissingleton: folds 
EAroca: folds 
JoeBlack_MS: folds 
Uncalled bet ($1) returned to Amara2009
Amara2009 collected $2.50 from pot
*** SUMMARY ***
Total pot $2.50 | Rake $0 
Seat 4: janarr5
Seat 1: Amara2009 collected ($2.50)
Seat 2: Gluck35 folded before Flop (didn't bet)
Seat 3: louissingleton (button) folded before Flop (didn't bet)
Seat 5: EAroca (small blind) folded before Flop
Seat 6: JoeBlack_MS (big blind) folded before Flop



PokerStars Hand #254428856414:  Hold'em No Limit ($0.50/$1.00 USD) - 2025/01/18 9:54:39 WET [2025/01/18 4:54:39 ET]
Table 'Baillauda III' 6-max Seat #5 is the button
Seat 4: janarr5 ($113.95 in chips) is sitting out
Seat 1: Amara2009 ($32.03 in chips) 
Seat 2: Gluck35 ($110.39 in chips) 
Seat 3: louissingleton ($29.55 in chips) 
Seat 5: EAroca ($100 in chips) 
Seat 6: JoeBlack_MS ($111.26 in chips) 
JoeBlack_MS: posts small blind $0.50
Amara2009: posts big blind $1
*** HOLE CARDS ***
Gluck35: raises $1.25 to $2.25
louissingleton: raises $2.25 to $4.50
EAroca: folds 
JoeBlack_MS: folds 
Amara2009: folds 
Gluck35: folds 
Uncalled bet ($2.25) returned to louissingleton
louissingleton collected $6 from pot
*** SUMMARY ***
Total pot $6 | Rake $0 
Seat 4: janarr5
Seat 1: Amara2009 (big blind) folded before Flop
Seat 2: Gluck35 folded before Flop
Seat 3: louissingleton collected ($6)
Seat 5: EAroca (button) folded before Flop (didn't bet)
Seat 6: JoeBlack_MS (small blind) folded before Flop



PokerStars Hand #254428858765:  Hold'em No Limit ($0.50/$1.00 USD) - 2025/01/18 9:54:59 WET [2025/01/18 4:54:59 ET]
Table 'Baillauda III' 6-max Seat #6 is the button
Seat 4: janarr5 ($113.95 in chips) is sitting out
Seat 1: Amara2009 ($31.03 in chips) 
Seat 2: Gluck35 ($108.14 in chips) 
Seat 3: louissingleton ($33.30 in chips) 
Seat 5: EAroca ($100 in chips) 
Seat 6: JoeBlack_MS ($110.76 in chips) 
Amara2009: posts small blind $0.50
Gluck35: posts big blind $1
*** HOLE CARDS ***
louissingleton: folds 
EAroca: raises $1 to $2
JoeBlack_MS: folds 
Amara2009: calls $1.50
Gluck35: folds 
*** FLOP *** [Tc Ks Jd]
Amara2009: checks 
EAroca: bets $1.19
Amara2009: calls $1.19
*** TURN *** [Tc Ks Jd] [4c]
Amara2009: checks 
EAroca: bets $4.70
Amara2009: folds 
Uncalled bet ($4.70) returned to EAroca
EAroca collected $7.01 from pot
EAroca: doesn't show hand 
*** SUMMARY ***
Total pot $7.38 | Rake $0.37 
Board [Tc Ks Jd 4c]
Seat 4: janarr5
Seat 1: Amara2009 (small blind) folded on the Turn
Seat 2: Gluck35 (big blind) folded before Flop
Seat 3: louissingleton folded before Flop (didn't bet)
Seat 5: EAroca collected ($7.01)
Seat 6: JoeBlack_MS (button) folded before Flop (didn't bet)



PokerStars Hand #254428863540:  Hold'em No Limit ($0.50/$1.00 USD) - 2025/01/18 9:55:48 WET [2025/01/18 4:55:48 ET]
Table 'Baillauda III' 6-max Seat #1 is the button
Seat 4: janarr5 ($113.95 in chips) is sitting out
Seat 1: Amara2009 ($27.84 in chips) 
Seat 2: Gluck35 ($107.14 in chips) 
Seat 3: louissingleton ($33.30 in chips) 
Seat 5: EAroca ($103.82 in chips) 
Seat 6: JoeBlack_MS ($110.76 in chips) 
Gluck35: posts small blind $0.50
louissingleton: posts big blind $1
*** HOLE CARDS ***
EAroca: raises $1 to $2
JoeBlack_MS: raises $4.50 to $6.50
Amara2009: folds 
Gluck35: folds 
louissingleton: folds 
EAroca: raises $11.50 to $18
JoeBlack_MS: calls $11.50
*** FLOP *** [2d 9d 4c]
Amara2009 is disconnected 
EAroca: bets $14.24
JoeBlack_MS: folds 
Uncalled bet ($14.24) returned to EAroca
EAroca collected $35.62 from pot
EAroca: doesn't show hand 
*** SUMMARY ***
Total pot $37.50 | Rake $1.88 
Board [2d 9d 4c]
Seat 4: janarr5
Seat 1: Amara2009 (button) folded before Flop (didn't bet)
Seat 2: Gluck35 (small blind) folded before Flop
Seat 3: louissingleton (big blind) folded before Flop
Seat 5: EAroca collected ($35.62)
Seat 6: JoeBlack_MS folded on the Flop



PokerStars Hand #254428870818:  Hold'em No Limit ($0.50/$1.00 USD) - 2025/01/18 9:57:04 WET [2025/01/18 4:57:04 ET]
Table 'Baillauda III' 6-max Seat #2 is the button
Seat 1: Amara2009 ($27.84 in chips) 
Seat 2: Gluck35 ($106.64 in chips) 
Seat 3: louissingleton ($32.30 in chips) 
Seat 4: janarr5 ($113.95 in chips) 
Seat 5: EAroca ($121.44 in chips) 
Seat 6: JoeBlack_MS ($100 in chips) 
louissingleton: posts small blind $0.50
janarr5: posts big blind $1
*** HOLE CARDS ***
EAroca: folds 
JoeBlack_MS: folds 
Amara2009: folds 
Gluck35: raises $1.25 to $2.25
louissingleton: calls $1.75
janarr5: calls $1.25
*** FLOP *** [8h 6s Ts]
louissingleton: checks 
janarr5: checks 
Gluck35: checks 
*** TURN *** [8h 6s Ts] [Qh]
louissingleton: bets $1
janarr5: calls $1
Gluck35: raises $5 to $6
louissingleton: raises $24.05 to $30.05 and is all-in
janarr5: folds 
Gluck35: calls $24.05
*** RIVER *** [8h 6s Ts Qh] [5h]
*** SHOW DOWN ***
louissingleton: shows [Th 8d] (two pair, Tens and Eights)
Gluck35: shows [Kh Qs] (a pair of Queens)
louissingleton collected $65.35 from pot
*** SUMMARY ***
Total pot $67.85 | Rake $2.50 
Board [8h 6s Ts Qh 5h]
Seat 1: Amara2009 folded before Flop (didn't bet)
Seat 2: Gluck35 (button) showed [Kh Qs] and lost with a pair of Queens
Seat 3: louissingleton (small blind) showed [Th 8d] and won ($65.35) with two pair, Tens and Eights
Seat 4: janarr5 (big blind) folded on the Turn
Seat 5: EAroca folded before Flop (didn't bet)
Seat 6: JoeBlack_MS folded before Flop (didn't bet)



PokerStars Hand #254428875979:  Hold'em No Limit ($0.50/$1.00 USD) - 2025/01/18 9:57:57 WET [2025/01/18 4:57:57 ET]
Table 'Baillauda III' 6-max Seat #3 is the button
Seat 1: Amara2009 ($27.84 in chips) 
Seat 2: Gluck35 ($100 in chips) 
Seat 3: louissingleton ($65.35 in chips) 
Seat 4: janarr5 ($110.70 in chips) 
Seat 5: EAroca ($121.44 in chips) 
Seat 6: JoeBlack_MS ($100 in chips) 
janarr5: posts small blind $0.50
EAroca: posts big blind $1
*** HOLE CARDS ***
JoeBlack_MS: folds 
Amara2009: raises $1 to $2
Gluck35: folds 
louissingleton: folds 
janarr5: folds 
EAroca: calls $1
*** FLOP *** [Js 9h 3c]
EAroca: checks 
Amara2009: bets $2.14
EAroca: folds 
Uncalled bet ($2.14) returned to Amara2009
Amara2009 collected $4.22 from pot
*** SUMMARY ***
Total pot $4.50 | Rake $0.28 
Board [Js 9h 3c]
Seat 1: Amara2009 collected ($4.22)
Seat 2: Gluck35 folded before Flop (didn't bet)
Seat 3: louissingleton (button) folded before Flop (didn't bet)
Seat 4: janarr5 (small blind) folded before Flop
Seat 5: EAroca (big blind) folded on the Flop
Seat 6: JoeBlack_MS folded before Flop (didn't bet)



PokerStars Hand #254428878657:  Hold'em No Limit ($0.50/$1.00 USD) - 2025/01/18 9:58:26 WET [2025/01/18 4:58:26 ET]
Table 'Baillauda III' 6-max Seat #4 is the button
Seat 1: Amara2009 ($30.06 in chips) 
Seat 2: Gluck35 ($100 in chips) 
Seat 3: louissingleton ($65.35 in chips) 
Seat 4: janarr5 ($110.20 in chips) 
Seat 5: EAroca ($119.44 in chips) 
Seat 6: JoeBlack_MS ($100 in chips) 
EAroca: posts small blind $0.50
JoeBlack_MS: posts big blind $1
*** HOLE CARDS ***
Amara2009: raises $1 to $2
Gluck35: raises $4 to $6
louissingleton: folds 
janarr5: folds 
EAroca: folds 
JoeBlack_MS: folds 
Amara2009: calls $4
*** FLOP *** [Ts 9c Th]
Amara2009: checks 
Gluck35: checks 
*** TURN *** [Ts 9c Th] [3c]
Amara2009: bets $6.41
Gluck35: calls $6.41
*** RIVER *** [Ts 9c Th 3c] [4h]
Amara2009: bets $17.65 and is all-in
Gluck35: calls $17.65
*** SHOW DOWN ***
Amara2009: shows [7s Qs] (a pair of Tens)
Gluck35: shows [Kd Kh] (two pair, Kings and Tens)
Gluck35 collected $59.12 from pot
*** SUMMARY ***
Total pot $61.62 | Rake $2.50 
Board [Ts 9c Th 3c 4h]
Seat 1: Amara2009 showed [7s Qs] and lost with a pair of Tens
Seat 2: Gluck35 showed [Kd Kh] and won ($59.12) with two pair, Kings and Tens
Seat 3: louissingleton folded before Flop (didn't bet)
Seat 4: janarr5 (button) folded before Flop (didn't bet)
Seat 5: EAroca (small blind) folded before Flop
Seat 6: JoeBlack_MS (big blind) folded before Flop



PokerStars Hand #254428884094:  Hold'em No Limit ($0.50/$1.00 USD) - 2025/01/18 9:59:22 WET [2025/01/18 4:59:22 ET]
Table 'Baillauda III' 6-max Seat #5 is the button
Seat 1: Amara2009 ($0 in chips) is sitting out
Seat 2: Gluck35 ($129.06 in chips) 
Seat 3: louissingleton ($65.35 in chips) 
Seat 4: janarr5 ($110.20 in chips) 
Seat 5: EAroca ($118.94 in chips) 
Seat 6: JoeBlack_MS ($100 in chips) 
JoeBlack_MS: posts small blind $0.50
Gluck35: posts big blind $1
*** HOLE CARDS ***
Amara2009 is disconnected 
louissingleton: folds 
janarr5: folds 
EAroca: raises $1.50 to $2.50
JoeBlack_MS: raises $2 to $4.50
Gluck35: folds 
EAroca: calls $2
*** FLOP *** [2c 3s Qc]
JoeBlack_MS: bets $5
EAroca: calls $5
*** TURN *** [2c 3s Qc] [As]
JoeBlack_MS: checks 
EAroca: bets $14.25
JoeBlack_MS: calls $14.25
*** RIVER *** [2c 3s Qc As] [Kd]
JoeBlack_MS: checks 
EAroca: checks 
*** SHOW DOWN ***
JoeBlack_MS: shows [7c Ac] (a pair of Aces)
EAroca: mucks hand 
JoeBlack_MS collected $46.08 from pot
*** SUMMARY ***
Total pot $48.50 | Rake $2.42 
Board [2c 3s Qc As Kd]
Seat 1: Amara2009
Seat 2: Gluck35 (big blind) folded before Flop
Seat 3: louissingleton folded before Flop (didn't bet)
Seat 4: janarr5 folded before Flop (didn't bet)
Seat 5: EAroca (button) mucked
Seat 6: JoeBlack_MS (small blind) showed [7c Ac] and won ($46.08) with a pair of Aces



PokerStars Hand #254428893082:  Hold'em No Limit ($0.50/$1.00 USD) - 2025/01/18 10:00:52 WET [2025/01/18 5:00:52 ET]
Table 'Baillauda III' 6-max Seat #6 is the button
Seat 1: Amara2009 ($0 in chips) is sitting out
Seat 2: Gluck35 ($128.06 in chips) 
Seat 3: louissingleton ($65.35 in chips) 
Seat 4: janarr5 ($110.20 in chips) 
Seat 5: EAroca ($100 in chips) 
Seat 6: JoeBlack_MS ($122.33 in chips) 
Gluck35: posts small blind $0.50
louissingleton: posts big blind $1
*** HOLE CARDS ***
janarr5: raises $1.25 to $2.25
EAroca: folds 
JoeBlack_MS: folds 
Gluck35: raises $8.25 to $10.50
louissingleton: folds 
janarr5: folds 
Uncalled bet ($8.25) returned to Gluck35
Gluck35 collected $5.50 from pot
Gluck35: doesn't show hand 
*** SUMMARY ***
Total pot $5.50 | Rake $0 
Seat 1: Amara2009
Seat 2: Gluck35 (small blind) collected ($5.50)
Seat 3: louissingleton (big blind) folded before Flop
Seat 4: janarr5 folded before Flop
Seat 5: EAroca folded before Flop (didn't bet)
Seat 6: JoeBlack_MS (button) folded before Flop (didn't bet)



PokerStars Hand #254428896196:  Hold'em No Limit ($0.50/$1.00 USD) - 2025/01/18 10:01:18 WET [2025/01/18 5:01:18 ET]
Table 'Baillauda III' 6-max Seat #2 is the button
Seat 1: Amara2009 ($0 in chips) is sitting out
Seat 2: Gluck35 ($131.31 in chips) 
Seat 3: louissingleton ($64.35 in chips) 
Seat 4: janarr5 ($107.95 in chips) 
Seat 5: EAroca ($100 in chips) 
Seat 6: JoeBlack_MS ($122.33 in chips) 
louissingleton: posts small blind $0.50
janarr5: posts big blind $1
*** HOLE CARDS ***
EAroca: folds 
JoeBlack_MS: raises $1.30 to $2.30
Gluck35: folds 
louissingleton: calls $1.80
janarr5: folds 
*** FLOP *** [Kh Js Qd]
louissingleton: checks 
JoeBlack_MS: bets $1.60
louissingleton: calls $1.60
*** TURN *** [Kh Js Qd] [Tc]
louissingleton: checks 
JoeBlack_MS: checks 
*** RIVER *** [Kh Js Qd Tc] [8d]
louissingleton: checks 
JoeBlack_MS: bets $6.27
louissingleton: calls $6.27
*** SHOW DOWN ***
JoeBlack_MS: shows [Ah Kd] (a straight, Ten to Ace)
louissingleton: mucks hand 
JoeBlack_MS collected $20.27 from pot
*** SUMMARY ***
Total pot $21.34 | Rake $1.07 
Board [Kh Js Qd Tc 8d]
Seat 1: Amara2009
Seat 2: Gluck35 (button) folded before Flop (didn't bet)
Seat 3: louissingleton (small blind) mucked
Seat 4: janarr5 (big blind) folded before Flop
Seat 5: EAroca folded before Flop (didn't bet)
Seat 6: JoeBlack_MS showed [Ah Kd] and won ($20.27) with a straight, Ten to Ace



PokerStars Hand #254428902103:  Hold'em No Limit ($0.50/$1.00 USD) - 2025/01/18 10:02:10 WET [2025/01/18 5:02:10 ET]
Table 'Baillauda III' 6-max Seat #3 is the button
Seat 1: Amara2009 ($0 in chips) is sitting out
Seat 2: Gluck35 ($131.31 in chips) 
Seat 3: louissingleton ($54.18 in chips) 
Seat 4: janarr5 ($106.95 in chips) 
Seat 5: EAroca ($100 in chips) 
Seat 6: JoeBlack_MS ($132.43 in chips) 
janarr5: posts small blind $0.50
EAroca: posts big blind $1
*** HOLE CARDS ***
JoeBlack_MS: folds 
Gluck35: folds 
louissingleton: folds 
janarr5: raises $2 to $3
EAroca: folds 
Uncalled bet ($2) returned to janarr5
janarr5 collected $2 from pot
janarr5: doesn't show hand 
*** SUMMARY ***
Total pot $2 | Rake $0 
Seat 1: Amara2009
Seat 2: Gluck35 folded before Flop (didn't bet)
Seat 3: louissingleton (button) folded before Flop (didn't bet)
Seat 4: janarr5 (small blind) collected ($2)
Seat 5: EAroca (big blind) folded before Flop
Seat 6: JoeBlack_MS folded before Flop (didn't bet)



PokerStars Hand #254428904419:  Hold'em No Limit ($0.50/$1.00 USD) - 2025/01/18 10:02:30 WET [2025/01/18 5:02:30 ET]
Table 'Baillauda III' 6-max Seat #4 is the button
Seat 1: Amara2009 ($0 in chips) is sitting out
Seat 2: Gluck35 ($131.31 in chips) 
Seat 3: louissingleton ($54.18 in chips) 
Seat 4: janarr5 ($107.95 in chips) 
Seat 5: EAroca ($100 in chips) 
Seat 6: JoeBlack_MS ($132.43 in chips) 
EAroca: posts small blind $0.50
JoeBlack_MS: posts big blind $1
*** HOLE CARDS ***
Gluck35: folds 
louissingleton: folds 
janarr5: raises $1.50 to $2.50
EAroca: raises $7.50 to $10
JoeBlack_MS: folds 
janarr5: raises $12 to $22
EAroca: folds 
Uncalled bet ($12) returned to janarr5
janarr5 collected $21 from pot
janarr5: doesn't show hand 
*** SUMMARY ***
Total pot $21 | Rake $0 
Seat 1: Amara2009
Seat 2: Gluck35 folded before Flop (didn't bet)
Seat 3: louissingleton folded before Flop (didn't bet)
Seat 4: janarr5 (button) collected ($21)
Seat 5: EAroca (small blind) folded before Flop
Seat 6: JoeBlack_MS (big blind) folded before Flop



PokerStars Hand #254428906963:  Hold'em No Limit ($0.50/$1.00 USD) - 2025/01/18 10:02:53 WET [2025/01/18 5:02:53 ET]
Table 'Baillauda III' 6-max Seat #5 is the button
Seat 1: Amara2009 ($0 in chips) is sitting out
Seat 2: Gluck35 ($131.31 in chips) 
Seat 3: louissingleton ($54.18 in chips) 
Seat 4: janarr5 ($118.95 in chips) 
Seat 5: EAroca ($100 in chips) 
Seat 6: JoeBlack_MS ($131.43 in chips) 
JoeBlack_MS: posts small blind $0.50
Gluck35: posts big blind $1
*** HOLE CARDS ***
louissingleton: folds 
janarr5: raises $1.25 to $2.25
EAroca: folds 
JoeBlack_MS: folds 
Gluck35: folds 
Uncalled bet ($1.25) returned to janarr5
janarr5 collected $2.50 from pot
janarr5: doesn't show hand 
*** SUMMARY ***
Total pot $2.50 | Rake $0 
Seat 1: Amara2009
Seat 2: Gluck35 (big blind) folded before Flop
Seat 3: louissingleton folded before Flop (didn't bet)
Seat 4: janarr5 collected ($2.50)
Seat 5: EAroca (button) folded before Flop (didn't bet)
Seat 6: JoeBlack_MS (small blind) folded before Flop



PokerStars Hand #254428909402:  Hold'em No Limit ($0.50/$1.00 USD) - 2025/01/18 10:03:14 WET [2025/01/18 5:03:14 ET]
Table 'Baillauda III' 6-max Seat #6 is the button
Seat 1: Amara2009 ($0 in chips) is sitting out
Seat 2: Gluck35 ($130.31 in chips) 
Seat 3: louissingleton ($54.18 in chips) 
Seat 4: janarr5 ($120.45 in chips) 
Seat 5: EAroca ($100 in chips) 
Seat 6: JoeBlack_MS ($130.93 in chips) 
Gluck35: posts small blind $0.50
louissingleton: posts big blind $1
*** HOLE CARDS ***
janarr5: folds 
EAroca: folds 
JoeBlack_MS: raises $1.50 to $2.50
Gluck35: folds 
louissingleton: calls $1.50
*** FLOP *** [8c 8h Ad]
louissingleton: checks 
JoeBlack_MS: bets $1.57
louissingleton: folds 
Uncalled bet ($1.57) returned to JoeBlack_MS
JoeBlack_MS collected $5.22 from pot
JoeBlack_MS: doesn't show hand 
*** SUMMARY ***
Total pot $5.50 | Rake $0.28 
Board [8c 8h Ad]
Seat 1: Amara2009
Seat 2: Gluck35 (small blind) folded before Flop
Seat 3: louissingleton (big blind) folded on the Flop
Seat 4: janarr5 folded before Flop (didn't bet)
Seat 5: EAroca folded before Flop (didn't bet)
Seat 6: JoeBlack_MS (button) collected ($5.22)



PokerStars Hand #254428913058:  Hold'em No Limit ($0.50/$1.00 USD) - 2025/01/18 10:03:45 WET [2025/01/18 5:03:45 ET]
Table 'Baillauda III' 6-max Seat #2 is the button
Seat 1: Amara2009 ($0 in chips) is sitting out
Seat 2: Gluck35 ($129.81 in chips) 
Seat 3: louissingleton ($51.68 in chips) 
Seat 4: janarr5 ($120.45 in chips) 
Seat 5: EAroca ($100 in chips) 
Seat 6: JoeBlack_MS ($133.65 in chips) 
louissingleton: posts small blind $0.50
janarr5: posts big blind $1
*** HOLE CARDS ***
EAroca: folds 
JoeBlack_MS: folds 
Gluck35: folds 
louissingleton: folds 
Uncalled bet ($0.50) returned to janarr5
janarr5 collected $1 from pot
janarr5: doesn't show hand 
*** SUMMARY ***
Total pot $1 | Rake $0 
Seat 1: Amara2009
Seat 2: Gluck35 (button) folded before Flop (didn't bet)
Seat 3: louissingleton (small blind) folded before Flop
Seat 4: janarr5 (big blind) collected ($1)
Seat 5: EAroca folded before Flop (didn't bet)
Seat 6: JoeBlack_MS folded before Flop (didn't bet)



PokerStars Hand #254428914957:  Hold'em No Limit ($0.50/$1.00 USD) - 2025/01/18 10:04:02 WET [2025/01/18 5:04:02 ET]
Table 'Baillauda III' 6-max Seat #3 is the button
Seat 1: Amara2009 ($0 in chips) is sitting out
Seat 2: Gluck35 ($129.81 in chips) 
Seat 3: louissingleton ($51.18 in chips) 
Seat 4: janarr5 ($120.95 in chips) 
Seat 5: EAroca ($100 in chips) 
Seat 6: JoeBlack_MS ($133.65 in chips) 
janarr5: posts small blind $0.50
EAroca: posts big blind $1
*** HOLE CARDS ***
JoeBlack_MS: folds 
Gluck35: folds 
louissingleton: folds 
janarr5: raises $2 to $3
EAroca: folds 
Uncalled bet ($2) returned to janarr5
janarr5 collected $2 from pot
janarr5: doesn't show hand 
*** SUMMARY ***
Total pot $2 | Rake $0 
Seat 1: Amara2009
Seat 2: Gluck35 folded before Flop (didn't bet)
Seat 3: louissingleton (button) folded before Flop (didn't bet)
Seat 4: janarr5 (small blind) collected ($2)
Seat 5: EAroca (big blind) folded before Flop
Seat 6: JoeBlack_MS folded before Flop (didn't bet)



PokerStars Hand #254428916408:  Hold'em No Limit ($0.50/$1.00 USD) - 2025/01/18 10:04:14 WET [2025/01/18 5:04:14 ET]
Table 'Baillauda III' 6-max Seat #4 is the button
Seat 1: Amara2009 ($0 in chips) is sitting out
Seat 2: Gluck35 ($129.81 in chips) 
Seat 3: louissingleton ($51.18 in chips) 
Seat 4: janarr5 ($121.95 in chips) 
Seat 5: EAroca ($100 in chips) 
Seat 6: JoeBlack_MS ($133.65 in chips) 
EAroca: posts small blind $0.50
JoeBlack_MS: posts big blind $1
*** HOLE CARDS ***
Gluck35: folds 
louissingleton: folds 
janarr5: folds 
EAroca: raises $2 to $3
JoeBlack_MS: calls $2
*** FLOP *** [9c Qh 3h]
EAroca: bets $1.43
JoeBlack_MS: calls $1.43
*** TURN *** [9c Qh 3h] [Tc]
EAroca: bets $8.42
JoeBlack_MS: calls $8.42
*** RIVER *** [9c Qh 3h Tc] [7s]
EAroca: bets $36.63
JoeBlack_MS: folds 
Uncalled bet ($36.63) returned to EAroca
EAroca collected $24.42 from pot
EAroca: doesn't show hand 
*** SUMMARY ***
Total pot $25.70 | Rake $1.28 
Board [9c Qh 3h Tc 7s]
Seat 1: Amara2009
Seat 2: Gluck35 folded before Flop (didn't bet)
Seat 3: louissingleton folded before Flop (didn't bet)
Seat 4: janarr5 (button) folded before Flop (didn't bet)
Seat 5: EAroca (small blind) collected ($24.42)
Seat 6: JoeBlack_MS (big blind) folded on the River



PokerStars Hand #254428923005:  Hold'em No Limit ($0.50/$1.00 USD) - 2025/01/18 10:05:12 WET [2025/01/18 5:05:12 ET]
Table 'Baillauda III' 6-max Seat #5 is the button
Seat 1: Amara2009 ($0 in chips) is sitting out
Seat 2: Gluck35 ($129.81 in chips) is sitting out
Seat 3: louissingleton ($51.18 in chips) 
Seat 4: janarr5 ($121.95 in chips) 
Seat 5: EAroca ($111.57 in chips) 
Seat 6: JoeBlack_MS ($120.80 in chips) 
JoeBlack_MS: posts small blind $0.50
Gluck35: is sitting out 
louissingleton: posts big blind $1
*** HOLE CARDS ***
janarr5: raises $1.25 to $2.25
EAroca: raises $5.63 to $7.88
Gluck35 leaves the table
JoeBlack_MS: folds 
louissingleton: folds 
janarr5: folds 
Uncalled bet ($5.63) returned to EAroca
EAroca collected $6 from pot
EAroca: doesn't show hand 
*** SUMMARY ***
Total pot $6 | Rake $0 
Seat 1: Amara2009
Seat 2: Gluck35
Seat 3: louissingleton (big blind) folded before Flop
Seat 4: janarr5 folded before Flop
Seat 5: EAroca (button) collected ($6)
Seat 6: JoeBlack_MS (small blind) folded before Flop



PokerStars Hand #254428925902:  Hold'em No Limit ($0.50/$1.00 USD) - 2025/01/18 10:05:37 WET [2025/01/18 5:05:37 ET]
Table 'Baillauda III' 6-max Seat #6 is the button
Seat 1: Amara2009 ($0 in chips) is sitting out
Seat 3: louissingleton ($50.18 in chips) 
Seat 4: janarr5 ($119.70 in chips) 
Seat 5: EAroca ($115.32 in chips) 
Seat 6: JoeBlack_MS ($120.30 in chips) 
louissingleton: posts small blind $0.50
janarr5: posts big blind $1
*** HOLE CARDS ***
Supermegopro joins the table at seat #2 
EAroca: folds 
JoeBlack_MS: folds 
louissingleton: folds 
Uncalled bet ($0.50) returned to janarr5
janarr5 collected $1 from pot
janarr5: doesn't show hand 
*** SUMMARY ***
Total pot $1 | Rake $0 
Seat 1: Amara2009
Seat 3: louissingleton (small blind) folded before Flop
Seat 4: janarr5 (big blind) collected ($1)
Seat 5: EAroca folded before Flop (didn't bet)
Seat 6: JoeBlack_MS (button) folded before Flop (didn't bet)



PokerStars Hand #254428927144:  Hold'em No Limit ($0.50/$1.00 USD) - 2025/01/18 10:05:48 WET [2025/01/18 5:05:48 ET]
Table 'Baillauda III' 6-max Seat #3 is the button
Seat 1: Amara2009 ($0 in chips) is sitting out
Seat 5: EAroca ($115.32 in chips) is sitting out
Seat 6: JoeBlack_MS ($120.30 in chips) is sitting out
Seat 2: Supermegopro ($100 in chips) 
Seat 3: louissingleton ($49.68 in chips) 
Seat 4: janarr5 ($120.20 in chips) 
janarr5: posts small blind $0.50
EAroca: is sitting out 
JoeBlack_MS: is sitting out 
Supermegopro: posts big blind $1
*** HOLE CARDS ***
JoeBlack_MS leaves the table
louissingleton: folds 
janarr5: folds 
Uncalled bet ($0.50) returned to Supermegopro
Supermegopro collected $1 from pot
Amara2009 leaves the table
Supermegopro: doesn't show hand 
*** SUMMARY ***
Total pot $1 | Rake $0 
Seat 1: Amara2009
Seat 5: EAroca
Seat 6: JoeBlack_MS
Seat 2: Supermegopro (big blind) collected ($1)
Seat 3: louissingleton (button) folded before Flop (didn't bet)
Seat 4: janarr5 (small blind) folded before Flop



PokerStars Hand #254428928807:  Hold'em No Limit ($0.50/$1.00 USD) - 2025/01/18 10:06:02 WET [2025/01/18 5:06:02 ET]
Table 'Baillauda III' 6-max Seat #4 is the button
Seat 5: EAroca ($115.32 in chips) is sitting out
Seat 2: Supermegopro ($100.50 in chips) 
Seat 3: louissingleton ($49.68 in chips) 
Seat 4: janarr5 ($119.70 in chips) 
Supermegopro: posts small blind $0.50
louissingleton: posts big blind $1
*** HOLE CARDS ***
janarr5: folds 
Supermegopro: raises $2 to $3
louissingleton: folds 
Uncalled bet ($2) returned to Supermegopro
Supermegopro collected $2 from pot
Supermegopro: doesn't show hand 
*** SUMMARY ***
Total pot $2 | Rake $0 
Seat 5: EAroca
Seat 2: Supermegopro (small blind) collected ($2)
Seat 3: louissingleton (big blind) folded before Flop
Seat 4: janarr5 (button) folded before Flop (didn't bet)



PokerStars Hand #254428930032:  Hold'em No Limit ($0.50/$1.00 USD) - 2025/01/18 10:06:13 WET [2025/01/18 5:06:13 ET]
Table 'Baillauda III' 6-max Seat #2 is the button
Seat 5: EAroca ($115.32 in chips) is sitting out
Seat 2: Supermegopro ($101.50 in chips) 
Seat 3: louissingleton ($48.68 in chips) 
Seat 4: janarr5 ($119.70 in chips) 
louissingleton: posts small blind $0.50
janarr5: posts big blind $1
*** HOLE CARDS ***
Supermegopro: folds 
Zvst joins the table at seat #6 
louissingleton: folds 
Uncalled bet ($0.50) returned to janarr5
janarr5 collected $1 from pot
janarr5: doesn't show hand 
*** SUMMARY ***
Total pot $1 | Rake $0 
Seat 5: EAroca
Seat 2: Supermegopro (button) folded before Flop (didn't bet)
Seat 3: louissingleton (small blind) folded before Flop
Seat 4: janarr5 (big blind) collected ($1)



PokerStars Hand #254428930924:  Hold'em No Limit ($0.50/$1.00 USD) - 2025/01/18 10:06:21 WET [2025/01/18 5:06:21 ET]
Table 'Baillauda III' 6-max Seat #3 is the button
Seat 5: EAroca ($115.32 in chips) is sitting out
Seat 2: Supermegopro ($101.50 in chips) 
Seat 3: louissingleton ($48.18 in chips) 
Seat 4: janarr5 ($120.20 in chips) 
Seat 6: Zvst ($100 in chips) 
janarr5: posts small blind $0.50
Zvst: posts big blind $1
*** HOLE CARDS ***
Supermegopro: raises $1.50 to $2.50
louissingleton: calls $2.50
janarr5: folds 
Zvst: folds 
*** FLOP *** [5h 8c 2h]
Supermegopro: bets $2.04
louissingleton: calls $2.04
*** TURN *** [5h 8c 2h] [7c]
Supermegopro: bets $3.32
b2k-Snick joins the table at seat #1 
louissingleton: folds 
Uncalled bet ($3.32) returned to Supermegopro
Supermegopro collected $10.05 from pot
Supermegopro: doesn't show hand 
*** SUMMARY ***
Total pot $10.58 | Rake $0.53 
Board [5h 8c 2h 7c]
Seat 5: EAroca
Seat 2: Supermegopro collected ($10.05)
Seat 3: louissingleton (button) folded on the Turn
Seat 4: janarr5 (small blind) folded before Flop
Seat 6: Zvst (big blind) folded before Flop



PokerStars Hand #254428933437:  Hold'em No Limit ($0.50/$1.00 USD) - 2025/01/18 10:06:43 WET [2025/01/18 5:06:43 ET]
Table 'Baillauda III' 6-max Seat #4 is the button
Seat 5: EAroca ($115.32 in chips) is sitting out
Seat 1: b2k-Snick ($100 in chips) 
Seat 2: Supermegopro ($107.01 in chips) 
Seat 3: louissingleton ($43.64 in chips) 
Seat 4: janarr5 ($119.70 in chips) 
Seat 6: Zvst ($100 in chips) 
Zvst: posts small blind $0.50
b2k-Snick: posts big blind $1
*** HOLE CARDS ***
Supermegopro: folds 
louissingleton: folds 
janarr5: raises $1.50 to $2.50
Zvst: folds 
b2k-Snick: calls $1.50
*** FLOP *** [4s 3h 8c]
b2k-Snick: checks 
janarr5: bets $5.22
b2k-Snick: calls $5.22
*** TURN *** [4s 3h 8c] [6c]
b2k-Snick: checks 
janarr5: bets $15.14
b2k-Snick: folds 
Uncalled bet ($15.14) returned to janarr5
janarr5 collected $15.14 from pot
janarr5: doesn't show hand 
*** SUMMARY ***
Total pot $15.94 | Rake $0.80 
Board [4s 3h 8c 6c]
Seat 5: EAroca
Seat 1: b2k-Snick (big blind) folded on the Turn
Seat 2: Supermegopro folded before Flop (didn't bet)
Seat 3: louissingleton folded before Flop (didn't bet)
Seat 4: janarr5 (button) collected ($15.14)
Seat 6: Zvst (small blind) folded before Flop



PokerStars Hand #254428941187:  Hold'em No Limit ($0.50/$1.00 USD) - 2025/01/18 10:07:51 WET [2025/01/18 5:07:51 ET]
Table 'Baillauda III' 6-max Seat #6 is the button
Seat 5: EAroca ($115.32 in chips) is sitting out
Seat 1: b2k-Snick ($100 in chips) 
Seat 2: Supermegopro ($107.01 in chips) 
Seat 3: louissingleton ($43.64 in chips) 
Seat 4: janarr5 ($127.12 in chips) 
Seat 6: Zvst ($100 in chips) 
b2k-Snick: posts small blind $0.50
Supermegopro: posts big blind $1
*** HOLE CARDS ***
louissingleton: folds 
janarr5: folds 
Zvst: folds 
b2k-Snick: folds 
Uncalled bet ($0.50) returned to Supermegopro
Supermegopro collected $1 from pot
Supermegopro: doesn't show hand 
*** SUMMARY ***
Total pot $1 | Rake $0 
Seat 5: EAroca
Seat 1: b2k-Snick (small blind) folded before Flop
Seat 2: Supermegopro (big blind) collected ($1)
Seat 3: louissingleton folded before Flop (didn't bet)
Seat 4: janarr5 folded before Flop (didn't bet)
Seat 6: Zvst (button) folded before Flop (didn't bet)



PokerStars Hand #254428942962:  Hold'em No Limit ($0.50/$1.00 USD) - 2025/01/18 10:08:06 WET [2025/01/18 5:08:06 ET]
Table 'Baillauda III' 6-max Seat #1 is the button
Seat 5: EAroca ($115.32 in chips) is sitting out
Seat 1: b2k-Snick ($100 in chips) 
Seat 2: Supermegopro ($107.51 in chips) 
Seat 3: louissingleton ($43.64 in chips) 
Seat 4: janarr5 ($127.12 in chips) 
Seat 6: Zvst ($100 in chips) 
Supermegopro: posts small blind $0.50
louissingleton: posts big blind $1
*** HOLE CARDS ***
janarr5: raises $1.25 to $2.25
Zvst: folds 
b2k-Snick: folds 
Supermegopro: calls $1.75
louissingleton: folds 
*** FLOP *** [Th Qs Jd]
Supermegopro: checks 
janarr5: bets $5.22
Supermegopro: folds 
Uncalled bet ($5.22) returned to janarr5
janarr5 collected $5.22 from pot
janarr5: doesn't show hand 
*** SUMMARY ***
Total pot $5.50 | Rake $0.28 
Board [Th Qs Jd]
Seat 5: EAroca
Seat 1: b2k-Snick (button) folded before Flop (didn't bet)
Seat 2: Supermegopro (small blind) folded on the Flop
Seat 3: louissingleton (big blind) folded before Flop
Seat 4: janarr5 collected ($5.22)
Seat 6: Zvst folded before Flop (didn't bet)



PokerStars Hand #254428946380:  Hold'em No Limit ($0.50/$1.00 USD) - 2025/01/18 10:08:36 WET [2025/01/18 5:08:36 ET]
Table 'Baillauda III' 6-max Seat #2 is the button
Seat 5: EAroca ($115.32 in chips) is sitting out
Seat 1: b2k-Snick ($100 in chips) 
Seat 2: Supermegopro ($105.26 in chips) 
Seat 3: louissingleton ($42.64 in chips) 
Seat 4: janarr5 ($130.09 in chips) 
Seat 6: Zvst ($100 in chips) 
louissingleton: posts small blind $0.50
janarr5: posts big blind $1
*** HOLE CARDS ***
Zvst: folds 
b2k-Snick: folds 
Supermegopro: raises $1.50 to $2.50
louissingleton: folds 
janarr5: calls $1.50
*** FLOP *** [2h 9s Qh]
janarr5: checks 
Supermegopro: checks 
*** TURN *** [2h 9s Qh] [Qc]
janarr5: checks 
Supermegopro: bets $7.83
janarr5: folds 
Uncalled bet ($7.83) returned to Supermegopro
Supermegopro collected $5.22 from pot
Supermegopro: doesn't show hand 
*** SUMMARY ***
Total pot $5.50 | Rake $0.28 
Board [2h 9s Qh Qc]
Seat 5: EAroca
Seat 1: b2k-Snick folded before Flop (didn't bet)
Seat 2: Supermegopro (button) collected ($5.22)
Seat 3: louissingleton (small blind) folded before Flop
Seat 4: janarr5 (big blind) folded on the Turn
Seat 6: Zvst folded before Flop (didn't bet)



PokerStars Hand #254428950649:  Hold'em No Limit ($0.50/$1.00 USD) - 2025/01/18 10:09:13 WET [2025/01/18 5:09:13 ET]
Table 'Baillauda III' 6-max Seat #3 is the button
Seat 5: EAroca ($115.32 in chips) is sitting out
Seat 1: b2k-Snick ($100 in chips) 
Seat 2: Supermegopro ($107.98 in chips) 
Seat 3: louissingleton ($42.14 in chips) 
Seat 4: janarr5 ($127.59 in chips) 
Seat 6: Zvst ($100 in chips) 
janarr5: posts small blind $0.50
Zvst: posts big blind $1
*** HOLE CARDS ***
b2k-Snick: folds 
Supermegopro: folds 
louissingleton: folds 
janarr5: folds 
Uncalled bet ($0.50) returned to Zvst
Zvst collected $1 from pot
Zvst: doesn't show hand 
*** SUMMARY ***
Total pot $1 | Rake $0 
Seat 5: EAroca
Seat 1: b2k-Snick folded before Flop (didn't bet)
Seat 2: Supermegopro folded before Flop (didn't bet)
Seat 3: louissingleton (button) folded before Flop (didn't bet)
Seat 4: janarr5 (small blind) folded before Flop
Seat 6: Zvst (big blind) collected ($1)



PokerStars Hand #254428951715:  Hold'em No Limit ($0.50/$1.00 USD) - 2025/01/18 10:09:21 WET [2025/01/18 5:09:21 ET]
Table 'Baillauda III' 6-max Seat #4 is the button
Seat 5: EAroca ($115.32 in chips) is sitting out
Seat 1: b2k-Snick ($100 in chips) 
Seat 2: Supermegopro ($107.98 in chips) 
Seat 3: louissingleton ($42.14 in chips) 
Seat 4: janarr5 ($127.09 in chips) 
Seat 6: Zvst ($100.50 in chips) 
Zvst: posts small blind $0.50
b2k-Snick: posts big blind $1
*** HOLE CARDS ***
Supermegopro: folds 
louissingleton: folds 
janarr5: raises $1.50 to $2.50
Zvst: folds 
b2k-Snick: calls $1.50
*** FLOP *** [Jd 7c Qs]
b2k-Snick: checks 
janarr5: bets $1.72
b2k-Snick: calls $1.72
*** TURN *** [Jd 7c Qs] [4c]
b2k-Snick: checks 
janarr5: checks 
*** RIVER *** [Jd 7c Qs 4c] [5s]
b2k-Snick: checks 
janarr5: bets $6.37
b2k-Snick: calls $6.37
*** SHOW DOWN ***
janarr5: shows [5c 5h] (three of a kind, Fives)
b2k-Snick: mucks hand 
janarr5 collected $20.60 from pot
*** SUMMARY ***
Total pot $21.68 | Rake $1.08 
Board [Jd 7c Qs 4c 5s]
Seat 5: EAroca
Seat 1: b2k-Snick (big blind) mucked
Seat 2: Supermegopro folded before Flop (didn't bet)
Seat 3: louissingleton folded before Flop (didn't bet)
Seat 4: janarr5 (button) showed [5c 5h] and won ($20.60) with three of a kind, Fives
Seat 6: Zvst (small blind) folded before Flop



PokerStars Hand #254428958256:  Hold'em No Limit ($0.50/$1.00 USD) - 2025/01/18 10:10:17 WET [2025/01/18 5:10:17 ET]
Table 'Baillauda III' 6-max Seat #6 is the button
Seat 5: EAroca ($115.32 in chips) is sitting out
Seat 1: b2k-Snick ($100 in chips) 
Seat 2: Supermegopro ($107.98 in chips) 
Seat 3: louissingleton ($42.14 in chips) 
Seat 4: janarr5 ($137.10 in chips) 
Seat 6: Zvst ($100 in chips) 
b2k-Snick: posts small blind $0.50
Supermegopro: posts big blind $1
*** HOLE CARDS ***
louissingleton: raises $2 to $3
janarr5: folds 
Zvst: folds 
b2k-Snick: folds 
Supermegopro: folds 
Uncalled bet ($2) returned to louissingleton
louissingleton collected $2.50 from pot
*** SUMMARY ***
Total pot $2.50 | Rake $0 
Seat 5: EAroca
Seat 1: b2k-Snick (small blind) folded before Flop
Seat 2: Supermegopro (big blind) folded before Flop
Seat 3: louissingleton collected ($2.50)
Seat 4: janarr5 folded before Flop (didn't bet)
Seat 6: Zvst (button) folded before Flop (didn't bet)



PokerStars Hand #254428960259:  Hold'em No Limit ($0.50/$1.00 USD) - 2025/01/18 10:10:34 WET [2025/01/18 5:10:34 ET]
Table 'Baillauda III' 6-max Seat #1 is the button
Seat 5: EAroca ($115.32 in chips) is sitting out
Seat 1: b2k-Snick ($100 in chips) 
Seat 2: Supermegopro ($106.98 in chips) 
Seat 3: louissingleton ($43.64 in chips) 
Seat 4: janarr5 ($137.10 in chips) 
Seat 6: Zvst ($100 in chips) 
Supermegopro: posts small blind $0.50
louissingleton: posts big blind $1
*** HOLE CARDS ***
janarr5: folds 
Zvst: folds 
b2k-Snick: folds 
Supermegopro: raises $2 to $3
louissingleton: calls $2
*** FLOP *** [Th 2s 7h]
Supermegopro: bets $2.28
louissingleton: raises $4.28 to $6.56
Supermegopro: raises $97.42 to $103.98 and is all-in
louissingleton: folds 
Uncalled bet ($97.42) returned to Supermegopro
Supermegopro collected $18.16 from pot
Supermegopro: doesn't show hand 
*** SUMMARY ***
Total pot $19.12 | Rake $0.96 
Board [Th 2s 7h]
Seat 5: EAroca
Seat 1: b2k-Snick (button) folded before Flop (didn't bet)
Seat 2: Supermegopro (small blind) collected ($18.16)
Seat 3: louissingleton (big blind) folded on the Flop
Seat 4: janarr5 folded before Flop (didn't bet)
Seat 6: Zvst folded before Flop (didn't bet)



PokerStars Hand #254428965758:  Hold'em No Limit ($0.50/$1.00 USD) - 2025/01/18 10:11:20 WET [2025/01/18 5:11:20 ET]
Table 'Baillauda III' 6-max Seat #2 is the button
Seat 5: EAroca ($115.32 in chips) is sitting out
Seat 1: b2k-Snick ($100 in chips) 
Seat 2: Supermegopro ($115.58 in chips) 
Seat 3: louissingleton ($34.08 in chips) 
Seat 4: janarr5 ($137.10 in chips) 
Seat 6: Zvst ($100 in chips) 
louissingleton: posts small blind $0.50
janarr5: posts big blind $1
*** HOLE CARDS ***
Zvst: raises $1 to $2
b2k-Snick: folds 
Supermegopro: folds 
louissingleton: folds 
janarr5: folds 
Uncalled bet ($1) returned to Zvst
Zvst collected $2.50 from pot
Zvst: doesn't show hand 
*** SUMMARY ***
Total pot $2.50 | Rake $0 
Seat 5: EAroca
Seat 1: b2k-Snick folded before Flop (didn't bet)
Seat 2: Supermegopro (button) folded before Flop (didn't bet)
Seat 3: louissingleton (small blind) folded before Flop
Seat 4: janarr5 (big blind) folded before Flop
Seat 6: Zvst collected ($2.50)



PokerStars Hand #254428968272:  Hold'em No Limit ($0.50/$1.00 USD) - 2025/01/18 10:11:42 WET [2025/01/18 5:11:42 ET]
Table 'Baillauda III' 6-max Seat #3 is the button
Seat 5: EAroca ($115.32 in chips) is sitting out
Seat 1: b2k-Snick ($100 in chips) 
Seat 2: Supermegopro ($115.58 in chips) 
Seat 3: louissingleton ($33.58 in chips) 
Seat 4: janarr5 ($136.10 in chips) 
Seat 6: Zvst ($101.50 in chips) 
janarr5: posts small blind $0.50
Zvst: posts big blind $1
*** HOLE CARDS ***
b2k-Snick: folds 
Supermegopro: raises $1.50 to $2.50
louissingleton: calls $2.50
janarr5: folds 
Zvst: folds 
*** FLOP *** [7c Jd 9h]
Supermegopro: checks 
louissingleton: checks 
*** TURN *** [7c Jd 9h] [Kc]
Supermegopro: bets $4.12
louissingleton: folds 
Uncalled bet ($4.12) returned to Supermegopro
Supermegopro collected $6.18 from pot
EAroca leaves the table
Supermegopro: doesn't show hand 
*** SUMMARY ***
Total pot $6.50 | Rake $0.32 
Board [7c Jd 9h Kc]
Seat 5: EAroca
Seat 1: b2k-Snick folded before Flop (didn't bet)
Seat 2: Supermegopro collected ($6.18)
Seat 3: louissingleton (button) folded on the Turn
Seat 4: janarr5 (small blind) folded before Flop
Seat 6: Zvst (big blind) folded before Flop



PokerStars Hand #254428971688:  Hold'em No Limit ($0.50/$1.00 USD) - 2025/01/18 10:12:11 WET [2025/01/18 5:12:11 ET]
Table 'Baillauda III' 6-max Seat #4 is the button
Seat 1: b2k-Snick ($100 in chips) 
Seat 2: Supermegopro ($119.26 in chips) 
Seat 3: louissingleton ($31.08 in chips) 
Seat 4: janarr5 ($135.60 in chips) 
Seat 6: Zvst ($100.50 in chips) 
Zvst: posts small blind $0.50
b2k-Snick: posts big blind $1
*** HOLE CARDS ***
Supermegopro: folds 
louissingleton: calls $1
janarr5: folds 
Zvst: folds 
b2k-Snick: checks 
*** FLOP *** [8d As Th]
malsta1982 joins the table at seat #5 
malsta1982 is disconnected 
b2k-Snick: checks 
louissingleton: bets $3
b2k-Snick: folds 
Uncalled bet ($3) returned to louissingleton
louissingleton collected $2.38 from pot
*** SUMMARY ***
Total pot $2.50 | Rake $0.12 
Board [8d As Th]
Seat 1: b2k-Snick (big blind) folded on the Flop
Seat 2: Supermegopro folded before Flop (didn't bet)
Seat 3: louissingleton collected ($2.38)
Seat 4: janarr5 (button) folded before Flop (didn't bet)
Seat 6: Zvst (small blind) folded before Flop



PokerStars Hand #254428975531:  Hold'em No Limit ($0.50/$1.00 USD) - 2025/01/18 10:12:44 WET [2025/01/18 5:12:44 ET]
Table 'Baillauda III' 6-max Seat #6 is the button
Seat 5: malsta1982 ($100 in chips) is sitting out
Seat 1: b2k-Snick ($100 in chips) 
Seat 2: Supermegopro ($119.26 in chips) 
Seat 3: louissingleton ($32.46 in chips) 
Seat 4: janarr5 ($135.60 in chips) 
Seat 6: Zvst ($100 in chips) 
b2k-Snick: posts small blind $0.50
Supermegopro: posts big blind $1
malsta1982: sits out 
*** HOLE CARDS ***
louissingleton: folds 
janarr5: folds 
Zvst: folds 
b2k-Snick: folds 
Uncalled bet ($0.50) returned to Supermegopro
Supermegopro collected $1 from pot
Supermegopro: doesn't show hand 
*** SUMMARY ***
Total pot $1 | Rake $0 
Seat 5: malsta1982
Seat 1: b2k-Snick (small blind) folded before Flop
Seat 2: Supermegopro (big blind) collected ($1)
Seat 3: louissingleton folded before Flop (didn't bet)
Seat 4: janarr5 folded before Flop (didn't bet)
Seat 6: Zvst (button) folded before Flop (didn't bet)



PokerStars Hand #254428976921:  Hold'em No Limit ($0.50/$1.00 USD) - 2025/01/18 10:12:56 WET [2025/01/18 5:12:56 ET]
Table 'Baillauda III' 6-max Seat #1 is the button
Seat 5: malsta1982 ($100 in chips) is sitting out
Seat 1: b2k-Snick ($100 in chips) 
Seat 2: Supermegopro ($119.76 in chips) 
Seat 3: louissingleton ($32.46 in chips) 
Seat 4: janarr5 ($135.60 in chips) 
Seat 6: Zvst ($100 in chips) 
Supermegopro: posts small blind $0.50
louissingleton: posts big blind $1
malsta1982: sits out 
*** HOLE CARDS ***
janarr5: folds 
Zvst: folds 
b2k-Snick: raises $1.50 to $2.50
Supermegopro: folds 
louissingleton: folds 
Uncalled bet ($1.50) returned to b2k-Snick
b2k-Snick collected $2.50 from pot
b2k-Snick: doesn't show hand 
*** SUMMARY ***
Total pot $2.50 | Rake $0 
Seat 5: malsta1982
Seat 1: b2k-Snick (button) collected ($2.50)
Seat 2: Supermegopro (small blind) folded before Flop
Seat 3: louissingleton (big blind) folded before Flop
Seat 4: janarr5 folded before Flop (didn't bet)
Seat 6: Zvst folded before Flop (didn't bet)



PokerStars Hand #254428978530:  Hold'em No Limit ($0.50/$1.00 USD) - 2025/01/18 10:13:09 WET [2025/01/18 5:13:09 ET]
Table 'Baillauda III' 6-max Seat #2 is the button
Seat 5: malsta1982 ($100 in chips) is sitting out
Seat 1: b2k-Snick ($101.50 in chips) 
Seat 2: Supermegopro ($119.26 in chips) 
Seat 3: louissingleton ($31.46 in chips) 
Seat 4: janarr5 ($135.60 in chips) 
Seat 6: Zvst ($100 in chips) 
louissingleton: posts small blind $0.50
janarr5: posts big blind $1
malsta1982: sits out 
*** HOLE CARDS ***
Zvst: folds 
b2k-Snick: folds 
Supermegopro: folds 
louissingleton: calls $0.50
janarr5: raises $2.50 to $3.50
louissingleton: calls $2.50
*** FLOP *** [3h 8h Kc]
louissingleton: checks 
janarr5: bets $1.66
louissingleton: calls $1.66
*** TURN *** [3h 8h Kc] [Kd]
louissingleton: checks 
janarr5: checks 
*** RIVER *** [3h 8h Kc Kd] [9c]
louissingleton: checks 
janarr5: checks 
*** SHOW DOWN ***
louissingleton: shows [Jd Qc] (a pair of Kings)
janarr5: shows [3d Ad] (two pair, Kings and Threes)
janarr5 collected $9.80 from pot
*** SUMMARY ***
Total pot $10.32 | Rake $0.52 
Board [3h 8h Kc Kd 9c]
Seat 5: malsta1982
Seat 1: b2k-Snick folded before Flop (didn't bet)
Seat 2: Supermegopro (button) folded before Flop (didn't bet)
Seat 3: louissingleton (small blind) showed [Jd Qc] and lost with a pair of Kings
Seat 4: janarr5 (big blind) showed [3d Ad] and won ($9.80) with two pair, Kings and Threes
Seat 6: Zvst folded before Flop (didn't bet)



PokerStars Hand #254428984174:  Hold'em No Limit ($0.50/$1.00 USD) - 2025/01/18 10:13:58 WET [2025/01/18 5:13:58 ET]
Table 'Baillauda III' 6-max Seat #3 is the button
Seat 1: b2k-Snick ($101.50 in chips) 
Seat 2: Supermegopro ($119.26 in chips) 
Seat 3: louissingleton ($26.30 in chips) 
Seat 4: janarr5 ($140.24 in chips) 
Seat 5: malsta1982 ($100 in chips) 
Seat 6: Zvst ($100 in chips) 
janarr5: posts small blind $0.50
malsta1982: posts big blind $1
*** HOLE CARDS ***
Zvst: raises $1 to $2
b2k-Snick: folds 
Supermegopro: folds 
louissingleton: raises $1 to $3
janarr5: folds 
malsta1982: calls $2
Zvst: raises $97 to $100 and is all-in
louissingleton: calls $23.30 and is all-in
malsta1982: folds 
Uncalled bet ($73.70) returned to Zvst
*** FLOP *** [7h 3s Kd]
*** TURN *** [7h 3s Kd] [4d]
*** RIVER *** [7h 3s Kd 4d] [7d]
*** SHOW DOWN ***
Zvst: shows [Kh Ac] (two pair, Kings and Sevens)
louissingleton: shows [Ah Qd] (a pair of Sevens)
Zvst collected $53.60 from pot
*** SUMMARY ***
Total pot $56.10 | Rake $2.50 
Board [7h 3s Kd 4d 7d]
Seat 1: b2k-Snick folded before Flop (didn't bet)
Seat 2: Supermegopro folded before Flop (didn't bet)
Seat 3: louissingleton (button) showed [Ah Qd] and lost with a pair of Sevens
Seat 4: janarr5 (small blind) folded before Flop
Seat 5: malsta1982 (big blind) folded before Flop
Seat 6: Zvst showed [Kh Ac] and won ($53.60) with two pair, Kings and Sevens



PokerStars Hand #254428988948:  Hold'em No Limit ($0.50/$1.00 USD) - 2025/01/18 10:14:38 WET [2025/01/18 5:14:38 ET]
Table 'Baillauda III' 6-max Seat #4 is the button
Seat 3: louissingleton ($0 in chips) is sitting out
Seat 6: Zvst ($127.30 in chips) is sitting out
Seat 1: b2k-Snick ($101.50 in chips) 
Seat 2: Supermegopro ($119.26 in chips) 
Seat 4: janarr5 ($139.74 in chips) 
Seat 5: malsta1982 ($97 in chips) 
malsta1982: posts small blind $0.50
Zvst: is sitting out 
b2k-Snick: posts big blind $1
*** HOLE CARDS ***
Supermegopro: raises $1.50 to $2.50
janarr5: folds 
Zvst leaves the table
louissingleton leaves the table
malsta1982: raises $4 to $6.50
b2k-Snick: folds 
Supermegopro: raises $5.50 to $12
malsta1982: calls $5.50
*** FLOP *** [4d 9c Jc]
malsta1982: checks 
Supermegopro: checks 
*** TURN *** [4d 9c Jc] [Jh]
malsta1982: bets $8
Supermegopro: calls $8
*** RIVER *** [4d 9c Jc Jh] [5d]
malsta1982: bets $27
Supermegopro: folds 
Uncalled bet ($27) returned to malsta1982
malsta1982 collected $40 from pot
*** SUMMARY ***
Total pot $41 | Rake $1 
Board [4d 9c Jc Jh 5d]
Seat 3: louissingleton
Seat 6: Zvst
Seat 1: b2k-Snick (big blind) folded before Flop
Seat 2: Supermegopro folded on the River
Seat 4: janarr5 (button) folded before Flop (didn't bet)
Seat 5: malsta1982 (small blind) collected ($40)



PokerStars Hand #254428998382:  Hold'em No Limit ($0.50/$1.00 USD) - 2025/01/18 10:15:56 WET [2025/01/18 5:15:56 ET]
Table 'Baillauda III' 6-max Seat #5 is the button
Seat 2: Supermegopro ($100 in chips) is sitting out
Seat 1: b2k-Snick ($100.50 in chips) 
Seat 4: janarr5 ($139.74 in chips) 
Seat 5: malsta1982 ($117 in chips) 
b2k-Snick: posts small blind $0.50
Supermegopro: is sitting out 
janarr5: posts big blind $1
*** HOLE CARDS ***
malsta1982: folds 
Supermegopro leaves the table
b2k-Snick: raises $2 to $3
malsta1982 leaves the table
janarr5: raises $6 to $9
b2k-Snick: folds 
Uncalled bet ($6) returned to janarr5
janarr5 collected $6 from pot
janarr5: doesn't show hand 
*** SUMMARY ***
Total pot $6 | Rake $0 
Seat 2: Supermegopro
Seat 1: b2k-Snick (small blind) folded before Flop
Seat 4: janarr5 (big blind) collected ($6)
Seat 5: malsta1982 (button) folded before Flop (didn't bet)



PokerStars Hand #254429011146:  Hold'em No Limit ($0.50/$1.00 USD) - 2025/01/18 10:17:43 WET [2025/01/18 5:17:43 ET]
Table 'Baillauda III' 6-max Seat #1 is the button
Seat 1: b2k-Snick ($100 in chips) 
Seat 4: eric2023happy ($34 in chips) 
b2k-Snick: posts small blind $0.50
eric2023happy: posts big blind $1
*** HOLE CARDS ***
Supermegopro joins the table at seat #5 
Mak.Alse joins the table at seat #6 
b2k-Snick: folds 
Uncalled bet ($0.50) returned to eric2023happy
eric2023happy collected $1 from pot
eric2023happy: doesn't show hand 
*** SUMMARY ***
Total pot $1 | Rake $0 
Seat 1: b2k-Snick (button) (small blind) folded before Flop
Seat 4: eric2023happy (big blind) collected ($1)



PokerStars Hand #254429012316:  Hold'em No Limit ($0.50/$1.00 USD) - 2025/01/18 10:17:53 WET [2025/01/18 5:17:53 ET]
Table 'Baillauda III' 6-max Seat #1 is the button
Seat 6: Mak.Alse ($100 in chips) is sitting out
Seat 1: b2k-Snick ($100 in chips) 
Seat 4: eric2023happy ($34.50 in chips) 
Seat 5: Supermegopro ($100 in chips) 
eric2023happy: posts small blind $0.50
Supermegopro: posts big blind $1
Mak.Alse: sits out 
*** HOLE CARDS ***
b2k-Snick: raises $1.50 to $2.50
eric2023happy: folds 
Supermegopro: folds 
Uncalled bet ($1.50) returned to b2k-Snick
b2k-Snick collected $2.50 from pot
b2k-Snick: doesn't show hand 
*** SUMMARY ***
Total pot $2.50 | Rake $0 
Seat 6: Mak.Alse
Seat 1: b2k-Snick (button) collected ($2.50)
Seat 4: eric2023happy (small blind) folded before Flop
Seat 5: Supermegopro (big blind) folded before Flop



PokerStars Hand #254429013670:  Hold'em No Limit ($0.50/$1.00 USD) - 2025/01/18 10:18:04 WET [2025/01/18 5:18:04 ET]
Table 'Baillauda III' 6-max Seat #4 is the button
Seat 1: b2k-Snick ($101.50 in chips) 
Seat 4: eric2023happy ($34 in chips) 
Seat 5: Supermegopro ($100 in chips) 
Seat 6: Mak.Alse ($100 in chips) 
Supermegopro: posts small blind $0.50
Mak.Alse: posts big blind $1
*** HOLE CARDS ***
b2k-Snick: folds 
eric2023happy: raises $1 to $2
Supermegopro: calls $1.50
Mak.Alse: folds 
*** FLOP *** [7s Js As]
Supermegopro: checks 
eric2023happy: checks 
*** TURN *** [7s Js As] [Ts]
Supermegopro: checks 
eric2023happy: checks 
*** RIVER *** [7s Js As Ts] [Kd]
Supermegopro: bets $1.19
eric2023happy: folds 
Uncalled bet ($1.19) returned to Supermegopro
Supermegopro collected $4.75 from pot
Supermegopro: doesn't show hand 
*** SUMMARY ***
Total pot $5 | Rake $0.25 
Board [7s Js As Ts Kd]
Seat 1: b2k-Snick folded before Flop (didn't bet)
Seat 4: eric2023happy (button) folded on the River
Seat 5: Supermegopro (small blind) collected ($4.75)
Seat 6: Mak.Alse (big blind) folded before Flop



PokerStars Hand #254429018696:  Hold'em No Limit ($0.50/$1.00 USD) - 2025/01/18 10:18:46 WET [2025/01/18 5:18:46 ET]
Table 'Baillauda III' 6-max Seat #5 is the button
Seat 1: b2k-Snick ($101.50 in chips) 
Seat 4: eric2023happy ($32 in chips) 
Seat 5: Supermegopro ($102.75 in chips) 
Seat 6: Mak.Alse ($100 in chips) 
Mak.Alse: posts small blind $0.50
b2k-Snick: posts big blind $1
*** HOLE CARDS ***
eric2023happy: raises $1 to $2
Supermegopro: folds 
Mak.Alse: folds 
b2k-Snick: calls $1
*** FLOP *** [Ad 9h 4d]
b2k-Snick: checks 
eric2023happy: checks 
*** TURN *** [Ad 9h 4d] [Th]
b2k-Snick: bets $3
eric2023happy: calls $3
*** RIVER *** [Ad 9h 4d Th] [Qd]
b2k-Snick: checks 
eric2023happy: checks 
*** SHOW DOWN ***
b2k-Snick: shows [Ah 5s] (a pair of Aces)
eric2023happy: mucks hand 
b2k-Snick collected $9.98 from pot
*** SUMMARY ***
Total pot $10.50 | Rake $0.52 
Board [Ad 9h 4d Th Qd]
Seat 1: b2k-Snick (big blind) showed [Ah 5s] and won ($9.98) with a pair of Aces
Seat 4: eric2023happy mucked
Seat 5: Supermegopro (button) folded before Flop (didn't bet)
Seat 6: Mak.Alse (small blind) folded before Flop



PokerStars Hand #254429023127:  Hold'em No Limit ($0.50/$1.00 USD) - 2025/01/18 10:19:23 WET [2025/01/18 5:19:23 ET]
Table 'Baillauda III' 6-max Seat #6 is the button
Seat 1: b2k-Snick ($106.48 in chips) 
Seat 4: eric2023happy ($27 in chips) 
Seat 5: Supermegopro ($102.75 in chips) 
Seat 6: Mak.Alse ($100 in chips) 
b2k-Snick: posts small blind $0.50
eric2023happy: posts big blind $1
*** HOLE CARDS ***
Supermegopro: folds 
Mak.Alse: folds 
b2k-Snick: folds 
Uncalled bet ($0.50) returned to eric2023happy
eric2023happy collected $1 from pot
eric2023happy: doesn't show hand 
*** SUMMARY ***
Total pot $1 | Rake $0 
Seat 1: b2k-Snick (small blind) folded before Flop
Seat 4: eric2023happy (big blind) collected ($1)
Seat 5: Supermegopro folded before Flop (didn't bet)
Seat 6: Mak.Alse (button) folded before Flop (didn't bet)



PokerStars Hand #254429024275:  Hold'em No Limit ($0.50/$1.00 USD) - 2025/01/18 10:19:32 WET [2025/01/18 5:19:32 ET]
Table 'Baillauda III' 6-max Seat #1 is the button
Seat 1: b2k-Snick ($105.98 in chips) 
Seat 4: eric2023happy ($27.50 in chips) 
Seat 5: Supermegopro ($102.75 in chips) 
Seat 6: Mak.Alse ($100 in chips) 
eric2023happy: posts small blind $0.50
Supermegopro: posts big blind $1
*** HOLE CARDS ***
Mak.Alse: folds 
b2k-Snick: folds 
eric2023happy: folds 
Uncalled bet ($0.50) returned to Supermegopro
Supermegopro collected $1 from pot
Supermegopro: doesn't show hand 
*** SUMMARY ***
Total pot $1 | Rake $0 
Seat 1: b2k-Snick (button) folded before Flop (didn't bet)
Seat 4: eric2023happy (small blind) folded before Flop
Seat 5: Supermegopro (big blind) collected ($1)
Seat 6: Mak.Alse folded before Flop (didn't bet)



PokerStars Hand #254429025859:  Hold'em No Limit ($0.50/$1.00 USD) - 2025/01/18 10:19:46 WET [2025/01/18 5:19:46 ET]
Table 'Baillauda III' 6-max Seat #4 is the button
Seat 1: b2k-Snick ($105.98 in chips) 
Seat 4: eric2023happy ($27 in chips) 
Seat 5: Supermegopro ($103.25 in chips) 
Seat 6: Mak.Alse ($100 in chips) 
Supermegopro: posts small blind $0.50
Mak.Alse: posts big blind $1
*** HOLE CARDS ***
b2k-Snick: folds 
eric2023happy: folds 
Supermegopro: folds 
Uncalled bet ($0.50) returned to Mak.Alse
Mak.Alse collected $1 from pot
Mak.Alse: doesn't show hand 
*** SUMMARY ***
Total pot $1 | Rake $0 
Seat 1: b2k-Snick folded before Flop (didn't bet)
Seat 4: eric2023happy (button) folded before Flop (didn't bet)
Seat 5: Supermegopro (small blind) folded before Flop
Seat 6: Mak.Alse (big blind) collected ($1)



PokerStars Hand #254429026949:  Hold'em No Limit ($0.50/$1.00 USD) - 2025/01/18 10:19:54 WET [2025/01/18 5:19:54 ET]
Table 'Baillauda III' 6-max Seat #5 is the button
Seat 1: b2k-Snick ($105.98 in chips) 
Seat 4: eric2023happy ($27 in chips) 
Seat 5: Supermegopro ($102.75 in chips) 
Seat 6: Mak.Alse ($100.50 in chips) 
Mak.Alse: posts small blind $0.50
b2k-Snick: posts big blind $1
*** HOLE CARDS ***
eric2023happy: raises $1 to $2
Supermegopro: calls $2
Mak.Alse: folds 
b2k-Snick: calls $1
*** FLOP *** [Ks As 3s]
b2k-Snick: checks 
eric2023happy: bets $3.09
Supermegopro: calls $3.09
b2k-Snick: folds 
*** TURN *** [Ks As 3s] [4h]
eric2023happy: checks 
Supermegopro: checks 
*** RIVER *** [Ks As 3s 4h] [Jh]
eric2023happy: bets $3
Supermegopro: folds 
Uncalled bet ($3) returned to eric2023happy
eric2023happy collected $12.05 from pot
eric2023happy: doesn't show hand 
*** SUMMARY ***
Total pot $12.68 | Rake $0.63 
Board [Ks As 3s 4h Jh]
Seat 1: b2k-Snick (big blind) folded on the Flop
Seat 4: eric2023happy collected ($12.05)
Seat 5: Supermegopro (button) folded on the River
Seat 6: Mak.Alse (small blind) folded before Flop



PokerStars Hand #254429032383:  Hold'em No Limit ($0.50/$1.00 USD) - 2025/01/18 10:20:39 WET [2025/01/18 5:20:39 ET]
Table 'Baillauda III' 6-max Seat #6 is the button
Seat 1: b2k-Snick ($103.98 in chips) 
Seat 4: eric2023happy ($33.96 in chips) 
Seat 5: Supermegopro ($100 in chips) 
Seat 6: Mak.Alse ($100 in chips) 
b2k-Snick: posts small blind $0.50
eric2023happy: posts big blind $1
*** HOLE CARDS ***
Supermegopro: raises $1.50 to $2.50
Mak.Alse: folds 
b2k-Snick: folds 
eric2023happy: folds 
Uncalled bet ($1.50) returned to Supermegopro
Supermegopro collected $2.50 from pot
Supermegopro: doesn't show hand 
*** SUMMARY ***
Total pot $2.50 | Rake $0 
Seat 1: b2k-Snick (small blind) folded before Flop
Seat 4: eric2023happy (big blind) folded before Flop
Seat 5: Supermegopro collected ($2.50)
Seat 6: Mak.Alse (button) folded before Flop (didn't bet)



PokerStars Hand #254429034003:  Hold'em No Limit ($0.50/$1.00 USD) - 2025/01/18 10:20:53 WET [2025/01/18 5:20:53 ET]
Table 'Baillauda III' 6-max Seat #1 is the button
Seat 1: b2k-Snick ($103.48 in chips) 
Seat 4: eric2023happy ($32.96 in chips) 
Seat 5: Supermegopro ($101.50 in chips) 
Seat 6: Mak.Alse ($100 in chips) 
eric2023happy: posts small blind $0.50
Supermegopro: posts big blind $1
*** HOLE CARDS ***
Mak.Alse: folds 
b2k-Snick: raises $1.50 to $2.50
eric2023happy: raises $30.46 to $32.96 and is all-in
Supermegopro: folds 
b2k-Snick: folds 
Uncalled bet ($30.46) returned to eric2023happy
eric2023happy collected $6 from pot
eric2023happy: doesn't show hand 
*** SUMMARY ***
Total pot $6 | Rake $0 
Seat 1: b2k-Snick (button) folded before Flop
Seat 4: eric2023happy (small blind) collected ($6)
Seat 5: Supermegopro (big blind) folded before Flop
Seat 6: Mak.Alse folded before Flop (didn't bet)



PokerStars Hand #254429036793:  Hold'em No Limit ($0.50/$1.00 USD) - 2025/01/18 10:21:16 WET [2025/01/18 5:21:16 ET]
Table 'Baillauda III' 6-max Seat #4 is the button
Seat 1: b2k-Snick ($100.98 in chips) 
Seat 4: eric2023happy ($36.46 in chips) 
Seat 5: Supermegopro ($100.50 in chips) 
Seat 6: Mak.Alse ($100 in chips) 
Supermegopro: posts small blind $0.50
Mak.Alse: posts big blind $1
*** HOLE CARDS ***
b2k-Snick: folds 
eric2023happy: raises $1 to $2
Supermegopro: folds 
Mak.Alse: folds 
Uncalled bet ($1) returned to eric2023happy
eric2023happy collected $2.50 from pot
eric2023happy: doesn't show hand 
*** SUMMARY ***
Total pot $2.50 | Rake $0 
Seat 1: b2k-Snick folded before Flop (didn't bet)
Seat 4: eric2023happy (button) collected ($2.50)
Seat 5: Supermegopro (small blind) folded before Flop
Seat 6: Mak.Alse (big blind) folded before Flop



PokerStars Hand #254429038686:  Hold'em No Limit ($0.50/$1.00 USD) - 2025/01/18 10:21:31 WET [2025/01/18 5:21:31 ET]
Table 'Baillauda III' 6-max Seat #5 is the button
Seat 1: b2k-Snick ($100.98 in chips) 
Seat 4: eric2023happy ($37.96 in chips) 
Seat 5: Supermegopro ($100 in chips) 
Seat 6: Mak.Alse ($100 in chips) 
Mak.Alse: posts small blind $0.50
b2k-Snick: posts big blind $1
*** HOLE CARDS ***
eric2023happy: folds 
Supermegopro: folds 
Mak.Alse: folds 
Uncalled bet ($0.50) returned to b2k-Snick
b2k-Snick collected $1 from pot
b2k-Snick: doesn't show hand 
*** SUMMARY ***
Total pot $1 | Rake $0 
Seat 1: b2k-Snick (big blind) collected ($1)
Seat 4: eric2023happy folded before Flop (didn't bet)
Seat 5: Supermegopro (button) folded before Flop (didn't bet)
Seat 6: Mak.Alse (small blind) folded before Flop



PokerStars Hand #254429040393:  Hold'em No Limit ($0.50/$1.00 USD) - 2025/01/18 10:21:45 WET [2025/01/18 5:21:45 ET]
Table 'Baillauda III' 6-max Seat #6 is the button
Seat 1: b2k-Snick ($101.48 in chips) 
Seat 4: eric2023happy ($37.96 in chips) 
Seat 5: Supermegopro ($100 in chips) 
Seat 6: Mak.Alse ($100 in chips) 
b2k-Snick: posts small blind $0.50
eric2023happy: posts big blind $1
*** HOLE CARDS ***
Supermegopro: folds 
Mak.Alse: raises $1.50 to $2.50
b2k-Snick: folds 
eric2023happy: folds 
Uncalled bet ($1.50) returned to Mak.Alse
Mak.Alse collected $2.50 from pot
Mak.Alse: doesn't show hand 
*** SUMMARY ***
Total pot $2.50 | Rake $0 
Seat 1: b2k-Snick (small blind) folded before Flop
Seat 4: eric2023happy (big blind) folded before Flop
Seat 5: Supermegopro folded before Flop (didn't bet)
Seat 6: Mak.Alse (button) collected ($2.50)



PokerStars Hand #254429042542:  Hold'em No Limit ($0.50/$1.00 USD) - 2025/01/18 10:22:02 WET [2025/01/18 5:22:02 ET]
Table 'Baillauda III' 6-max Seat #1 is the button
Seat 1: b2k-Snick ($100.98 in chips) 
Seat 4: eric2023happy ($36.96 in chips) 
Seat 5: Supermegopro ($100 in chips) 
Seat 6: Mak.Alse ($101.50 in chips) 
eric2023happy: posts small blind $0.50
Supermegopro: posts big blind $1
*** HOLE CARDS ***
Mak.Alse: folds 
b2k-Snick: folds 
eric2023happy: folds 
Uncalled bet ($0.50) returned to Supermegopro
Supermegopro collected $1 from pot
Supermegopro: doesn't show hand 
*** SUMMARY ***
Total pot $1 | Rake $0 
Seat 1: b2k-Snick (button) folded before Flop (didn't bet)
Seat 4: eric2023happy (small blind) folded before Flop
Seat 5: Supermegopro (big blind) collected ($1)
Seat 6: Mak.Alse folded before Flop (didn't bet)



PokerStars Hand #254429043734:  Hold'em No Limit ($0.50/$1.00 USD) - 2025/01/18 10:22:11 WET [2025/01/18 5:22:11 ET]
Table 'Baillauda III' 6-max Seat #4 is the button
Seat 1: b2k-Snick ($100.98 in chips) 
Seat 4: eric2023happy ($36.46 in chips) 
Seat 5: Supermegopro ($100.50 in chips) 
Seat 6: Mak.Alse ($101.50 in chips) 
Supermegopro: posts small blind $0.50
Mak.Alse: posts big blind $1
*** HOLE CARDS ***
b2k-Snick: folds 
eric2023happy: folds 
Supermegopro: folds 
Uncalled bet ($0.50) returned to Mak.Alse
Mak.Alse collected $1 from pot
Mak.Alse: doesn't show hand 
*** SUMMARY ***
Total pot $1 | Rake $0 
Seat 1: b2k-Snick folded before Flop (didn't bet)
Seat 4: eric2023happy (button) folded before Flop (didn't bet)
Seat 5: Supermegopro (small blind) folded before Flop
Seat 6: Mak.Alse (big blind) collected ($1)



PokerStars Hand #254429044814:  Hold'em No Limit ($0.50/$1.00 USD) - 2025/01/18 10:22:20 WET [2025/01/18 5:22:20 ET]
Table 'Baillauda III' 6-max Seat #5 is the button
Seat 1: b2k-Snick ($100.98 in chips) 
Seat 4: eric2023happy ($36.46 in chips) 
Seat 5: Supermegopro ($100 in chips) 
Seat 6: Mak.Alse ($102 in chips) 
Mak.Alse: posts small blind $0.50
b2k-Snick: posts big blind $1
*** HOLE CARDS ***
eric2023happy: folds 
Supermegopro: raises $1.50 to $2.50
Mak.Alse: folds 
b2k-Snick: folds 
Uncalled bet ($1.50) returned to Supermegopro
Supermegopro collected $2.50 from pot
Supermegopro: doesn't show hand 
*** SUMMARY ***
Total pot $2.50 | Rake $0 
Seat 1: b2k-Snick (big blind) folded before Flop
Seat 4: eric2023happy folded before Flop (didn't bet)
Seat 5: Supermegopro (button) collected ($2.50)
Seat 6: Mak.Alse (small blind) folded before Flop



PokerStars Hand #254429047795:  Hold'em No Limit ($0.50/$1.00 USD) - 2025/01/18 10:22:45 WET [2025/01/18 5:22:45 ET]
Table 'Baillauda III' 6-max Seat #6 is the button
Seat 1: b2k-Snick ($100 in chips) 
Seat 4: eric2023happy ($36.46 in chips) 
Seat 5: Supermegopro ($101.50 in chips) 
Seat 6: Mak.Alse ($101.50 in chips) 
b2k-Snick: posts small blind $0.50
eric2023happy: posts big blind $1
*** HOLE CARDS ***
Supermegopro: folds 
Mak.Alse: raises $1.50 to $2.50
AllRaise101 joins the table at seat #2 
AllRaise101 is disconnected 
b2k-Snick: folds 
SeEevg joins the table at seat #3 
eric2023happy: folds 
Uncalled bet ($1.50) returned to Mak.Alse
Mak.Alse collected $2.50 from pot
Mak.Alse: doesn't show hand 
*** SUMMARY ***
Total pot $2.50 | Rake $0 
Seat 1: b2k-Snick (small blind) folded before Flop
Seat 4: eric2023happy (big blind) folded before Flop
Seat 5: Supermegopro folded before Flop (didn't bet)
Seat 6: Mak.Alse (button) collected ($2.50)



PokerStars Hand #254429050633:  Hold'em No Limit ($0.50/$1.00 USD) - 2025/01/18 10:23:08 WET [2025/01/18 5:23:08 ET]
Table 'Baillauda III' 6-max Seat #1 is the button
Seat 2: AllRaise101 ($100 in chips) is sitting out
Seat 3: SeEevg ($100 in chips) is sitting out
Seat 1: b2k-Snick ($100 in chips) 
Seat 4: eric2023happy ($35.46 in chips) 
Seat 5: Supermegopro ($101.50 in chips) 
Seat 6: Mak.Alse ($103 in chips) 
eric2023happy: posts small blind $0.50
Supermegopro: posts big blind $1
*** HOLE CARDS ***
Mak.Alse: folds 
b2k-Snick: folds 
eric2023happy: folds 
Uncalled bet ($0.50) returned to Supermegopro
Supermegopro collected $1 from pot
Supermegopro: doesn't show hand 
*** SUMMARY ***
Total pot $1 | Rake $0 
Seat 2: AllRaise101
Seat 3: SeEevg
Seat 1: b2k-Snick (button) folded before Flop (didn't bet)
Seat 4: eric2023happy (small blind) folded before Flop
Seat 5: Supermegopro (big blind) collected ($1)
Seat 6: Mak.Alse folded before Flop (didn't bet)



PokerStars Hand #254429052013:  Hold'em No Limit ($0.50/$1.00 USD) - 2025/01/18 10:23:19 WET [2025/01/18 5:23:19 ET]
Table 'Baillauda III' 6-max Seat #4 is the button
Seat 2: AllRaise101 ($100 in chips) is sitting out
Seat 3: SeEevg ($100 in chips) is sitting out
Seat 1: b2k-Snick ($100 in chips) 
Seat 4: eric2023happy ($34.96 in chips) 
Seat 5: Supermegopro ($102 in chips) 
Seat 6: Mak.Alse ($103 in chips) 
Supermegopro: posts small blind $0.50
Mak.Alse: posts big blind $1
AllRaise101: sits out 
SeEevg: sits out 
*** HOLE CARDS ***
b2k-Snick: folds 
eric2023happy: folds 
Supermegopro: folds 
Uncalled bet ($0.50) returned to Mak.Alse
Mak.Alse collected $1 from pot
Mak.Alse: doesn't show hand 
*** SUMMARY ***
Total pot $1 | Rake $0 
Seat 2: AllRaise101
Seat 3: SeEevg
Seat 1: b2k-Snick folded before Flop (didn't bet)
Seat 4: eric2023happy (button) folded before Flop (didn't bet)
Seat 5: Supermegopro (small blind) folded before Flop
Seat 6: Mak.Alse (big blind) collected ($1)



PokerStars Hand #254429053363:  Hold'em No Limit ($0.50/$1.00 USD) - 2025/01/18 10:23:29 WET [2025/01/18 5:23:29 ET]
Table 'Baillauda III' 6-max Seat #5 is the button
Seat 2: AllRaise101 ($100 in chips) is sitting out
Seat 3: SeEevg ($100 in chips) is sitting out
Seat 1: b2k-Snick ($100 in chips) 
Seat 4: eric2023happy ($34.96 in chips) 
Seat 5: Supermegopro ($101.50 in chips) 
Seat 6: Mak.Alse ($103.50 in chips) 
Mak.Alse: posts small blind $0.50
b2k-Snick: posts big blind $1
AllRaise101: sits out 
SeEevg: sits out 
*** HOLE CARDS ***
eric2023happy: raises $1 to $2
Supermegopro: folds 
Mak.Alse: folds 
b2k-Snick: calls $1
*** FLOP *** [3c 4c 5d]
b2k-Snick: checks 
eric2023happy: checks 
*** TURN *** [3c 4c 5d] [2h]
b2k-Snick: checks 
eric2023happy: checks 
*** RIVER *** [3c 4c 5d 2h] [Ks]
b2k-Snick: checks 
eric2023happy: bets $4.28
b2k-Snick: calls $4.28
*** SHOW DOWN ***
eric2023happy: shows [6h 8h] (a straight, Deuce to Six)
b2k-Snick: mucks hand 
eric2023happy collected $12.41 from pot
*** SUMMARY ***
Total pot $13.06 | Rake $0.65 
Board [3c 4c 5d 2h Ks]
Seat 2: AllRaise101
Seat 3: SeEevg
Seat 1: b2k-Snick (big blind) mucked
Seat 4: eric2023happy showed [6h 8h] and won ($12.41) with a straight, Deuce to Six
Seat 5: Supermegopro (button) folded before Flop (didn't bet)
Seat 6: Mak.Alse (small blind) folded before Flop



PokerStars Hand #254429061631:  Hold'em No Limit ($0.50/$1.00 USD) - 2025/01/18 10:24:38 WET [2025/01/18 5:24:38 ET]
Table 'Baillauda III' 6-max Seat #6 is the button
Seat 3: SeEevg ($100 in chips) is sitting out
Seat 1: b2k-Snick ($100 in chips) 
Seat 2: AllRaise101 ($100 in chips) 
Seat 4: eric2023happy ($41.09 in chips) 
Seat 5: Supermegopro ($101.50 in chips) 
Seat 6: Mak.Alse ($103 in chips) 
b2k-Snick: posts small blind $0.50
AllRaise101: posts big blind $1
SeEevg: sits out 
*** HOLE CARDS ***
eric2023happy: folds 
Supermegopro: folds 
Mak.Alse: raises $1.50 to $2.50
b2k-Snick: folds 
AllRaise101: calls $1.50
*** FLOP *** [Kc 9s 3d]
AllRaise101: checks 
Mak.Alse: bets $1.72
AllRaise101: folds 
Uncalled bet ($1.72) returned to Mak.Alse
Mak.Alse collected $5.22 from pot
Mak.Alse: doesn't show hand 
*** SUMMARY ***
Total pot $5.50 | Rake $0.28 
Board [Kc 9s 3d]
Seat 3: SeEevg
Seat 1: b2k-Snick (small blind) folded before Flop
Seat 2: AllRaise101 (big blind) folded on the Flop
Seat 4: eric2023happy folded before Flop (didn't bet)
Seat 5: Supermegopro folded before Flop (didn't bet)
Seat 6: Mak.Alse (button) collected ($5.22)



PokerStars Hand #254429066013:  Hold'em No Limit ($0.50/$1.00 USD) - 2025/01/18 10:25:13 WET [2025/01/18 5:25:13 ET]
Table 'Baillauda III' 6-max Seat #1 is the button
Seat 1: b2k-Snick ($100 in chips) 
Seat 2: AllRaise101 ($100 in chips) 
Seat 3: SeEevg ($100 in chips) 
Seat 4: eric2023happy ($41.09 in chips) 
Seat 5: Supermegopro ($101.50 in chips) 
Seat 6: Mak.Alse ($105.72 in chips) 
AllRaise101: posts small blind $0.50
SeEevg: posts big blind $1
*** HOLE CARDS ***
eric2023happy: raises $1 to $2
Supermegopro: raises $4 to $6
Mak.Alse: folds 
b2k-Snick: folds 
AllRaise101: folds 
SeEevg: folds 
eric2023happy: folds 
Uncalled bet ($4) returned to Supermegopro
Supermegopro collected $5.50 from pot
Supermegopro: doesn't show hand 
*** SUMMARY ***
Total pot $5.50 | Rake $0 
Seat 1: b2k-Snick (button) folded before Flop (didn't bet)
Seat 2: AllRaise101 (small blind) folded before Flop
Seat 3: SeEevg (big blind) folded before Flop
Seat 4: eric2023happy folded before Flop
Seat 5: Supermegopro collected ($5.50)
Seat 6: Mak.Alse folded before Flop (didn't bet)



PokerStars Hand #254429068689:  Hold'em No Limit ($0.50/$1.00 USD) - 2025/01/18 10:25:35 WET [2025/01/18 5:25:35 ET]
Table 'Baillauda III' 6-max Seat #2 is the button
Seat 1: b2k-Snick ($100 in chips) 
Seat 2: AllRaise101 ($100 in chips) 
Seat 3: SeEevg ($100 in chips) 
Seat 4: eric2023happy ($39.09 in chips) 
Seat 5: Supermegopro ($105 in chips) 
Seat 6: Mak.Alse ($105.72 in chips) 
SeEevg: posts small blind $0.50
eric2023happy: posts big blind $1
*** HOLE CARDS ***
Supermegopro: raises $1.50 to $2.50
Mak.Alse: folds 
b2k-Snick: folds 
AllRaise101: folds 
SeEevg: folds 
eric2023happy: folds 
Uncalled bet ($1.50) returned to Supermegopro
Supermegopro collected $2.50 from pot
Supermegopro: doesn't show hand 
*** SUMMARY ***
Total pot $2.50 | Rake $0 
Seat 1: b2k-Snick folded before Flop (didn't bet)
Seat 2: AllRaise101 (button) folded before Flop (didn't bet)
Seat 3: SeEevg (small blind) folded before Flop
Seat 4: eric2023happy (big blind) folded before Flop
Seat 5: Supermegopro collected ($2.50)
Seat 6: Mak.Alse folded before Flop (didn't bet)



PokerStars Hand #254429069975:  Hold'em No Limit ($0.50/$1.00 USD) - 2025/01/18 10:25:46 WET [2025/01/18 5:25:46 ET]
Table 'Baillauda III' 6-max Seat #3 is the button
Seat 1: b2k-Snick ($100 in chips) 
Seat 2: AllRaise101 ($100 in chips) 
Seat 3: SeEevg ($100 in chips) 
Seat 4: eric2023happy ($38.09 in chips) 
Seat 5: Supermegopro ($106.50 in chips) 
Seat 6: Mak.Alse ($105.72 in chips) 
eric2023happy: posts small blind $0.50
Supermegopro: posts big blind $1
*** HOLE CARDS ***
Mak.Alse: folds 
b2k-Snick: folds 
AllRaise101: raises $1.50 to $2.50
SeEevg: folds 
eric2023happy: folds 
Supermegopro: folds 
Uncalled bet ($1.50) returned to AllRaise101
AllRaise101 collected $2.50 from pot
*** SUMMARY ***
Total pot $2.50 | Rake $0 
Seat 1: b2k-Snick folded before Flop (didn't bet)
Seat 2: AllRaise101 collected ($2.50)
Seat 3: SeEevg (button) folded before Flop (didn't bet)
Seat 4: eric2023happy (small blind) folded before Flop
Seat 5: Supermegopro (big blind) folded before Flop
Seat 6: Mak.Alse folded before Flop (didn't bet)



PokerStars Hand #254429072370:  Hold'em No Limit ($0.50/$1.00 USD) - 2025/01/18 10:26:05 WET [2025/01/18 5:26:05 ET]
Table 'Baillauda III' 6-max Seat #4 is the button
Seat 1: b2k-Snick ($100 in chips) 
Seat 2: AllRaise101 ($101.50 in chips) 
Seat 3: SeEevg ($100 in chips) 
Seat 4: eric2023happy ($37.59 in chips) 
Seat 5: Supermegopro ($105.50 in chips) 
Seat 6: Mak.Alse ($105.72 in chips) 
Supermegopro: posts small blind $0.50
Mak.Alse: posts big blind $1
*** HOLE CARDS ***
b2k-Snick: folds 
b2k-Snick leaves the table
AllRaise101: folds 
SeEevg: raises $1.50 to $2.50
eric2023happy: folds 
Supermegopro: folds 
Mak.Alse: folds 
Uncalled bet ($1.50) returned to SeEevg
SeEevg collected $2.50 from pot
SeEevg: doesn't show hand 
*** SUMMARY ***
Total pot $2.50 | Rake $0 
Seat 1: b2k-Snick folded before Flop (didn't bet)
Seat 2: AllRaise101 folded before Flop (didn't bet)
Seat 3: SeEevg collected ($2.50)
Seat 4: eric2023happy (button) folded before Flop (didn't bet)
Seat 5: Supermegopro (small blind) folded before Flop
Seat 6: Mak.Alse (big blind) folded before Flop



PokerStars Hand #254429075590:  Hold'em No Limit ($0.50/$1.00 USD) - 2025/01/18 10:26:31 WET [2025/01/18 5:26:31 ET]
Table 'Baillauda III' 6-max Seat #5 is the button
Seat 2: AllRaise101 ($101.50 in chips) 
Seat 3: SeEevg ($101.50 in chips) 
Seat 4: eric2023happy ($37.59 in chips) 
Seat 5: Supermegopro ($105 in chips) 
Seat 6: Mak.Alse ($104.72 in chips) 
Mak.Alse: posts small blind $0.50
AllRaise101: posts big blind $1
*** HOLE CARDS ***
SeEevg: raises $1.50 to $2.50
eric2023happy: calls $2.50
Supermegopro: raises $7.50 to $10
Mak.Alse: folds 
AllRaise101: folds 
SeEevg: folds 
eric2023happy: calls $7.50
*** FLOP *** [Kc 4d 8d]
eric2023happy: checks 
Supermegopro: bets $7.52
eric2023happy: raises $7.52 to $15.04
Supermegopro: raises $30.08 to $45.12
eric2023happy: calls $12.55 and is all-in
Uncalled bet ($17.53) returned to Supermegopro
*** TURN *** [Kc 4d 8d] [Jd]
*** RIVER *** [Kc 4d 8d Jd] [Tc]
*** SHOW DOWN ***
eric2023happy: shows [8h 8s] (three of a kind, Eights)
Supermegopro: shows [Qc Kh] (a pair of Kings)
eric2023happy collected $76.68 from pot
*** SUMMARY ***
Total pot $79.18 | Rake $2.50 
Board [Kc 4d 8d Jd Tc]
Seat 2: AllRaise101 (big blind) folded before Flop
Seat 3: SeEevg folded before Flop
Seat 4: eric2023happy showed [8h 8s] and won ($76.68) with three of a kind, Eights
Seat 5: Supermegopro (button) showed [Qc Kh] and lost with a pair of Kings
Seat 6: Mak.Alse (small blind) folded before Flop



PokerStars Hand #254429082888:  Hold'em No Limit ($0.50/$1.00 USD) - 2025/01/18 10:27:31 WET [2025/01/18 5:27:31 ET]
Table 'Baillauda III' 6-max Seat #6 is the button
Seat 3: SeEevg ($100 in chips) is sitting out
Seat 2: AllRaise101 ($100.50 in chips) 
Seat 4: eric2023happy ($76.68 in chips) 
Seat 5: Supermegopro ($100 in chips) 
Seat 6: Mak.Alse ($104.22 in chips) 
AllRaise101: posts small blind $0.50
SeEevg: is sitting out 
eric2023happy: posts big blind $1
*** HOLE CARDS ***
Supermegopro: folds 
Mak.Alse: raises $1.50 to $2.50
SeEevg leaves the table
AllRaise101: folds 
eric2023happy: folds 
Uncalled bet ($1.50) returned to Mak.Alse
Mak.Alse collected $2.50 from pot
janarr5 joins the table at seat #1 
Mak.Alse: doesn't show hand 
*** SUMMARY ***
Total pot $2.50 | Rake $0 
Seat 3: SeEevg
Seat 2: AllRaise101 (small blind) folded before Flop
Seat 4: eric2023happy (big blind) folded before Flop
Seat 5: Supermegopro folded before Flop (didn't bet)
Seat 6: Mak.Alse (button) collected ($2.50)



PokerStars Hand #254429085282:  Hold'em No Limit ($0.50/$1.00 USD) - 2025/01/18 10:27:51 WET [2025/01/18 5:27:51 ET]
Table 'Baillauda III' 6-max Seat #2 is the button
Seat 1: janarr5 ($142.74 in chips) is sitting out
Seat 2: AllRaise101 ($100 in chips) 
Seat 4: eric2023happy ($75.68 in chips) 
Seat 5: Supermegopro ($100 in chips) 
Seat 6: Mak.Alse ($105.72 in chips) 
eric2023happy: posts small blind $0.50
Supermegopro: posts big blind $1
janarr5: sits out 
*** HOLE CARDS ***
Mak.Alse: raises $1.50 to $2.50
AllRaise101: folds 
eric2023happy: folds 
Supermegopro: folds 
Uncalled bet ($1.50) returned to Mak.Alse
Mak.Alse collected $2.50 from pot
Mak.Alse: doesn't show hand 
*** SUMMARY ***
Total pot $2.50 | Rake $0 
Seat 1: janarr5
Seat 2: AllRaise101 (button) folded before Flop (didn't bet)
Seat 4: eric2023happy (small blind) folded before Flop
Seat 5: Supermegopro (big blind) folded before Flop
Seat 6: Mak.Alse collected ($2.50)



PokerStars Hand #254429086523:  Hold'em No Limit ($0.50/$1.00 USD) - 2025/01/18 10:28:01 WET [2025/01/18 5:28:01 ET]
Table 'Baillauda III' 6-max Seat #4 is the button
Seat 1: janarr5 ($142.74 in chips) is sitting out
Seat 2: AllRaise101 ($100 in chips) 
Seat 4: eric2023happy ($75.18 in chips) 
Seat 5: Supermegopro ($100 in chips) 
Seat 6: Mak.Alse ($107.22 in chips) 
Supermegopro: posts small blind $0.50
Mak.Alse: posts big blind $1
*** HOLE CARDS ***
AllRaise101: raises $1.50 to $2.50
eric2023happy: folds 
Supermegopro: folds 
Mak.Alse: folds 
Uncalled bet ($1.50) returned to AllRaise101
AllRaise101 collected $2.50 from pot
*** SUMMARY ***
Total pot $2.50 | Rake $0 
Seat 1: janarr5
Seat 2: AllRaise101 collected ($2.50)
Seat 4: eric2023happy (button) folded before Flop (didn't bet)
Seat 5: Supermegopro (small blind) folded before Flop
Seat 6: Mak.Alse (big blind) folded before Flop



PokerStars Hand #254429088238:  Hold'em No Limit ($0.50/$1.00 USD) - 2025/01/18 10:28:15 WET [2025/01/18 5:28:15 ET]
Table 'Baillauda III' 6-max Seat #5 is the button
Seat 1: janarr5 ($142.74 in chips) is sitting out
Seat 2: AllRaise101 ($101.50 in chips) 
Seat 4: eric2023happy ($75.18 in chips) 
Seat 5: Supermegopro ($100 in chips) 
Seat 6: Mak.Alse ($106.22 in chips) 
Mak.Alse: posts small blind $0.50
AllRaise101: posts big blind $1
*** HOLE CARDS ***
eric2023happy: folds 
Supermegopro: folds 
Mak.Alse: folds 
Uncalled bet ($0.50) returned to AllRaise101
AllRaise101 collected $1 from pot
*** SUMMARY ***
Total pot $1 | Rake $0 
Seat 1: janarr5
Seat 2: AllRaise101 (big blind) collected ($1)
Seat 4: eric2023happy folded before Flop (didn't bet)
Seat 5: Supermegopro (button) folded before Flop (didn't bet)
Seat 6: Mak.Alse (small blind) folded before Flop



PokerStars Hand #254429089264:  Hold'em No Limit ($0.50/$1.00 USD) - 2025/01/18 10:28:24 WET [2025/01/18 5:28:24 ET]
Table 'Baillauda III' 6-max Seat #6 is the button
Seat 1: janarr5 ($142.74 in chips) is sitting out
Seat 2: AllRaise101 ($102 in chips) 
Seat 4: eric2023happy ($75.18 in chips) 
Seat 5: Supermegopro ($100 in chips) 
Seat 6: Mak.Alse ($105.72 in chips) 
AllRaise101: posts small blind $0.50
eric2023happy: posts big blind $1
*** HOLE CARDS ***
Supermegopro: folds 
Mak.Alse: raises $1.50 to $2.50
AllRaise101: folds 
eric2023happy: folds 
Uncalled bet ($1.50) returned to Mak.Alse
Mak.Alse collected $2.50 from pot
Mak.Alse: doesn't show hand 
*** SUMMARY ***
Total pot $2.50 | Rake $0 
Seat 1: janarr5
Seat 2: AllRaise101 (small blind) folded before Flop
Seat 4: eric2023happy (big blind) folded before Flop
Seat 5: Supermegopro folded before Flop (didn't bet)
Seat 6: Mak.Alse (button) collected ($2.50)



PokerStars Hand #254429090280:  Hold'em No Limit ($0.50/$1.00 USD) - 2025/01/18 10:28:32 WET [2025/01/18 5:28:32 ET]
Table 'Baillauda III' 6-max Seat #2 is the button
Seat 1: janarr5 ($142.74 in chips) is sitting out
Seat 2: AllRaise101 ($101.50 in chips) 
Seat 4: eric2023happy ($74.18 in chips) 
Seat 5: Supermegopro ($100 in chips) 
Seat 6: Mak.Alse ($107.22 in chips) 
eric2023happy: posts small blind $0.50
Supermegopro: posts big blind $1
*** HOLE CARDS ***
Mak.Alse: folds 
AllRaise101: folds 
eric2023happy: folds 
Uncalled bet ($0.50) returned to Supermegopro
Supermegopro collected $1 from pot
Supermegopro: doesn't show hand 
*** SUMMARY ***
Total pot $1 | Rake $0 
Seat 1: janarr5
Seat 2: AllRaise101 (button) folded before Flop (didn't bet)
Seat 4: eric2023happy (small blind) folded before Flop
Seat 5: Supermegopro (big blind) collected ($1)
Seat 6: Mak.Alse folded before Flop (didn't bet)



PokerStars Hand #254429092170:  Hold'em No Limit ($0.50/$1.00 USD) - 2025/01/18 10:28:48 WET [2025/01/18 5:28:48 ET]
Table 'Baillauda III' 6-max Seat #4 is the button
Seat 1: janarr5 ($142.74 in chips) is sitting out
Seat 2: AllRaise101 ($101.50 in chips) 
Seat 4: eric2023happy ($73.68 in chips) 
Seat 5: Supermegopro ($100.50 in chips) 
Seat 6: Mak.Alse ($107.22 in chips) 
Supermegopro: posts small blind $0.50
Mak.Alse: posts big blind $1
*** HOLE CARDS ***
AllRaise101: raises $1.50 to $2.50
eric2023happy: folds 
Supermegopro: folds 
Mak.Alse: calls $1.50
*** FLOP *** [9c 3d Td]
Mak.Alse: checks 
AllRaise101: checks 
*** TURN *** [9c 3d Td] [5c]
Mak.Alse: checks 
AllRaise101: bets $3
Mak.Alse: folds 
Uncalled bet ($3) returned to AllRaise101
AllRaise101 collected $5.22 from pot
*** SUMMARY ***
Total pot $5.50 | Rake $0.28 
Board [9c 3d Td 5c]
Seat 1: janarr5
Seat 2: AllRaise101 collected ($5.22)
Seat 4: eric2023happy (button) folded before Flop (didn't bet)
Seat 5: Supermegopro (small blind) folded before Flop
Seat 6: Mak.Alse (big blind) folded on the Turn



PokerStars Hand #254429096156:  Hold'em No Limit ($0.50/$1.00 USD) - 2025/01/18 10:29:20 WET [2025/01/18 5:29:20 ET]
Table 'Baillauda III' 6-max Seat #5 is the button
Seat 1: janarr5 ($142.74 in chips) is sitting out
Seat 2: AllRaise101 ($104.22 in chips) 
Seat 4: eric2023happy ($73.68 in chips) 
Seat 5: Supermegopro ($100 in chips) 
Seat 6: Mak.Alse ($104.72 in chips) 
Mak.Alse: posts small blind $0.50
AllRaise101: posts big blind $1
*** HOLE CARDS ***
ave_fenix800 joins the table at seat #3 
eric2023happy: folds 
Supermegopro: raises $1.50 to $2.50
Mak.Alse: raises $9.50 to $12
AllRaise101: folds 
Supermegopro: folds 
Uncalled bet ($9.50) returned to Mak.Alse
Mak.Alse collected $6 from pot
Mak.Alse: doesn't show hand 
*** SUMMARY ***
Total pot $6 | Rake $0 
Seat 1: janarr5
Seat 2: AllRaise101 (big blind) folded before Flop
Seat 4: eric2023happy folded before Flop (didn't bet)
Seat 5: Supermegopro (button) folded before Flop
Seat 6: Mak.Alse (small blind) collected ($6)



PokerStars Hand #254429099094:  Hold'em No Limit ($0.50/$1.00 USD) - 2025/01/18 10:29:44 WET [2025/01/18 5:29:44 ET]
Table 'Baillauda III' 6-max Seat #6 is the button
Seat 1: janarr5 ($142.74 in chips) is sitting out
Seat 2: AllRaise101 ($103.22 in chips) 
Seat 3: ave_fenix800 ($100 in chips) 
Seat 4: eric2023happy ($73.68 in chips) 
Seat 5: Supermegopro ($100 in chips) 
Seat 6: Mak.Alse ($108.22 in chips) 
AllRaise101: posts small blind $0.50
ave_fenix800: posts big blind $1
*** HOLE CARDS ***
eric2023happy: folds 
Supermegopro: raises $1.50 to $2.50
Mak.Alse: folds 
AllRaise101: raises $8 to $10.50
ave_fenix800: folds 
Supermegopro: calls $8
*** FLOP *** [Kd 6c 9d]
AllRaise101: bets $6
Supermegopro: calls $6
*** TURN *** [Kd 6c 9d] [Qd]
AllRaise101: checks 
Supermegopro: checks 
*** RIVER *** [Kd 6c 9d Qd] [Jc]
AllRaise101: bets $10
Supermegopro: folds 
Uncalled bet ($10) returned to AllRaise101
AllRaise101 collected $32.30 from pot
*** SUMMARY ***
Total pot $34 | Rake $1.70 
Board [Kd 6c 9d Qd Jc]
Seat 1: janarr5
Seat 2: AllRaise101 (small blind) collected ($32.30)
Seat 3: ave_fenix800 (big blind) folded before Flop
Seat 4: eric2023happy folded before Flop (didn't bet)
Seat 5: Supermegopro folded on the River
Seat 6: Mak.Alse (button) folded before Flop (didn't bet)



PokerStars Hand #254429106322:  Hold'em No Limit ($0.50/$1.00 USD) - 2025/01/18 10:30:43 WET [2025/01/18 5:30:43 ET]
Table 'Baillauda III' 6-max Seat #2 is the button
Seat 1: janarr5 ($142.74 in chips) is sitting out
Seat 2: AllRaise101 ($119.02 in chips) 
Seat 3: ave_fenix800 ($100 in chips) 
Seat 4: eric2023happy ($73.68 in chips) 
Seat 5: Supermegopro ($100 in chips) 
Seat 6: Mak.Alse ($108.22 in chips) 
ave_fenix800: posts small blind $0.50
eric2023happy: posts big blind $1
janarr5: sits out 
*** HOLE CARDS ***
Supermegopro: folds 
Mak.Alse: folds 
AllRaise101: folds 
ave_fenix800: folds 
Uncalled bet ($0.50) returned to eric2023happy
eric2023happy collected $1 from pot
eric2023happy: doesn't show hand 
*** SUMMARY ***
Total pot $1 | Rake $0 
Seat 1: janarr5
Seat 2: AllRaise101 (button) folded before Flop (didn't bet)
Seat 3: ave_fenix800 (small blind) folded before Flop
Seat 4: eric2023happy (big blind) collected ($1)
Seat 5: Supermegopro folded before Flop (didn't bet)
Seat 6: Mak.Alse folded before Flop (didn't bet)



PokerStars Hand #254429107649:  Hold'em No Limit ($0.50/$1.00 USD) - 2025/01/18 10:30:54 WET [2025/01/18 5:30:54 ET]
Table 'Baillauda III' 6-max Seat #3 is the button
Seat 1: janarr5 ($142.74 in chips) is sitting out
Seat 2: AllRaise101 ($119.02 in chips) 
Seat 3: ave_fenix800 ($100 in chips) 
Seat 4: eric2023happy ($74.18 in chips) 
Seat 5: Supermegopro ($100 in chips) 
Seat 6: Mak.Alse ($108.22 in chips) 
eric2023happy: posts small blind $0.50
Supermegopro: posts big blind $1
janarr5: sits out 
*** HOLE CARDS ***
Mak.Alse: folds 
AllRaise101: raises $1.50 to $2.50
ave_fenix800: folds 
eric2023happy: raises $1.50 to $4
Supermegopro: folds 
AllRaise101: calls $1.50
*** FLOP *** [8s Qd 9h]
eric2023happy: bets $4.28
AllRaise101: calls $4.28
*** TURN *** [8s Qd 9h] [9c]
eric2023happy: checks 
AllRaise101: checks 
*** RIVER *** [8s Qd 9h 9c] [As]
eric2023happy: bets $3
AllRaise101: folds 
Uncalled bet ($3) returned to eric2023happy
eric2023happy collected $16.68 from pot
eric2023happy: doesn't show hand 
*** SUMMARY ***
Total pot $17.56 | Rake $0.88 
Board [8s Qd 9h 9c As]
Seat 1: janarr5
Seat 2: AllRaise101 folded on the River
Seat 3: ave_fenix800 (button) folded before Flop (didn't bet)
Seat 4: eric2023happy (small blind) collected ($16.68)
Seat 5: Supermegopro (big blind) folded before Flop
Seat 6: Mak.Alse folded before Flop (didn't bet)



PokerStars Hand #254429113321:  Hold'em No Limit ($0.50/$1.00 USD) - 2025/01/18 10:31:39 WET [2025/01/18 5:31:39 ET]
Table 'Baillauda III' 6-max Seat #4 is the button
Seat 1: janarr5 ($142.74 in chips) is sitting out
Seat 2: AllRaise101 ($110.74 in chips) 
Seat 3: ave_fenix800 ($100 in chips) 
Seat 4: eric2023happy ($82.58 in chips) 
Seat 5: Supermegopro ($100 in chips) 
Seat 6: Mak.Alse ($108.22 in chips) 
Supermegopro: posts small blind $0.50
Mak.Alse: posts big blind $1
janarr5: sits out 
*** HOLE CARDS ***
AllRaise101: raises $1.50 to $2.50
ave_fenix800: folds 
eric2023happy: folds 
Supermegopro: folds 
Mak.Alse: folds 
Uncalled bet ($1.50) returned to AllRaise101
AllRaise101 collected $2.50 from pot
*** SUMMARY ***
Total pot $2.50 | Rake $0 
Seat 1: janarr5
Seat 2: AllRaise101 collected ($2.50)
Seat 3: ave_fenix800 folded before Flop (didn't bet)
Seat 4: eric2023happy (button) folded before Flop (didn't bet)
Seat 5: Supermegopro (small blind) folded before Flop
Seat 6: Mak.Alse (big blind) folded before Flop



PokerStars Hand #254429115622:  Hold'em No Limit ($0.50/$1.00 USD) - 2025/01/18 10:31:58 WET [2025/01/18 5:31:58 ET]
Table 'Baillauda III' 6-max Seat #5 is the button
Seat 1: janarr5 ($142.74 in chips) 
Seat 2: AllRaise101 ($112.24 in chips) 
Seat 3: ave_fenix800 ($100 in chips) 
Seat 4: eric2023happy ($82.58 in chips) 
Seat 5: Supermegopro ($100 in chips) 
Seat 6: Mak.Alse ($107.22 in chips) 
Mak.Alse: posts small blind $0.50
janarr5: posts big blind $1
*** HOLE CARDS ***
AllRaise101: folds 
ave_fenix800: folds 
eric2023happy: folds 
Supermegopro: folds 
Mak.Alse: raises $2 to $3
janarr5: raises $6 to $9
Mak.Alse: raises $14 to $23
janarr5: folds 
Uncalled bet ($14) returned to Mak.Alse
Mak.Alse collected $18 from pot
Mak.Alse: doesn't show hand 
*** SUMMARY ***
Total pot $18 | Rake $0 
Seat 1: janarr5 (big blind) folded before Flop
Seat 2: AllRaise101 folded before Flop (didn't bet)
Seat 3: ave_fenix800 folded before Flop (didn't bet)
Seat 4: eric2023happy folded before Flop (didn't bet)
Seat 5: Supermegopro (button) folded before Flop (didn't bet)
Seat 6: Mak.Alse (small blind) collected ($18)



PokerStars Hand #254429121903:  Hold'em No Limit ($0.50/$1.00 USD) - 2025/01/18 10:32:50 WET [2025/01/18 5:32:50 ET]
Table 'Baillauda III' 6-max Seat #6 is the button
Seat 1: janarr5 ($133.74 in chips) 
Seat 2: AllRaise101 ($112.24 in chips) 
Seat 3: ave_fenix800 ($100 in chips) 
Seat 4: eric2023happy ($82.58 in chips) 
Seat 5: Supermegopro ($100 in chips) 
Seat 6: Mak.Alse ($116.22 in chips) 
janarr5: posts small blind $0.50
AllRaise101: posts big blind $1
*** HOLE CARDS ***
ave_fenix800: folds 
eric2023happy: folds 
Supermegopro: raises $1.50 to $2.50
Mak.Alse: folds 
janarr5: folds 
AllRaise101: folds 
Uncalled bet ($1.50) returned to Supermegopro
Supermegopro collected $2.50 from pot
Supermegopro: doesn't show hand 
*** SUMMARY ***
Total pot $2.50 | Rake $0 
Seat 1: janarr5 (small blind) folded before Flop
Seat 2: AllRaise101 (big blind) folded before Flop
Seat 3: ave_fenix800 folded before Flop (didn't bet)
Seat 4: eric2023happy folded before Flop (didn't bet)
Seat 5: Supermegopro collected ($2.50)
Seat 6: Mak.Alse (button) folded before Flop (didn't bet)



PokerStars Hand #254429124782:  Hold'em No Limit ($0.50/$1.00 USD) - 2025/01/18 10:33:14 WET [2025/01/18 5:33:14 ET]
Table 'Baillauda III' 6-max Seat #1 is the button
Seat 1: janarr5 ($133.24 in chips) 
Seat 2: AllRaise101 ($111.24 in chips) 
Seat 3: ave_fenix800 ($100 in chips) 
Seat 4: eric2023happy ($82.58 in chips) 
Seat 5: Supermegopro ($101.50 in chips) 
Seat 6: Mak.Alse ($116.22 in chips) 
AllRaise101: posts small blind $0.50
ave_fenix800: posts big blind $1
*** HOLE CARDS ***
eric2023happy: folds 
Supermegopro: raises $1.50 to $2.50
Mak.Alse: folds 
janarr5: folds 
AllRaise101: folds 
ave_fenix800: folds 
Uncalled bet ($1.50) returned to Supermegopro
Supermegopro collected $2.50 from pot
Supermegopro: doesn't show hand 
*** SUMMARY ***
Total pot $2.50 | Rake $0 
Seat 1: janarr5 (button) folded before Flop (didn't bet)
Seat 2: AllRaise101 (small blind) folded before Flop
Seat 3: ave_fenix800 (big blind) folded before Flop
Seat 4: eric2023happy folded before Flop (didn't bet)
Seat 5: Supermegopro collected ($2.50)
Seat 6: Mak.Alse folded before Flop (didn't bet)



PokerStars Hand #254429127217:  Hold'em No Limit ($0.50/$1.00 USD) - 2025/01/18 10:33:34 WET [2025/01/18 5:33:34 ET]
Table 'Baillauda III' 6-max Seat #2 is the button
Seat 1: janarr5 ($133.24 in chips) 
Seat 2: AllRaise101 ($110.74 in chips) 
Seat 3: ave_fenix800 ($100 in chips) 
Seat 4: eric2023happy ($82.58 in chips) 
Seat 5: Supermegopro ($103 in chips) 
Seat 6: Mak.Alse ($116.22 in chips) 
ave_fenix800: posts small blind $0.50
eric2023happy: posts big blind $1
*** HOLE CARDS ***
Supermegopro: folds 
Mak.Alse: folds 
janarr5: folds 
AllRaise101: folds 
ave_fenix800: raises $1 to $2
eric2023happy: folds 
Uncalled bet ($1) returned to ave_fenix800
ave_fenix800 collected $2 from pot
ave_fenix800: doesn't show hand 
*** SUMMARY ***
Total pot $2 | Rake $0 
Seat 1: janarr5 folded before Flop (didn't bet)
Seat 2: AllRaise101 (button) folded before Flop (didn't bet)
Seat 3: ave_fenix800 (small blind) collected ($2)
Seat 4: eric2023happy (big blind) folded before Flop
Seat 5: Supermegopro folded before Flop (didn't bet)
Seat 6: Mak.Alse folded before Flop (didn't bet)



PokerStars Hand #254429128754:  Hold'em No Limit ($0.50/$1.00 USD) - 2025/01/18 10:33:46 WET [2025/01/18 5:33:46 ET]
Table 'Baillauda III' 6-max Seat #3 is the button
Seat 1: janarr5 ($133.24 in chips) 
Seat 2: AllRaise101 ($110.74 in chips) 
Seat 3: ave_fenix800 ($101 in chips) 
Seat 4: eric2023happy ($81.58 in chips) 
Seat 5: Supermegopro ($103 in chips) 
Seat 6: Mak.Alse ($116.22 in chips) 
eric2023happy: posts small blind $0.50
Supermegopro: posts big blind $1
*** HOLE CARDS ***
Mak.Alse: folds 
janarr5: folds 
AllRaise101: folds 
ave_fenix800: folds 
eric2023happy: raises $1 to $2
Supermegopro: calls $1
*** FLOP *** [Qd 5s 4h]
eric2023happy: checks 
Supermegopro: checks 
*** TURN *** [Qd 5s 4h] [3s]
eric2023happy: bets $2
Supermegopro: raises $6.63 to $8.63
eric2023happy: calls $6.63
*** RIVER *** [Qd 5s 4h 3s] [Js]
eric2023happy: bets $20.20
Supermegopro: folds 
Uncalled bet ($20.20) returned to eric2023happy
eric2023happy collected $20.20 from pot
eric2023happy: doesn't show hand 
*** SUMMARY ***
Total pot $21.26 | Rake $1.06 
Board [Qd 5s 4h 3s Js]
Seat 1: janarr5 folded before Flop (didn't bet)
Seat 2: AllRaise101 folded before Flop (didn't bet)
Seat 3: ave_fenix800 (button) folded before Flop (didn't bet)
Seat 4: eric2023happy (small blind) collected ($20.20)
Seat 5: Supermegopro (big blind) folded on the River
Seat 6: Mak.Alse folded before Flop (didn't bet)



PokerStars Hand #254429135554:  Hold'em No Limit ($0.50/$1.00 USD) - 2025/01/18 10:34:41 WET [2025/01/18 5:34:41 ET]
Table 'Baillauda III' 6-max Seat #4 is the button
Seat 1: janarr5 ($133.24 in chips) 
Seat 2: AllRaise101 ($110.74 in chips) 
Seat 3: ave_fenix800 ($101 in chips) 
Seat 4: eric2023happy ($91.15 in chips) 
Seat 5: Supermegopro ($100 in chips) 
Seat 6: Mak.Alse ($116.22 in chips) 
Supermegopro: posts small blind $0.50
Mak.Alse: posts big blind $1
*** HOLE CARDS ***
janarr5: folds 
AllRaise101: raises $1.50 to $2.50
ave_fenix800: folds 
eric2023happy: folds 
Supermegopro: folds 
Mak.Alse: folds 
Uncalled bet ($1.50) returned to AllRaise101
AllRaise101 collected $2.50 from pot
*** SUMMARY ***
Total pot $2.50 | Rake $0 
Seat 1: janarr5 folded before Flop (didn't bet)
Seat 2: AllRaise101 collected ($2.50)
Seat 3: ave_fenix800 folded before Flop (didn't bet)
Seat 4: eric2023happy (button) folded before Flop (didn't bet)
Seat 5: Supermegopro (small blind) folded before Flop
Seat 6: Mak.Alse (big blind) folded before Flop



PokerStars Hand #254429138321:  Hold'em No Limit ($0.50/$1.00 USD) - 2025/01/18 10:35:03 WET [2025/01/18 5:35:03 ET]
Table 'Baillauda III' 6-max Seat #5 is the button
Seat 1: janarr5 ($133.24 in chips) 
Seat 2: AllRaise101 ($112.24 in chips) 
Seat 3: ave_fenix800 ($101 in chips) 
Seat 4: eric2023happy ($91.15 in chips) 
Seat 5: Supermegopro ($100 in chips) 
Seat 6: Mak.Alse ($115.22 in chips) 
Mak.Alse: posts small blind $0.50
janarr5: posts big blind $1
*** HOLE CARDS ***
AllRaise101: raises $1.50 to $2.50
ave_fenix800: folds 
eric2023happy: folds 
Supermegopro: folds 
Mak.Alse: folds 
janarr5: calls $1.50
*** FLOP *** [As 2s Ah]
janarr5: checks 
AllRaise101: bets $1.61
janarr5: folds 
Uncalled bet ($1.61) returned to AllRaise101
AllRaise101 collected $5.22 from pot
*** SUMMARY ***
Total pot $5.50 | Rake $0.28 
Board [As 2s Ah]
Seat 1: janarr5 (big blind) folded on the Flop
Seat 2: AllRaise101 collected ($5.22)
Seat 3: ave_fenix800 folded before Flop (didn't bet)
Seat 4: eric2023happy folded before Flop (didn't bet)
Seat 5: Supermegopro (button) folded before Flop (didn't bet)
Seat 6: Mak.Alse (small blind) folded before Flop



PokerStars Hand #254429142461:  Hold'em No Limit ($0.50/$1.00 USD) - 2025/01/18 10:35:37 WET [2025/01/18 5:35:37 ET]
Table 'Baillauda III' 6-max Seat #6 is the button
Seat 1: janarr5 ($130.74 in chips) 
Seat 2: AllRaise101 ($114.96 in chips) 
Seat 3: ave_fenix800 ($101 in chips) 
Seat 4: eric2023happy ($91.15 in chips) 
Seat 5: Supermegopro ($100 in chips) 
Seat 6: Mak.Alse ($114.72 in chips) 
janarr5: posts small blind $0.50
AllRaise101: posts big blind $1
*** HOLE CARDS ***
ave_fenix800: folds 
eric2023happy: folds 
Supermegopro: folds 
Mak.Alse: folds 
janarr5: raises $2 to $3
AllRaise101: calls $2
*** FLOP *** [Tc Ks Qs]
janarr5: bets $1.43
AllRaise101: folds 
Uncalled bet ($1.43) returned to janarr5
janarr5 collected $5.70 from pot
janarr5: doesn't show hand 
*** SUMMARY ***
Total pot $6 | Rake $0.30 
Board [Tc Ks Qs]
Seat 1: janarr5 (small blind) collected ($5.70)
Seat 2: AllRaise101 (big blind) folded on the Flop
Seat 3: ave_fenix800 folded before Flop (didn't bet)
Seat 4: eric2023happy folded before Flop (didn't bet)
Seat 5: Supermegopro folded before Flop (didn't bet)
Seat 6: Mak.Alse (button) folded before Flop (didn't bet)



PokerStars Hand #254429145428:  Hold'em No Limit ($0.50/$1.00 USD) - 2025/01/18 10:36:01 WET [2025/01/18 5:36:01 ET]
Table 'Baillauda III' 6-max Seat #1 is the button
Seat 1: janarr5 ($133.44 in chips) 
Seat 2: AllRaise101 ($111.96 in chips) 
Seat 3: ave_fenix800 ($101 in chips) 
Seat 4: eric2023happy ($91.15 in chips) 
Seat 5: Supermegopro ($100 in chips) 
Seat 6: Mak.Alse ($114.72 in chips) 
AllRaise101: posts small blind $0.50
ave_fenix800: posts big blind $1
*** HOLE CARDS ***
eric2023happy: folds 
Supermegopro: folds 
Mak.Alse: folds 
janarr5: folds 
eric2023happy leaves the table
AllRaise101: raises $2 to $3
ave_fenix800: folds 
Uncalled bet ($2) returned to AllRaise101
AllRaise101 collected $2 from pot
*** SUMMARY ***
Total pot $2 | Rake $0 
Seat 1: janarr5 (button) folded before Flop (didn't bet)
Seat 2: AllRaise101 (small blind) collected ($2)
Seat 3: ave_fenix800 (big blind) folded before Flop
Seat 4: eric2023happy folded before Flop (didn't bet)
Seat 5: Supermegopro folded before Flop (didn't bet)
Seat 6: Mak.Alse folded before Flop (didn't bet)



PokerStars Hand #254429148275:  Hold'em No Limit ($0.50/$1.00 USD) - 2025/01/18 10:36:25 WET [2025/01/18 5:36:25 ET]
Table 'Baillauda III' 6-max Seat #2 is the button
Seat 1: janarr5 ($133.44 in chips) 
Seat 2: AllRaise101 ($112.96 in chips) 
Seat 3: ave_fenix800 ($100 in chips) 
Seat 5: Supermegopro ($100 in chips) 
Seat 6: Mak.Alse ($114.72 in chips) 
ave_fenix800: posts small blind $0.50
Supermegopro: posts big blind $1
*** HOLE CARDS ***
Mak.Alse: folds 
janarr5: folds 
AllRaise101: folds 
ave_fenix800: folds 
Uncalled bet ($0.50) returned to Supermegopro
Supermegopro collected $1 from pot
Supermegopro: doesn't show hand 
*** SUMMARY ***
Total pot $1 | Rake $0 
Seat 1: janarr5 folded before Flop (didn't bet)
Seat 2: AllRaise101 (button) folded before Flop (didn't bet)
Seat 3: ave_fenix800 (small blind) folded before Flop
Seat 5: Supermegopro (big blind) collected ($1)
Seat 6: Mak.Alse folded before Flop (didn't bet)



PokerStars Hand #254429149829:  Hold'em No Limit ($0.50/$1.00 USD) - 2025/01/18 10:36:37 WET [2025/01/18 5:36:37 ET]
Table 'Baillauda III' 6-max Seat #3 is the button
Seat 1: janarr5 ($133.44 in chips) 
Seat 2: AllRaise101 ($112.96 in chips) 
Seat 3: ave_fenix800 ($100 in chips) 
Seat 5: Supermegopro ($100.50 in chips) 
Seat 6: Mak.Alse ($114.72 in chips) 
Supermegopro: posts small blind $0.50
Mak.Alse: posts big blind $1
*** HOLE CARDS ***
janarr5: raises $1.25 to $2.25
AllRaise101: folds 
ave_fenix800: folds 
Supermegopro: folds 
Mak.Alse: folds 
Uncalled bet ($1.25) returned to janarr5
janarr5 collected $2.50 from pot
janarr5: doesn't show hand 
*** SUMMARY ***
Total pot $2.50 | Rake $0 
Seat 1: janarr5 collected ($2.50)
Seat 2: AllRaise101 folded before Flop (didn't bet)
Seat 3: ave_fenix800 (button) folded before Flop (didn't bet)
Seat 5: Supermegopro (small blind) folded before Flop
Seat 6: Mak.Alse (big blind) folded before Flop



PokerStars Hand #254429151249:  Hold'em No Limit ($0.50/$1.00 USD) - 2025/01/18 10:36:49 WET [2025/01/18 5:36:49 ET]
Table 'Baillauda III' 6-max Seat #5 is the button
Seat 1: janarr5 ($134.94 in chips) 
Seat 2: AllRaise101 ($112.96 in chips) 
Seat 3: ave_fenix800 ($100 in chips) 
Seat 5: Supermegopro ($100 in chips) 
Seat 6: Mak.Alse ($113.72 in chips) 
Mak.Alse: posts small blind $0.50
janarr5: posts big blind $1
*** HOLE CARDS ***
AllRaise101: folds 
ave_fenix800: folds 
Supermegopro: folds 
Mak.Alse: folds 
Uncalled bet ($0.50) returned to janarr5
janarr5 collected $1 from pot
janarr5: doesn't show hand 
*** SUMMARY ***
Total pot $1 | Rake $0 
Seat 1: janarr5 (big blind) collected ($1)
Seat 2: AllRaise101 folded before Flop (didn't bet)
Seat 3: ave_fenix800 folded before Flop (didn't bet)
Seat 5: Supermegopro (button) folded before Flop (didn't bet)
Seat 6: Mak.Alse (small blind) folded before Flop



PokerStars Hand #254429152927:  Hold'em No Limit ($0.50/$1.00 USD) - 2025/01/18 10:37:03 WET [2025/01/18 5:37:03 ET]
Table 'Baillauda III' 6-max Seat #6 is the button
Seat 1: janarr5 ($135.44 in chips) 
Seat 2: AllRaise101 ($112.96 in chips) 
Seat 3: ave_fenix800 ($100 in chips) 
Seat 5: Supermegopro ($100 in chips) 
Seat 6: Mak.Alse ($113.22 in chips) 
janarr5: posts small blind $0.50
AllRaise101: posts big blind $1
*** HOLE CARDS ***
ave_fenix800: folds 
Supermegopro: folds 
Mak.Alse: folds 
janarr5: folds 
Uncalled bet ($0.50) returned to AllRaise101
AllRaise101 collected $1 from pot
*** SUMMARY ***
Total pot $1 | Rake $0 
Seat 1: janarr5 (small blind) folded before Flop
Seat 2: AllRaise101 (big blind) collected ($1)
Seat 3: ave_fenix800 folded before Flop (didn't bet)
Seat 5: Supermegopro folded before Flop (didn't bet)
Seat 6: Mak.Alse (button) folded before Flop (didn't bet)



PokerStars Hand #254429154213:  Hold'em No Limit ($0.50/$1.00 USD) - 2025/01/18 10:37:14 WET [2025/01/18 5:37:14 ET]
Table 'Baillauda III' 6-max Seat #1 is the button
Seat 1: janarr5 ($134.94 in chips) 
Seat 2: AllRaise101 ($113.46 in chips) 
Seat 3: ave_fenix800 ($100 in chips) 
Seat 5: Supermegopro ($100 in chips) 
Seat 6: Mak.Alse ($113.22 in chips) 
AllRaise101: posts small blind $0.50
ave_fenix800: posts big blind $1
*** HOLE CARDS ***
Supermegopro: raises $1.50 to $2.50
Mak.Alse: folds 
janarr5: folds 
AllRaise101: folds 
ave_fenix800: folds 
Uncalled bet ($1.50) returned to Supermegopro
Supermegopro collected $2.50 from pot
Supermegopro: doesn't show hand 
*** SUMMARY ***
Total pot $2.50 | Rake $0 
Seat 1: janarr5 (button) folded before Flop (didn't bet)
Seat 2: AllRaise101 (small blind) folded before Flop
Seat 3: ave_fenix800 (big blind) folded before Flop
Seat 5: Supermegopro collected ($2.50)
Seat 6: Mak.Alse folded before Flop (didn't bet)



PokerStars Hand #254429156490:  Hold'em No Limit ($0.50/$1.00 USD) - 2025/01/18 10:37:32 WET [2025/01/18 5:37:32 ET]
Table 'Baillauda III' 6-max Seat #2 is the button
Seat 5: Supermegopro ($101.50 in chips) is sitting out
Seat 1: janarr5 ($134.94 in chips) 
Seat 2: AllRaise101 ($112.96 in chips) 
Seat 3: ave_fenix800 ($100 in chips) 
Seat 6: Mak.Alse ($113.22 in chips) 
ave_fenix800: posts small blind $0.50
Supermegopro: is sitting out 
Mak.Alse: posts big blind $1
*** HOLE CARDS ***
Supermegopro leaves the table
janarr5: raises $1.25 to $2.25
AllRaise101: folds 
ave_fenix800: folds 
Mak.Alse: folds 
Uncalled bet ($1.25) returned to janarr5
janarr5 collected $2.50 from pot
janarr5: doesn't show hand 
*** SUMMARY ***
Total pot $2.50 | Rake $0 
Seat 5: Supermegopro
Seat 1: janarr5 collected ($2.50)
Seat 2: AllRaise101 (button) folded before Flop (didn't bet)
Seat 3: ave_fenix800 (small blind) folded before Flop
Seat 6: Mak.Alse (big blind) folded before Flop



PokerStars Hand #254429158021:  Hold'em No Limit ($0.50/$1.00 USD) - 2025/01/18 10:37:45 WET [2025/01/18 5:37:45 ET]
Table 'Baillauda III' 6-max Seat #3 is the button
Seat 1: janarr5 ($136.44 in chips) 
Seat 2: AllRaise101 ($112.96 in chips) 
Seat 3: ave_fenix800 ($100 in chips) 
Seat 6: Mak.Alse ($112.22 in chips) 
Mak.Alse: posts small blind $0.50
janarr5: posts big blind $1
*** HOLE CARDS ***
AllRaise101: folds 
ave_fenix800: folds 
Mak.Alse: raises $2 to $3
janarr5: calls $2
*** FLOP *** [8c 2h Ac]
Mak.Alse: checks 
janarr5: bets $4.28
Mak.Alse: folds 
Uncalled bet ($4.28) returned to janarr5
janarr5 collected $5.70 from pot
janarr5: doesn't show hand 
*** SUMMARY ***
Total pot $6 | Rake $0.30 
Board [8c 2h Ac]
Seat 1: janarr5 (big blind) collected ($5.70)
Seat 2: AllRaise101 folded before Flop (didn't bet)
Seat 3: ave_fenix800 (button) folded before Flop (didn't bet)
Seat 6: Mak.Alse (small blind) folded on the Flop



PokerStars Hand #254429162489:  Hold'em No Limit ($0.50/$1.00 USD) - 2025/01/18 10:38:21 WET [2025/01/18 5:38:21 ET]
Table 'Baillauda III' 6-max Seat #6 is the button
Seat 1: janarr5 ($139.14 in chips) 
Seat 2: AllRaise101 ($112.96 in chips) 
Seat 3: ave_fenix800 ($100 in chips) 
Seat 6: Mak.Alse ($109.22 in chips) 
janarr5: posts small blind $0.50
AllRaise101: posts big blind $1
*** HOLE CARDS ***
ave_fenix800: folds 
Mak.Alse: raises $1.50 to $2.50
janarr5: folds 
AllRaise101: folds 
Uncalled bet ($1.50) returned to Mak.Alse
Mak.Alse collected $2.50 from pot
Mak.Alse: doesn't show hand 
*** SUMMARY ***
Total pot $2.50 | Rake $0 
Seat 1: janarr5 (small blind) folded before Flop
Seat 2: AllRaise101 (big blind) folded before Flop
Seat 3: ave_fenix800 folded before Flop (didn't bet)
Seat 6: Mak.Alse (button) collected ($2.50)



PokerStars Hand #254429166783:  Hold'em No Limit ($0.50/$1.00 USD) - 2025/01/18 10:38:56 WET [2025/01/18 5:38:56 ET]
Table 'Baillauda III' 6-max Seat #2 is the button
Seat 3: ave_fenix800 ($100 in chips) is sitting out
Seat 6: Mak.Alse ($110.72 in chips) is sitting out
Seat 1: janarr5 ($138.64 in chips) 
Seat 2: AllRaise101 ($111.96 in chips) 
AllRaise101: posts small blind $0.50
ave_fenix800: is sitting out 
Mak.Alse: is sitting out 
janarr5: posts big blind $1
*** HOLE CARDS ***
AllRaise101: folds 
Uncalled bet ($0.50) returned to janarr5
janarr5 collected $1 from pot
janarr5: doesn't show hand 
*** SUMMARY ***
Total pot $1 | Rake $0 
Seat 3: ave_fenix800
Seat 6: Mak.Alse
Seat 1: janarr5 (big blind) collected ($1)
Seat 2: AllRaise101 (button) (small blind) folded before Flop



PokerStars Hand #254429167636:  Hold'em No Limit ($0.50/$1.00 USD) - 2025/01/18 10:39:02 WET [2025/01/18 5:39:02 ET]
Table 'Baillauda III' 6-max Seat #1 is the button
Seat 3: ave_fenix800 ($100 in chips) is sitting out
Seat 6: Mak.Alse ($110.72 in chips) is sitting out
Seat 1: janarr5 ($139.14 in chips) 
Seat 2: AllRaise101 ($111.46 in chips) 
janarr5: posts small blind $0.50
AllRaise101: posts big blind $1
*** HOLE CARDS ***
janarr5: folds 
Uncalled bet ($0.50) returned to AllRaise101
Mak.Alse leaves the table
AllRaise101 collected $1 from pot
janarr5 leaves the table
*** SUMMARY ***
Total pot $1 | Rake $0 
Seat 3: ave_fenix800
Seat 6: Mak.Alse
Seat 1: janarr5 (button) (small blind) folded before Flop
Seat 2: AllRaise101 (big blind) collected ($1)



