PokerStars Hand #254428324342:  Hold'em No Limit ($0.50/$1.00 USD) - 2025/01/18 8:24:18 WET [2025/01/18 3:24:18 ET]
Table 'Ilona III' 6-max Seat #3 is the button
Seat 3: trueYes.3970 ($10 in chips) 
Seat 4: AlexEliseev7 ($100 in chips) 
trueYes.3970: posts small blind $0.50
AlexEliseev7: posts big blind $1
*** HOLE CARDS ***
trueYes.3970: calls $0.50
AlexEliseev7: checks 
*** FLOP *** [Jh 4h Qs]
AlexEliseev7: bets $1
trueYes.3970: calls $1
*** TURN *** [Jh 4h Qs] [5h]
AlexEliseev7: bets $2.96
trueYes.3970: folds 
Uncalled bet ($2.96) returned to AlexEliseev7
AlexEliseev7 collected $3.80 from pot
AlexEliseev7: doesn't show hand 
*** SUMMARY ***
Total pot $4 | Rake $0.20 
Board [Jh 4h Qs 5h]
Seat 3: trueYes.3970 (button) (small blind) folded on the Turn
Seat 4: AlexEliseev7 (big blind) collected ($3.80)



PokerStars Hand #254428326045:  Hold'em No Limit ($0.50/$1.00 USD) - 2025/01/18 8:24:37 WET [2025/01/18 3:24:37 ET]
Table 'Ilona III' 6-max Seat #4 is the button
Seat 3: trueYes.3970 ($8 in chips) 
Seat 4: AlexEliseev7 ($101.80 in chips) 
AlexEliseev7: posts small blind $0.50
trueYes.3970: posts big blind $1
*** HOLE CARDS ***
AlexEliseev7: folds 
Uncalled bet ($0.50) returned to trueYes.3970
trueYes.3970 collected $1 from pot
*** SUMMARY ***
Total pot $1 | Rake $0 
Seat 3: trueYes.3970 (big blind) collected ($1)
Seat 4: AlexEliseev7 (button) (small blind) folded before Flop



PokerStars Hand #254428326539:  Hold'em No Limit ($0.50/$1.00 USD) - 2025/01/18 8:24:43 WET [2025/01/18 3:24:43 ET]
Table 'Ilona III' 6-max Seat #3 is the button
Seat 3: trueYes.3970 ($8.50 in chips) 
Seat 4: AlexEliseev7 ($101.30 in chips) 
trueYes.3970: posts small blind $0.50
AlexEliseev7: posts big blind $1
*** HOLE CARDS ***
trueYes.3970: calls $0.50
AlexEliseev7: raises $100.30 to $101.30 and is all-in
trueYes.3970: folds 
Uncalled bet ($100.30) returned to AlexEliseev7
AlexEliseev7 collected $2 from pot
AlexEliseev7: doesn't show hand 
*** SUMMARY ***
Total pot $2 | Rake $0 
Seat 3: trueYes.3970 (button) (small blind) folded before Flop
Seat 4: AlexEliseev7 (big blind) collected ($2)



PokerStars Hand #254428327315:  Hold'em No Limit ($0.50/$1.00 USD) - 2025/01/18 8:24:52 WET [2025/01/18 3:24:52 ET]
Table 'Ilona III' 6-max Seat #4 is the button
Seat 3: trueYes.3970 ($7.50 in chips) 
Seat 4: AlexEliseev7 ($102.30 in chips) 
AlexEliseev7: posts small blind $0.50
trueYes.3970: posts big blind $1
*** HOLE CARDS ***
AlexEliseev7: calls $0.50
trueYes.3970: checks 
*** FLOP *** [Td 5s Jc]
trueYes.3970: checks 
AlexEliseev7: bets $1.48
trueYes.3970: folds 
Uncalled bet ($1.48) returned to AlexEliseev7
AlexEliseev7 collected $1.90 from pot
AlexEliseev7: doesn't show hand 
*** SUMMARY ***
Total pot $2 | Rake $0.10 
Board [Td 5s Jc]
Seat 3: trueYes.3970 (big blind) folded on the Flop
Seat 4: AlexEliseev7 (button) (small blind) collected ($1.90)



PokerStars Hand #254428328450:  Hold'em No Limit ($0.50/$1.00 USD) - 2025/01/18 8:25:04 WET [2025/01/18 3:25:04 ET]
Table 'Ilona III' 6-max Seat #3 is the button
Seat 3: trueYes.3970 ($6.50 in chips) 
Seat 4: AlexEliseev7 ($103.20 in chips) 
trueYes.3970: posts small blind $0.50
AlexEliseev7: posts big blind $1
*** HOLE CARDS ***
trueYes.3970: folds 
Uncalled bet ($0.50) returned to AlexEliseev7
AlexEliseev7 collected $1 from pot
AlexEliseev7: doesn't show hand 
*** SUMMARY ***
Total pot $1 | Rake $0 
Seat 3: trueYes.3970 (button) (small blind) folded before Flop
Seat 4: AlexEliseev7 (big blind) collected ($1)



PokerStars Hand #254428329014:  Hold'em No Limit ($0.50/$1.00 USD) - 2025/01/18 8:25:11 WET [2025/01/18 3:25:11 ET]
Table 'Ilona III' 6-max Seat #4 is the button
Seat 3: trueYes.3970 ($6 in chips) 
Seat 4: AlexEliseev7 ($103.70 in chips) 
AlexEliseev7: posts small blind $0.50
trueYes.3970: posts big blind $1
*** HOLE CARDS ***
AlexEliseev7: calls $0.50
trueYes.3970: raises $5 to $6 and is all-in
AlexEliseev7: folds 
Uncalled bet ($5) returned to trueYes.3970
trueYes.3970 collected $2 from pot
*** SUMMARY ***
Total pot $2 | Rake $0 
Seat 3: trueYes.3970 (big blind) collected ($2)
Seat 4: AlexEliseev7 (button) (small blind) folded before Flop



PokerStars Hand #254428329787:  Hold'em No Limit ($0.50/$1.00 USD) - 2025/01/18 8:25:20 WET [2025/01/18 3:25:20 ET]
Table 'Ilona III' 6-max Seat #3 is the button
Seat 3: trueYes.3970 ($7 in chips) 
Seat 4: AlexEliseev7 ($102.70 in chips) 
trueYes.3970: posts small blind $0.50
AlexEliseev7: posts big blind $1
*** HOLE CARDS ***
trueYes.3970: calls $0.50
AlexEliseev7: raises $101.70 to $102.70 and is all-in
trueYes.3970: calls $6 and is all-in
Uncalled bet ($95.70) returned to AlexEliseev7
AlexEliseev7 has timed out
*** FLOP *** [3s 6c 9d]
*** TURN *** [3s 6c 9d] [Jd]
*** RIVER *** [3s 6c 9d Jd] [Jc]
*** SHOW DOWN ***
AlexEliseev7: shows [Kh As] (a pair of Jacks)
trueYes.3970: shows [8d Qs] (a pair of Jacks - lower kicker)
AlexEliseev7 collected $13.30 from pot
*** SUMMARY ***
Total pot $14 | Rake $0.70 
Board [3s 6c 9d Jd Jc]
Seat 3: trueYes.3970 (button) (small blind) showed [8d Qs] and lost with a pair of Jacks
Seat 4: AlexEliseev7 (big blind) showed [Kh As] and won ($13.30) with a pair of Jacks



PokerStars Hand #254428333677:  Hold'em No Limit ($0.50/$1.00 USD) - 2025/01/18 8:26:03 WET [2025/01/18 3:26:03 ET]
Table 'Ilona III' 6-max Seat #4 is the button
Seat 3: trueYes.3970 ($13.99 in chips) 
Seat 4: AlexEliseev7 ($109 in chips) 
AlexEliseev7: posts small blind $0.50
trueYes.3970: posts big blind $1
*** HOLE CARDS ***
AlexEliseev7: raises $1.50 to $2.50
trueYes.3970: calls $1.50
*** FLOP *** [Js 8s Ac]
trueYes.3970: checks 
AlexEliseev7: bets $1.57
trueYes.3970: folds 
Uncalled bet ($1.57) returned to AlexEliseev7
AlexEliseev7 collected $4.75 from pot
AlexEliseev7: doesn't show hand 
*** SUMMARY ***
Total pot $5 | Rake $0.25 
Board [Js 8s Ac]
Seat 3: trueYes.3970 (big blind) folded on the Flop
Seat 4: AlexEliseev7 (button) (small blind) collected ($4.75)



PokerStars Hand #254428335272:  Hold'em No Limit ($0.50/$1.00 USD) - 2025/01/18 8:26:21 WET [2025/01/18 3:26:21 ET]
Table 'Ilona III' 6-max Seat #3 is the button
Seat 3: trueYes.3970 ($11.49 in chips) 
Seat 4: AlexEliseev7 ($111.25 in chips) 
trueYes.3970: posts small blind $0.50
AlexEliseev7: posts big blind $1
*** HOLE CARDS ***
trueYes.3970: raises $10.49 to $11.49 and is all-in
AlexEliseev7: folds 
Uncalled bet ($10.49) returned to trueYes.3970
trueYes.3970 collected $2 from pot
*** SUMMARY ***
Total pot $2 | Rake $0 
Seat 3: trueYes.3970 (button) (small blind) collected ($2)
Seat 4: AlexEliseev7 (big blind) folded before Flop



PokerStars Hand #254428337184:  Hold'em No Limit ($0.50/$1.00 USD) - 2025/01/18 8:26:42 WET [2025/01/18 3:26:42 ET]
Table 'Ilona III' 6-max Seat #4 is the button
Seat 3: trueYes.3970 ($12.49 in chips) 
Seat 4: AlexEliseev7 ($110.25 in chips) 
AlexEliseev7: posts small blind $0.50
trueYes.3970: posts big blind $1
*** HOLE CARDS ***
AlexEliseev7: calls $0.50
trueYes.3970: raises $2 to $3
AlexEliseev7: calls $2
*** FLOP *** [8c Ah Ks]
trueYes.3970: checks 
AlexEliseev7: checks 
*** TURN *** [8c Ah Ks] [6s]
trueYes.3970: bets $2.85
AlexEliseev7: calls $2.85
*** RIVER *** [8c Ah Ks 6s] [2s]
trueYes.3970: bets $5.56
AlexEliseev7: folds 
Uncalled bet ($5.56) returned to trueYes.3970
trueYes.3970 collected $11.12 from pot
trueYes.3970: doesn't show hand 
*** SUMMARY ***
Total pot $11.70 | Rake $0.58 
Board [8c Ah Ks 6s 2s]
Seat 3: trueYes.3970 (big blind) collected ($11.12)
Seat 4: AlexEliseev7 (button) (small blind) folded on the River



PokerStars Hand #254428342071:  Hold'em No Limit ($0.50/$1.00 USD) - 2025/01/18 8:27:37 WET [2025/01/18 3:27:37 ET]
Table 'Ilona III' 6-max Seat #3 is the button
Seat 3: trueYes.3970 ($17.76 in chips) 
Seat 4: AlexEliseev7 ($104.40 in chips) 
trueYes.3970: posts small blind $0.50
AlexEliseev7: posts big blind $1
*** HOLE CARDS ***
trueYes.3970: folds 
Uncalled bet ($0.50) returned to AlexEliseev7
AlexEliseev7 collected $1 from pot
AlexEliseev7: doesn't show hand 
*** SUMMARY ***
Total pot $1 | Rake $0 
Seat 3: trueYes.3970 (button) (small blind) folded before Flop
Seat 4: AlexEliseev7 (big blind) collected ($1)



PokerStars Hand #254428342593:  Hold'em No Limit ($0.50/$1.00 USD) - 2025/01/18 8:27:43 WET [2025/01/18 3:27:43 ET]
Table 'Ilona III' 6-max Seat #4 is the button
Seat 3: trueYes.3970 ($17.26 in chips) 
Seat 4: AlexEliseev7 ($104.90 in chips) 
AlexEliseev7: posts small blind $0.50
trueYes.3970: posts big blind $1
*** HOLE CARDS ***
AlexEliseev7: folds 
Uncalled bet ($0.50) returned to trueYes.3970
trueYes.3970 collected $1 from pot
*** SUMMARY ***
Total pot $1 | Rake $0 
Seat 3: trueYes.3970 (big blind) collected ($1)
Seat 4: AlexEliseev7 (button) (small blind) folded before Flop



PokerStars Hand #254428343181:  Hold'em No Limit ($0.50/$1.00 USD) - 2025/01/18 8:27:49 WET [2025/01/18 3:27:49 ET]
Table 'Ilona III' 6-max Seat #3 is the button
Seat 3: trueYes.3970 ($17.76 in chips) 
Seat 4: AlexEliseev7 ($104.40 in chips) 
trueYes.3970: posts small blind $0.50
AlexEliseev7: posts big blind $1
*** HOLE CARDS ***
trueYes.3970: calls $0.50
AlexEliseev7: checks 
*** FLOP *** [8c Qh Qd]
AlexEliseev7: checks 
trueYes.3970: checks 
*** TURN *** [8c Qh Qd] [5c]
AlexEliseev7: checks 
trueYes.3970: bets $1.90
AlexEliseev7: folds 
Uncalled bet ($1.90) returned to trueYes.3970
trueYes.3970 collected $1.90 from pot
*** SUMMARY ***
Total pot $2 | Rake $0.10 
Board [8c Qh Qd 5c]
Seat 3: trueYes.3970 (button) (small blind) collected ($1.90)
Seat 4: AlexEliseev7 (big blind) folded on the Turn



PokerStars Hand #254428344785:  Hold'em No Limit ($0.50/$1.00 USD) - 2025/01/18 8:28:07 WET [2025/01/18 3:28:07 ET]
Table 'Ilona III' 6-max Seat #4 is the button
Seat 3: trueYes.3970 ($18.66 in chips) 
Seat 4: AlexEliseev7 ($103.40 in chips) 
AlexEliseev7: posts small blind $0.50
trueYes.3970: posts big blind $1
*** HOLE CARDS ***
AlexEliseev7: folds 
Uncalled bet ($0.50) returned to trueYes.3970
trueYes.3970 collected $1 from pot
*** SUMMARY ***
Total pot $1 | Rake $0 
Seat 3: trueYes.3970 (big blind) collected ($1)
Seat 4: AlexEliseev7 (button) (small blind) folded before Flop



PokerStars Hand #254428345431:  Hold'em No Limit ($0.50/$1.00 USD) - 2025/01/18 8:28:14 WET [2025/01/18 3:28:14 ET]
Table 'Ilona III' 6-max Seat #3 is the button
Seat 3: trueYes.3970 ($19.16 in chips) 
Seat 4: AlexEliseev7 ($102.90 in chips) 
trueYes.3970: posts small blind $0.50
AlexEliseev7: posts big blind $1
*** HOLE CARDS ***
trueYes.3970: raises $1 to $2
AlexEliseev7: calls $1
*** FLOP *** [Tc 9c 9s]
AlexEliseev7: checks 
trueYes.3970: bets $1.90
AlexEliseev7: calls $1.90
*** TURN *** [Tc 9c 9s] [Qd]
AlexEliseev7: checks 
trueYes.3970: bets $7.41
AlexEliseev7: folds 
Uncalled bet ($7.41) returned to trueYes.3970
trueYes.3970 collected $7.41 from pot
*** SUMMARY ***
Total pot $7.80 | Rake $0.39 
Board [Tc 9c 9s Qd]
Seat 3: trueYes.3970 (button) (small blind) collected ($7.41)
Seat 4: AlexEliseev7 (big blind) folded on the Turn



PokerStars Hand #254428348247:  Hold'em No Limit ($0.50/$1.00 USD) - 2025/01/18 8:28:46 WET [2025/01/18 3:28:46 ET]
Table 'Ilona III' 6-max Seat #4 is the button
Seat 3: trueYes.3970 ($22.67 in chips) 
Seat 4: AlexEliseev7 ($100 in chips) 
AlexEliseev7: posts small blind $0.50
trueYes.3970: posts big blind $1
*** HOLE CARDS ***
AlexEliseev7: raises $1.50 to $2.50
trueYes.3970: calls $1.50
*** FLOP *** [Ah As 4h]
trueYes.3970: checks 
AlexEliseev7: bets $1.57
trueYes.3970: calls $1.57
*** TURN *** [Ah As 4h] [3h]
trueYes.3970: checks 
AlexEliseev7: checks 
*** RIVER *** [Ah As 4h 3h] [3d]
trueYes.3970: checks 
AlexEliseev7: bets $6.03
trueYes.3970: calls $6.03
*** SHOW DOWN ***
AlexEliseev7: shows [5h 8c] (two pair, Aces and Threes)
trueYes.3970: shows [6c 6d] (two pair, Aces and Sixes)
trueYes.3970 collected $19.20 from pot
KeR888 joins the table at seat #5 
*** SUMMARY ***
Total pot $20.20 | Rake $1 
Board [Ah As 4h 3h 3d]
Seat 3: trueYes.3970 (big blind) showed [6c 6d] and won ($19.20) with two pair, Aces and Sixes
Seat 4: AlexEliseev7 (button) (small blind) showed [5h 8c] and lost with two pair, Aces and Threes



PokerStars Hand #254428351902:  Hold'em No Limit ($0.50/$1.00 USD) - 2025/01/18 8:29:26 WET [2025/01/18 3:29:26 ET]
Table 'Ilona III' 6-max Seat #3 is the button
Seat 3: trueYes.3970 ($31.77 in chips) 
Seat 4: AlexEliseev7 ($100 in chips) 
Seat 5: KeR888 ($100 in chips) 
AlexEliseev7: posts small blind $0.50
KeR888: posts big blind $1
*** HOLE CARDS ***
trueYes.3970: calls $1
AlexEliseev7: folds 
KeR888: checks 
*** FLOP *** [8c 9h Qd]
KeR888: bets $1
trueYes.3970: calls $1
*** TURN *** [8c 9h Qd] [Jc]
G.HANSEN333 joins the table at seat #6 
Kristo 914 joins the table at seat #2 
KeR888: bets $4
trueYes.3970: calls $4
*** RIVER *** [8c 9h Qd Jc] [Kc]
KeR888: bets $8.91
trueYes.3970: calls $8.91
*** SHOW DOWN ***
KeR888: shows [Ks Th] (a straight, Nine to King)
trueYes.3970: shows [Ts Qc] (a straight, Nine to King)
KeR888 collected $14.66 from pot
trueYes.3970 collected $14.66 from pot
*** SUMMARY ***
Total pot $30.32 | Rake $1 
Board [8c 9h Qd Jc Kc]
Seat 3: trueYes.3970 (button) showed [Ts Qc] and won ($14.66) with a straight, Nine to King
Seat 4: AlexEliseev7 (small blind) folded before Flop
Seat 5: KeR888 (big blind) showed [Ks Th] and won ($14.66) with a straight, Nine to King



PokerStars Hand #254428356660:  Hold'em No Limit ($0.50/$1.00 USD) - 2025/01/18 8:30:19 WET [2025/01/18 3:30:19 ET]
Table 'Ilona III' 6-max Seat #4 is the button
Seat 2: Kristo 914 ($100 in chips) is sitting out
Seat 3: trueYes.3970 ($31.52 in chips) 
Seat 4: AlexEliseev7 ($100 in chips) 
Seat 5: KeR888 ($100 in chips) 
Seat 6: G.HANSEN333 ($100 in chips) 
KeR888: posts small blind $0.50
G.HANSEN333: posts big blind $1
Kristo 914: sits out 
*** HOLE CARDS ***
trueYes.3970: folds 
AlexEliseev7: raises $1.50 to $2.50
KeR888: folds 
G.HANSEN333: folds 
Uncalled bet ($1.50) returned to AlexEliseev7
AlexEliseev7 collected $2.50 from pot
AlexEliseev7: doesn't show hand 
*** SUMMARY ***
Total pot $2.50 | Rake $0 
Seat 2: Kristo 914
Seat 3: trueYes.3970 folded before Flop (didn't bet)
Seat 4: AlexEliseev7 (button) collected ($2.50)
Seat 5: KeR888 (small blind) folded before Flop
Seat 6: G.HANSEN333 (big blind) folded before Flop



PokerStars Hand #254428358602:  Hold'em No Limit ($0.50/$1.00 USD) - 2025/01/18 8:30:40 WET [2025/01/18 3:30:40 ET]
Table 'Ilona III' 6-max Seat #5 is the button
Seat 2: Kristo 914 ($100 in chips) 
Seat 3: trueYes.3970 ($31.52 in chips) 
Seat 4: AlexEliseev7 ($101.50 in chips) 
Seat 5: KeR888 ($100 in chips) 
Seat 6: G.HANSEN333 ($100 in chips) 
G.HANSEN333: posts small blind $0.50
Kristo 914: posts big blind $1
*** HOLE CARDS ***
trueYes.3970: raises $1.21 to $2.21
AlexEliseev7: folds 
KeR888: folds 
G.HANSEN333: folds 
Kristo 914: raises $5.79 to $8
trueYes.3970: folds 
Uncalled bet ($5.79) returned to Kristo 914
Kristo 914 collected $4.92 from pot
Kristo 914: doesn't show hand 
*** SUMMARY ***
Total pot $4.92 | Rake $0 
Seat 2: Kristo 914 (big blind) collected ($4.92)
Seat 3: trueYes.3970 folded before Flop
Seat 4: AlexEliseev7 folded before Flop (didn't bet)
Seat 5: KeR888 (button) folded before Flop (didn't bet)
Seat 6: G.HANSEN333 (small blind) folded before Flop



PokerStars Hand #254428361176:  Hold'em No Limit ($0.50/$1.00 USD) - 2025/01/18 8:31:08 WET [2025/01/18 3:31:08 ET]
Table 'Ilona III' 6-max Seat #6 is the button
Seat 2: Kristo 914 ($102.71 in chips) 
Seat 3: trueYes.3970 ($29.31 in chips) 
Seat 4: AlexEliseev7 ($101.50 in chips) 
Seat 5: KeR888 ($100 in chips) 
Seat 6: G.HANSEN333 ($100 in chips) 
Kristo 914: posts small blind $0.50
trueYes.3970: posts big blind $1
*** HOLE CARDS ***
AlexEliseev7: folds 
KeR888: raises $1.50 to $2.50
G.HANSEN333: folds 
Kristo 914: folds 
trueYes.3970: calls $1.50
*** FLOP *** [Ks 9d 5c]
trueYes.3970: checks 
KeR888: bets $2.61
trueYes.3970: calls $2.61
*** TURN *** [Ks 9d 5c] [Ah]
trueYes.3970: checks 
KeR888: checks 
*** RIVER *** [Ks 9d 5c Ah] [7c]
trueYes.3970: bets $5.09
KeR888: calls $5.09
*** SHOW DOWN ***
trueYes.3970: shows [4d As] (a pair of Aces)
KeR888: mucks hand 
trueYes.3970 collected $19.86 from pot
*** SUMMARY ***
Total pot $20.90 | Rake $1.04 
Board [Ks 9d 5c Ah 7c]
Seat 2: Kristo 914 (small blind) folded before Flop
Seat 3: trueYes.3970 (big blind) showed [4d As] and won ($19.86) with a pair of Aces
Seat 4: AlexEliseev7 folded before Flop (didn't bet)
Seat 5: KeR888 mucked
Seat 6: G.HANSEN333 (button) folded before Flop (didn't bet)



PokerStars Hand #254428365856:  Hold'em No Limit ($0.50/$1.00 USD) - 2025/01/18 8:31:59 WET [2025/01/18 3:31:59 ET]
Table 'Ilona III' 6-max Seat #2 is the button
Seat 2: Kristo 914 ($102.21 in chips) 
Seat 3: trueYes.3970 ($38.97 in chips) 
Seat 4: AlexEliseev7 ($101.50 in chips) 
Seat 5: KeR888 ($100 in chips) 
Seat 6: G.HANSEN333 ($100 in chips) 
trueYes.3970: posts small blind $0.50
AlexEliseev7: posts big blind $1
*** HOLE CARDS ***
KeR888: folds 
G.HANSEN333: folds 
Kristo 914: folds 
trueYes.3970: calls $0.50
AlexEliseev7: checks 
*** FLOP *** [Kh Qh Ad]
trueYes.3970: checks 
AlexEliseev7: checks 
*** TURN *** [Kh Qh Ad] [7c]
trueYes.3970: checks 
AlexEliseev7: checks 
*** RIVER *** [Kh Qh Ad 7c] [8s]
trueYes.3970: checks 
AlexEliseev7: bets $1
trueYes.3970: folds 
Uncalled bet ($1) returned to AlexEliseev7
AlexEliseev7 collected $1.90 from pot
AlexEliseev7: doesn't show hand 
*** SUMMARY ***
Total pot $2 | Rake $0.10 
Board [Kh Qh Ad 7c 8s]
Seat 2: Kristo 914 (button) folded before Flop (didn't bet)
Seat 3: trueYes.3970 (small blind) folded on the River
Seat 4: AlexEliseev7 (big blind) collected ($1.90)
Seat 5: KeR888 folded before Flop (didn't bet)
Seat 6: G.HANSEN333 folded before Flop (didn't bet)



PokerStars Hand #254428371087:  Hold'em No Limit ($0.50/$1.00 USD) - 2025/01/18 8:32:58 WET [2025/01/18 3:32:58 ET]
Table 'Ilona III' 6-max Seat #3 is the button
Seat 2: Kristo 914 ($102.21 in chips) 
Seat 3: trueYes.3970 ($37.97 in chips) 
Seat 4: AlexEliseev7 ($102.40 in chips) 
Seat 5: KeR888 ($100 in chips) 
Seat 6: G.HANSEN333 ($100 in chips) 
AlexEliseev7: posts small blind $0.50
KeR888: posts big blind $1
*** HOLE CARDS ***
G.HANSEN333: raises $1.50 to $2.50
Kristo 914: folds 
trueYes.3970: calls $2.50
AlexEliseev7: folds 
KeR888: folds 
*** FLOP *** [2c 8h Jh]
G.HANSEN333: checks 
trueYes.3970: checks 
*** TURN *** [2c 8h Jh] [Jc]
G.HANSEN333: checks 
trueYes.3970: bets $6.35
G.HANSEN333: folds 
Uncalled bet ($6.35) returned to trueYes.3970
trueYes.3970 collected $6.18 from pot
*** SUMMARY ***
Total pot $6.50 | Rake $0.32 
Board [2c 8h Jh Jc]
Seat 2: Kristo 914 folded before Flop (didn't bet)
Seat 3: trueYes.3970 (button) collected ($6.18)
Seat 4: AlexEliseev7 (small blind) folded before Flop
Seat 5: KeR888 (big blind) folded before Flop
Seat 6: G.HANSEN333 folded on the Turn



PokerStars Hand #254428376952:  Hold'em No Limit ($0.50/$1.00 USD) - 2025/01/18 8:34:02 WET [2025/01/18 3:34:02 ET]
Table 'Ilona III' 6-max Seat #4 is the button
Seat 6: G.HANSEN333 ($100 in chips) is sitting out
Seat 2: Kristo 914 ($102.21 in chips) 
Seat 3: trueYes.3970 ($41.65 in chips) 
Seat 4: AlexEliseev7 ($101.90 in chips) 
Seat 5: KeR888 ($100 in chips) 
KeR888: posts small blind $0.50
G.HANSEN333: is sitting out 
Kristo 914: posts big blind $1
*** HOLE CARDS ***
trueYes.3970: calls $1
G.HANSEN333 leaves the table
AlexEliseev7: folds 
KeR888: folds 
Kristo 914: raises $49 to $50
trueYes.3970: folds 
Uncalled bet ($49) returned to Kristo 914
Kristo 914 collected $2.50 from pot
Kristo 914: doesn't show hand 
*** SUMMARY ***
Total pot $2.50 | Rake $0 
Seat 6: G.HANSEN333
Seat 2: Kristo 914 (big blind) collected ($2.50)
Seat 3: trueYes.3970 folded before Flop
Seat 4: AlexEliseev7 (button) folded before Flop (didn't bet)
Seat 5: KeR888 (small blind) folded before Flop



PokerStars Hand #254428379107:  Hold'em No Limit ($0.50/$1.00 USD) - 2025/01/18 8:34:25 WET [2025/01/18 3:34:25 ET]
Table 'Ilona III' 6-max Seat #5 is the button
Seat 2: Kristo 914 ($103.71 in chips) 
Seat 3: trueYes.3970 ($40.65 in chips) 
Seat 4: AlexEliseev7 ($101.90 in chips) 
Seat 5: KeR888 ($100 in chips) 
Kristo 914: posts small blind $0.50
trueYes.3970: posts big blind $1
*** HOLE CARDS ***
AlexEliseev7: folds 
KeR888: folds 
Kristo 914: folds 
Uncalled bet ($0.50) returned to trueYes.3970
trueYes.3970 collected $1 from pot
*** SUMMARY ***
Total pot $1 | Rake $0 
Seat 2: Kristo 914 (small blind) folded before Flop
Seat 3: trueYes.3970 (big blind) collected ($1)
Seat 4: AlexEliseev7 folded before Flop (didn't bet)
Seat 5: KeR888 (button) folded before Flop (didn't bet)



PokerStars Hand #254428379961:  Hold'em No Limit ($0.50/$1.00 USD) - 2025/01/18 8:34:34 WET [2025/01/18 3:34:34 ET]
Table 'Ilona III' 6-max Seat #2 is the button
Seat 2: Kristo 914 ($103.21 in chips) 
Seat 3: trueYes.3970 ($41.15 in chips) 
Seat 4: AlexEliseev7 ($101.90 in chips) 
Seat 5: KeR888 ($100 in chips) 
trueYes.3970: posts small blind $0.50
AlexEliseev7: posts big blind $1
*** HOLE CARDS ***
KeR888: folds 
Kristo 914: raises $1.40 to $2.40
trueYes.3970: calls $1.90
AlexEliseev7: folds 
*** FLOP *** [Js 5s 4d]
trueYes.3970: checks 
Kristo 914: checks 
*** TURN *** [Js 5s 4d] [7h]
trueYes.3970: bets $5.75
Kristo 914: folds 
Uncalled bet ($5.75) returned to trueYes.3970
trueYes.3970 collected $5.51 from pot
trueYes.3970: doesn't show hand 
*** SUMMARY ***
Total pot $5.80 | Rake $0.29 
Board [Js 5s 4d 7h]
Seat 2: Kristo 914 (button) folded on the Turn
Seat 3: trueYes.3970 (small blind) collected ($5.51)
Seat 4: AlexEliseev7 (big blind) folded before Flop
Seat 5: KeR888 folded before Flop (didn't bet)



PokerStars Hand #254428384617:  Hold'em No Limit ($0.50/$1.00 USD) - 2025/01/18 8:35:24 WET [2025/01/18 3:35:24 ET]
Table 'Ilona III' 6-max Seat #3 is the button
Seat 2: Kristo 914 ($100.81 in chips) 
Seat 3: trueYes.3970 ($44.26 in chips) 
Seat 4: AlexEliseev7 ($100.90 in chips) 
Seat 5: KeR888 ($100 in chips) 
AlexEliseev7: posts small blind $0.50
KeR888: posts big blind $1
*** HOLE CARDS ***
LuckyShikari joins the table at seat #1 
Kristo 914: folds 
Burlica2013 joins the table at seat #6 
trueYes.3970: calls $1
AlexEliseev7: folds 
KeR888: checks 
*** FLOP *** [8h 9d Qc]
KeR888: checks 
trueYes.3970: checks 
*** TURN *** [8h 9d Qc] [Jh]
KeR888: checks 
trueYes.3970: bets $2.38
KeR888: folds 
Uncalled bet ($2.38) returned to trueYes.3970
trueYes.3970 collected $2.38 from pot
*** SUMMARY ***
Total pot $2.50 | Rake $0.12 
Board [8h 9d Qc Jh]
Seat 2: Kristo 914 folded before Flop (didn't bet)
Seat 3: trueYes.3970 (button) collected ($2.38)
Seat 4: AlexEliseev7 (small blind) folded before Flop
Seat 5: KeR888 (big blind) folded on the Turn



PokerStars Hand #254428387282:  Hold'em No Limit ($0.50/$1.00 USD) - 2025/01/18 8:35:52 WET [2025/01/18 3:35:52 ET]
Table 'Ilona III' 6-max Seat #4 is the button
Seat 1: LuckyShikari ($100 in chips) is sitting out
Seat 2: Kristo 914 ($100.81 in chips) 
Seat 3: trueYes.3970 ($45.64 in chips) 
Seat 4: AlexEliseev7 ($100.40 in chips) 
Seat 5: KeR888 ($100 in chips) 
Seat 6: Burlica2013 ($100 in chips) 
KeR888: posts small blind $0.50
Burlica2013: posts big blind $1
LuckyShikari: sits out 
*** HOLE CARDS ***
Kristo 914: folds 
trueYes.3970: calls $1
AlexEliseev7: folds 
KeR888: folds 
Burlica2013: checks 
*** FLOP *** [4d 8d 9c]
Burlica2013: checks 
trueYes.3970: checks 
*** TURN *** [4d 8d 9c] [5h]
Burlica2013: bets $1.79
trueYes.3970: folds 
Uncalled bet ($1.79) returned to Burlica2013
Burlica2013 collected $2.38 from pot
Burlica2013: doesn't show hand 
*** SUMMARY ***
Total pot $2.50 | Rake $0.12 
Board [4d 8d 9c 5h]
Seat 1: LuckyShikari
Seat 2: Kristo 914 folded before Flop (didn't bet)
Seat 3: trueYes.3970 folded on the Turn
Seat 4: AlexEliseev7 (button) folded before Flop (didn't bet)
Seat 5: KeR888 (small blind) folded before Flop
Seat 6: Burlica2013 (big blind) collected ($2.38)



PokerStars Hand #254428389984:  Hold'em No Limit ($0.50/$1.00 USD) - 2025/01/18 8:36:21 WET [2025/01/18 3:36:21 ET]
Table 'Ilona III' 6-max Seat #5 is the button
Seat 1: LuckyShikari ($100 in chips) 
Seat 2: Kristo 914 ($100.81 in chips) 
Seat 3: trueYes.3970 ($44.64 in chips) 
Seat 4: AlexEliseev7 ($100.40 in chips) 
Seat 5: KeR888 ($100 in chips) 
Seat 6: Burlica2013 ($101.38 in chips) 
Burlica2013: posts small blind $0.50
LuckyShikari: posts big blind $1
*** HOLE CARDS ***
Kristo 914: folds 
trueYes.3970: folds 
AlexEliseev7: raises $1.50 to $2.50
KeR888: folds 
Burlica2013: folds 
LuckyShikari: folds 
Uncalled bet ($1.50) returned to AlexEliseev7
AlexEliseev7 collected $2.50 from pot
AlexEliseev7: doesn't show hand 
*** SUMMARY ***
Total pot $2.50 | Rake $0 
Seat 1: LuckyShikari (big blind) folded before Flop
Seat 2: Kristo 914 folded before Flop (didn't bet)
Seat 3: trueYes.3970 folded before Flop (didn't bet)
Seat 4: AlexEliseev7 collected ($2.50)
Seat 5: KeR888 (button) folded before Flop (didn't bet)
Seat 6: Burlica2013 (small blind) folded before Flop



PokerStars Hand #254428392672:  Hold'em No Limit ($0.50/$1.00 USD) - 2025/01/18 8:36:49 WET [2025/01/18 3:36:49 ET]
Table 'Ilona III' 6-max Seat #6 is the button
Seat 1: LuckyShikari ($100 in chips) 
Seat 2: Kristo 914 ($100.81 in chips) 
Seat 3: trueYes.3970 ($44.64 in chips) 
Seat 4: AlexEliseev7 ($101.90 in chips) 
Seat 5: KeR888 ($100 in chips) 
Seat 6: Burlica2013 ($100.88 in chips) 
LuckyShikari: posts small blind $0.50
Kristo 914: posts big blind $1
*** HOLE CARDS ***
trueYes.3970: folds 
AlexEliseev7: raises $1.50 to $2.50
KeR888: folds 
Burlica2013: raises $5.53 to $8.03
LuckyShikari: folds 
Kristo 914: folds 
AlexEliseev7: raises $93.87 to $101.90 and is all-in
Burlica2013: calls $92.85 and is all-in
Uncalled bet ($1.02) returned to AlexEliseev7
*** FIRST FLOP *** [Kd Jd 8h]
*** FIRST TURN *** [Kd Jd 8h] [Qh]
*** FIRST RIVER *** [Kd Jd 8h Qh] [Qc]
*** SECOND FLOP *** [2c 5c 6s]
*** SECOND TURN *** [2c 5c 6s] [7h]
*** SECOND RIVER *** [2c 5c 6s 7h] [Ts]
*** FIRST SHOW DOWN ***
AlexEliseev7: shows [Kh Ad] (two pair, Kings and Queens)
Burlica2013: shows [Ah Ac] (two pair, Aces and Queens)
Burlica2013 collected $100.38 from pot
*** SECOND SHOW DOWN ***
AlexEliseev7: shows [Kh Ad] (high card Ace)
Burlica2013: shows [Ah Ac] (a pair of Aces)
Burlica2013 collected $100.38 from pot
*** SUMMARY ***
Total pot $203.26 | Rake $2.50 
Hand was run twice
FIRST Board [Kd Jd 8h Qh Qc]
SECOND Board [2c 5c 6s 7h Ts]
Seat 1: LuckyShikari (small blind) folded before Flop
Seat 2: Kristo 914 (big blind) folded before Flop
Seat 3: trueYes.3970 folded before Flop (didn't bet)
Seat 4: AlexEliseev7 showed [Kh Ad] and lost with two pair, Kings and Queens, and lost with high card Ace
Seat 5: KeR888 folded before Flop (didn't bet)
Seat 6: Burlica2013 (button) showed [Ah Ac] and won ($100.38) with two pair, Aces and Queens, and won ($100.38) with a pair of Aces



PokerStars Hand #254428400165:  Hold'em No Limit ($0.50/$1.00 USD) - 2025/01/18 8:38:09 WET [2025/01/18 3:38:09 ET]
Table 'Ilona III' 6-max Seat #1 is the button
Seat 1: LuckyShikari ($100 in chips) 
Seat 2: Kristo 914 ($100 in chips) 
Seat 3: trueYes.3970 ($44.64 in chips) 
Seat 4: AlexEliseev7 ($100 in chips) 
Seat 5: KeR888 ($100 in chips) 
Seat 6: Burlica2013 ($200.76 in chips) 
Kristo 914: posts small blind $0.50
trueYes.3970: posts big blind $1
*** HOLE CARDS ***
AlexEliseev7: folds 
KeR888: folds 
Burlica2013: folds 
LuckyShikari: raises $1.50 to $2.50
Kristo 914: folds 
trueYes.3970: calls $1.50
*** FLOP *** [Qd Jh 8h]
trueYes.3970: checks 
LuckyShikari: bets $1.25
trueYes.3970: calls $1.25
*** TURN *** [Qd Jh 8h] [2h]
trueYes.3970: checks 
LuckyShikari: checks 
*** RIVER *** [Qd Jh 8h 2h] [Kc]
trueYes.3970: checks 
LuckyShikari: bets $4.41
trueYes.3970: folds 
Uncalled bet ($4.41) returned to LuckyShikari
LuckyShikari collected $7.60 from pot
LuckyShikari: doesn't show hand 
*** SUMMARY ***
Total pot $8 | Rake $0.40 
Board [Qd Jh 8h 2h Kc]
Seat 1: LuckyShikari (button) collected ($7.60)
Seat 2: Kristo 914 (small blind) folded before Flop
Seat 3: trueYes.3970 (big blind) folded on the River
Seat 4: AlexEliseev7 folded before Flop (didn't bet)
Seat 5: KeR888 folded before Flop (didn't bet)
Seat 6: Burlica2013 folded before Flop (didn't bet)



PokerStars Hand #254428404503:  Hold'em No Limit ($0.50/$1.00 USD) - 2025/01/18 8:38:54 WET [2025/01/18 3:38:54 ET]
Table 'Ilona III' 6-max Seat #2 is the button
Seat 1: LuckyShikari ($103.85 in chips) 
Seat 2: Kristo 914 ($100 in chips) 
Seat 3: trueYes.3970 ($40.89 in chips) 
Seat 4: AlexEliseev7 ($100 in chips) 
Seat 5: KeR888 ($100 in chips) 
Seat 6: Burlica2013 ($200.76 in chips) 
trueYes.3970: posts small blind $0.50
AlexEliseev7: posts big blind $1
*** HOLE CARDS ***
KeR888: folds 
Burlica2013: folds 
LuckyShikari: folds 
Kristo 914: raises $1.40 to $2.40
trueYes.3970: folds 
AlexEliseev7: folds 
Uncalled bet ($1.40) returned to Kristo 914
Kristo 914 collected $2.50 from pot
Kristo 914: doesn't show hand 
*** SUMMARY ***
Total pot $2.50 | Rake $0 
Seat 1: LuckyShikari folded before Flop (didn't bet)
Seat 2: Kristo 914 (button) collected ($2.50)
Seat 3: trueYes.3970 (small blind) folded before Flop
Seat 4: AlexEliseev7 (big blind) folded before Flop
Seat 5: KeR888 folded before Flop (didn't bet)
Seat 6: Burlica2013 folded before Flop (didn't bet)



PokerStars Hand #254428406564:  Hold'em No Limit ($0.50/$1.00 USD) - 2025/01/18 8:39:16 WET [2025/01/18 3:39:16 ET]
Table 'Ilona III' 6-max Seat #3 is the button
Seat 1: LuckyShikari ($103.85 in chips) 
Seat 2: Kristo 914 ($101.50 in chips) 
Seat 3: trueYes.3970 ($40.39 in chips) 
Seat 4: AlexEliseev7 ($100 in chips) 
Seat 5: KeR888 ($100 in chips) 
Seat 6: Burlica2013 ($200.76 in chips) 
AlexEliseev7: posts small blind $0.50
KeR888: posts big blind $1
*** HOLE CARDS ***
Burlica2013: folds 
LuckyShikari: folds 
Burlica2013 leaves the table
Kristo 914: folds 
trueYes.3970: folds 
AlexEliseev7: raises $2 to $3
KeR888: raises $6 to $9
LuckyShikari leaves the table
AlexEliseev7: folds 
Uncalled bet ($6) returned to KeR888
KeR888 collected $6 from pot
KeR888: doesn't show hand 
*** SUMMARY ***
Total pot $6 | Rake $0 
Seat 1: LuckyShikari folded before Flop (didn't bet)
Seat 2: Kristo 914 folded before Flop (didn't bet)
Seat 3: trueYes.3970 (button) folded before Flop (didn't bet)
Seat 4: AlexEliseev7 (small blind) folded before Flop
Seat 5: KeR888 (big blind) collected ($6)
Seat 6: Burlica2013 folded before Flop (didn't bet)



PokerStars Hand #254428409268:  Hold'em No Limit ($0.50/$1.00 USD) - 2025/01/18 8:39:44 WET [2025/01/18 3:39:44 ET]
Table 'Ilona III' 6-max Seat #4 is the button
Seat 2: Kristo 914 ($101.50 in chips) is sitting out
Seat 3: trueYes.3970 ($40.39 in chips) 
Seat 4: AlexEliseev7 ($100 in chips) 
Seat 5: KeR888 ($103 in chips) 
KeR888: posts small blind $0.50
Kristo 914: is sitting out 
trueYes.3970: posts big blind $1
*** HOLE CARDS ***
Kristo 914 leaves the table
AlexEliseev7: folds 
KeR888: raises $2 to $3
trueYes.3970: folds 
Uncalled bet ($2) returned to KeR888
KeR888 collected $2 from pot
KeR888: doesn't show hand 
*** SUMMARY ***
Total pot $2 | Rake $0 
Seat 2: Kristo 914
Seat 3: trueYes.3970 (big blind) folded before Flop
Seat 4: AlexEliseev7 (button) folded before Flop (didn't bet)
Seat 5: KeR888 (small blind) collected ($2)



PokerStars Hand #254428410767:  Hold'em No Limit ($0.50/$1.00 USD) - 2025/01/18 8:40:01 WET [2025/01/18 3:40:01 ET]
Table 'Ilona III' 6-max Seat #5 is the button
Seat 3: trueYes.3970 ($39.39 in chips) 
Seat 4: AlexEliseev7 ($100 in chips) 
Seat 5: KeR888 ($104 in chips) 
trueYes.3970: posts small blind $0.50
AlexEliseev7: posts big blind $1
*** HOLE CARDS ***
KeR888: folds 
trueYes.3970: calls $0.50
AlexEliseev7: raises $3 to $4
trueYes.3970: calls $3
*** FLOP *** [3s Kc 8s]
trueYes.3970: checks 
AlexEliseev7: bets $2.51
trueYes.3970: folds 
Uncalled bet ($2.51) returned to AlexEliseev7
AlexEliseev7 collected $7.60 from pot
AlexEliseev7: doesn't show hand 
*** SUMMARY ***
Total pot $8 | Rake $0.40 
Board [3s Kc 8s]
Seat 3: trueYes.3970 (small blind) folded on the Flop
Seat 4: AlexEliseev7 (big blind) collected ($7.60)
Seat 5: KeR888 (button) folded before Flop (didn't bet)



PokerStars Hand #254428413841:  Hold'em No Limit ($0.50/$1.00 USD) - 2025/01/18 8:40:33 WET [2025/01/18 3:40:33 ET]
Table 'Ilona III' 6-max Seat #3 is the button
Seat 3: trueYes.3970 ($35.39 in chips) 
Seat 4: AlexEliseev7 ($103.60 in chips) 
Seat 5: KeR888 ($104 in chips) 
AlexEliseev7: posts small blind $0.50
KeR888: posts big blind $1
*** HOLE CARDS ***
trueYes.3970: folds 
AlexEliseev7: raises $2 to $3
KeR888: calls $2
*** FLOP *** [2d 5d Js]
AlexEliseev7: checks 
KeR888: bets $1.71
AlexEliseev7: folds 
Uncalled bet ($1.71) returned to KeR888
KeR888 collected $5.70 from pot
KeR888: doesn't show hand 
*** SUMMARY ***
Total pot $6 | Rake $0.30 
Board [2d 5d Js]
Seat 3: trueYes.3970 (button) folded before Flop (didn't bet)
Seat 4: AlexEliseev7 (small blind) folded on the Flop
Seat 5: KeR888 (big blind) collected ($5.70)



PokerStars Hand #254428416328:  Hold'em No Limit ($0.50/$1.00 USD) - 2025/01/18 8:40:59 WET [2025/01/18 3:40:59 ET]
Table 'Ilona III' 6-max Seat #4 is the button
Seat 3: trueYes.3970 ($35.39 in chips) 
Seat 4: AlexEliseev7 ($100.60 in chips) 
Seat 5: KeR888 ($106.70 in chips) 
KeR888: posts small blind $0.50
trueYes.3970: posts big blind $1
*** HOLE CARDS ***
AlexEliseev7: folds 
KeR888: folds 
Uncalled bet ($0.50) returned to trueYes.3970
trueYes.3970 collected $1 from pot
*** SUMMARY ***
Total pot $1 | Rake $0 
Seat 3: trueYes.3970 (big blind) collected ($1)
Seat 4: AlexEliseev7 (button) folded before Flop (didn't bet)
Seat 5: KeR888 (small blind) folded before Flop



PokerStars Hand #254428417132:  Hold'em No Limit ($0.50/$1.00 USD) - 2025/01/18 8:41:08 WET [2025/01/18 3:41:08 ET]
Table 'Ilona III' 6-max Seat #5 is the button
Seat 3: trueYes.3970 ($35.89 in chips) 
Seat 4: AlexEliseev7 ($100.60 in chips) 
Seat 5: KeR888 ($106.20 in chips) 
trueYes.3970: posts small blind $0.50
AlexEliseev7: posts big blind $1
*** HOLE CARDS ***
KeR888: raises $1.50 to $2.50
trueYes.3970: calls $2
AlexEliseev7: folds 
*** FLOP *** [4d 9d 2d]
trueYes.3970: checks 
KeR888: bets $4.28
trueYes.3970: folds 
Uncalled bet ($4.28) returned to KeR888
KeR888 collected $5.70 from pot
KeR888: doesn't show hand 
*** SUMMARY ***
Total pot $6 | Rake $0.30 
Board [4d 9d 2d]
Seat 3: trueYes.3970 (small blind) folded on the Flop
Seat 4: AlexEliseev7 (big blind) folded before Flop
Seat 5: KeR888 (button) collected ($5.70)



PokerStars Hand #254428420157:  Hold'em No Limit ($0.50/$1.00 USD) - 2025/01/18 8:41:40 WET [2025/01/18 3:41:40 ET]
Table 'Ilona III' 6-max Seat #3 is the button
Seat 3: trueYes.3970 ($33.39 in chips) 
Seat 4: AlexEliseev7 ($100 in chips) 
Seat 5: KeR888 ($109.40 in chips) 
AlexEliseev7: posts small blind $0.50
KeR888: posts big blind $1
*** HOLE CARDS ***
trueYes.3970: raises $2 to $3
AlexEliseev7: folds 
KeR888: folds 
Uncalled bet ($2) returned to trueYes.3970
trueYes.3970 collected $2.50 from pot
*** SUMMARY ***
Total pot $2.50 | Rake $0 
Seat 3: trueYes.3970 (button) collected ($2.50)
Seat 4: AlexEliseev7 (small blind) folded before Flop
Seat 5: KeR888 (big blind) folded before Flop



PokerStars Hand #254428421609:  Hold'em No Limit ($0.50/$1.00 USD) - 2025/01/18 8:41:55 WET [2025/01/18 3:41:55 ET]
Table 'Ilona III' 6-max Seat #4 is the button
Seat 3: trueYes.3970 ($34.89 in chips) 
Seat 4: AlexEliseev7 ($100 in chips) 
Seat 5: KeR888 ($108.40 in chips) 
KeR888: posts small blind $0.50
trueYes.3970: posts big blind $1
*** HOLE CARDS ***
AlexEliseev7: raises $1.50 to $2.50
KeR888: folds 
trueYes.3970: calls $1.50
*** FLOP *** [Jh 4c 6h]
trueYes.3970: checks 
AlexEliseev7: checks 
*** TURN *** [Jh 4c 6h] [4d]
trueYes.3970: bets $6.55
AlexEliseev7: folds 
Uncalled bet ($6.55) returned to trueYes.3970
AlexEliseev7 leaves the table
trueYes.3970 collected $5.22 from pot
*** SUMMARY ***
Total pot $5.50 | Rake $0.28 
Board [Jh 4c 6h 4d]
Seat 3: trueYes.3970 (big blind) collected ($5.22)
Seat 4: AlexEliseev7 (button) folded on the Turn
Seat 5: KeR888 (small blind) folded before Flop



PokerStars Hand #254428496947:  Hold'em No Limit ($0.50/$1.00 USD) - 2025/01/18 8:55:18 WET [2025/01/18 3:55:18 ET]
Table 'Ilona III' 6-max Seat #5 is the button
Seat 6: Kristo 914 ($101.50 in chips) is sitting out
Seat 1: SeEevg ($100 in chips) 
Seat 5: EAroca ($100 in chips) 
EAroca: posts small blind $0.50
SeEevg: posts big blind $1
*** HOLE CARDS ***
EAroca: raises $1.30 to $2.30
SeEevg: folds 
Uncalled bet ($1.30) returned to EAroca
EAroca collected $2 from pot
EAroca: doesn't show hand 
*** SUMMARY ***
Total pot $2 | Rake $0 
Seat 6: Kristo 914
Seat 1: SeEevg (big blind) folded before Flop
Seat 5: EAroca (button) (small blind) collected ($2)



PokerStars Hand #254428498831:  Hold'em No Limit ($0.50/$1.00 USD) - 2025/01/18 8:55:41 WET [2025/01/18 3:55:41 ET]
Table 'Ilona III' 6-max Seat #1 is the button
Seat 6: Kristo 914 ($101.50 in chips) is sitting out
Seat 1: SeEevg ($100 in chips) 
Seat 5: EAroca ($101 in chips) 
SeEevg: posts small blind $0.50
EAroca: posts big blind $1
*** HOLE CARDS ***
SeEevg: raises $1.50 to $2.50
EAroca: calls $1.50
*** FLOP *** [Qs Qh 6h]
EAroca: checks 
SeEevg: bets $1.57
EAroca: calls $1.57
*** TURN *** [Qs Qh 6h] [7d]
EAroca: checks 
SeEevg: bets $11.60
EAroca: calls $11.60
*** RIVER *** [Qs Qh 6h 7d] [2d]
EAroca: checks 
SeEevg: bets $45.51
EAroca: folds 
Uncalled bet ($45.51) returned to SeEevg
SeEevg collected $30.34 from pot
SeEevg: doesn't show hand 
*** SUMMARY ***
Total pot $31.34 | Rake $1 
Board [Qs Qh 6h 7d 2d]
Seat 6: Kristo 914
Seat 1: SeEevg (button) (small blind) collected ($30.34)
Seat 5: EAroca (big blind) folded on the River



PokerStars Hand #254428524894:  Hold'em No Limit ($0.50/$1.00 USD) - 2025/01/18 9:00:54 WET [2025/01/18 4:00:54 ET]
Table 'Ilona III' 6-max Seat #5 is the button
Seat 2: JoeBlack_MS ($100 in chips) is sitting out
Seat 3: KeR888 ($107.90 in chips) is sitting out
Seat 4: Kristofer4344 ($66.40 in chips) is sitting out
Seat 1: SeEevg ($116.50 in chips) 
Seat 5: EAroca ($182.50 in chips) 
Seat 6: Kristo 914 ($100.50 in chips) 
Kristo 914: posts small blind $0.50
SeEevg: posts big blind $1
JoeBlack_MS: sits out 
KeR888: sits out 
Kristofer4344: sits out 
*** HOLE CARDS ***
EAroca: raises $1.50 to $2.50
Kristo 914: folds 
SeEevg: folds 
Uncalled bet ($1.50) returned to EAroca
EAroca collected $2.50 from pot
EAroca: doesn't show hand 
*** SUMMARY ***
Total pot $2.50 | Rake $0 
Seat 2: JoeBlack_MS
Seat 3: KeR888
Seat 4: Kristofer4344
Seat 1: SeEevg (big blind) folded before Flop
Seat 5: EAroca (button) collected ($2.50)
Seat 6: Kristo 914 (small blind) folded before Flop



PokerStars Hand #254428526942:  Hold'em No Limit ($0.50/$1.00 USD) - 2025/01/18 9:01:16 WET [2025/01/18 4:01:16 ET]
Table 'Ilona III' 6-max Seat #6 is the button
Seat 3: KeR888 ($107.90 in chips) is sitting out
Seat 4: Kristofer4344 ($66.40 in chips) is sitting out
Seat 1: SeEevg ($115.50 in chips) 
Seat 2: JoeBlack_MS ($100 in chips) 
Seat 5: EAroca ($184 in chips) 
Seat 6: Kristo 914 ($100 in chips) 
SeEevg: posts small blind $0.50
JoeBlack_MS: posts big blind $1
KeR888: sits out 
Kristofer4344: sits out 
*** HOLE CARDS ***
EAroca: raises $1.30 to $2.30
Kristo 914: folds 
SeEevg: folds 
JoeBlack_MS: calls $1.30
*** FLOP *** [Jd 9c 7h]
JoeBlack_MS: checks 
EAroca: checks 
*** TURN *** [Jd 9c 7h] [Kc]
JoeBlack_MS: bets $3.63
EAroca: folds 
Uncalled bet ($3.63) returned to JoeBlack_MS
JoeBlack_MS collected $4.84 from pot
JoeBlack_MS: doesn't show hand 
*** SUMMARY ***
Total pot $5.10 | Rake $0.26 
Board [Jd 9c 7h Kc]
Seat 3: KeR888
Seat 4: Kristofer4344
Seat 1: SeEevg (small blind) folded before Flop
Seat 2: JoeBlack_MS (big blind) collected ($4.84)
Seat 5: EAroca folded on the Turn
Seat 6: Kristo 914 (button) folded before Flop (didn't bet)



PokerStars Hand #254428533148:  Hold'em No Limit ($0.50/$1.00 USD) - 2025/01/18 9:02:23 WET [2025/01/18 4:02:23 ET]
Table 'Ilona III' 6-max Seat #1 is the button
Seat 4: Kristofer4344 ($66.40 in chips) is sitting out
Seat 1: SeEevg ($115 in chips) 
Seat 2: JoeBlack_MS ($102.54 in chips) 
Seat 3: KeR888 ($107.90 in chips) 
Seat 5: EAroca ($181.70 in chips) 
Seat 6: Kristo 914 ($100 in chips) 
JoeBlack_MS: posts small blind $0.50
KeR888: posts big blind $1
Kristofer4344: sits out 
*** HOLE CARDS ***
EAroca: folds 
Kristo 914: folds 
SeEevg: raises $1.50 to $2.50
JoeBlack_MS: raises $8.50 to $11
KeR888: folds 
SeEevg: folds 
Uncalled bet ($8.50) returned to JoeBlack_MS
JoeBlack_MS collected $6 from pot
JoeBlack_MS: doesn't show hand 
*** SUMMARY ***
Total pot $6 | Rake $0 
Seat 4: Kristofer4344
Seat 1: SeEevg (button) folded before Flop
Seat 2: JoeBlack_MS (small blind) collected ($6)
Seat 3: KeR888 (big blind) folded before Flop
Seat 5: EAroca folded before Flop (didn't bet)
Seat 6: Kristo 914 folded before Flop (didn't bet)



PokerStars Hand #254428535405:  Hold'em No Limit ($0.50/$1.00 USD) - 2025/01/18 9:02:48 WET [2025/01/18 4:02:48 ET]
Table 'Ilona III' 6-max Seat #2 is the button
Seat 1: SeEevg ($112.50 in chips) 
Seat 2: JoeBlack_MS ($106.04 in chips) 
Seat 3: KeR888 ($106.90 in chips) 
Seat 4: Kristofer4344 ($66.40 in chips) 
Seat 5: EAroca ($181.70 in chips) 
Seat 6: Kristo 914 ($100 in chips) 
KeR888: posts small blind $0.50
Kristofer4344: posts big blind $1
*** HOLE CARDS ***
EAroca: folds 
Kristo 914: folds 
SeEevg: folds 
JoeBlack_MS: folds 
KeR888: folds 
Uncalled bet ($0.50) returned to Kristofer4344
Kristofer4344 collected $1 from pot
Kristofer4344: doesn't show hand 
*** SUMMARY ***
Total pot $1 | Rake $0 
Seat 1: SeEevg folded before Flop (didn't bet)
Seat 2: JoeBlack_MS (button) folded before Flop (didn't bet)
Seat 3: KeR888 (small blind) folded before Flop
Seat 4: Kristofer4344 (big blind) collected ($1)
Seat 5: EAroca folded before Flop (didn't bet)
Seat 6: Kristo 914 folded before Flop (didn't bet)



PokerStars Hand #254428536521:  Hold'em No Limit ($0.50/$1.00 USD) - 2025/01/18 9:03:00 WET [2025/01/18 4:03:00 ET]
Table 'Ilona III' 6-max Seat #3 is the button
Seat 1: SeEevg ($112.50 in chips) 
Seat 2: JoeBlack_MS ($106.04 in chips) 
Seat 3: KeR888 ($106.40 in chips) 
Seat 4: Kristofer4344 ($66.90 in chips) 
Seat 5: EAroca ($181.70 in chips) 
Seat 6: Kristo 914 ($100 in chips) 
Kristofer4344: posts small blind $0.50
EAroca: posts big blind $1
*** HOLE CARDS ***
Kristo 914: folds 
SeEevg: folds 
JoeBlack_MS: raises $1.30 to $2.30
KeR888: folds 
Kristofer4344: folds 
EAroca: calls $1.30
*** FLOP *** [4c Kc 6c]
EAroca: checks 
JoeBlack_MS: bets $1.16
EAroca: calls $1.16
*** TURN *** [4c Kc 6c] [3d]
EAroca: checks 
JoeBlack_MS: checks 
*** RIVER *** [4c Kc 6c 3d] [2d]
EAroca: bets $4.65
JoeBlack_MS: calls $4.65
*** SHOW DOWN ***
EAroca: shows [7c 9c] (a flush, King high)
JoeBlack_MS: mucks hand 
EAroca collected $15.88 from pot
*** SUMMARY ***
Total pot $16.72 | Rake $0.84 
Board [4c Kc 6c 3d 2d]
Seat 1: SeEevg folded before Flop (didn't bet)
Seat 2: JoeBlack_MS mucked
Seat 3: KeR888 (button) folded before Flop (didn't bet)
Seat 4: Kristofer4344 (small blind) folded before Flop
Seat 5: EAroca (big blind) showed [7c 9c] and won ($15.88) with a flush, King high
Seat 6: Kristo 914 folded before Flop (didn't bet)



PokerStars Hand #254428545288:  Hold'em No Limit ($0.50/$1.00 USD) - 2025/01/18 9:04:33 WET [2025/01/18 4:04:33 ET]
Table 'Ilona III' 6-max Seat #4 is the button
Seat 1: SeEevg ($112.50 in chips) 
Seat 2: JoeBlack_MS ($100 in chips) 
Seat 3: KeR888 ($106.40 in chips) 
Seat 4: Kristofer4344 ($66.40 in chips) 
Seat 5: EAroca ($189.47 in chips) 
Seat 6: Kristo 914 ($100 in chips) 
EAroca: posts small blind $0.50
Kristo 914: posts big blind $1
*** HOLE CARDS ***
SeEevg: raises $1.50 to $2.50
JoeBlack_MS: folds 
KeR888: folds 
Kristofer4344: folds 
EAroca: folds 
Kristo 914: folds 
Uncalled bet ($1.50) returned to SeEevg
SeEevg collected $2.50 from pot
SeEevg: doesn't show hand 
*** SUMMARY ***
Total pot $2.50 | Rake $0 
Seat 1: SeEevg collected ($2.50)
Seat 2: JoeBlack_MS folded before Flop (didn't bet)
Seat 3: KeR888 folded before Flop (didn't bet)
Seat 4: Kristofer4344 (button) folded before Flop (didn't bet)
Seat 5: EAroca (small blind) folded before Flop
Seat 6: Kristo 914 (big blind) folded before Flop



PokerStars Hand #254428548725:  Hold'em No Limit ($0.50/$1.00 USD) - 2025/01/18 9:05:08 WET [2025/01/18 4:05:08 ET]
Table 'Ilona III' 6-max Seat #5 is the button
Seat 1: SeEevg ($114 in chips) 
Seat 2: JoeBlack_MS ($100 in chips) 
Seat 3: KeR888 ($106.40 in chips) 
Seat 4: Kristofer4344 ($66.40 in chips) 
Seat 5: EAroca ($188.97 in chips) 
Seat 6: Kristo 914 ($100 in chips) 
Kristo 914: posts small blind $0.50
SeEevg: posts big blind $1
*** HOLE CARDS ***
JoeBlack_MS: folds 
KeR888: folds 
Kristofer4344: folds 
EAroca: folds 
Kristo 914: raises $2 to $3
SeEevg: folds 
Uncalled bet ($2) returned to Kristo 914
Kristo 914 collected $2 from pot
Kristo 914: doesn't show hand 
*** SUMMARY ***
Total pot $2 | Rake $0 
Seat 1: SeEevg (big blind) folded before Flop
Seat 2: JoeBlack_MS folded before Flop (didn't bet)
Seat 3: KeR888 folded before Flop (didn't bet)
Seat 4: Kristofer4344 folded before Flop (didn't bet)
Seat 5: EAroca (button) folded before Flop (didn't bet)
Seat 6: Kristo 914 (small blind) collected ($2)



PokerStars Hand #254428550203:  Hold'em No Limit ($0.50/$1.00 USD) - 2025/01/18 9:05:23 WET [2025/01/18 4:05:23 ET]
Table 'Ilona III' 6-max Seat #6 is the button
Seat 1: SeEevg ($113 in chips) 
Seat 2: JoeBlack_MS ($100 in chips) 
Seat 3: KeR888 ($106.40 in chips) 
Seat 4: Kristofer4344 ($66.40 in chips) 
Seat 5: EAroca ($188.97 in chips) 
Seat 6: Kristo 914 ($101 in chips) 
SeEevg: posts small blind $0.50
JoeBlack_MS: posts big blind $1
*** HOLE CARDS ***
KeR888: raises $1.50 to $2.50
Kristofer4344: folds 
EAroca: folds 
Kristo 914: folds 
SeEevg: folds 
JoeBlack_MS: folds 
Uncalled bet ($1.50) returned to KeR888
KeR888 collected $2.50 from pot
KeR888: doesn't show hand 
*** SUMMARY ***
Total pot $2.50 | Rake $0 
Seat 1: SeEevg (small blind) folded before Flop
Seat 2: JoeBlack_MS (big blind) folded before Flop
Seat 3: KeR888 collected ($2.50)
Seat 4: Kristofer4344 folded before Flop (didn't bet)
Seat 5: EAroca folded before Flop (didn't bet)
Seat 6: Kristo 914 (button) folded before Flop (didn't bet)



PokerStars Hand #254428551986:  Hold'em No Limit ($0.50/$1.00 USD) - 2025/01/18 9:05:41 WET [2025/01/18 4:05:41 ET]
Table 'Ilona III' 6-max Seat #1 is the button
Seat 1: SeEevg ($112.50 in chips) 
Seat 2: JoeBlack_MS ($100 in chips) 
Seat 3: KeR888 ($107.90 in chips) 
Seat 4: Kristofer4344 ($66.40 in chips) 
Seat 5: EAroca ($188.97 in chips) 
Seat 6: Kristo 914 ($101 in chips) 
JoeBlack_MS: posts small blind $0.50
KeR888: posts big blind $1
*** HOLE CARDS ***
Kristofer4344: folds 
EAroca: raises $1.10 to $2.10
Kristo 914: folds 
SeEevg: folds 
JoeBlack_MS: folds 
KeR888: folds 
Uncalled bet ($1.10) returned to EAroca
EAroca collected $2.50 from pot
EAroca: doesn't show hand 
*** SUMMARY ***
Total pot $2.50 | Rake $0 
Seat 1: SeEevg (button) folded before Flop (didn't bet)
Seat 2: JoeBlack_MS (small blind) folded before Flop
Seat 3: KeR888 (big blind) folded before Flop
Seat 4: Kristofer4344 folded before Flop (didn't bet)
Seat 5: EAroca collected ($2.50)
Seat 6: Kristo 914 folded before Flop (didn't bet)



PokerStars Hand #254428553944:  Hold'em No Limit ($0.50/$1.00 USD) - 2025/01/18 9:06:01 WET [2025/01/18 4:06:01 ET]
Table 'Ilona III' 6-max Seat #2 is the button
Seat 1: SeEevg ($112.50 in chips) 
Seat 2: JoeBlack_MS ($100 in chips) 
Seat 3: KeR888 ($106.90 in chips) 
Seat 4: Kristofer4344 ($66.40 in chips) 
Seat 5: EAroca ($190.47 in chips) 
Seat 6: Kristo 914 ($101 in chips) 
KeR888: posts small blind $0.50
Kristofer4344: posts big blind $1
*** HOLE CARDS ***
EAroca: folds 
Kristo 914: folds 
SeEevg: raises $1.50 to $2.50
JoeBlack_MS: folds 
KeR888: folds 
Kristofer4344: raises $1.50 to $4
SeEevg: calls $1.50
*** FLOP *** [Js 3c 8s]
Kristofer4344: checks 
SeEevg: bets $5.33
Kristofer4344: calls $5.33
*** TURN *** [Js 3c 8s] [Kd]
Kristofer4344: bets $8
SeEevg: calls $8
*** RIVER *** [Js 3c 8s Kd] [9h]
Kristofer4344: checks 
SeEevg: checks 
*** SHOW DOWN ***
Kristofer4344: shows [Jc Qh] (a pair of Jacks)
SeEevg: shows [Jd Ad] (a pair of Jacks - Ace kicker)
SeEevg collected $33.40 from pot
*** SUMMARY ***
Total pot $35.16 | Rake $1.76 
Board [Js 3c 8s Kd 9h]
Seat 1: SeEevg showed [Jd Ad] and won ($33.40) with a pair of Jacks
Seat 2: JoeBlack_MS (button) folded before Flop (didn't bet)
Seat 3: KeR888 (small blind) folded before Flop
Seat 4: Kristofer4344 (big blind) showed [Jc Qh] and lost with a pair of Jacks
Seat 5: EAroca folded before Flop (didn't bet)
Seat 6: Kristo 914 folded before Flop (didn't bet)



PokerStars Hand #254428560430:  Hold'em No Limit ($0.50/$1.00 USD) - 2025/01/18 9:07:08 WET [2025/01/18 4:07:08 ET]
Table 'Ilona III' 6-max Seat #3 is the button
Seat 1: SeEevg ($128.57 in chips) 
Seat 2: JoeBlack_MS ($100 in chips) 
Seat 3: KeR888 ($106.40 in chips) 
Seat 4: Kristofer4344 ($49.07 in chips) 
Seat 5: EAroca ($190.47 in chips) 
Seat 6: Kristo 914 ($101 in chips) 
Kristofer4344: posts small blind $0.50
EAroca: posts big blind $1
*** HOLE CARDS ***
Kristo 914: folds 
SeEevg: folds 
JoeBlack_MS: raises $1.30 to $2.30
KeR888: folds 
Kristofer4344: folds 
EAroca: folds 
Uncalled bet ($1.30) returned to JoeBlack_MS
JoeBlack_MS collected $2.50 from pot
JoeBlack_MS: doesn't show hand 
*** SUMMARY ***
Total pot $2.50 | Rake $0 
Seat 1: SeEevg folded before Flop (didn't bet)
Seat 2: JoeBlack_MS collected ($2.50)
Seat 3: KeR888 (button) folded before Flop (didn't bet)
Seat 4: Kristofer4344 (small blind) folded before Flop
Seat 5: EAroca (big blind) folded before Flop
Seat 6: Kristo 914 folded before Flop (didn't bet)



PokerStars Hand #254428563205:  Hold'em No Limit ($0.50/$1.00 USD) - 2025/01/18 9:07:36 WET [2025/01/18 4:07:36 ET]
Table 'Ilona III' 6-max Seat #4 is the button
Seat 1: SeEevg ($128.57 in chips) 
Seat 2: JoeBlack_MS ($101.50 in chips) 
Seat 3: KeR888 ($106.40 in chips) 
Seat 4: Kristofer4344 ($48.57 in chips) 
Seat 5: EAroca ($189.47 in chips) 
Seat 6: Kristo 914 ($101 in chips) 
EAroca: posts small blind $0.50
Kristo 914: posts big blind $1
*** HOLE CARDS ***
SeEevg: folds 
JoeBlack_MS: raises $1 to $2
KeR888: folds 
Kristofer4344: folds 
EAroca: folds 
Kristo 914: calls $1
*** FLOP *** [Qd 7d 4c]
Kristo 914: checks 
JoeBlack_MS: checks 
*** TURN *** [Qd 7d 4c] [3h]
Kristo 914: checks 
JoeBlack_MS: bets $3.21
Kristo 914: calls $3.21
*** RIVER *** [Qd 7d 4c 3h] [7h]
Kristo 914: checks 
JoeBlack_MS: bets $25.93
Kristo 914: folds 
Uncalled bet ($25.93) returned to JoeBlack_MS
JoeBlack_MS collected $10.37 from pot
JoeBlack_MS: doesn't show hand 
*** SUMMARY ***
Total pot $10.92 | Rake $0.55 
Board [Qd 7d 4c 3h 7h]
Seat 1: SeEevg folded before Flop (didn't bet)
Seat 2: JoeBlack_MS collected ($10.37)
Seat 3: KeR888 folded before Flop (didn't bet)
Seat 4: Kristofer4344 (button) folded before Flop (didn't bet)
Seat 5: EAroca (small blind) folded before Flop
Seat 6: Kristo 914 (big blind) folded on the River



PokerStars Hand #254428570892:  Hold'em No Limit ($0.50/$1.00 USD) - 2025/01/18 9:08:56 WET [2025/01/18 4:08:56 ET]
Table 'Ilona III' 6-max Seat #5 is the button
Seat 1: SeEevg ($128.57 in chips) 
Seat 2: JoeBlack_MS ($106.66 in chips) 
Seat 3: KeR888 ($106.40 in chips) 
Seat 4: Kristofer4344 ($48.57 in chips) 
Seat 5: EAroca ($188.97 in chips) 
Seat 6: Kristo 914 ($100 in chips) 
Kristo 914: posts small blind $0.50
SeEevg: posts big blind $1
*** HOLE CARDS ***
JoeBlack_MS: folds 
KeR888: folds 
Kristofer4344: folds 
EAroca: raises $1.50 to $2.50
Kristo 914: folds 
SeEevg: calls $1.50
*** FLOP *** [Jh 8d Kd]
SeEevg: checks 
EAroca: bets $5.72
SeEevg: folds 
Uncalled bet ($5.72) returned to EAroca
EAroca collected $5.22 from pot
EAroca: doesn't show hand 
*** SUMMARY ***
Total pot $5.50 | Rake $0.28 
Board [Jh 8d Kd]
Seat 1: SeEevg (big blind) folded on the Flop
Seat 2: JoeBlack_MS folded before Flop (didn't bet)
Seat 3: KeR888 folded before Flop (didn't bet)
Seat 4: Kristofer4344 folded before Flop (didn't bet)
Seat 5: EAroca (button) collected ($5.22)
Seat 6: Kristo 914 (small blind) folded before Flop



PokerStars Hand #254428574894:  Hold'em No Limit ($0.50/$1.00 USD) - 2025/01/18 9:09:37 WET [2025/01/18 4:09:37 ET]
Table 'Ilona III' 6-max Seat #6 is the button
Seat 1: SeEevg ($126.07 in chips) 
Seat 2: JoeBlack_MS ($106.66 in chips) 
Seat 3: KeR888 ($106.40 in chips) 
Seat 4: Kristofer4344 ($48.57 in chips) 
Seat 5: EAroca ($191.69 in chips) 
Seat 6: Kristo 914 ($100 in chips) 
SeEevg: posts small blind $0.50
JoeBlack_MS: posts big blind $1
*** HOLE CARDS ***
KeR888: folds 
Kristofer4344: folds 
EAroca: raises $1.30 to $2.30
Kristo 914: folds 
SeEevg: raises $7.70 to $10
JoeBlack_MS: folds 
EAroca: folds 
Uncalled bet ($7.70) returned to SeEevg
SeEevg collected $5.60 from pot
SeEevg: doesn't show hand 
*** SUMMARY ***
Total pot $5.60 | Rake $0 
Seat 1: SeEevg (small blind) collected ($5.60)
Seat 2: JoeBlack_MS (big blind) folded before Flop
Seat 3: KeR888 folded before Flop (didn't bet)
Seat 4: Kristofer4344 folded before Flop (didn't bet)
Seat 5: EAroca folded before Flop
Seat 6: Kristo 914 (button) folded before Flop (didn't bet)



PokerStars Hand #254428578675:  Hold'em No Limit ($0.50/$1.00 USD) - 2025/01/18 9:10:17 WET [2025/01/18 4:10:17 ET]
Table 'Ilona III' 6-max Seat #1 is the button
Seat 3: KeR888 ($106.40 in chips) is sitting out
Seat 1: SeEevg ($129.37 in chips) 
Seat 2: JoeBlack_MS ($105.66 in chips) 
Seat 4: Kristofer4344 ($48.57 in chips) 
Seat 5: EAroca ($189.39 in chips) 
Seat 6: Kristo 914 ($100 in chips) 
JoeBlack_MS: posts small blind $0.50
KeR888: is sitting out 
Kristofer4344: posts big blind $1
*** HOLE CARDS ***
EAroca: folds 
Kristo 914: folds 
SeEevg: folds 
JoeBlack_MS: folds 
Uncalled bet ($0.50) returned to Kristofer4344
Kristofer4344 collected $1 from pot
Kristofer4344: doesn't show hand 
*** SUMMARY ***
Total pot $1 | Rake $0 
Seat 3: KeR888
Seat 1: SeEevg (button) folded before Flop (didn't bet)
Seat 2: JoeBlack_MS (small blind) folded before Flop
Seat 4: Kristofer4344 (big blind) collected ($1)
Seat 5: EAroca folded before Flop (didn't bet)
Seat 6: Kristo 914 folded before Flop (didn't bet)



PokerStars Hand #254428579995:  Hold'em No Limit ($0.50/$1.00 USD) - 2025/01/18 9:10:30 WET [2025/01/18 4:10:30 ET]
Table 'Ilona III' 6-max Seat #2 is the button
Seat 3: KeR888 ($106.40 in chips) is sitting out
Seat 1: SeEevg ($129.37 in chips) 
Seat 2: JoeBlack_MS ($105.16 in chips) 
Seat 4: Kristofer4344 ($49.07 in chips) 
Seat 5: EAroca ($189.39 in chips) 
Seat 6: Kristo 914 ($100 in chips) 
Kristofer4344: posts small blind $0.50
EAroca: posts big blind $1
*** HOLE CARDS ***
Kristo 914: folds 
SeEevg: folds 
KeR888 leaves the table
JoeBlack_MS: raises $1.50 to $2.50
Kristofer4344: raises $2.50 to $5
EAroca: folds 
JoeBlack_MS: calls $2.50
*** FLOP *** [Qc Js Ah]
Kristofer4344: checks 
JoeBlack_MS: bets $4
Kristofer4344: calls $4
*** TURN *** [Qc Js Ah] [6s]
sutata joins the table at seat #3 
Kristofer4344: checks 
JoeBlack_MS: checks 
*** RIVER *** [Qc Js Ah 6s] [9c]
Kristofer4344: bets $4
JoeBlack_MS: folds 
Uncalled bet ($4) returned to Kristofer4344
Kristofer4344 collected $18.05 from pot
Kristofer4344: doesn't show hand 
*** SUMMARY ***
Total pot $19 | Rake $0.95 
Board [Qc Js Ah 6s 9c]
Seat 3: KeR888
Seat 1: SeEevg folded before Flop (didn't bet)
Seat 2: JoeBlack_MS (button) folded on the River
Seat 4: Kristofer4344 (small blind) collected ($18.05)
Seat 5: EAroca (big blind) folded before Flop
Seat 6: Kristo 914 folded before Flop (didn't bet)



PokerStars Hand #254428583373:  Hold'em No Limit ($0.50/$1.00 USD) - 2025/01/18 9:11:05 WET [2025/01/18 4:11:05 ET]
Table 'Ilona III' 6-max Seat #4 is the button
Seat 3: sutata ($100 in chips) is sitting out
Seat 1: SeEevg ($129.37 in chips) 
Seat 2: JoeBlack_MS ($100 in chips) 
Seat 4: Kristofer4344 ($58.12 in chips) 
Seat 5: EAroca ($188.39 in chips) 
Seat 6: Kristo 914 ($100 in chips) 
EAroca: posts small blind $0.50
Kristo 914: posts big blind $1
sutata: sits out 
*** HOLE CARDS ***
SeEevg: folds 
JoeBlack_MS: raises $1.30 to $2.30
Kristofer4344: calls $2.30
EAroca: folds 
Kristo 914: calls $1.30
*** FLOP *** [Ah Qs 7c]
Kristo 914: checks 
JoeBlack_MS: bets $2.50
Kristofer4344: folds 
Kristo 914: folds 
Uncalled bet ($2.50) returned to JoeBlack_MS
JoeBlack_MS collected $7.03 from pot
JoeBlack_MS: doesn't show hand 
*** SUMMARY ***
Total pot $7.40 | Rake $0.37 
Board [Ah Qs 7c]
Seat 3: sutata
Seat 1: SeEevg folded before Flop (didn't bet)
Seat 2: JoeBlack_MS collected ($7.03)
Seat 4: Kristofer4344 (button) folded on the Flop
Seat 5: EAroca (small blind) folded before Flop
Seat 6: Kristo 914 (big blind) folded on the Flop



PokerStars Hand #254428588094:  Hold'em No Limit ($0.50/$1.00 USD) - 2025/01/18 9:11:54 WET [2025/01/18 4:11:54 ET]
Table 'Ilona III' 6-max Seat #5 is the button
Seat 3: sutata ($100 in chips) is sitting out
Seat 1: SeEevg ($129.37 in chips) 
Seat 2: JoeBlack_MS ($104.73 in chips) 
Seat 4: Kristofer4344 ($55.82 in chips) 
Seat 5: EAroca ($187.89 in chips) 
Seat 6: Kristo 914 ($100 in chips) 
Kristo 914: posts small blind $0.50
SeEevg: posts big blind $1
sutata: sits out 
*** HOLE CARDS ***
JoeBlack_MS: raises $1 to $2
Kristofer4344: folds 
EAroca: folds 
Kristo 914: folds 
SeEevg: folds 
Uncalled bet ($1) returned to JoeBlack_MS
JoeBlack_MS collected $2.50 from pot
JoeBlack_MS: doesn't show hand 
*** SUMMARY ***
Total pot $2.50 | Rake $0 
Seat 3: sutata
Seat 1: SeEevg (big blind) folded before Flop
Seat 2: JoeBlack_MS collected ($2.50)
Seat 4: Kristofer4344 folded before Flop (didn't bet)
Seat 5: EAroca (button) folded before Flop (didn't bet)
Seat 6: Kristo 914 (small blind) folded before Flop



PokerStars Hand #254428589998:  Hold'em No Limit ($0.50/$1.00 USD) - 2025/01/18 9:12:13 WET [2025/01/18 4:12:13 ET]
Table 'Ilona III' 6-max Seat #6 is the button
Seat 3: sutata ($100 in chips) is sitting out
Seat 1: SeEevg ($128.37 in chips) 
Seat 2: JoeBlack_MS ($106.23 in chips) 
Seat 4: Kristofer4344 ($55.82 in chips) 
Seat 5: EAroca ($187.89 in chips) 
Seat 6: Kristo 914 ($100 in chips) 
SeEevg: posts small blind $0.50
JoeBlack_MS: posts big blind $1
sutata: sits out 
*** HOLE CARDS ***
Kristofer4344: folds 
EAroca: folds 
Kristo 914: folds 
SeEevg: folds 
Uncalled bet ($0.50) returned to JoeBlack_MS
JoeBlack_MS collected $1 from pot
JoeBlack_MS: doesn't show hand 
*** SUMMARY ***
Total pot $1 | Rake $0 
Seat 3: sutata
Seat 1: SeEevg (small blind) folded before Flop
Seat 2: JoeBlack_MS (big blind) collected ($1)
Seat 4: Kristofer4344 folded before Flop (didn't bet)
Seat 5: EAroca folded before Flop (didn't bet)
Seat 6: Kristo 914 (button) folded before Flop (didn't bet)



PokerStars Hand #254428591179:  Hold'em No Limit ($0.50/$1.00 USD) - 2025/01/18 9:12:25 WET [2025/01/18 4:12:25 ET]
Table 'Ilona III' 6-max Seat #1 is the button
Seat 1: SeEevg ($127.87 in chips) 
Seat 2: JoeBlack_MS ($106.73 in chips) 
Seat 3: sutata ($100 in chips) 
Seat 4: Kristofer4344 ($55.82 in chips) 
Seat 5: EAroca ($187.89 in chips) 
Seat 6: Kristo 914 ($100 in chips) 
JoeBlack_MS: posts small blind $0.50
sutata: posts big blind $1
*** HOLE CARDS ***
Kristofer4344: folds 
EAroca: folds 
Kristo 914: folds 
SeEevg: folds 
JoeBlack_MS: folds 
Uncalled bet ($0.50) returned to sutata
sutata collected $1 from pot
sutata: doesn't show hand 
*** SUMMARY ***
Total pot $1 | Rake $0 
Seat 1: SeEevg (button) folded before Flop (didn't bet)
Seat 2: JoeBlack_MS (small blind) folded before Flop
Seat 3: sutata (big blind) collected ($1)
Seat 4: Kristofer4344 folded before Flop (didn't bet)
Seat 5: EAroca folded before Flop (didn't bet)
Seat 6: Kristo 914 folded before Flop (didn't bet)



PokerStars Hand #254428592424:  Hold'em No Limit ($0.50/$1.00 USD) - 2025/01/18 9:12:38 WET [2025/01/18 4:12:38 ET]
Table 'Ilona III' 6-max Seat #2 is the button
Seat 1: SeEevg ($127.87 in chips) 
Seat 2: JoeBlack_MS ($106.23 in chips) 
Seat 3: sutata ($100.50 in chips) 
Seat 4: Kristofer4344 ($55.82 in chips) 
Seat 5: EAroca ($187.89 in chips) 
Seat 6: Kristo 914 ($100 in chips) 
sutata: posts small blind $0.50
Kristofer4344: posts big blind $1
*** HOLE CARDS ***
EAroca: raises $1 to $2
Kristo 914: folds 
SeEevg: folds 
JoeBlack_MS: raises $5 to $7
sutata: folds 
Kristofer4344: folds 
EAroca: calls $5
*** FLOP *** [6c 7d 2d]
EAroca: checks 
JoeBlack_MS: checks 
*** TURN *** [6c 7d 2d] [Ah]
EAroca: checks 
JoeBlack_MS: checks 
*** RIVER *** [6c 7d 2d Ah] [Ad]
EAroca: checks 
JoeBlack_MS: checks 
*** SHOW DOWN ***
EAroca: shows [5h 6h] (two pair, Aces and Sixes)
JoeBlack_MS: mucks hand 
EAroca collected $14.72 from pot
*** SUMMARY ***
Total pot $15.50 | Rake $0.78 
Board [6c 7d 2d Ah Ad]
Seat 1: SeEevg folded before Flop (didn't bet)
Seat 2: JoeBlack_MS (button) mucked
Seat 3: sutata (small blind) folded before Flop
Seat 4: Kristofer4344 (big blind) folded before Flop
Seat 5: EAroca showed [5h 6h] and won ($14.72) with two pair, Aces and Sixes
Seat 6: Kristo 914 folded before Flop (didn't bet)



PokerStars Hand #254428599710:  Hold'em No Limit ($0.50/$1.00 USD) - 2025/01/18 9:13:51 WET [2025/01/18 4:13:51 ET]
Table 'Ilona III' 6-max Seat #3 is the button
Seat 1: SeEevg ($127.87 in chips) 
Seat 2: JoeBlack_MS ($100 in chips) 
Seat 3: sutata ($100 in chips) 
Seat 4: Kristofer4344 ($54.82 in chips) 
Seat 5: EAroca ($195.61 in chips) 
Seat 6: Kristo 914 ($100 in chips) 
Kristofer4344: posts small blind $0.50
EAroca: posts big blind $1
*** HOLE CARDS ***
Kristo 914: folds 
SeEevg: raises $1.50 to $2.50
JoeBlack_MS: folds 
sutata: folds 
Kristofer4344: folds 
EAroca: folds 
Uncalled bet ($1.50) returned to SeEevg
SeEevg collected $2.50 from pot
SeEevg: doesn't show hand 
*** SUMMARY ***
Total pot $2.50 | Rake $0 
Seat 1: SeEevg collected ($2.50)
Seat 2: JoeBlack_MS folded before Flop (didn't bet)
Seat 3: sutata (button) folded before Flop (didn't bet)
Seat 4: Kristofer4344 (small blind) folded before Flop
Seat 5: EAroca (big blind) folded before Flop
Seat 6: Kristo 914 folded before Flop (didn't bet)



PokerStars Hand #254428601779:  Hold'em No Limit ($0.50/$1.00 USD) - 2025/01/18 9:14:12 WET [2025/01/18 4:14:12 ET]
Table 'Ilona III' 6-max Seat #4 is the button
Seat 1: SeEevg ($129.37 in chips) 
Seat 2: JoeBlack_MS ($100 in chips) 
Seat 3: sutata ($100 in chips) 
Seat 4: Kristofer4344 ($54.32 in chips) 
Seat 5: EAroca ($194.61 in chips) 
Seat 6: Kristo 914 ($100 in chips) 
EAroca: posts small blind $0.50
Kristo 914: posts big blind $1
*** HOLE CARDS ***
SeEevg: folds 
JoeBlack_MS: folds 
sutata: folds 
Kristofer4344: folds 
EAroca: raises $2 to $3
Kristo 914: folds 
Uncalled bet ($2) returned to EAroca
EAroca collected $2 from pot
EAroca: doesn't show hand 
*** SUMMARY ***
Total pot $2 | Rake $0 
Seat 1: SeEevg folded before Flop (didn't bet)
Seat 2: JoeBlack_MS folded before Flop (didn't bet)
Seat 3: sutata folded before Flop (didn't bet)
Seat 4: Kristofer4344 (button) folded before Flop (didn't bet)
Seat 5: EAroca (small blind) collected ($2)
Seat 6: Kristo 914 (big blind) folded before Flop



PokerStars Hand #254428604072:  Hold'em No Limit ($0.50/$1.00 USD) - 2025/01/18 9:14:36 WET [2025/01/18 4:14:36 ET]
Table 'Ilona III' 6-max Seat #5 is the button
Seat 1: SeEevg ($129.37 in chips) 
Seat 2: JoeBlack_MS ($100 in chips) 
Seat 3: sutata ($100 in chips) 
Seat 4: Kristofer4344 ($54.32 in chips) 
Seat 5: EAroca ($195.61 in chips) 
Seat 6: Kristo 914 ($100 in chips) 
Kristo 914: posts small blind $0.50
SeEevg: posts big blind $1
*** HOLE CARDS ***
JoeBlack_MS: folds 
sutata: folds 
Kristofer4344: folds 
EAroca: folds 
Kristo 914: folds 
Uncalled bet ($0.50) returned to SeEevg
SeEevg collected $1 from pot
SeEevg: doesn't show hand 
*** SUMMARY ***
Total pot $1 | Rake $0 
Seat 1: SeEevg (big blind) collected ($1)
Seat 2: JoeBlack_MS folded before Flop (didn't bet)
Seat 3: sutata folded before Flop (didn't bet)
Seat 4: Kristofer4344 folded before Flop (didn't bet)
Seat 5: EAroca (button) folded before Flop (didn't bet)
Seat 6: Kristo 914 (small blind) folded before Flop



PokerStars Hand #254428605753:  Hold'em No Limit ($0.50/$1.00 USD) - 2025/01/18 9:14:53 WET [2025/01/18 4:14:53 ET]
Table 'Ilona III' 6-max Seat #6 is the button
Seat 1: SeEevg ($129.87 in chips) 
Seat 2: JoeBlack_MS ($100 in chips) 
Seat 3: sutata ($100 in chips) 
Seat 4: Kristofer4344 ($54.32 in chips) 
Seat 5: EAroca ($195.61 in chips) 
Seat 6: Kristo 914 ($100 in chips) 
SeEevg: posts small blind $0.50
JoeBlack_MS: posts big blind $1
*** HOLE CARDS ***
sutata: folds 
Kristofer4344: raises $2 to $3
EAroca: folds 
Kristo 914: folds 
SeEevg: folds 
JoeBlack_MS: folds 
Uncalled bet ($2) returned to Kristofer4344
Kristofer4344 collected $2.50 from pot
Kristofer4344: doesn't show hand 
*** SUMMARY ***
Total pot $2.50 | Rake $0 
Seat 1: SeEevg (small blind) folded before Flop
Seat 2: JoeBlack_MS (big blind) folded before Flop
Seat 3: sutata folded before Flop (didn't bet)
Seat 4: Kristofer4344 collected ($2.50)
Seat 5: EAroca folded before Flop (didn't bet)
Seat 6: Kristo 914 (button) folded before Flop (didn't bet)



PokerStars Hand #254428607959:  Hold'em No Limit ($0.50/$1.00 USD) - 2025/01/18 9:15:15 WET [2025/01/18 4:15:15 ET]
Table 'Ilona III' 6-max Seat #1 is the button
Seat 1: SeEevg ($129.37 in chips) 
Seat 2: JoeBlack_MS ($100 in chips) 
Seat 3: sutata ($100 in chips) 
Seat 4: Kristofer4344 ($55.82 in chips) 
Seat 5: EAroca ($195.61 in chips) 
Seat 6: Kristo 914 ($100 in chips) 
JoeBlack_MS: posts small blind $0.50
sutata: posts big blind $1
*** HOLE CARDS ***
Kristofer4344: raises $1 to $2
EAroca: folds 
Kristo 914: folds 
SeEevg: folds 
JoeBlack_MS: calls $1.50
sutata: calls $1
*** FLOP *** [3h Qs 8h]
JoeBlack_MS: checks 
sutata: checks 
Kristofer4344: checks 
*** TURN *** [3h Qs 8h] [9c]
JoeBlack_MS: checks 
sutata: bets $3
Kristofer4344: folds 
JoeBlack_MS: folds 
Uncalled bet ($3) returned to sutata
sutata collected $5.70 from pot
sutata: doesn't show hand 
*** SUMMARY ***
Total pot $6 | Rake $0.30 
Board [3h Qs 8h 9c]
Seat 1: SeEevg (button) folded before Flop (didn't bet)
Seat 2: JoeBlack_MS (small blind) folded on the Turn
Seat 3: sutata (big blind) collected ($5.70)
Seat 4: Kristofer4344 folded on the Turn
Seat 5: EAroca folded before Flop (didn't bet)
Seat 6: Kristo 914 folded before Flop (didn't bet)



PokerStars Hand #254428610698:  Hold'em No Limit ($0.50/$1.00 USD) - 2025/01/18 9:15:43 WET [2025/01/18 4:15:43 ET]
Table 'Ilona III' 6-max Seat #2 is the button
Seat 1: SeEevg ($129.37 in chips) 
Seat 2: JoeBlack_MS ($100 in chips) 
Seat 3: sutata ($103.70 in chips) 
Seat 4: Kristofer4344 ($53.82 in chips) 
Seat 5: EAroca ($195.61 in chips) 
Seat 6: Kristo 914 ($100 in chips) 
sutata: posts small blind $0.50
Kristofer4344: posts big blind $1
*** HOLE CARDS ***
EAroca: folds 
Kristo 914: folds 
SeEevg: raises $1.50 to $2.50
JoeBlack_MS: folds 
sutata: calls $2
Kristofer4344: calls $1.50
*** FLOP *** [9s 3s 7c]
sutata: checks 
Kristofer4344: checks 
SeEevg: bets $4.70
sutata: folds 
Kristofer4344: folds 
Uncalled bet ($4.70) returned to SeEevg
SeEevg collected $7.12 from pot
SeEevg: doesn't show hand 
*** SUMMARY ***
Total pot $7.50 | Rake $0.38 
Board [9s 3s 7c]
Seat 1: SeEevg collected ($7.12)
Seat 2: JoeBlack_MS (button) folded before Flop (didn't bet)
Seat 3: sutata (small blind) folded on the Flop
Seat 4: Kristofer4344 (big blind) folded on the Flop
Seat 5: EAroca folded before Flop (didn't bet)
Seat 6: Kristo 914 folded before Flop (didn't bet)



PokerStars Hand #254428614348:  Hold'em No Limit ($0.50/$1.00 USD) - 2025/01/18 9:16:20 WET [2025/01/18 4:16:20 ET]
Table 'Ilona III' 6-max Seat #3 is the button
Seat 1: SeEevg ($133.99 in chips) 
Seat 2: JoeBlack_MS ($100 in chips) 
Seat 3: sutata ($101.20 in chips) 
Seat 4: Kristofer4344 ($51.32 in chips) 
Seat 5: EAroca ($195.61 in chips) 
Seat 6: Kristo 914 ($100 in chips) 
Kristofer4344: posts small blind $0.50
EAroca: posts big blind $1
*** HOLE CARDS ***
Kristo 914: folds 
SeEevg: folds 
JoeBlack_MS: raises $1.30 to $2.30
sutata: folds 
Kristofer4344: folds 
EAroca: calls $1.30
*** FLOP *** [As Kd 3s]
EAroca: checks 
JoeBlack_MS: checks 
*** TURN *** [As Kd 3s] [Qs]
EAroca: checks 
JoeBlack_MS: checks 
*** RIVER *** [As Kd 3s Qs] [Jc]
EAroca: checks 
JoeBlack_MS: checks 
*** SHOW DOWN ***
EAroca: shows [Kc 7c] (a pair of Kings)
JoeBlack_MS: shows [Ah 2h] (a pair of Aces)
JoeBlack_MS collected $4.84 from pot
*** SUMMARY ***
Total pot $5.10 | Rake $0.26 
Board [As Kd 3s Qs Jc]
Seat 1: SeEevg folded before Flop (didn't bet)
Seat 2: JoeBlack_MS showed [Ah 2h] and won ($4.84) with a pair of Aces
Seat 3: sutata (button) folded before Flop (didn't bet)
Seat 4: Kristofer4344 (small blind) folded before Flop
Seat 5: EAroca (big blind) showed [Kc 7c] and lost with a pair of Kings
Seat 6: Kristo 914 folded before Flop (didn't bet)



PokerStars Hand #254428619319:  Hold'em No Limit ($0.50/$1.00 USD) - 2025/01/18 9:17:11 WET [2025/01/18 4:17:11 ET]
Table 'Ilona III' 6-max Seat #4 is the button
Seat 1: SeEevg ($133.99 in chips) 
Seat 2: JoeBlack_MS ($102.54 in chips) 
Seat 3: sutata ($101.20 in chips) 
Seat 4: Kristofer4344 ($50.82 in chips) 
Seat 5: EAroca ($193.31 in chips) 
Seat 6: Kristo 914 ($100 in chips) 
EAroca: posts small blind $0.50
Kristo 914: posts big blind $1
*** HOLE CARDS ***
SeEevg: raises $1.50 to $2.50
JoeBlack_MS: folds 
sutata: folds 
Kristofer4344: folds 
EAroca: folds 
Kristo 914: folds 
Uncalled bet ($1.50) returned to SeEevg
SeEevg collected $2.50 from pot
SeEevg: doesn't show hand 
*** SUMMARY ***
Total pot $2.50 | Rake $0 
Seat 1: SeEevg collected ($2.50)
Seat 2: JoeBlack_MS folded before Flop (didn't bet)
Seat 3: sutata folded before Flop (didn't bet)
Seat 4: Kristofer4344 (button) folded before Flop (didn't bet)
Seat 5: EAroca (small blind) folded before Flop
Seat 6: Kristo 914 (big blind) folded before Flop



PokerStars Hand #254428621096:  Hold'em No Limit ($0.50/$1.00 USD) - 2025/01/18 9:17:29 WET [2025/01/18 4:17:29 ET]
Table 'Ilona III' 6-max Seat #5 is the button
Seat 1: SeEevg ($135.49 in chips) 
Seat 2: JoeBlack_MS ($102.54 in chips) 
Seat 3: sutata ($101.20 in chips) 
Seat 4: Kristofer4344 ($50.82 in chips) 
Seat 5: EAroca ($192.81 in chips) 
Seat 6: Kristo 914 ($100 in chips) 
Kristo 914: posts small blind $0.50
SeEevg: posts big blind $1
*** HOLE CARDS ***
JoeBlack_MS: folds 
sutata: folds 
Kristofer4344: raises $2 to $3
EAroca: folds 
Kristo 914: folds 
SeEevg: folds 
Uncalled bet ($2) returned to Kristofer4344
Kristofer4344 collected $2.50 from pot
Kristofer4344: doesn't show hand 
*** SUMMARY ***
Total pot $2.50 | Rake $0 
Seat 1: SeEevg (big blind) folded before Flop
Seat 2: JoeBlack_MS folded before Flop (didn't bet)
Seat 3: sutata folded before Flop (didn't bet)
Seat 4: Kristofer4344 collected ($2.50)
Seat 5: EAroca (button) folded before Flop (didn't bet)
Seat 6: Kristo 914 (small blind) folded before Flop



PokerStars Hand #254428622607:  Hold'em No Limit ($0.50/$1.00 USD) - 2025/01/18 9:17:45 WET [2025/01/18 4:17:45 ET]
Table 'Ilona III' 6-max Seat #6 is the button
Seat 1: SeEevg ($134.49 in chips) 
Seat 2: JoeBlack_MS ($102.54 in chips) 
Seat 3: sutata ($101.20 in chips) 
Seat 4: Kristofer4344 ($52.32 in chips) 
Seat 5: EAroca ($192.81 in chips) 
Seat 6: Kristo 914 ($100 in chips) 
SeEevg: posts small blind $0.50
JoeBlack_MS: posts big blind $1
*** HOLE CARDS ***
sutata: raises $1.50 to $2.50
Kristofer4344: folds 
EAroca: folds 
Kristo 914: folds 
SeEevg: folds 
JoeBlack_MS: folds 
Uncalled bet ($1.50) returned to sutata
sutata collected $2.50 from pot
sutata: doesn't show hand 
*** SUMMARY ***
Total pot $2.50 | Rake $0 
Seat 1: SeEevg (small blind) folded before Flop
Seat 2: JoeBlack_MS (big blind) folded before Flop
Seat 3: sutata collected ($2.50)
Seat 4: Kristofer4344 folded before Flop (didn't bet)
Seat 5: EAroca folded before Flop (didn't bet)
Seat 6: Kristo 914 (button) folded before Flop (didn't bet)



PokerStars Hand #254428623847:  Hold'em No Limit ($0.50/$1.00 USD) - 2025/01/18 9:17:57 WET [2025/01/18 4:17:57 ET]
Table 'Ilona III' 6-max Seat #1 is the button
Seat 1: SeEevg ($133.99 in chips) 
Seat 2: JoeBlack_MS ($101.54 in chips) 
Seat 3: sutata ($102.70 in chips) 
Seat 4: Kristofer4344 ($52.32 in chips) 
Seat 5: EAroca ($192.81 in chips) 
Seat 6: Kristo 914 ($100 in chips) 
JoeBlack_MS: posts small blind $0.50
sutata: posts big blind $1
*** HOLE CARDS ***
Kristofer4344: folds 
EAroca: raises $1.10 to $2.10
Kristo 914: folds 
SeEevg: folds 
JoeBlack_MS: folds 
sutata: folds 
Uncalled bet ($1.10) returned to EAroca
EAroca collected $2.50 from pot
EAroca: doesn't show hand 
*** SUMMARY ***
Total pot $2.50 | Rake $0 
Seat 1: SeEevg (button) folded before Flop (didn't bet)
Seat 2: JoeBlack_MS (small blind) folded before Flop
Seat 3: sutata (big blind) folded before Flop
Seat 4: Kristofer4344 folded before Flop (didn't bet)
Seat 5: EAroca collected ($2.50)
Seat 6: Kristo 914 folded before Flop (didn't bet)



PokerStars Hand #254428626230:  Hold'em No Limit ($0.50/$1.00 USD) - 2025/01/18 9:18:22 WET [2025/01/18 4:18:22 ET]
Table 'Ilona III' 6-max Seat #2 is the button
Seat 1: SeEevg ($133.99 in chips) 
Seat 2: JoeBlack_MS ($101.04 in chips) 
Seat 3: sutata ($101.70 in chips) 
Seat 4: Kristofer4344 ($52.32 in chips) 
Seat 5: EAroca ($194.31 in chips) 
Seat 6: Kristo 914 ($100 in chips) 
sutata: posts small blind $0.50
Kristofer4344: posts big blind $1
*** HOLE CARDS ***
EAroca: folds 
Kristo 914: folds 
SeEevg: raises $1.50 to $2.50
JoeBlack_MS: folds 
sutata: folds 
Kristofer4344: folds 
Uncalled bet ($1.50) returned to SeEevg
SeEevg collected $2.50 from pot
SeEevg: doesn't show hand 
*** SUMMARY ***
Total pot $2.50 | Rake $0 
Seat 1: SeEevg collected ($2.50)
Seat 2: JoeBlack_MS (button) folded before Flop (didn't bet)
Seat 3: sutata (small blind) folded before Flop
Seat 4: Kristofer4344 (big blind) folded before Flop
Seat 5: EAroca folded before Flop (didn't bet)
Seat 6: Kristo 914 folded before Flop (didn't bet)



PokerStars Hand #254428628118:  Hold'em No Limit ($0.50/$1.00 USD) - 2025/01/18 9:18:41 WET [2025/01/18 4:18:41 ET]
Table 'Ilona III' 6-max Seat #3 is the button
Seat 1: SeEevg ($135.49 in chips) 
Seat 2: JoeBlack_MS ($101.04 in chips) 
Seat 3: sutata ($101.20 in chips) 
Seat 4: Kristofer4344 ($51.32 in chips) 
Seat 5: EAroca ($194.31 in chips) 
Seat 6: Kristo 914 ($100 in chips) 
Kristofer4344: posts small blind $0.50
EAroca: posts big blind $1
*** HOLE CARDS ***
Kristo 914: folds 
SeEevg: folds 
JoeBlack_MS: raises $1.30 to $2.30
sutata: calls $2.30
Kristofer4344: folds 
EAroca: folds 
*** FLOP *** [7d 4h 7c]
JoeBlack_MS: checks 
sutata: checks 
*** TURN *** [7d 4h 7c] [6s]
JoeBlack_MS: checks 
sutata: checks 
*** RIVER *** [7d 4h 7c 6s] [8s]
JoeBlack_MS: checks 
sutata: checks 
*** SHOW DOWN ***
JoeBlack_MS: shows [Ad Kd] (a pair of Sevens)
sutata: shows [Ac Kh] (a pair of Sevens)
JoeBlack_MS collected $2.90 from pot
sutata collected $2.90 from pot
*** SUMMARY ***
Total pot $6.10 | Rake $0.30 
Board [7d 4h 7c 6s 8s]
Seat 1: SeEevg folded before Flop (didn't bet)
Seat 2: JoeBlack_MS showed [Ad Kd] and won ($2.90) with a pair of Sevens
Seat 3: sutata (button) showed [Ac Kh] and won ($2.90) with a pair of Sevens
Seat 4: Kristofer4344 (small blind) folded before Flop
Seat 5: EAroca (big blind) folded before Flop
Seat 6: Kristo 914 folded before Flop (didn't bet)



PokerStars Hand #254428631678:  Hold'em No Limit ($0.50/$1.00 USD) - 2025/01/18 9:19:16 WET [2025/01/18 4:19:16 ET]
Table 'Ilona III' 6-max Seat #4 is the button
Seat 1: SeEevg ($135.49 in chips) 
Seat 2: JoeBlack_MS ($101.64 in chips) 
Seat 3: sutata ($101.80 in chips) 
Seat 4: Kristofer4344 ($50.82 in chips) 
Seat 5: EAroca ($193.31 in chips) 
Seat 6: Kristo 914 ($100 in chips) 
EAroca: posts small blind $0.50
Kristo 914: posts big blind $1
*** HOLE CARDS ***
SeEevg: folds 
JoeBlack_MS: folds 
sutata: raises $1.50 to $2.50
Kristofer4344: folds 
EAroca: folds 
Kristo 914: folds 
Uncalled bet ($1.50) returned to sutata
sutata collected $2.50 from pot
sutata: doesn't show hand 
*** SUMMARY ***
Total pot $2.50 | Rake $0 
Seat 1: SeEevg folded before Flop (didn't bet)
Seat 2: JoeBlack_MS folded before Flop (didn't bet)
Seat 3: sutata collected ($2.50)
Seat 4: Kristofer4344 (button) folded before Flop (didn't bet)
Seat 5: EAroca (small blind) folded before Flop
Seat 6: Kristo 914 (big blind) folded before Flop



PokerStars Hand #254428633160:  Hold'em No Limit ($0.50/$1.00 USD) - 2025/01/18 9:19:31 WET [2025/01/18 4:19:31 ET]
Table 'Ilona III' 6-max Seat #5 is the button
Seat 1: SeEevg ($135.49 in chips) 
Seat 2: JoeBlack_MS ($101.64 in chips) 
Seat 3: sutata ($103.30 in chips) 
Seat 4: Kristofer4344 ($50.82 in chips) 
Seat 5: EAroca ($192.81 in chips) 
Seat 6: Kristo 914 ($100 in chips) 
Kristo 914: posts small blind $0.50
SeEevg: posts big blind $1
*** HOLE CARDS ***
JoeBlack_MS: folds 
sutata: folds 
Kristofer4344: raises $1 to $2
EAroca: folds 
Kristo 914: folds 
SeEevg: folds 
Uncalled bet ($1) returned to Kristofer4344
Kristofer4344 collected $2.50 from pot
Kristofer4344: doesn't show hand 
*** SUMMARY ***
Total pot $2.50 | Rake $0 
Seat 1: SeEevg (big blind) folded before Flop
Seat 2: JoeBlack_MS folded before Flop (didn't bet)
Seat 3: sutata folded before Flop (didn't bet)
Seat 4: Kristofer4344 collected ($2.50)
Seat 5: EAroca (button) folded before Flop (didn't bet)
Seat 6: Kristo 914 (small blind) folded before Flop



PokerStars Hand #254428634703:  Hold'em No Limit ($0.50/$1.00 USD) - 2025/01/18 9:19:47 WET [2025/01/18 4:19:47 ET]
Table 'Ilona III' 6-max Seat #6 is the button
Seat 1: SeEevg ($134.49 in chips) 
Seat 2: JoeBlack_MS ($101.64 in chips) 
Seat 3: sutata ($103.30 in chips) 
Seat 4: Kristofer4344 ($52.32 in chips) 
Seat 5: EAroca ($192.81 in chips) 
Seat 6: Kristo 914 ($100 in chips) 
SeEevg: posts small blind $0.50
JoeBlack_MS: posts big blind $1
*** HOLE CARDS ***
sutata: folds 
Kristofer4344: folds 
EAroca: folds 
Kristo 914: folds 
SeEevg: folds 
Uncalled bet ($0.50) returned to JoeBlack_MS
JoeBlack_MS collected $1 from pot
JoeBlack_MS: doesn't show hand 
*** SUMMARY ***
Total pot $1 | Rake $0 
Seat 1: SeEevg (small blind) folded before Flop
Seat 2: JoeBlack_MS (big blind) collected ($1)
Seat 3: sutata folded before Flop (didn't bet)
Seat 4: Kristofer4344 folded before Flop (didn't bet)
Seat 5: EAroca folded before Flop (didn't bet)
Seat 6: Kristo 914 (button) folded before Flop (didn't bet)



PokerStars Hand #254428637080:  Hold'em No Limit ($0.50/$1.00 USD) - 2025/01/18 9:20:10 WET [2025/01/18 4:20:10 ET]
Table 'Ilona III' 6-max Seat #1 is the button
Seat 1: SeEevg ($133.99 in chips) 
Seat 2: JoeBlack_MS ($102.14 in chips) 
Seat 3: sutata ($103.30 in chips) 
Seat 4: Kristofer4344 ($52.32 in chips) 
Seat 5: EAroca ($192.81 in chips) 
Seat 6: Kristo 914 ($100 in chips) 
JoeBlack_MS: posts small blind $0.50
sutata: posts big blind $1
*** HOLE CARDS ***
Kristofer4344: folds 
EAroca: raises $1.10 to $2.10
Kristo 914: raises $4.90 to $7
SeEevg: folds 
JoeBlack_MS: folds 
sutata: folds 
EAroca: folds 
Uncalled bet ($4.90) returned to Kristo 914
Kristo 914 collected $5.70 from pot
Kristo 914: doesn't show hand 
*** SUMMARY ***
Total pot $5.70 | Rake $0 
Seat 1: SeEevg (button) folded before Flop (didn't bet)
Seat 2: JoeBlack_MS (small blind) folded before Flop
Seat 3: sutata (big blind) folded before Flop
Seat 4: Kristofer4344 folded before Flop (didn't bet)
Seat 5: EAroca folded before Flop
Seat 6: Kristo 914 collected ($5.70)



PokerStars Hand #254428640922:  Hold'em No Limit ($0.50/$1.00 USD) - 2025/01/18 9:20:48 WET [2025/01/18 4:20:48 ET]
Table 'Ilona III' 6-max Seat #2 is the button
Seat 1: SeEevg ($133.99 in chips) 
Seat 2: JoeBlack_MS ($101.64 in chips) 
Seat 3: sutata ($102.30 in chips) 
Seat 4: Kristofer4344 ($52.32 in chips) 
Seat 5: EAroca ($190.71 in chips) 
Seat 6: Kristo 914 ($103.60 in chips) 
sutata: posts small blind $0.50
Kristofer4344: posts big blind $1
*** HOLE CARDS ***
EAroca: folds 
Kristo 914: folds 
SeEevg: raises $1.50 to $2.50
JoeBlack_MS: folds 
sutata: folds 
Kristofer4344: calls $1.50
*** FLOP *** [9c Jc Ts]
Kristofer4344: checks 
SeEevg: checks 
*** TURN *** [9c Jc Ts] [8h]
Kristofer4344: bets $2
SeEevg: folds 
Uncalled bet ($2) returned to Kristofer4344
Kristofer4344 collected $5.22 from pot
Kristofer4344: doesn't show hand 
*** SUMMARY ***
Total pot $5.50 | Rake $0.28 
Board [9c Jc Ts 8h]
Seat 1: SeEevg folded on the Turn
Seat 2: JoeBlack_MS (button) folded before Flop (didn't bet)
Seat 3: sutata (small blind) folded before Flop
Seat 4: Kristofer4344 (big blind) collected ($5.22)
Seat 5: EAroca folded before Flop (didn't bet)
Seat 6: Kristo 914 folded before Flop (didn't bet)



PokerStars Hand #254428645010:  Hold'em No Limit ($0.50/$1.00 USD) - 2025/01/18 9:21:30 WET [2025/01/18 4:21:30 ET]
Table 'Ilona III' 6-max Seat #3 is the button
Seat 1: SeEevg ($131.49 in chips) 
Seat 2: JoeBlack_MS ($101.64 in chips) 
Seat 3: sutata ($101.80 in chips) 
Seat 4: Kristofer4344 ($55.04 in chips) 
Seat 5: EAroca ($190.71 in chips) 
Seat 6: Kristo 914 ($103.60 in chips) 
Kristofer4344: posts small blind $0.50
EAroca: posts big blind $1
*** HOLE CARDS ***
Kristo 914: folds 
SeEevg: folds 
JoeBlack_MS: folds 
sutata: folds 
Kristofer4344: folds 
Uncalled bet ($0.50) returned to EAroca
EAroca collected $1 from pot
EAroca: doesn't show hand 
*** SUMMARY ***
Total pot $1 | Rake $0 
Seat 1: SeEevg folded before Flop (didn't bet)
Seat 2: JoeBlack_MS folded before Flop (didn't bet)
Seat 3: sutata (button) folded before Flop (didn't bet)
Seat 4: Kristofer4344 (small blind) folded before Flop
Seat 5: EAroca (big blind) collected ($1)
Seat 6: Kristo 914 folded before Flop (didn't bet)



PokerStars Hand #254428645901:  Hold'em No Limit ($0.50/$1.00 USD) - 2025/01/18 9:21:39 WET [2025/01/18 4:21:39 ET]
Table 'Ilona III' 6-max Seat #4 is the button
Seat 1: SeEevg ($131.49 in chips) 
Seat 2: JoeBlack_MS ($101.64 in chips) 
Seat 3: sutata ($101.80 in chips) 
Seat 4: Kristofer4344 ($54.54 in chips) 
Seat 5: EAroca ($191.21 in chips) 
Seat 6: Kristo 914 ($103.60 in chips) 
EAroca: posts small blind $0.50
Kristo 914: posts big blind $1
*** HOLE CARDS ***
SeEevg: folds 
JoeBlack_MS: folds 
sutata: folds 
Kristofer4344: folds 
EAroca: raises $2 to $3
Kristo 914: folds 
Uncalled bet ($2) returned to EAroca
EAroca collected $2 from pot
EAroca: doesn't show hand 
*** SUMMARY ***
Total pot $2 | Rake $0 
Seat 1: SeEevg folded before Flop (didn't bet)
Seat 2: JoeBlack_MS folded before Flop (didn't bet)
Seat 3: sutata folded before Flop (didn't bet)
Seat 4: Kristofer4344 (button) folded before Flop (didn't bet)
Seat 5: EAroca (small blind) collected ($2)
Seat 6: Kristo 914 (big blind) folded before Flop



PokerStars Hand #254428647702:  Hold'em No Limit ($0.50/$1.00 USD) - 2025/01/18 9:21:56 WET [2025/01/18 4:21:56 ET]
Table 'Ilona III' 6-max Seat #5 is the button
Seat 1: SeEevg ($131.49 in chips) 
Seat 2: JoeBlack_MS ($101.64 in chips) 
Seat 3: sutata ($101.80 in chips) 
Seat 4: Kristofer4344 ($54.54 in chips) 
Seat 5: EAroca ($192.21 in chips) 
Seat 6: Kristo 914 ($102.60 in chips) 
Kristo 914: posts small blind $0.50
SeEevg: posts big blind $1
*** HOLE CARDS ***
JoeBlack_MS: folds 
sutata: folds 
Kristofer4344: folds 
EAroca: raises $1.50 to $2.50
Kristo 914: raises $8.50 to $11
SeEevg: folds 
EAroca: folds 
Uncalled bet ($8.50) returned to Kristo 914
Kristo 914 collected $6 from pot
Kristo 914: doesn't show hand 
*** SUMMARY ***
Total pot $6 | Rake $0 
Seat 1: SeEevg (big blind) folded before Flop
Seat 2: JoeBlack_MS folded before Flop (didn't bet)
Seat 3: sutata folded before Flop (didn't bet)
Seat 4: Kristofer4344 folded before Flop (didn't bet)
Seat 5: EAroca (button) folded before Flop
Seat 6: Kristo 914 (small blind) collected ($6)



PokerStars Hand #254428652254:  Hold'em No Limit ($0.50/$1.00 USD) - 2025/01/18 9:22:42 WET [2025/01/18 4:22:42 ET]
Table 'Ilona III' 6-max Seat #6 is the button
Seat 1: SeEevg ($130.49 in chips) 
Seat 2: JoeBlack_MS ($101.64 in chips) 
Seat 3: sutata ($101.80 in chips) 
Seat 4: Kristofer4344 ($54.54 in chips) 
Seat 5: EAroca ($189.71 in chips) 
Seat 6: Kristo 914 ($106.10 in chips) 
SeEevg: posts small blind $0.50
JoeBlack_MS: posts big blind $1
*** HOLE CARDS ***
sutata: folds 
Kristofer4344: folds 
EAroca: folds 
Kristo 914: raises $1.40 to $2.40
SeEevg: folds 
JoeBlack_MS: raises $10.10 to $12.50
Kristo 914: calls $10.10
*** FLOP *** [9c 3c 5h]
JoeBlack_MS: checks 
Kristo 914: checks 
*** TURN *** [9c 3c 5h] [7h]
JoeBlack_MS: bets $18.67
Kristo 914: calls $18.67
*** RIVER *** [9c 3c 5h 7h] [5d]
JoeBlack_MS: bets $70.47 and is all-in
Kristo 914: calls $70.47
*** SHOW DOWN ***
JoeBlack_MS: shows [8d As] (a pair of Fives)
Kristo 914: shows [7s 8s] (two pair, Sevens and Fives)
Kristo 914 collected $201.28 from pot
*** SUMMARY ***
Total pot $203.78 | Rake $2.50 
Board [9c 3c 5h 7h 5d]
Seat 1: SeEevg (small blind) folded before Flop
Seat 2: JoeBlack_MS (big blind) showed [8d As] and lost with a pair of Fives
Seat 3: sutata folded before Flop (didn't bet)
Seat 4: Kristofer4344 folded before Flop (didn't bet)
Seat 5: EAroca folded before Flop (didn't bet)
Seat 6: Kristo 914 (button) showed [7s 8s] and won ($201.28) with two pair, Sevens and Fives



PokerStars Hand #254428659928:  Hold'em No Limit ($0.50/$1.00 USD) - 2025/01/18 9:23:58 WET [2025/01/18 4:23:58 ET]
Table 'Ilona III' 6-max Seat #1 is the button
Seat 3: sutata ($101.80 in chips) is sitting out
Seat 1: SeEevg ($129.99 in chips) 
Seat 2: JoeBlack_MS ($100 in chips) 
Seat 4: Kristofer4344 ($54.54 in chips) 
Seat 5: EAroca ($189.71 in chips) 
Seat 6: Kristo 914 ($205.74 in chips) 
JoeBlack_MS: posts small blind $0.50
sutata: is sitting out 
Kristofer4344: posts big blind $1
*** HOLE CARDS ***
sutata leaves the table
EAroca: folds 
Kristo 914: folds 
SeEevg: folds 
JoeBlack_MS: folds 
Uncalled bet ($0.50) returned to Kristofer4344
Kristofer4344 collected $1 from pot
Kristofer4344: doesn't show hand 
*** SUMMARY ***
Total pot $1 | Rake $0 
Seat 3: sutata
Seat 1: SeEevg (button) folded before Flop (didn't bet)
Seat 2: JoeBlack_MS (small blind) folded before Flop
Seat 4: Kristofer4344 (big blind) collected ($1)
Seat 5: EAroca folded before Flop (didn't bet)
Seat 6: Kristo 914 folded before Flop (didn't bet)



PokerStars Hand #254428661200:  Hold'em No Limit ($0.50/$1.00 USD) - 2025/01/18 9:24:11 WET [2025/01/18 4:24:11 ET]
Table 'Ilona III' 6-max Seat #2 is the button
Seat 1: SeEevg ($129.99 in chips) 
Seat 2: JoeBlack_MS ($100 in chips) 
Seat 4: Kristofer4344 ($55.04 in chips) 
Seat 5: EAroca ($189.71 in chips) 
Seat 6: Kristo 914 ($205.74 in chips) 
Kristofer4344: posts small blind $0.50
EAroca: posts big blind $1
*** HOLE CARDS ***
Kristo 914: folds 
SeEevg: raises $1.50 to $2.50
JoeBlack_MS: folds 
Kristofer4344: folds 
EAroca: folds 
Uncalled bet ($1.50) returned to SeEevg
SeEevg collected $2.50 from pot
SeEevg: doesn't show hand 
*** SUMMARY ***
Total pot $2.50 | Rake $0 
Seat 1: SeEevg collected ($2.50)
Seat 2: JoeBlack_MS (button) folded before Flop (didn't bet)
Seat 4: Kristofer4344 (small blind) folded before Flop
Seat 5: EAroca (big blind) folded before Flop
Seat 6: Kristo 914 folded before Flop (didn't bet)



PokerStars Hand #254428663660:  Hold'em No Limit ($0.50/$1.00 USD) - 2025/01/18 9:24:35 WET [2025/01/18 4:24:35 ET]
Table 'Ilona III' 6-max Seat #4 is the button
Seat 1: SeEevg ($131.49 in chips) 
Seat 2: JoeBlack_MS ($100 in chips) 
Seat 4: Kristofer4344 ($54.54 in chips) 
Seat 5: EAroca ($188.71 in chips) 
Seat 6: Kristo 914 ($205.74 in chips) 
EAroca: posts small blind $0.50
Kristo 914: posts big blind $1
*** HOLE CARDS ***
SeEevg: folds 
JoeBlack_MS: folds 
Kristofer4344: folds 
EAroca: raises $2 to $3
Kristo 914: calls $2
*** FLOP *** [7h Jd 7c]
janarr5 joins the table at seat #3 
EAroca: checks 
Kristo 914: checks 
*** TURN *** [7h Jd 7c] [4d]
EAroca: bets $1.88
Kristo 914: calls $1.88
*** RIVER *** [7h Jd 7c 4d] [Td]
EAroca: checks 
Kristo 914: checks 
*** SHOW DOWN ***
EAroca: shows [5h 5c] (two pair, Sevens and Fives)
Kristo 914: shows [5s Js] (two pair, Jacks and Sevens)
Kristo 914 collected $9.27 from pot
*** SUMMARY ***
Total pot $9.76 | Rake $0.49 
Board [7h Jd 7c 4d Td]
Seat 1: SeEevg folded before Flop (didn't bet)
Seat 2: JoeBlack_MS folded before Flop (didn't bet)
Seat 4: Kristofer4344 (button) folded before Flop (didn't bet)
Seat 5: EAroca (small blind) showed [5h 5c] and lost with two pair, Sevens and Fives
Seat 6: Kristo 914 (big blind) showed [5s Js] and won ($9.27) with two pair, Jacks and Sevens



PokerStars Hand #254428672881:  Hold'em No Limit ($0.50/$1.00 USD) - 2025/01/18 9:26:07 WET [2025/01/18 4:26:07 ET]
Table 'Ilona III' 6-max Seat #5 is the button
Seat 3: janarr5 ($100 in chips) is sitting out
Seat 1: SeEevg ($131.49 in chips) 
Seat 2: JoeBlack_MS ($100 in chips) 
Seat 4: Kristofer4344 ($54.54 in chips) 
Seat 5: EAroca ($183.83 in chips) 
Seat 6: Kristo 914 ($210.13 in chips) 
Kristo 914: posts small blind $0.50
SeEevg: posts big blind $1
janarr5: sits out 
*** HOLE CARDS ***
JoeBlack_MS: folds 
Kristofer4344: raises $1 to $2
EAroca: folds 
Kristo 914: folds 
SeEevg: folds 
Uncalled bet ($1) returned to Kristofer4344
Kristofer4344 collected $2.50 from pot
Kristofer4344: doesn't show hand 
*** SUMMARY ***
Total pot $2.50 | Rake $0 
Seat 3: janarr5
Seat 1: SeEevg (big blind) folded before Flop
Seat 2: JoeBlack_MS folded before Flop (didn't bet)
Seat 4: Kristofer4344 collected ($2.50)
Seat 5: EAroca (button) folded before Flop (didn't bet)
Seat 6: Kristo 914 (small blind) folded before Flop



PokerStars Hand #254428674920:  Hold'em No Limit ($0.50/$1.00 USD) - 2025/01/18 9:26:27 WET [2025/01/18 4:26:27 ET]
Table 'Ilona III' 6-max Seat #6 is the button
Seat 3: janarr5 ($100 in chips) is sitting out
Seat 1: SeEevg ($130.49 in chips) 
Seat 2: JoeBlack_MS ($100 in chips) 
Seat 4: Kristofer4344 ($56.04 in chips) 
Seat 5: EAroca ($183.83 in chips) 
Seat 6: Kristo 914 ($209.63 in chips) 
SeEevg: posts small blind $0.50
JoeBlack_MS: posts big blind $1
janarr5: sits out 
*** HOLE CARDS ***
Kristofer4344: folds 
EAroca: folds 
Kristo 914: folds 
SeEevg: raises $2 to $3
JoeBlack_MS: calls $2
*** FLOP *** [Qc 3h Qh]
SeEevg: bets $1.43
JoeBlack_MS: calls $1.43
*** TURN *** [Qc 3h Qh] [4h]
SeEevg: checks 
JoeBlack_MS: checks 
*** RIVER *** [Qc 3h Qh 4h] [4s]
SeEevg: bets $6.32
JoeBlack_MS: calls $6.32
*** SHOW DOWN ***
SeEevg: shows [Qd 8d] (a full house, Queens full of Fours)
JoeBlack_MS: mucks hand 
SeEevg collected $20.42 from pot
*** SUMMARY ***
Total pot $21.50 | Rake $1.08 
Board [Qc 3h Qh 4h 4s]
Seat 3: janarr5
Seat 1: SeEevg (small blind) showed [Qd 8d] and won ($20.42) with a full house, Queens full of Fours
Seat 2: JoeBlack_MS (big blind) mucked
Seat 4: Kristofer4344 folded before Flop (didn't bet)
Seat 5: EAroca folded before Flop (didn't bet)
Seat 6: Kristo 914 (button) folded before Flop (didn't bet)



PokerStars Hand #254428682544:  Hold'em No Limit ($0.50/$1.00 USD) - 2025/01/18 9:27:42 WET [2025/01/18 4:27:42 ET]
Table 'Ilona III' 6-max Seat #1 is the button
Seat 1: SeEevg ($140.16 in chips) 
Seat 2: JoeBlack_MS ($100 in chips) 
Seat 3: janarr5 ($100 in chips) 
Seat 4: Kristofer4344 ($56.04 in chips) 
Seat 5: EAroca ($183.83 in chips) 
Seat 6: Kristo 914 ($209.63 in chips) 
JoeBlack_MS: posts small blind $0.50
janarr5: posts big blind $1
*** HOLE CARDS ***
Kristofer4344: folds 
EAroca: folds 
Kristo 914: folds 
SeEevg: raises $1.50 to $2.50
JoeBlack_MS: folds 
janarr5: calls $1.50
*** FLOP *** [9h Kc Jd]
janarr5: checks 
SeEevg: checks 
*** TURN *** [9h Kc Jd] [7s]
janarr5: checks 
SeEevg: checks 
*** RIVER *** [9h Kc Jd 7s] [5d]
janarr5: checks 
SeEevg: bets $2.61
janarr5: folds 
Uncalled bet ($2.61) returned to SeEevg
SeEevg collected $5.22 from pot
SeEevg: doesn't show hand 
*** SUMMARY ***
Total pot $5.50 | Rake $0.28 
Board [9h Kc Jd 7s 5d]
Seat 1: SeEevg (button) collected ($5.22)
Seat 2: JoeBlack_MS (small blind) folded before Flop
Seat 3: janarr5 (big blind) folded on the River
Seat 4: Kristofer4344 folded before Flop (didn't bet)
Seat 5: EAroca folded before Flop (didn't bet)
Seat 6: Kristo 914 folded before Flop (didn't bet)



PokerStars Hand #254428689161:  Hold'em No Limit ($0.50/$1.00 USD) - 2025/01/18 9:28:47 WET [2025/01/18 4:28:47 ET]
Table 'Ilona III' 6-max Seat #2 is the button
Seat 1: SeEevg ($142.88 in chips) 
Seat 2: JoeBlack_MS ($100 in chips) 
Seat 3: janarr5 ($100 in chips) 
Seat 4: Kristofer4344 ($56.04 in chips) 
Seat 5: EAroca ($183.83 in chips) 
Seat 6: Kristo 914 ($209.63 in chips) 
janarr5: posts small blind $0.50
Kristofer4344: posts big blind $1
*** HOLE CARDS ***
EAroca: folds 
Kristo 914: folds 
SeEevg: folds 
JoeBlack_MS: folds 
janarr5: raises $2 to $3
Kristofer4344: calls $2
*** FLOP *** [As Tc Qs]
janarr5: bets $1.43
Kristofer4344: calls $1.43
*** TURN *** [As Tc Qs] [2c]
janarr5: bets $6.31
Kristofer4344: calls $6.31
*** RIVER *** [As Tc Qs 2c] [5d]
janarr5: bets $15.31
Kristofer4344: calls $15.31
*** SHOW DOWN ***
janarr5: shows [Jc Ah] (a pair of Aces)
Kristofer4344: mucks hand 
janarr5 collected $49.60 from pot
*** SUMMARY ***
Total pot $52.10 | Rake $2.50 
Board [As Tc Qs 2c 5d]
Seat 1: SeEevg folded before Flop (didn't bet)
Seat 2: JoeBlack_MS (button) folded before Flop (didn't bet)
Seat 3: janarr5 (small blind) showed [Jc Ah] and won ($49.60) with a pair of Aces
Seat 4: Kristofer4344 (big blind) mucked
Seat 5: EAroca folded before Flop (didn't bet)
Seat 6: Kristo 914 folded before Flop (didn't bet)



PokerStars Hand #254428694711:  Hold'em No Limit ($0.50/$1.00 USD) - 2025/01/18 9:29:41 WET [2025/01/18 4:29:41 ET]
Table 'Ilona III' 6-max Seat #3 is the button
Seat 1: SeEevg ($142.88 in chips) 
Seat 2: JoeBlack_MS ($100 in chips) 
Seat 3: janarr5 ($123.55 in chips) 
Seat 4: Kristofer4344 ($29.99 in chips) 
Seat 5: EAroca ($183.83 in chips) 
Seat 6: Kristo 914 ($209.63 in chips) 
Kristofer4344: posts small blind $0.50
EAroca: posts big blind $1
*** HOLE CARDS ***
Kristo 914: folds 
SeEevg: folds 
JoeBlack_MS: folds 
janarr5: raises $1.50 to $2.50
Kristofer4344: calls $2
EAroca: folds 
*** FLOP *** [7h Js 9c]
Kristofer4344: checks 
janarr5: checks 
*** TURN *** [7h Js 9c] [3c]
Kristofer4344: bets $2
janarr5: calls $2
*** RIVER *** [7h Js 9c 3c] [Ks]
Kristofer4344: bets $4.75
janarr5: calls $4.75
*** SHOW DOWN ***
Kristofer4344: shows [Ts Qc] (a straight, Nine to King)
janarr5: mucks hand 
Kristofer4344 collected $18.52 from pot
*** SUMMARY ***
Total pot $19.50 | Rake $0.98 
Board [7h Js 9c 3c Ks]
Seat 1: SeEevg folded before Flop (didn't bet)
Seat 2: JoeBlack_MS folded before Flop (didn't bet)
Seat 3: janarr5 (button) mucked
Seat 4: Kristofer4344 (small blind) showed [Ts Qc] and won ($18.52) with a straight, Nine to King
Seat 5: EAroca (big blind) folded before Flop
Seat 6: Kristo 914 folded before Flop (didn't bet)



PokerStars Hand #254428699020:  Hold'em No Limit ($0.50/$1.00 USD) - 2025/01/18 9:30:23 WET [2025/01/18 4:30:23 ET]
Table 'Ilona III' 6-max Seat #4 is the button
Seat 1: SeEevg ($142.88 in chips) 
Seat 2: JoeBlack_MS ($100 in chips) 
Seat 3: janarr5 ($114.30 in chips) 
Seat 4: Kristofer4344 ($39.26 in chips) 
Seat 5: EAroca ($182.83 in chips) 
Seat 6: Kristo 914 ($209.63 in chips) 
EAroca: posts small blind $0.50
Kristo 914: posts big blind $1
*** HOLE CARDS ***
SeEevg: folds 
JoeBlack_MS: raises $1 to $2
janarr5: raises $5 to $7
Kristofer4344: folds 
EAroca: folds 
Kristo 914: folds 
JoeBlack_MS: calls $5
*** FLOP *** [5c Ts 6s]
JoeBlack_MS: checks 
janarr5: bets $7.36
JoeBlack_MS: folds 
Uncalled bet ($7.36) returned to janarr5
janarr5 collected $14.72 from pot
janarr5: doesn't show hand 
*** SUMMARY ***
Total pot $15.50 | Rake $0.78 
Board [5c Ts 6s]
Seat 1: SeEevg folded before Flop (didn't bet)
Seat 2: JoeBlack_MS folded on the Flop
Seat 3: janarr5 collected ($14.72)
Seat 4: Kristofer4344 (button) folded before Flop (didn't bet)
Seat 5: EAroca (small blind) folded before Flop
Seat 6: Kristo 914 (big blind) folded before Flop



PokerStars Hand #254428703417:  Hold'em No Limit ($0.50/$1.00 USD) - 2025/01/18 9:31:04 WET [2025/01/18 4:31:04 ET]
Table 'Ilona III' 6-max Seat #5 is the button
Seat 1: SeEevg ($142.88 in chips) 
Seat 2: JoeBlack_MS ($100 in chips) 
Seat 3: janarr5 ($122.02 in chips) 
Seat 4: Kristofer4344 ($39.26 in chips) 
Seat 5: EAroca ($182.33 in chips) 
Seat 6: Kristo 914 ($208.63 in chips) 
Kristo 914: posts small blind $0.50
SeEevg: posts big blind $1
*** HOLE CARDS ***
JoeBlack_MS: folds 
janarr5: folds 
Kristofer4344: folds 
EAroca: folds 
Kristo 914: folds 
Uncalled bet ($0.50) returned to SeEevg
SeEevg collected $1 from pot
SeEevg: doesn't show hand 
*** SUMMARY ***
Total pot $1 | Rake $0 
Seat 1: SeEevg (big blind) collected ($1)
Seat 2: JoeBlack_MS folded before Flop (didn't bet)
Seat 3: janarr5 folded before Flop (didn't bet)
Seat 4: Kristofer4344 folded before Flop (didn't bet)
Seat 5: EAroca (button) folded before Flop (didn't bet)
Seat 6: Kristo 914 (small blind) folded before Flop



PokerStars Hand #254428706158:  Hold'em No Limit ($0.50/$1.00 USD) - 2025/01/18 9:31:31 WET [2025/01/18 4:31:31 ET]
Table 'Ilona III' 6-max Seat #6 is the button
Seat 1: SeEevg ($143.38 in chips) 
Seat 2: JoeBlack_MS ($100 in chips) 
Seat 3: janarr5 ($122.02 in chips) 
Seat 4: Kristofer4344 ($39.26 in chips) 
Seat 5: EAroca ($182.33 in chips) 
Seat 6: Kristo 914 ($208.13 in chips) 
SeEevg: posts small blind $0.50
JoeBlack_MS: posts big blind $1
*** HOLE CARDS ***
janarr5: folds 
Kristofer4344: folds 
EAroca: folds 
Kristo 914: raises $1.40 to $2.40
SeEevg: folds 
JoeBlack_MS: raises $10.10 to $12.50
Kristo 914: folds 
Uncalled bet ($10.10) returned to JoeBlack_MS
JoeBlack_MS collected $5.30 from pot
JoeBlack_MS: doesn't show hand 
*** SUMMARY ***
Total pot $5.30 | Rake $0 
Seat 1: SeEevg (small blind) folded before Flop
Seat 2: JoeBlack_MS (big blind) collected ($5.30)
Seat 3: janarr5 folded before Flop (didn't bet)
Seat 4: Kristofer4344 folded before Flop (didn't bet)
Seat 5: EAroca folded before Flop (didn't bet)
Seat 6: Kristo 914 (button) folded before Flop



PokerStars Hand #254428710500:  Hold'em No Limit ($0.50/$1.00 USD) - 2025/01/18 9:32:13 WET [2025/01/18 4:32:13 ET]
Table 'Ilona III' 6-max Seat #1 is the button
Seat 3: janarr5 ($122.02 in chips) is sitting out
Seat 1: SeEevg ($142.88 in chips) 
Seat 2: JoeBlack_MS ($102.90 in chips) 
Seat 4: Kristofer4344 ($39.26 in chips) 
Seat 5: EAroca ($182.33 in chips) 
Seat 6: Kristo 914 ($205.73 in chips) 
JoeBlack_MS: posts small blind $0.50
Kristofer4344: posts big blind $1
*** HOLE CARDS ***
EAroca: folds 
Kristo 914: folds 
SeEevg: raises $1.50 to $2.50
JoeBlack_MS: folds 
Kristofer4344: folds 
Uncalled bet ($1.50) returned to SeEevg
SeEevg collected $2.50 from pot
SeEevg: doesn't show hand 
*** SUMMARY ***
Total pot $2.50 | Rake $0 
Seat 3: janarr5
Seat 1: SeEevg (button) collected ($2.50)
Seat 2: JoeBlack_MS (small blind) folded before Flop
Seat 4: Kristofer4344 (big blind) folded before Flop
Seat 5: EAroca folded before Flop (didn't bet)
Seat 6: Kristo 914 folded before Flop (didn't bet)



PokerStars Hand #254428712252:  Hold'em No Limit ($0.50/$1.00 USD) - 2025/01/18 9:32:30 WET [2025/01/18 4:32:30 ET]
Table 'Ilona III' 6-max Seat #2 is the button
Seat 3: janarr5 ($122.02 in chips) is sitting out
Seat 1: SeEevg ($144.38 in chips) 
Seat 2: JoeBlack_MS ($102.40 in chips) 
Seat 4: Kristofer4344 ($38.26 in chips) 
Seat 5: EAroca ($182.33 in chips) 
Seat 6: Kristo 914 ($205.73 in chips) 
Kristofer4344: posts small blind $0.50
EAroca: posts big blind $1
*** HOLE CARDS ***
Kristo 914: folds 
SeEevg: folds 
JoeBlack_MS: folds 
Kristofer4344: raises $2 to $3
EAroca: calls $2
*** FLOP *** [Kh Qh Ts]
Kristofer4344: checks 
EAroca: bets $3.76
Kristofer4344: calls $3.76
*** TURN *** [Kh Qh Ts] [6h]
Kristofer4344: checks 
EAroca: bets $7.45
Kristofer4344: raises $24.05 to $31.50 and is all-in
EAroca: calls $24.05
*** FIRST RIVER *** [Kh Qh Ts 6h] [2s]
*** SECOND RIVER *** [Kh Qh Ts 6h] [Jd]
*** FIRST SHOW DOWN ***
Kristofer4344: shows [Js Ad] (a straight, Ten to Ace)
EAroca: shows [2h Ah] (a flush, Ace high)
EAroca collected $37.01 from pot
*** SECOND SHOW DOWN ***
Kristofer4344: shows [Js Ad] (a straight, Ten to Ace)
EAroca: shows [2h Ah] (a flush, Ace high)
EAroca collected $37.01 from pot
*** SUMMARY ***
Total pot $76.52 | Rake $2.50 
Hand was run twice
FIRST Board [Kh Qh Ts 6h 2s]
SECOND Board [Kh Qh Ts 6h Jd]
Seat 3: janarr5
Seat 1: SeEevg folded before Flop (didn't bet)
Seat 2: JoeBlack_MS (button) folded before Flop (didn't bet)
Seat 4: Kristofer4344 (small blind) showed [Js Ad] and lost with a straight, Ten to Ace, and lost with a straight, Ten to Ace
Seat 5: EAroca (big blind) showed [2h Ah] and won ($37.01) with a flush, Ace high, and won ($37.01) with a flush, Ace high
Seat 6: Kristo 914 folded before Flop (didn't bet)



PokerStars Hand #254428721043:  Hold'em No Limit ($0.50/$1.00 USD) - 2025/01/18 9:33:53 WET [2025/01/18 4:33:53 ET]
Table 'Ilona III' 6-max Seat #5 is the button
Seat 3: janarr5 ($122.02 in chips) is sitting out
Seat 4: Kristofer4344 ($0 in chips) is sitting out
Seat 1: SeEevg ($144.38 in chips) 
Seat 2: JoeBlack_MS ($102.40 in chips) 
Seat 5: EAroca ($218.09 in chips) 
Seat 6: Kristo 914 ($205.73 in chips) 
Kristo 914: posts small blind $0.50
SeEevg: posts big blind $1
*** HOLE CARDS ***
JoeBlack_MS: folds 
EAroca: raises $1.50 to $2.50
Kristo 914: folds 
Kristofer4344 leaves the table
SeEevg: folds 
Uncalled bet ($1.50) returned to EAroca
EAroca collected $2.50 from pot
EAroca: doesn't show hand 
*** SUMMARY ***
Total pot $2.50 | Rake $0 
Seat 3: janarr5
Seat 4: Kristofer4344
Seat 1: SeEevg (big blind) folded before Flop
Seat 2: JoeBlack_MS folded before Flop (didn't bet)
Seat 5: EAroca (button) collected ($2.50)
Seat 6: Kristo 914 (small blind) folded before Flop



PokerStars Hand #254428722427:  Hold'em No Limit ($0.50/$1.00 USD) - 2025/01/18 9:34:06 WET [2025/01/18 4:34:06 ET]
Table 'Ilona III' 6-max Seat #6 is the button
Seat 3: janarr5 ($122.02 in chips) is sitting out
Seat 1: SeEevg ($143.38 in chips) 
Seat 2: JoeBlack_MS ($102.40 in chips) 
Seat 5: EAroca ($219.59 in chips) 
Seat 6: Kristo 914 ($205.23 in chips) 
SeEevg: posts small blind $0.50
JoeBlack_MS: posts big blind $1
*** HOLE CARDS ***
EAroca: folds 
Supermegopro joins the table at seat #4 
Kristo 914: raises $1.40 to $2.40
SeEevg: raises $7.60 to $10
JoeBlack_MS: folds 
Kristo 914: folds 
Uncalled bet ($7.60) returned to SeEevg
SeEevg collected $5.80 from pot
SeEevg: doesn't show hand 
*** SUMMARY ***
Total pot $5.80 | Rake $0 
Seat 3: janarr5
Seat 1: SeEevg (small blind) collected ($5.80)
Seat 2: JoeBlack_MS (big blind) folded before Flop
Seat 5: EAroca folded before Flop (didn't bet)
Seat 6: Kristo 914 (button) folded before Flop



PokerStars Hand #254428725681:  Hold'em No Limit ($0.50/$1.00 USD) - 2025/01/18 9:34:38 WET [2025/01/18 4:34:38 ET]
Table 'Ilona III' 6-max Seat #1 is the button
Seat 3: janarr5 ($122.02 in chips) is sitting out
Seat 1: SeEevg ($146.78 in chips) 
Seat 2: JoeBlack_MS ($101.40 in chips) 
Seat 4: Supermegopro ($100 in chips) 
Seat 5: EAroca ($219.59 in chips) 
Seat 6: Kristo 914 ($202.83 in chips) 
JoeBlack_MS: posts small blind $0.50
Supermegopro: posts big blind $1
*** HOLE CARDS ***
EAroca: folds 
Kristo 914: raises $1.40 to $2.40
SeEevg: folds 
JoeBlack_MS: folds 
Supermegopro: calls $1.40
*** FLOP *** [Jd 7s 4c]
Supermegopro: checks 
Kristo 914: bets $3.83
Supermegopro: folds 
Uncalled bet ($3.83) returned to Kristo 914
Kristo 914 collected $5.04 from pot
Kristo 914: doesn't show hand 
*** SUMMARY ***
Total pot $5.30 | Rake $0.26 
Board [Jd 7s 4c]
Seat 3: janarr5
Seat 1: SeEevg (button) folded before Flop (didn't bet)
Seat 2: JoeBlack_MS (small blind) folded before Flop
Seat 4: Supermegopro (big blind) folded on the Flop
Seat 5: EAroca folded before Flop (didn't bet)
Seat 6: Kristo 914 collected ($5.04)



PokerStars Hand #254428728981:  Hold'em No Limit ($0.50/$1.00 USD) - 2025/01/18 9:35:10 WET [2025/01/18 4:35:10 ET]
Table 'Ilona III' 6-max Seat #2 is the button
Seat 3: janarr5 ($122.02 in chips) is sitting out
Seat 1: SeEevg ($146.78 in chips) 
Seat 2: JoeBlack_MS ($100.90 in chips) 
Seat 4: Supermegopro ($100 in chips) 
Seat 5: EAroca ($219.59 in chips) 
Seat 6: Kristo 914 ($205.47 in chips) 
Supermegopro: posts small blind $0.50
EAroca: posts big blind $1
*** HOLE CARDS ***
Kristo 914: folds 
SeEevg: folds 
JoeBlack_MS: folds 
Supermegopro: raises $2 to $3
EAroca: folds 
Uncalled bet ($2) returned to Supermegopro
Supermegopro collected $2 from pot
Supermegopro: doesn't show hand 
*** SUMMARY ***
Total pot $2 | Rake $0 
Seat 3: janarr5
Seat 1: SeEevg folded before Flop (didn't bet)
Seat 2: JoeBlack_MS (button) folded before Flop (didn't bet)
Seat 4: Supermegopro (small blind) collected ($2)
Seat 5: EAroca (big blind) folded before Flop
Seat 6: Kristo 914 folded before Flop (didn't bet)



PokerStars Hand #254428730700:  Hold'em No Limit ($0.50/$1.00 USD) - 2025/01/18 9:35:26 WET [2025/01/18 4:35:26 ET]
Table 'Ilona III' 6-max Seat #4 is the button
Seat 3: janarr5 ($122.02 in chips) is sitting out
Seat 1: SeEevg ($146.78 in chips) 
Seat 2: JoeBlack_MS ($100.90 in chips) 
Seat 4: Supermegopro ($101 in chips) 
Seat 5: EAroca ($218.59 in chips) 
Seat 6: Kristo 914 ($205.47 in chips) 
EAroca: posts small blind $0.50
Kristo 914: posts big blind $1
*** HOLE CARDS ***
SeEevg: folds 
JoeBlack_MS: folds 
Supermegopro: folds 
EAroca: folds 
Uncalled bet ($0.50) returned to Kristo 914
Kristo 914 collected $1 from pot
Kristo 914: doesn't show hand 
*** SUMMARY ***
Total pot $1 | Rake $0 
Seat 3: janarr5
Seat 1: SeEevg folded before Flop (didn't bet)
Seat 2: JoeBlack_MS folded before Flop (didn't bet)
Seat 4: Supermegopro (button) folded before Flop (didn't bet)
Seat 5: EAroca (small blind) folded before Flop
Seat 6: Kristo 914 (big blind) collected ($1)



PokerStars Hand #254428731859:  Hold'em No Limit ($0.50/$1.00 USD) - 2025/01/18 9:35:38 WET [2025/01/18 4:35:38 ET]
Table 'Ilona III' 6-max Seat #5 is the button
Seat 3: janarr5 ($122.02 in chips) is sitting out
Seat 1: SeEevg ($146.78 in chips) 
Seat 2: JoeBlack_MS ($100.90 in chips) 
Seat 4: Supermegopro ($101 in chips) 
Seat 5: EAroca ($218.09 in chips) 
Seat 6: Kristo 914 ($205.97 in chips) 
Kristo 914: posts small blind $0.50
SeEevg: posts big blind $1
*** HOLE CARDS ***
JoeBlack_MS: raises $1 to $2
Supermegopro: folds 
EAroca: folds 
Kristo 914: folds 
SeEevg: folds 
Uncalled bet ($1) returned to JoeBlack_MS
JoeBlack_MS collected $2.50 from pot
JoeBlack_MS: doesn't show hand 
*** SUMMARY ***
Total pot $2.50 | Rake $0 
Seat 3: janarr5
Seat 1: SeEevg (big blind) folded before Flop
Seat 2: JoeBlack_MS collected ($2.50)
Seat 4: Supermegopro folded before Flop (didn't bet)
Seat 5: EAroca (button) folded before Flop (didn't bet)
Seat 6: Kristo 914 (small blind) folded before Flop



PokerStars Hand #254428733101:  Hold'em No Limit ($0.50/$1.00 USD) - 2025/01/18 9:35:50 WET [2025/01/18 4:35:50 ET]
Table 'Ilona III' 6-max Seat #6 is the button
Seat 3: janarr5 ($122.02 in chips) is sitting out
Seat 1: SeEevg ($145.78 in chips) 
Seat 2: JoeBlack_MS ($102.40 in chips) 
Seat 4: Supermegopro ($101 in chips) 
Seat 5: EAroca ($218.09 in chips) 
Seat 6: Kristo 914 ($205.47 in chips) 
SeEevg: posts small blind $0.50
JoeBlack_MS: posts big blind $1
*** HOLE CARDS ***
Supermegopro: folds 
EAroca: folds 
Kristo 914: folds 
SeEevg: raises $2 to $3
JoeBlack_MS: folds 
Uncalled bet ($2) returned to SeEevg
SeEevg collected $2 from pot
SeEevg: doesn't show hand 
*** SUMMARY ***
Total pot $2 | Rake $0 
Seat 3: janarr5
Seat 1: SeEevg (small blind) collected ($2)
Seat 2: JoeBlack_MS (big blind) folded before Flop
Seat 4: Supermegopro folded before Flop (didn't bet)
Seat 5: EAroca folded before Flop (didn't bet)
Seat 6: Kristo 914 (button) folded before Flop (didn't bet)



PokerStars Hand #254428735510:  Hold'em No Limit ($0.50/$1.00 USD) - 2025/01/18 9:36:13 WET [2025/01/18 4:36:13 ET]
Table 'Ilona III' 6-max Seat #1 is the button
Seat 3: janarr5 ($122.02 in chips) is sitting out
Seat 1: SeEevg ($146.78 in chips) 
Seat 2: JoeBlack_MS ($101.40 in chips) 
Seat 4: Supermegopro ($101 in chips) 
Seat 5: EAroca ($218.09 in chips) 
Seat 6: Kristo 914 ($205.47 in chips) 
JoeBlack_MS: posts small blind $0.50
Supermegopro: posts big blind $1
*** HOLE CARDS ***
EAroca: folds 
Kristo 914: folds 
SeEevg: folds 
JoeBlack_MS: folds 
Uncalled bet ($0.50) returned to Supermegopro
Supermegopro collected $1 from pot
Supermegopro: doesn't show hand 
*** SUMMARY ***
Total pot $1 | Rake $0 
Seat 3: janarr5
Seat 1: SeEevg (button) folded before Flop (didn't bet)
Seat 2: JoeBlack_MS (small blind) folded before Flop
Seat 4: Supermegopro (big blind) collected ($1)
Seat 5: EAroca folded before Flop (didn't bet)
Seat 6: Kristo 914 folded before Flop (didn't bet)



PokerStars Hand #254428737140:  Hold'em No Limit ($0.50/$1.00 USD) - 2025/01/18 9:36:29 WET [2025/01/18 4:36:29 ET]
Table 'Ilona III' 6-max Seat #2 is the button
Seat 3: janarr5 ($122.02 in chips) is sitting out
Seat 5: EAroca ($218.09 in chips) is sitting out
Seat 1: SeEevg ($146.78 in chips) 
Seat 2: JoeBlack_MS ($100.90 in chips) 
Seat 4: Supermegopro ($101.50 in chips) 
Seat 6: Kristo 914 ($205.47 in chips) 
Supermegopro: posts small blind $0.50
EAroca: is sitting out 
Kristo 914: posts big blind $1
*** HOLE CARDS ***
SeEevg: raises $1.50 to $2.50
JoeBlack_MS: folds 
Supermegopro: folds 
Kristo 914: folds 
Uncalled bet ($1.50) returned to SeEevg
SeEevg collected $2.50 from pot
SeEevg: doesn't show hand 
EAroca leaves the table
*** SUMMARY ***
Total pot $2.50 | Rake $0 
Seat 3: janarr5
Seat 5: EAroca
Seat 1: SeEevg collected ($2.50)
Seat 2: JoeBlack_MS (button) folded before Flop (didn't bet)
Seat 4: Supermegopro (small blind) folded before Flop
Seat 6: Kristo 914 (big blind) folded before Flop



PokerStars Hand #254428738413:  Hold'em No Limit ($0.50/$1.00 USD) - 2025/01/18 9:36:40 WET [2025/01/18 4:36:40 ET]
Table 'Ilona III' 6-max Seat #4 is the button
Seat 3: janarr5 ($122.02 in chips) is sitting out
Seat 1: SeEevg ($148.28 in chips) 
Seat 2: JoeBlack_MS ($100.90 in chips) 
Seat 4: Supermegopro ($101 in chips) 
Seat 6: Kristo 914 ($204.47 in chips) 
Kristo 914: posts small blind $0.50
SeEevg: posts big blind $1
*** HOLE CARDS ***
JoeBlack_MS: folds 
Supermegopro: raises $1.50 to $2.50
Kristo 914: folds 
SeEevg: calls $1.50
*** FLOP *** [Qh 2s 8d]
SeEevg: checks 
Supermegopro: checks 
*** TURN *** [Qh 2s 8d] [Ts]
SeEevg: checks 
Supermegopro: checks 
*** RIVER *** [Qh 2s 8d Ts] [7d]
SeEevg: bets $3.92
Supermegopro: calls $3.92
*** SHOW DOWN ***
SeEevg: shows [Qd 6d] (a pair of Queens)
Supermegopro: mucks hand 
SeEevg collected $12.67 from pot
*** SUMMARY ***
Total pot $13.34 | Rake $0.67 
Board [Qh 2s 8d Ts 7d]
Seat 3: janarr5
Seat 1: SeEevg (big blind) showed [Qd 6d] and won ($12.67) with a pair of Queens
Seat 2: JoeBlack_MS folded before Flop (didn't bet)
Seat 4: Supermegopro (button) mucked
Seat 6: Kristo 914 (small blind) folded before Flop



PokerStars Hand #254428745818:  Hold'em No Limit ($0.50/$1.00 USD) - 2025/01/18 9:37:49 WET [2025/01/18 4:37:49 ET]
Table 'Ilona III' 6-max Seat #6 is the button
Seat 3: janarr5 ($122.02 in chips) is sitting out
Seat 1: SeEevg ($154.53 in chips) 
Seat 2: JoeBlack_MS ($100.90 in chips) 
Seat 4: Supermegopro ($100 in chips) 
Seat 6: Kristo 914 ($203.97 in chips) 
SeEevg: posts small blind $0.50
JoeBlack_MS: posts big blind $1
*** HOLE CARDS ***
Supermegopro: folds 
Supermegopro leaves the table
Kristo 914: folds 
SeEevg: folds 
Uncalled bet ($0.50) returned to JoeBlack_MS
ilian_ivanov88 joins the table at seat #5 
ilian_ivanov88 is disconnected 
JoeBlack_MS collected $1 from pot
JoeBlack_MS: doesn't show hand 
Kristo 914 leaves the table
*** SUMMARY ***
Total pot $1 | Rake $0 
Seat 3: janarr5
Seat 1: SeEevg (small blind) folded before Flop
Seat 2: JoeBlack_MS (big blind) collected ($1)
Seat 4: Supermegopro folded before Flop (didn't bet)
Seat 6: Kristo 914 (button) folded before Flop (didn't bet)



PokerStars Hand #254428746940:  Hold'em No Limit ($0.50/$1.00 USD) - 2025/01/18 9:37:59 WET [2025/01/18 4:37:59 ET]
Table 'Ilona III' 6-max Seat #1 is the button
Seat 3: janarr5 ($122.02 in chips) is sitting out
Seat 1: SeEevg ($154.03 in chips) 
Seat 2: JoeBlack_MS ($101.40 in chips) 
Seat 5: ilian_ivanov88 ($100 in chips) 
JoeBlack_MS: posts small blind $0.50
ilian_ivanov88: posts big blind $1
*** HOLE CARDS ***
blistein joins the table at seat #6 
KeR888 joins the table at seat #4 
SeEevg: raises $1.50 to $2.50
JoeBlack_MS: folds 
ilian_ivanov88: calls $1.50
*** FLOP *** [5s 6c Ah]
ilian_ivanov88: checks 
SeEevg: checks 
*** TURN *** [5s 6c Ah] [4h]
ilian_ivanov88: checks 
SeEevg: checks 
*** RIVER *** [5s 6c Ah 4h] [4d]
ilian_ivanov88: checks 
SeEevg: checks 
*** SHOW DOWN ***
ilian_ivanov88: shows [3s Ks] (a pair of Fours)
SeEevg: mucks hand 
ilian_ivanov88 collected $5.22 from pot
janarr5 leaves the table
*** SUMMARY ***
Total pot $5.50 | Rake $0.28 
Board [5s 6c Ah 4h 4d]
Seat 3: janarr5
Seat 1: SeEevg (button) mucked
Seat 2: JoeBlack_MS (small blind) folded before Flop
Seat 5: ilian_ivanov88 (big blind) showed [3s Ks] and won ($5.22) with a pair of Fours



PokerStars Hand #254428750466:  Hold'em No Limit ($0.50/$1.00 USD) - 2025/01/18 9:38:32 WET [2025/01/18 4:38:32 ET]
Table 'Ilona III' 6-max Seat #2 is the button
Seat 4: KeR888 ($106.40 in chips) is sitting out
Seat 1: SeEevg ($151.53 in chips) 
Seat 2: JoeBlack_MS ($100.90 in chips) 
Seat 5: ilian_ivanov88 ($102.72 in chips) 
Seat 6: blistein ($100 in chips) 
ilian_ivanov88: posts small blind $0.50
blistein: posts big blind $1
*** HOLE CARDS ***
SeEevg: folds 
JoeBlack_MS: folds 
ilian_ivanov88: folds 
Uncalled bet ($0.50) returned to blistein
blistein collected $1 from pot
blistein: doesn't show hand 
*** SUMMARY ***
Total pot $1 | Rake $0 
Seat 4: KeR888
Seat 1: SeEevg folded before Flop (didn't bet)
Seat 2: JoeBlack_MS (button) folded before Flop (didn't bet)
Seat 5: ilian_ivanov88 (small blind) folded before Flop
Seat 6: blistein (big blind) collected ($1)



PokerStars Hand #254428751431:  Hold'em No Limit ($0.50/$1.00 USD) - 2025/01/18 9:38:41 WET [2025/01/18 4:38:41 ET]
Table 'Ilona III' 6-max Seat #5 is the button
Seat 1: SeEevg ($151.53 in chips) is sitting out
Seat 4: KeR888 ($106.40 in chips) is sitting out
Seat 2: JoeBlack_MS ($100.90 in chips) 
Seat 5: ilian_ivanov88 ($102.22 in chips) 
Seat 6: blistein ($100.50 in chips) 
blistein: posts small blind $0.50
Supermegopro joins the table at seat #3 
SeEevg: is sitting out 
JoeBlack_MS: posts big blind $1
KeR888: sits out 
*** HOLE CARDS ***
ilian_ivanov88: folds 
SeEevg leaves the table
blistein: raises $2 to $3
janarr5 joins the table at seat #1 
JoeBlack_MS: folds 
Uncalled bet ($2) returned to blistein
blistein collected $2 from pot
blistein: doesn't show hand 
*** SUMMARY ***
Total pot $2 | Rake $0 
Seat 1: SeEevg
Seat 4: KeR888
Seat 2: JoeBlack_MS (big blind) folded before Flop
Seat 5: ilian_ivanov88 (button) folded before Flop (didn't bet)
Seat 6: blistein (small blind) collected ($2)



PokerStars Hand #254428753446:  Hold'em No Limit ($0.50/$1.00 USD) - 2025/01/18 9:39:01 WET [2025/01/18 4:39:01 ET]
Table 'Ilona III' 6-max Seat #6 is the button
Seat 1: janarr5 ($122.02 in chips) is sitting out
Seat 4: KeR888 ($106.40 in chips) is sitting out
Seat 2: JoeBlack_MS ($100 in chips) 
Seat 3: Supermegopro ($100 in chips) 
Seat 5: ilian_ivanov88 ($102.22 in chips) 
Seat 6: blistein ($101.50 in chips) 
JoeBlack_MS: posts small blind $0.50
Supermegopro: posts big blind $1
KeR888: sits out 
*** HOLE CARDS ***
ilian_ivanov88: folds 
blistein: raises $1.50 to $2.50
JoeBlack_MS: folds 
Supermegopro: folds 
Uncalled bet ($1.50) returned to blistein
blistein collected $2.50 from pot
blistein: doesn't show hand 
*** SUMMARY ***
Total pot $2.50 | Rake $0 
Seat 1: janarr5
Seat 4: KeR888
Seat 2: JoeBlack_MS (small blind) folded before Flop
Seat 3: Supermegopro (big blind) folded before Flop
Seat 5: ilian_ivanov88 folded before Flop (didn't bet)
Seat 6: blistein (button) collected ($2.50)



PokerStars Hand #254428756268:  Hold'em No Limit ($0.50/$1.00 USD) - 2025/01/18 9:39:27 WET [2025/01/18 4:39:27 ET]
Table 'Ilona III' 6-max Seat #2 is the button
Seat 1: janarr5 ($122.02 in chips) is sitting out
Seat 2: JoeBlack_MS ($100 in chips) 
Seat 3: Supermegopro ($100 in chips) 
Seat 4: KeR888 ($106.40 in chips) 
Seat 5: ilian_ivanov88 ($102.22 in chips) 
Seat 6: blistein ($103 in chips) 
Supermegopro: posts small blind $0.50
KeR888: posts big blind $1
janarr5: sits out 
*** HOLE CARDS ***
ilian_ivanov88: folds 
blistein: folds 
JoeBlack_MS: folds 
Supermegopro: raises $2 to $3
KeR888: folds 
Uncalled bet ($2) returned to Supermegopro
Supermegopro collected $2 from pot
Supermegopro: doesn't show hand 
*** SUMMARY ***
Total pot $2 | Rake $0 
Seat 1: janarr5
Seat 2: JoeBlack_MS (button) folded before Flop (didn't bet)
Seat 3: Supermegopro (small blind) collected ($2)
Seat 4: KeR888 (big blind) folded before Flop
Seat 5: ilian_ivanov88 folded before Flop (didn't bet)
Seat 6: blistein folded before Flop (didn't bet)



PokerStars Hand #254428758716:  Hold'em No Limit ($0.50/$1.00 USD) - 2025/01/18 9:39:51 WET [2025/01/18 4:39:51 ET]
Table 'Ilona III' 6-max Seat #3 is the button
Seat 1: janarr5 ($122.02 in chips) is sitting out
Seat 2: JoeBlack_MS ($100 in chips) 
Seat 3: Supermegopro ($101 in chips) 
Seat 4: KeR888 ($105.40 in chips) 
Seat 5: ilian_ivanov88 ($102.22 in chips) 
Seat 6: blistein ($103 in chips) 
KeR888: posts small blind $0.50
ilian_ivanov88: posts big blind $1
janarr5: sits out 
*** HOLE CARDS ***
blistein: raises $1.20 to $2.20
JoeBlack_MS: folds 
Supermegopro: folds 
KeR888: folds 
ilian_ivanov88: calls $1.20
*** FLOP *** [9c 8h 2d]
ilian_ivanov88: checks 
blistein: bets $3.50
ilian_ivanov88: calls $3.50
*** TURN *** [9c 8h 2d] [7c]
ilian_ivanov88: checks 
blistein: bets $8.48
ilian_ivanov88: folds 
Uncalled bet ($8.48) returned to blistein
blistein collected $11.30 from pot
blistein: doesn't show hand 
*** SUMMARY ***
Total pot $11.90 | Rake $0.60 
Board [9c 8h 2d 7c]
Seat 1: janarr5
Seat 2: JoeBlack_MS folded before Flop (didn't bet)
Seat 3: Supermegopro (button) folded before Flop (didn't bet)
Seat 4: KeR888 (small blind) folded before Flop
Seat 5: ilian_ivanov88 (big blind) folded on the Turn
Seat 6: blistein collected ($11.30)



PokerStars Hand #254428764023:  Hold'em No Limit ($0.50/$1.00 USD) - 2025/01/18 9:40:40 WET [2025/01/18 4:40:40 ET]
Table 'Ilona III' 6-max Seat #4 is the button
Seat 1: janarr5 ($122.02 in chips) is sitting out
Seat 2: JoeBlack_MS ($100 in chips) 
Seat 3: Supermegopro ($101 in chips) 
Seat 4: KeR888 ($104.90 in chips) 
Seat 5: ilian_ivanov88 ($96.52 in chips) 
Seat 6: blistein ($108.60 in chips) 
ilian_ivanov88: posts small blind $0.50
blistein: posts big blind $1
janarr5: sits out 
*** HOLE CARDS ***
JoeBlack_MS: folds 
Supermegopro: raises $1.50 to $2.50
KeR888: folds 
ilian_ivanov88: folds 
blistein: calls $1.50
*** FLOP *** [3s Ts Jc]
blistein: checks 
Supermegopro: checks 
*** TURN *** [3s Ts Jc] [7d]
blistein: checks 
Supermegopro: checks 
*** RIVER *** [3s Ts Jc 7d] [4d]
blistein: checks 
Supermegopro: checks 
*** SHOW DOWN ***
blistein: shows [6c 6d] (a pair of Sixes)
Supermegopro: mucks hand 
blistein collected $5.22 from pot
*** SUMMARY ***
Total pot $5.50 | Rake $0.28 
Board [3s Ts Jc 7d 4d]
Seat 1: janarr5
Seat 2: JoeBlack_MS folded before Flop (didn't bet)
Seat 3: Supermegopro mucked
Seat 4: KeR888 (button) folded before Flop (didn't bet)
Seat 5: ilian_ivanov88 (small blind) folded before Flop
Seat 6: blistein (big blind) showed [6c 6d] and won ($5.22) with a pair of Sixes



PokerStars Hand #254428770780:  Hold'em No Limit ($0.50/$1.00 USD) - 2025/01/18 9:41:43 WET [2025/01/18 4:41:43 ET]
Table 'Ilona III' 6-max Seat #5 is the button
Seat 1: janarr5 ($122.02 in chips) 
Seat 2: JoeBlack_MS ($100 in chips) 
Seat 3: Supermegopro ($100 in chips) 
Seat 4: KeR888 ($104.90 in chips) 
Seat 5: ilian_ivanov88 ($96.02 in chips) 
Seat 6: blistein ($111.32 in chips) 
blistein: posts small blind $0.50
janarr5: posts big blind $1
*** HOLE CARDS ***
JoeBlack_MS: folds 
Supermegopro: folds 
KeR888: folds 
ilian_ivanov88: raises $1.50 to $2.50
blistein: raises $9.50 to $12
janarr5: folds 
ilian_ivanov88: folds 
Uncalled bet ($9.50) returned to blistein
blistein collected $6 from pot
blistein: doesn't show hand 
*** SUMMARY ***
Total pot $6 | Rake $0 
Seat 1: janarr5 (big blind) folded before Flop
Seat 2: JoeBlack_MS folded before Flop (didn't bet)
Seat 3: Supermegopro folded before Flop (didn't bet)
Seat 4: KeR888 folded before Flop (didn't bet)
Seat 5: ilian_ivanov88 (button) folded before Flop
Seat 6: blistein (small blind) collected ($6)



PokerStars Hand #254428774847:  Hold'em No Limit ($0.50/$1.00 USD) - 2025/01/18 9:42:20 WET [2025/01/18 4:42:20 ET]
Table 'Ilona III' 6-max Seat #6 is the button
Seat 1: janarr5 ($121.02 in chips) 
Seat 2: JoeBlack_MS ($100 in chips) 
Seat 3: Supermegopro ($100 in chips) 
Seat 4: KeR888 ($104.90 in chips) 
Seat 5: ilian_ivanov88 ($93.52 in chips) 
Seat 6: blistein ($114.82 in chips) 
janarr5: posts small blind $0.50
JoeBlack_MS: posts big blind $1
*** HOLE CARDS ***
Supermegopro: folds 
KeR888: raises $1.50 to $2.50
ilian_ivanov88: calls $2.50
blistein: folds 
janarr5: folds 
JoeBlack_MS: raises $12.50 to $15
KeR888: folds 
ilian_ivanov88 has timed out
ilian_ivanov88: folds 
Uncalled bet ($12.50) returned to JoeBlack_MS
JoeBlack_MS collected $8 from pot
JoeBlack_MS: doesn't show hand 
*** SUMMARY ***
Total pot $8 | Rake $0 
Seat 1: janarr5 (small blind) folded before Flop
Seat 2: JoeBlack_MS (big blind) collected ($8)
Seat 3: Supermegopro folded before Flop (didn't bet)
Seat 4: KeR888 folded before Flop
Seat 5: ilian_ivanov88 folded before Flop
Seat 6: blistein (button) folded before Flop (didn't bet)



PokerStars Hand #254428781462:  Hold'em No Limit ($0.50/$1.00 USD) - 2025/01/18 9:43:21 WET [2025/01/18 4:43:21 ET]
Table 'Ilona III' 6-max Seat #1 is the button
Seat 5: ilian_ivanov88 ($91.02 in chips) is sitting out
Seat 1: janarr5 ($120.52 in chips) 
Seat 2: JoeBlack_MS ($105.50 in chips) 
Seat 3: Supermegopro ($100 in chips) 
Seat 4: KeR888 ($102.40 in chips) 
Seat 6: blistein ($114.82 in chips) 
JoeBlack_MS: posts small blind $0.50
Supermegopro: posts big blind $1
*** HOLE CARDS ***
KeR888: folds 
blistein: folds 
janarr5: folds 
JoeBlack_MS: raises $2 to $3
Supermegopro: folds 
Uncalled bet ($2) returned to JoeBlack_MS
JoeBlack_MS collected $2 from pot
JoeBlack_MS: doesn't show hand 
*** SUMMARY ***
Total pot $2 | Rake $0 
Seat 5: ilian_ivanov88
Seat 1: janarr5 (button) folded before Flop (didn't bet)
Seat 2: JoeBlack_MS (small blind) collected ($2)
Seat 3: Supermegopro (big blind) folded before Flop
Seat 4: KeR888 folded before Flop (didn't bet)
Seat 6: blistein folded before Flop (didn't bet)



PokerStars Hand #254428783417:  Hold'em No Limit ($0.50/$1.00 USD) - 2025/01/18 9:43:39 WET [2025/01/18 4:43:39 ET]
Table 'Ilona III' 6-max Seat #2 is the button
Seat 5: ilian_ivanov88 ($91.02 in chips) is sitting out
Seat 1: janarr5 ($120.52 in chips) 
Seat 2: JoeBlack_MS ($106.50 in chips) 
Seat 3: Supermegopro ($100 in chips) 
Seat 4: KeR888 ($102.40 in chips) 
Seat 6: blistein ($114.82 in chips) 
Supermegopro: posts small blind $0.50
KeR888: posts big blind $1
*** HOLE CARDS ***
blistein: folds 
janarr5: folds 
JoeBlack_MS: raises $1.50 to $2.50
Supermegopro: folds 
KeR888: calls $1.50
*** FLOP *** [5h 2h Kc]
KeR888: checks 
ilian_ivanov88 is disconnected 
JoeBlack_MS: bets $1.57
KeR888: calls $1.57
*** TURN *** [5h 2h Kc] [9s]
KeR888: checks 
JoeBlack_MS: bets $12.32
KeR888: folds 
Uncalled bet ($12.32) returned to JoeBlack_MS
JoeBlack_MS collected $8.21 from pot
JoeBlack_MS: doesn't show hand 
*** SUMMARY ***
Total pot $8.64 | Rake $0.43 
Board [5h 2h Kc 9s]
Seat 5: ilian_ivanov88
Seat 1: janarr5 folded before Flop (didn't bet)
Seat 2: JoeBlack_MS (button) collected ($8.21)
Seat 3: Supermegopro (small blind) folded before Flop
Seat 4: KeR888 (big blind) folded on the Turn
Seat 6: blistein folded before Flop (didn't bet)



PokerStars Hand #254428787945:  Hold'em No Limit ($0.50/$1.00 USD) - 2025/01/18 9:44:21 WET [2025/01/18 4:44:21 ET]
Table 'Ilona III' 6-max Seat #3 is the button
Seat 5: ilian_ivanov88 ($91.02 in chips) is sitting out
Seat 1: janarr5 ($120.52 in chips) 
Seat 2: JoeBlack_MS ($110.64 in chips) 
Seat 3: Supermegopro ($100 in chips) 
Seat 4: KeR888 ($100 in chips) 
Seat 6: blistein ($114.82 in chips) 
KeR888: posts small blind $0.50
blistein: posts big blind $1
*** HOLE CARDS ***
janarr5: folds 
JoeBlack_MS: folds 
Supermegopro: raises $1.50 to $2.50
KeR888: folds 
blistein: folds 
Uncalled bet ($1.50) returned to Supermegopro
Supermegopro collected $2.50 from pot
Supermegopro: doesn't show hand 
*** SUMMARY ***
Total pot $2.50 | Rake $0 
Seat 5: ilian_ivanov88
Seat 1: janarr5 folded before Flop (didn't bet)
Seat 2: JoeBlack_MS folded before Flop (didn't bet)
Seat 3: Supermegopro (button) collected ($2.50)
Seat 4: KeR888 (small blind) folded before Flop
Seat 6: blistein (big blind) folded before Flop



PokerStars Hand #254428789624:  Hold'em No Limit ($0.50/$1.00 USD) - 2025/01/18 9:44:37 WET [2025/01/18 4:44:37 ET]
Table 'Ilona III' 6-max Seat #4 is the button
Seat 5: ilian_ivanov88 ($91.02 in chips) is sitting out
Seat 1: janarr5 ($120.52 in chips) 
Seat 2: JoeBlack_MS ($110.64 in chips) 
Seat 3: Supermegopro ($101.50 in chips) 
Seat 4: KeR888 ($100 in chips) 
Seat 6: blistein ($113.82 in chips) 
blistein: posts small blind $0.50
janarr5: posts big blind $1
*** HOLE CARDS ***
JoeBlack_MS: folds 
Supermegopro: folds 
KeR888: folds 
blistein: raises $2 to $3
janarr5: calls $2
*** FLOP *** [5s 8c 3s]
blistein: checks 
janarr5: checks 
*** TURN *** [5s 8c 3s] [Kc]
blistein: bets $9.97
janarr5: folds 
Uncalled bet ($9.97) returned to blistein
blistein collected $5.70 from pot
blistein: doesn't show hand 
*** SUMMARY ***
Total pot $6 | Rake $0.30 
Board [5s 8c 3s Kc]
Seat 5: ilian_ivanov88
Seat 1: janarr5 (big blind) folded on the Turn
Seat 2: JoeBlack_MS folded before Flop (didn't bet)
Seat 3: Supermegopro folded before Flop (didn't bet)
Seat 4: KeR888 (button) folded before Flop (didn't bet)
Seat 6: blistein (small blind) collected ($5.70)



PokerStars Hand #254428795875:  Hold'em No Limit ($0.50/$1.00 USD) - 2025/01/18 9:45:33 WET [2025/01/18 4:45:33 ET]
Table 'Ilona III' 6-max Seat #6 is the button
Seat 5: ilian_ivanov88 ($91.02 in chips) is sitting out
Seat 1: janarr5 ($117.52 in chips) 
Seat 2: JoeBlack_MS ($110.64 in chips) 
Seat 3: Supermegopro ($101.50 in chips) 
Seat 4: KeR888 ($100 in chips) 
Seat 6: blistein ($116.52 in chips) 
janarr5: posts small blind $0.50
JoeBlack_MS: posts big blind $1
*** HOLE CARDS ***
Supermegopro: folds 
KeR888: folds 
blistein: folds 
janarr5: raises $2 to $3
JoeBlack_MS: folds 
Uncalled bet ($2) returned to janarr5
janarr5 collected $2 from pot
janarr5: doesn't show hand 
*** SUMMARY ***
Total pot $2 | Rake $0 
Seat 5: ilian_ivanov88
Seat 1: janarr5 (small blind) collected ($2)
Seat 2: JoeBlack_MS (big blind) folded before Flop
Seat 3: Supermegopro folded before Flop (didn't bet)
Seat 4: KeR888 folded before Flop (didn't bet)
Seat 6: blistein (button) folded before Flop (didn't bet)



PokerStars Hand #254428797616:  Hold'em No Limit ($0.50/$1.00 USD) - 2025/01/18 9:45:49 WET [2025/01/18 4:45:49 ET]
Table 'Ilona III' 6-max Seat #1 is the button
Seat 3: Supermegopro ($101.50 in chips) is sitting out
Seat 5: ilian_ivanov88 ($91.02 in chips) is sitting out
Seat 1: janarr5 ($118.52 in chips) 
Seat 2: JoeBlack_MS ($109.64 in chips) 
Seat 4: KeR888 ($100 in chips) 
Seat 6: blistein ($116.52 in chips) 
JoeBlack_MS: posts small blind $0.50
Supermegopro: is sitting out 
KeR888: posts big blind $1
*** HOLE CARDS ***
Supermegopro leaves the table
blistein: raises $1.30 to $2.30
janarr5: folds 
JoeBlack_MS: folds 
KeR888: calls $1.30
*** FLOP *** [6c 2c Ad]
KeR888: checks 
blistein: bets $1.65
KeR888: folds 
Uncalled bet ($1.65) returned to blistein
blistein collected $4.84 from pot
blistein: doesn't show hand 
*** SUMMARY ***
Total pot $5.10 | Rake $0.26 
Board [6c 2c Ad]
Seat 3: Supermegopro
Seat 5: ilian_ivanov88
Seat 1: janarr5 (button) folded before Flop (didn't bet)
Seat 2: JoeBlack_MS (small blind) folded before Flop
Seat 4: KeR888 (big blind) folded on the Flop
Seat 6: blistein collected ($4.84)



PokerStars Hand #254428800835:  Hold'em No Limit ($0.50/$1.00 USD) - 2025/01/18 9:46:17 WET [2025/01/18 4:46:17 ET]
Table 'Ilona III' 6-max Seat #2 is the button
Seat 5: ilian_ivanov88 ($91.02 in chips) is sitting out
Seat 1: janarr5 ($118.52 in chips) 
Seat 2: JoeBlack_MS ($109.14 in chips) 
Seat 4: KeR888 ($100 in chips) 
Seat 6: blistein ($119.06 in chips) 
KeR888: posts small blind $0.50
blistein: posts big blind $1
*** HOLE CARDS ***
janarr5: folds 
JoeBlack_MS: folds 
KeR888: folds 
Uncalled bet ($0.50) returned to blistein
blistein collected $1 from pot
blistein: doesn't show hand 
*** SUMMARY ***
Total pot $1 | Rake $0 
Seat 5: ilian_ivanov88
Seat 1: janarr5 folded before Flop (didn't bet)
Seat 2: JoeBlack_MS (button) folded before Flop (didn't bet)
Seat 4: KeR888 (small blind) folded before Flop
Seat 6: blistein (big blind) collected ($1)



PokerStars Hand #254428802856:  Hold'em No Limit ($0.50/$1.00 USD) - 2025/01/18 9:46:35 WET [2025/01/18 4:46:35 ET]
Table 'Ilona III' 6-max Seat #4 is the button
Seat 5: ilian_ivanov88 ($91.02 in chips) is sitting out
Seat 1: janarr5 ($118.52 in chips) 
Seat 2: JoeBlack_MS ($109.14 in chips) 
Seat 4: KeR888 ($100 in chips) 
Seat 6: blistein ($119.56 in chips) 
blistein: posts small blind $0.50
janarr5: posts big blind $1
*** HOLE CARDS ***
JoeBlack_MS: folds 
KeR888: raises $1.50 to $2.50
blistein: raises $9.50 to $12
janarr5: raises $13 to $25
KeR888: folds 
blistein: folds 
Uncalled bet ($13) returned to janarr5
janarr5 collected $26.50 from pot
janarr5: doesn't show hand 
*** SUMMARY ***
Total pot $26.50 | Rake $0 
Seat 5: ilian_ivanov88
Seat 1: janarr5 (big blind) collected ($26.50)
Seat 2: JoeBlack_MS folded before Flop (didn't bet)
Seat 4: KeR888 (button) folded before Flop
Seat 6: blistein (small blind) folded before Flop



PokerStars Hand #254428807471:  Hold'em No Limit ($0.50/$1.00 USD) - 2025/01/18 9:47:17 WET [2025/01/18 4:47:17 ET]
Table 'Ilona III' 6-max Seat #6 is the button
Seat 5: ilian_ivanov88 ($91.02 in chips) is sitting out
Seat 1: janarr5 ($133.02 in chips) 
Seat 2: JoeBlack_MS ($109.14 in chips) 
Seat 4: KeR888 ($100 in chips) 
Seat 6: blistein ($107.56 in chips) 
janarr5: posts small blind $0.50
JoeBlack_MS: posts big blind $1
*** HOLE CARDS ***
KeR888: folds 
blistein: folds 
janarr5: raises $2 to $3
JoeBlack_MS: raises $6 to $9
janarr5: folds 
Uncalled bet ($6) returned to JoeBlack_MS
JoeBlack_MS collected $6 from pot
JoeBlack_MS: doesn't show hand 
*** SUMMARY ***
Total pot $6 | Rake $0 
Seat 5: ilian_ivanov88
Seat 1: janarr5 (small blind) folded before Flop
Seat 2: JoeBlack_MS (big blind) collected ($6)
Seat 4: KeR888 folded before Flop (didn't bet)
Seat 6: blistein (button) folded before Flop (didn't bet)



PokerStars Hand #254428810176:  Hold'em No Limit ($0.50/$1.00 USD) - 2025/01/18 9:47:41 WET [2025/01/18 4:47:41 ET]
Table 'Ilona III' 6-max Seat #1 is the button
Seat 4: KeR888 ($100 in chips) is sitting out
Seat 5: ilian_ivanov88 ($91.02 in chips) is sitting out
Seat 1: janarr5 ($130.02 in chips) 
Seat 2: JoeBlack_MS ($112.14 in chips) 
Seat 6: blistein ($107.56 in chips) 
JoeBlack_MS: posts small blind $0.50
KeR888: is sitting out 
blistein: posts big blind $1
*** HOLE CARDS ***
janarr5: folds 
KeR888 leaves the table
JoeBlack_MS: folds 
Uncalled bet ($0.50) returned to blistein
blistein collected $1 from pot
blistein: doesn't show hand 
*** SUMMARY ***
Total pot $1 | Rake $0 
Seat 4: KeR888
Seat 5: ilian_ivanov88
Seat 1: janarr5 (button) folded before Flop (didn't bet)
Seat 2: JoeBlack_MS (small blind) folded before Flop
Seat 6: blistein (big blind) collected ($1)



PokerStars Hand #254428811358:  Hold'em No Limit ($0.50/$1.00 USD) - 2025/01/18 9:47:52 WET [2025/01/18 4:47:52 ET]
Table 'Ilona III' 6-max Seat #2 is the button
Seat 5: ilian_ivanov88 ($91.02 in chips) is sitting out
Seat 1: janarr5 ($130.02 in chips) 
Seat 2: JoeBlack_MS ($111.64 in chips) 
Seat 6: blistein ($108.06 in chips) 
blistein: posts small blind $0.50
janarr5: posts big blind $1
*** HOLE CARDS ***
JoeBlack_MS: raises $1.50 to $2.50
blistein: raises $9.50 to $12
janarr5: folds 
JoeBlack_MS: folds 
Uncalled bet ($9.50) returned to blistein
blistein collected $6 from pot
blistein: doesn't show hand 
*** SUMMARY ***
Total pot $6 | Rake $0 
Seat 5: ilian_ivanov88
Seat 1: janarr5 (big blind) folded before Flop
Seat 2: JoeBlack_MS (button) folded before Flop
Seat 6: blistein (small blind) collected ($6)



PokerStars Hand #254428813544:  Hold'em No Limit ($0.50/$1.00 USD) - 2025/01/18 9:48:12 WET [2025/01/18 4:48:12 ET]
Table 'Ilona III' 6-max Seat #1 is the button
Seat 2: JoeBlack_MS ($109.14 in chips) is sitting out
Seat 5: ilian_ivanov88 ($91.02 in chips) is sitting out
Seat 1: janarr5 ($129.02 in chips) 
Seat 6: blistein ($111.56 in chips) 
janarr5: posts small blind $0.50
JoeBlack_MS: is sitting out 
blistein: posts big blind $1
*** HOLE CARDS ***
janarr5: raises $1.50 to $2.50
blistein: calls $1.50
*** FLOP *** [9c 4s 7s]
blistein: checks 
janarr5: bets $2.38
blistein: calls $2.38
*** TURN *** [9c 4s 7s] [Ad]
blistein: checks 
janarr5: bets $13.90
blistein: folds 
Uncalled bet ($13.90) returned to janarr5
janarr5 collected $9.27 from pot
ilian_ivanov88 leaves the table
janarr5: doesn't show hand 
*** SUMMARY ***
Total pot $9.76 | Rake $0.49 
Board [9c 4s 7s Ad]
Seat 2: JoeBlack_MS
Seat 5: ilian_ivanov88
Seat 1: janarr5 (button) (small blind) collected ($9.27)
Seat 6: blistein (big blind) folded on the Turn



PokerStars Hand #254428821185:  Hold'em No Limit ($0.50/$1.00 USD) - 2025/01/18 9:49:21 WET [2025/01/18 4:49:21 ET]
Table 'Ilona III' 6-max Seat #6 is the button
Seat 2: JoeBlack_MS ($109.14 in chips) is sitting out
Seat 1: janarr5 ($133.41 in chips) 
Seat 6: blistein ($106.68 in chips) 
blistein: posts small blind $0.50
janarr5: posts big blind $1
*** HOLE CARDS ***
JoeBlack_MS leaves the table
blistein: folds 
Uncalled bet ($0.50) returned to janarr5
janarr5 collected $1 from pot
janarr5: doesn't show hand 
*** SUMMARY ***
Total pot $1 | Rake $0 
Seat 2: JoeBlack_MS
Seat 1: janarr5 (big blind) collected ($1)
Seat 6: blistein (button) (small blind) folded before Flop



