PokerStars Hand #254430455614:  Hold'em No Limit ($0.50/$1.00 USD) - 2025/01/18 13:10:50 WET [2025/01/18 8:10:50 ET]
Table 'Kajam IV' 6-max Seat #4 is the button
Seat 1: Rysiff ($100 in chips) is sitting out
Seat 2: Amara2009 ($42.61 in chips) 
Seat 3: easy_sarcasm ($106.35 in chips) 
Seat 4: Supermegopro ($100 in chips) 
Seat 5: jonyboy1477 ($53.01 in chips) 
Seat 6: raketkasix ($100 in chips) 
jonyboy1477: posts small blind $0.50
raketkasix: posts big blind $1
Rysiff: sits out 
*** HOLE CARDS ***
Amara2009: calls $1
easy_sarcasm: folds 
Supermegopro: raises $2.50 to $3.50
jonyboy1477: calls $3
raketkasix: folds 
Amara2009: calls $2.50
*** FLOP *** [Ah 6d Kh]
jonyboy1477: checks 
Amara2009: checks 
Supermegopro: checks 
*** TURN *** [Ah 6d Kh] [8d]
jonyboy1477: checks 
Amara2009: bets $3.46
Supermegopro: folds 
jonyboy1477: raises $8.92 to $12.38
Amara2009: calls $8.92
*** RIVER *** [Ah 6d Kh 8d] [Qc]
jonyboy1477: checks 
Amara2009: bets $26.73 and is all-in
jonyboy1477: folds 
Uncalled bet ($26.73) returned to Amara2009
Amara2009 collected $34 from pot
*** SUMMARY ***
Total pot $36.26 | Rake $2.26 
Board [Ah 6d Kh 8d Qc]
Seat 1: Rysiff
Seat 2: Amara2009 collected ($34)
Seat 3: easy_sarcasm folded before Flop (didn't bet)
Seat 4: Supermegopro (button) folded on the Turn
Seat 5: jonyboy1477 (small blind) folded on the River
Seat 6: raketkasix (big blind) folded before Flop



PokerStars Hand #254430475333:  Hold'em No Limit ($0.50/$1.00 USD) - 2025/01/18 13:12:44 WET [2025/01/18 8:12:44 ET]
Table 'Kajam IV' 6-max Seat #5 is the button
Seat 1: Rysiff ($100 in chips) 
Seat 2: Amara2009 ($60.73 in chips) 
Seat 3: easy_sarcasm ($106.35 in chips) 
Seat 4: Supermegopro ($100 in chips) 
Seat 5: jonyboy1477 ($37.13 in chips) 
Seat 6: raketkasix ($100 in chips) 
raketkasix: posts small blind $0.50
Rysiff: posts big blind $1
*** HOLE CARDS ***
Amara2009: folds 
easy_sarcasm: folds 
Supermegopro: raises $1.50 to $2.50
jonyboy1477: folds 
raketkasix: folds 
Rysiff: calls $1.50
*** FLOP *** [Kh 4d Ac]
Rysiff: checks 
Supermegopro: checks 
*** TURN *** [Kh 4d Ac] [5h]
Rysiff: bets $4.18
Supermegopro: raises $8.36 to $12.54
Rysiff: folds 
Uncalled bet ($8.36) returned to Supermegopro
Supermegopro collected $13.17 from pot
Supermegopro: doesn't show hand 
*** SUMMARY ***
Total pot $13.86 | Rake $0.69 
Board [Kh 4d Ac 5h]
Seat 1: Rysiff (big blind) folded on the Turn
Seat 2: Amara2009 folded before Flop (didn't bet)
Seat 3: easy_sarcasm folded before Flop (didn't bet)
Seat 4: Supermegopro collected ($13.17)
Seat 5: jonyboy1477 (button) folded before Flop (didn't bet)
Seat 6: raketkasix (small blind) folded before Flop



PokerStars Hand #254430482276:  Hold'em No Limit ($0.50/$1.00 USD) - 2025/01/18 13:13:23 WET [2025/01/18 8:13:23 ET]
Table 'Kajam IV' 6-max Seat #6 is the button
Seat 1: Rysiff ($100 in chips) 
Seat 2: Amara2009 ($60.73 in chips) 
Seat 3: easy_sarcasm ($106.35 in chips) 
Seat 4: Supermegopro ($106.49 in chips) 
Seat 5: jonyboy1477 ($37.13 in chips) 
Seat 6: raketkasix ($100 in chips) 
Rysiff: posts small blind $0.50
Amara2009: posts big blind $1
*** HOLE CARDS ***
easy_sarcasm: folds 
Supermegopro: folds 
jonyboy1477: folds 
raketkasix: folds 
Rysiff: folds 
Uncalled bet ($0.50) returned to Amara2009
Amara2009 collected $1 from pot
*** SUMMARY ***
Total pot $1 | Rake $0 
Seat 1: Rysiff (small blind) folded before Flop
Seat 2: Amara2009 (big blind) collected ($1)
Seat 3: easy_sarcasm folded before Flop (didn't bet)
Seat 4: Supermegopro folded before Flop (didn't bet)
Seat 5: jonyboy1477 folded before Flop (didn't bet)
Seat 6: raketkasix (button) folded before Flop (didn't bet)



PokerStars Hand #254430484652:  Hold'em No Limit ($0.50/$1.00 USD) - 2025/01/18 13:13:37 WET [2025/01/18 8:13:37 ET]
Table 'Kajam IV' 6-max Seat #1 is the button
Seat 1: Rysiff ($100 in chips) 
Seat 2: Amara2009 ($61.23 in chips) 
Seat 3: easy_sarcasm ($106.35 in chips) 
Seat 4: Supermegopro ($106.49 in chips) 
Seat 5: jonyboy1477 ($37.13 in chips) 
Seat 6: raketkasix ($100 in chips) 
Amara2009: posts small blind $0.50
easy_sarcasm: posts big blind $1
*** HOLE CARDS ***
Supermegopro: folds 
jonyboy1477: raises $1 to $2
raketkasix: folds 
Rysiff: folds 
Amara2009: calls $1.50
easy_sarcasm: folds 
*** FLOP *** [Kh 9d Td]
Amara2009: checks 
jonyboy1477: checks 
*** TURN *** [Kh 9d Td] [Ks]
Amara2009: checks 
jonyboy1477: bets $3.38
Amara2009: folds 
Uncalled bet ($3.38) returned to jonyboy1477
jonyboy1477 collected $4.75 from pot
*** SUMMARY ***
Total pot $5 | Rake $0.25 
Board [Kh 9d Td Ks]
Seat 1: Rysiff (button) folded before Flop (didn't bet)
Seat 2: Amara2009 (small blind) folded on the Turn
Seat 3: easy_sarcasm (big blind) folded before Flop
Seat 4: Supermegopro folded before Flop (didn't bet)
Seat 5: jonyboy1477 collected ($4.75)
Seat 6: raketkasix folded before Flop (didn't bet)



PokerStars Hand #254430494402:  Hold'em No Limit ($0.50/$1.00 USD) - 2025/01/18 13:14:32 WET [2025/01/18 8:14:32 ET]
Table 'Kajam IV' 6-max Seat #2 is the button
Seat 1: Rysiff ($100 in chips) 
Seat 2: Amara2009 ($59.23 in chips) 
Seat 3: easy_sarcasm ($105.35 in chips) 
Seat 4: Supermegopro ($106.49 in chips) 
Seat 5: jonyboy1477 ($39.88 in chips) 
Seat 6: raketkasix ($100 in chips) 
easy_sarcasm: posts small blind $0.50
Supermegopro: posts big blind $1
*** HOLE CARDS ***
jonyboy1477: folds 
raketkasix: folds 
Rysiff: folds 
Amara2009: folds 
easy_sarcasm: raises $2 to $3
Supermegopro: calls $2
*** FLOP *** [7s 6d 5s]
easy_sarcasm: bets $2.85
Supermegopro: calls $2.85
*** TURN *** [7s 6d 5s] [6h]
easy_sarcasm: bets $6
Supermegopro: folds 
Uncalled bet ($6) returned to easy_sarcasm
easy_sarcasm collected $11.12 from pot
*** SUMMARY ***
Total pot $11.70 | Rake $0.58 
Board [7s 6d 5s 6h]
Seat 1: Rysiff folded before Flop (didn't bet)
Seat 2: Amara2009 (button) folded before Flop (didn't bet)
Seat 3: easy_sarcasm (small blind) collected ($11.12)
Seat 4: Supermegopro (big blind) folded on the Turn
Seat 5: jonyboy1477 folded before Flop (didn't bet)
Seat 6: raketkasix folded before Flop (didn't bet)



PokerStars Hand #254430502800:  Hold'em No Limit ($0.50/$1.00 USD) - 2025/01/18 13:15:20 WET [2025/01/18 8:15:20 ET]
Table 'Kajam IV' 6-max Seat #3 is the button
Seat 1: Rysiff ($100 in chips) 
Seat 2: Amara2009 ($59.23 in chips) 
Seat 3: easy_sarcasm ($110.62 in chips) 
Seat 4: Supermegopro ($100.64 in chips) 
Seat 5: jonyboy1477 ($39.88 in chips) 
Seat 6: raketkasix ($100 in chips) 
Supermegopro: posts small blind $0.50
jonyboy1477: posts big blind $1
*** HOLE CARDS ***
raketkasix: raises $1.50 to $2.50
Rysiff: folds 
Amara2009: folds 
easy_sarcasm: folds 
Supermegopro: calls $2
jonyboy1477: folds 
*** FLOP *** [Ac Qh 5h]
Supermegopro: checks 
raketkasix: bets $4.28
Supermegopro: calls $4.28
*** TURN *** [Ac Qh 5h] [Kh]
Supermegopro: checks 
raketkasix: checks 
*** RIVER *** [Ac Qh 5h Kh] [2c]
Supermegopro: bets $27.66
raketkasix: folds 
Uncalled bet ($27.66) returned to Supermegopro
Supermegopro collected $13.83 from pot
Supermegopro: doesn't show hand 
*** SUMMARY ***
Total pot $14.56 | Rake $0.73 
Board [Ac Qh 5h Kh 2c]
Seat 1: Rysiff folded before Flop (didn't bet)
Seat 2: Amara2009 folded before Flop (didn't bet)
Seat 3: easy_sarcasm (button) folded before Flop (didn't bet)
Seat 4: Supermegopro (small blind) collected ($13.83)
Seat 5: jonyboy1477 (big blind) folded before Flop
Seat 6: raketkasix folded on the River



PokerStars Hand #254430515736:  Hold'em No Limit ($0.50/$1.00 USD) - 2025/01/18 13:16:33 WET [2025/01/18 8:16:33 ET]
Table 'Kajam IV' 6-max Seat #4 is the button
Seat 1: Rysiff ($100 in chips) 
Seat 2: Amara2009 ($59.23 in chips) 
Seat 3: easy_sarcasm ($110.62 in chips) 
Seat 4: Supermegopro ($107.69 in chips) 
Seat 5: jonyboy1477 ($38.88 in chips) 
Seat 6: raketkasix ($100 in chips) 
jonyboy1477: posts small blind $0.50
raketkasix: posts big blind $1
*** HOLE CARDS ***
Rysiff: raises $1.50 to $2.50
Amara2009: calls $2.50
easy_sarcasm: folds 
Supermegopro: folds 
jonyboy1477: folds 
raketkasix: calls $1.50
*** FLOP *** [Jd Js 3c]
raketkasix: checks 
Rysiff: bets $2.51
Amara2009: calls $2.51
raketkasix: folds 
*** TURN *** [Jd Js 3c] [9h]
Rysiff: bets $12
Amara2009: folds 
Uncalled bet ($12) returned to Rysiff
Rysiff collected $12.37 from pot
Rysiff: doesn't show hand 
*** SUMMARY ***
Total pot $13.02 | Rake $0.65 
Board [Jd Js 3c 9h]
Seat 1: Rysiff collected ($12.37)
Seat 2: Amara2009 folded on the Turn
Seat 3: easy_sarcasm folded before Flop (didn't bet)
Seat 4: Supermegopro (button) folded before Flop (didn't bet)
Seat 5: jonyboy1477 (small blind) folded before Flop
Seat 6: raketkasix (big blind) folded on the Flop



PokerStars Hand #254430524799:  Hold'em No Limit ($0.50/$1.00 USD) - 2025/01/18 13:17:25 WET [2025/01/18 8:17:25 ET]
Table 'Kajam IV' 6-max Seat #5 is the button
Seat 1: Rysiff ($107.36 in chips) 
Seat 2: Amara2009 ($54.22 in chips) 
Seat 3: easy_sarcasm ($110.62 in chips) 
Seat 4: Supermegopro ($107.69 in chips) 
Seat 5: jonyboy1477 ($38.38 in chips) 
Seat 6: raketkasix ($100 in chips) 
raketkasix: posts small blind $0.50
Rysiff: posts big blind $1
*** HOLE CARDS ***
Amara2009: calls $1
easy_sarcasm: folds 
Supermegopro: folds 
jonyboy1477: folds 
raketkasix: calls $0.50
Rysiff: checks 
*** FLOP *** [6d 7d 8d]
raketkasix: checks 
Rysiff: checks 
Amara2009: checks 
*** TURN *** [6d 7d 8d] [2d]
raketkasix: checks 
Rysiff: checks 
Amara2009: checks 
*** RIVER *** [6d 7d 8d 2d] [Kd]
raketkasix: checks 
Rysiff: bets $2.28
Amara2009: folds 
raketkasix: folds 
Uncalled bet ($2.28) returned to Rysiff
Rysiff collected $2.85 from pot
Rysiff: doesn't show hand 
*** SUMMARY ***
Total pot $3 | Rake $0.15 
Board [6d 7d 8d 2d Kd]
Seat 1: Rysiff (big blind) collected ($2.85)
Seat 2: Amara2009 folded on the River
Seat 3: easy_sarcasm folded before Flop (didn't bet)
Seat 4: Supermegopro folded before Flop (didn't bet)
Seat 5: jonyboy1477 (button) folded before Flop (didn't bet)
Seat 6: raketkasix (small blind) folded on the River



PokerStars Hand #254430541019:  Hold'em No Limit ($0.50/$1.00 USD) - 2025/01/18 13:18:55 WET [2025/01/18 8:18:55 ET]
Table 'Kajam IV' 6-max Seat #6 is the button
Seat 1: Rysiff ($109.21 in chips) 
Seat 2: Amara2009 ($53.22 in chips) 
Seat 3: easy_sarcasm ($110.62 in chips) 
Seat 4: Supermegopro ($107.69 in chips) 
Seat 5: jonyboy1477 ($38.38 in chips) 
Seat 6: raketkasix ($100 in chips) 
Rysiff: posts small blind $0.50
Amara2009: posts big blind $1
*** HOLE CARDS ***
easy_sarcasm: folds 
Supermegopro: folds 
jonyboy1477: folds 
raketkasix: folds 
Rysiff: raises $2 to $3
Amara2009: calls $2
*** FLOP *** [Jh 8h Qc]
Rysiff: checks 
Amara2009: bets $2.85
Rysiff: folds 
Uncalled bet ($2.85) returned to Amara2009
Amara2009 collected $5.62 from pot
*** SUMMARY ***
Total pot $6 | Rake $0.38 
Board [Jh 8h Qc]
Seat 1: Rysiff (small blind) folded on the Flop
Seat 2: Amara2009 (big blind) collected ($5.62)
Seat 3: easy_sarcasm folded before Flop (didn't bet)
Seat 4: Supermegopro folded before Flop (didn't bet)
Seat 5: jonyboy1477 folded before Flop (didn't bet)
Seat 6: raketkasix (button) folded before Flop (didn't bet)



PokerStars Hand #254430547566:  Hold'em No Limit ($0.50/$1.00 USD) - 2025/01/18 13:19:31 WET [2025/01/18 8:19:31 ET]
Table 'Kajam IV' 6-max Seat #1 is the button
Seat 1: Rysiff ($106.21 in chips) 
Seat 2: Amara2009 ($55.84 in chips) 
Seat 3: easy_sarcasm ($110.62 in chips) 
Seat 4: Supermegopro ($107.69 in chips) 
Seat 5: jonyboy1477 ($38.38 in chips) 
Seat 6: raketkasix ($100 in chips) 
Amara2009: posts small blind $0.50
easy_sarcasm: posts big blind $1
*** HOLE CARDS ***
Supermegopro: raises $1.50 to $2.50
jonyboy1477: folds 
raketkasix: folds 
Rysiff: folds 
Amara2009: folds 
easy_sarcasm: folds 
Uncalled bet ($1.50) returned to Supermegopro
Supermegopro collected $2.50 from pot
Supermegopro: doesn't show hand 
*** SUMMARY ***
Total pot $2.50 | Rake $0 
Seat 1: Rysiff (button) folded before Flop (didn't bet)
Seat 2: Amara2009 (small blind) folded before Flop
Seat 3: easy_sarcasm (big blind) folded before Flop
Seat 4: Supermegopro collected ($2.50)
Seat 5: jonyboy1477 folded before Flop (didn't bet)
Seat 6: raketkasix folded before Flop (didn't bet)



PokerStars Hand #254430551041:  Hold'em No Limit ($0.50/$1.00 USD) - 2025/01/18 13:19:51 WET [2025/01/18 8:19:51 ET]
Table 'Kajam IV' 6-max Seat #2 is the button
Seat 1: Rysiff ($106.21 in chips) 
Seat 2: Amara2009 ($55.34 in chips) 
Seat 3: easy_sarcasm ($109.62 in chips) 
Seat 4: Supermegopro ($109.19 in chips) 
Seat 5: jonyboy1477 ($38.38 in chips) 
Seat 6: raketkasix ($100 in chips) 
easy_sarcasm: posts small blind $0.50
Supermegopro: posts big blind $1
*** HOLE CARDS ***
jonyboy1477: raises $1 to $2
raketkasix: folds 
Rysiff: folds 
Amara2009: folds 
easy_sarcasm: folds 
Rysiff leaves the table
Supermegopro: calls $1
*** FLOP *** [Ah Ts Js]
Supermegopro: checks 
jonyboy1477: bets $2.14
Supermegopro: folds 
Uncalled bet ($2.14) returned to jonyboy1477
jonyboy1477 collected $4.28 from pot
*** SUMMARY ***
Total pot $4.50 | Rake $0.22 
Board [Ah Ts Js]
Seat 1: Rysiff folded before Flop (didn't bet)
Seat 2: Amara2009 (button) folded before Flop (didn't bet)
Seat 3: easy_sarcasm (small blind) folded before Flop
Seat 4: Supermegopro (big blind) folded on the Flop
Seat 5: jonyboy1477 collected ($4.28)
Seat 6: raketkasix folded before Flop (didn't bet)



PokerStars Hand #254430557693:  Hold'em No Limit ($0.50/$1.00 USD) - 2025/01/18 13:20:29 WET [2025/01/18 8:20:29 ET]
Table 'Kajam IV' 6-max Seat #3 is the button
Seat 2: Amara2009 ($55.34 in chips) 
Seat 3: easy_sarcasm ($109.12 in chips) 
Seat 4: Supermegopro ($107.19 in chips) 
Seat 5: jonyboy1477 ($40.66 in chips) 
Seat 6: raketkasix ($100 in chips) 
Supermegopro: posts small blind $0.50
jonyboy1477: posts big blind $1
*** HOLE CARDS ***
raketkasix: folds 
Amara2009: folds 
easy_sarcasm: raises $1.20 to $2.20
Supermegopro: raises $9.80 to $12
jonyboy1477: folds 
easy_sarcasm: folds 
Uncalled bet ($9.80) returned to Supermegopro
Supermegopro collected $5.40 from pot
Supermegopro: doesn't show hand 
*** SUMMARY ***
Total pot $5.40 | Rake $0 
Seat 2: Amara2009 folded before Flop (didn't bet)
Seat 3: easy_sarcasm (button) folded before Flop
Seat 4: Supermegopro (small blind) collected ($5.40)
Seat 5: jonyboy1477 (big blind) folded before Flop
Seat 6: raketkasix folded before Flop (didn't bet)



PokerStars Hand #254430563016:  Hold'em No Limit ($0.50/$1.00 USD) - 2025/01/18 13:20:58 WET [2025/01/18 8:20:58 ET]
Table 'Kajam IV' 6-max Seat #4 is the button
Seat 2: Amara2009 ($55.34 in chips) 
Seat 3: easy_sarcasm ($106.92 in chips) 
Seat 4: Supermegopro ($110.39 in chips) 
Seat 5: jonyboy1477 ($39.66 in chips) 
Seat 6: raketkasix ($100 in chips) 
jonyboy1477: posts small blind $0.50
raketkasix: posts big blind $1
*** HOLE CARDS ***
Amara2009: folds 
easy_sarcasm: folds 
Supermegopro: folds 
Amara2009 is disconnected 
jonyboy1477: raises $1 to $2
raketkasix: calls $1
*** FLOP *** [7d 4h Jh]
jonyboy1477: bets $1.90
raketkasix: calls $1.90
*** TURN *** [7d 4h Jh] [Td]
jonyboy1477: checks 
Gaita_toien joins the table at seat #1 
raketkasix: checks 
*** RIVER *** [7d 4h Jh Td] [5d]
jonyboy1477: bets $3.71
raketkasix: folds 
Uncalled bet ($3.71) returned to jonyboy1477
jonyboy1477 collected $7.41 from pot
*** SUMMARY ***
Total pot $7.80 | Rake $0.39 
Board [7d 4h Jh Td 5d]
Seat 2: Amara2009 folded before Flop (didn't bet)
Seat 3: easy_sarcasm folded before Flop (didn't bet)
Seat 4: Supermegopro (button) folded before Flop (didn't bet)
Seat 5: jonyboy1477 (small blind) collected ($7.41)
Seat 6: raketkasix (big blind) folded on the River



PokerStars Hand #254430574930:  Hold'em No Limit ($0.50/$1.00 USD) - 2025/01/18 13:22:06 WET [2025/01/18 8:22:06 ET]
Table 'Kajam IV' 6-max Seat #5 is the button
Seat 1: Gaita_toien ($100 in chips) 
Seat 2: Amara2009 ($55.34 in chips) 
Seat 3: easy_sarcasm ($106.92 in chips) 
Seat 4: Supermegopro ($110.39 in chips) 
Seat 5: jonyboy1477 ($43.17 in chips) 
Seat 6: raketkasix ($100 in chips) 
raketkasix: posts small blind $0.50
Gaita_toien: posts big blind $1
*** HOLE CARDS ***
Amara2009 is connected 
Amara2009: folds 
easy_sarcasm: raises $2 to $3
Supermegopro: folds 
jonyboy1477: folds 
raketkasix: folds 
Gaita_toien: folds 
Uncalled bet ($2) returned to easy_sarcasm
easy_sarcasm collected $2.50 from pot
*** SUMMARY ***
Total pot $2.50 | Rake $0 
Seat 1: Gaita_toien (big blind) folded before Flop
Seat 2: Amara2009 folded before Flop (didn't bet)
Seat 3: easy_sarcasm collected ($2.50)
Seat 4: Supermegopro folded before Flop (didn't bet)
Seat 5: jonyboy1477 (button) folded before Flop (didn't bet)
Seat 6: raketkasix (small blind) folded before Flop



PokerStars Hand #254430578884:  Hold'em No Limit ($0.50/$1.00 USD) - 2025/01/18 13:22:27 WET [2025/01/18 8:22:27 ET]
Table 'Kajam IV' 6-max Seat #6 is the button
Seat 1: Gaita_toien ($100 in chips) 
Seat 2: Amara2009 ($55.34 in chips) 
Seat 3: easy_sarcasm ($108.42 in chips) 
Seat 4: Supermegopro ($110.39 in chips) 
Seat 5: jonyboy1477 ($43.17 in chips) 
Seat 6: raketkasix ($100 in chips) 
Gaita_toien: posts small blind $0.50
Amara2009: posts big blind $1
*** HOLE CARDS ***
easy_sarcasm: folds 
Supermegopro: raises $1.50 to $2.50
jonyboy1477: folds 
raketkasix: folds 
Gaita_toien: folds 
Amara2009: folds 
Uncalled bet ($1.50) returned to Supermegopro
Supermegopro collected $2.50 from pot
Supermegopro: doesn't show hand 
*** SUMMARY ***
Total pot $2.50 | Rake $0 
Seat 1: Gaita_toien (small blind) folded before Flop
Seat 2: Amara2009 (big blind) folded before Flop
Seat 3: easy_sarcasm folded before Flop (didn't bet)
Seat 4: Supermegopro collected ($2.50)
Seat 5: jonyboy1477 folded before Flop (didn't bet)
Seat 6: raketkasix (button) folded before Flop (didn't bet)



PokerStars Hand #254430585978:  Hold'em No Limit ($0.50/$1.00 USD) - 2025/01/18 13:23:07 WET [2025/01/18 8:23:07 ET]
Table 'Kajam IV' 6-max Seat #1 is the button
Seat 1: Gaita_toien ($100 in chips) 
Seat 2: Amara2009 ($54.34 in chips) 
Seat 3: easy_sarcasm ($108.42 in chips) 
Seat 4: Supermegopro ($111.89 in chips) 
Seat 5: jonyboy1477 ($43.17 in chips) 
Seat 6: raketkasix ($100 in chips) 
Amara2009: posts small blind $0.50
easy_sarcasm: posts big blind $1
*** HOLE CARDS ***
Supermegopro: folds 
jonyboy1477: folds 
raketkasix: folds 
Gaita_toien: raises $1.50 to $2.50
Amara2009: folds 
easy_sarcasm: raises $8.50 to $11
Gaita_toien: folds 
Uncalled bet ($8.50) returned to easy_sarcasm
easy_sarcasm collected $5.50 from pot
*** SUMMARY ***
Total pot $5.50 | Rake $0 
Seat 1: Gaita_toien (button) folded before Flop
Seat 2: Amara2009 (small blind) folded before Flop
Seat 3: easy_sarcasm (big blind) collected ($5.50)
Seat 4: Supermegopro folded before Flop (didn't bet)
Seat 5: jonyboy1477 folded before Flop (didn't bet)
Seat 6: raketkasix folded before Flop (didn't bet)



PokerStars Hand #254430594904:  Hold'em No Limit ($0.50/$1.00 USD) - 2025/01/18 13:23:56 WET [2025/01/18 8:23:56 ET]
Table 'Kajam IV' 6-max Seat #2 is the button
Seat 1: Gaita_toien ($100 in chips) 
Seat 2: Amara2009 ($53.84 in chips) 
Seat 3: easy_sarcasm ($111.42 in chips) 
Seat 4: Supermegopro ($111.89 in chips) 
Seat 5: jonyboy1477 ($43.17 in chips) 
Seat 6: raketkasix ($100 in chips) 
easy_sarcasm: posts small blind $0.50
Supermegopro: posts big blind $1
*** HOLE CARDS ***
jonyboy1477: folds 
raketkasix: folds 
Gaita_toien: folds 
Amara2009: calls $1
easy_sarcasm: raises $3.50 to $4.50
Supermegopro: calls $3.50
Amara2009: folds 
*** FLOP *** [5s 7s As]
easy_sarcasm: bets $4
Supermegopro: folds 
Uncalled bet ($4) returned to easy_sarcasm
easy_sarcasm collected $9.50 from pot
*** SUMMARY ***
Total pot $10 | Rake $0.50 
Board [5s 7s As]
Seat 1: Gaita_toien folded before Flop (didn't bet)
Seat 2: Amara2009 (button) folded before Flop
Seat 3: easy_sarcasm (small blind) collected ($9.50)
Seat 4: Supermegopro (big blind) folded on the Flop
Seat 5: jonyboy1477 folded before Flop (didn't bet)
Seat 6: raketkasix folded before Flop (didn't bet)



PokerStars Hand #254430600732:  Hold'em No Limit ($0.50/$1.00 USD) - 2025/01/18 13:24:29 WET [2025/01/18 8:24:29 ET]
Table 'Kajam IV' 6-max Seat #3 is the button
Seat 1: Gaita_toien ($100 in chips) 
Seat 2: Amara2009 ($52.84 in chips) 
Seat 3: easy_sarcasm ($116.42 in chips) 
Seat 4: Supermegopro ($107.39 in chips) 
Seat 5: jonyboy1477 ($43.17 in chips) 
Seat 6: raketkasix ($100 in chips) 
Supermegopro: posts small blind $0.50
jonyboy1477: posts big blind $1
*** HOLE CARDS ***
raketkasix: folds 
Gaita_toien: raises $1.20 to $2.20
Amara2009: calls $2.20
easy_sarcasm: folds 
Supermegopro: calls $1.70
jonyboy1477: calls $1.20
*** FLOP *** [Qs 3h 6d]
Supermegopro: checks 
jonyboy1477: checks 
Gaita_toien: checks 
Amara2009: checks 
*** TURN *** [Qs 3h 6d] [2c]
Supermegopro: bets $5.57
jonyboy1477: folds 
Gaita_toien: folds 
Amara2009: calls $5.57
*** RIVER *** [Qs 3h 6d 2c] [Tc]
Supermegopro: bets $6.25
Amara2009: raises $8.25 to $14.50
Supermegopro: calls $8.25
*** SHOW DOWN ***
Amara2009: shows [Ah Qh] (a pair of Queens)
Supermegopro: mucks hand 
Amara2009 collected $45.88 from pot
*** SUMMARY ***
Total pot $48.94 | Rake $3.06 
Board [Qs 3h 6d 2c Tc]
Seat 1: Gaita_toien folded on the Turn
Seat 2: Amara2009 showed [Ah Qh] and won ($45.88) with a pair of Queens
Seat 3: easy_sarcasm (button) folded before Flop (didn't bet)
Seat 4: Supermegopro (small blind) mucked
Seat 5: jonyboy1477 (big blind) folded on the Turn
Seat 6: raketkasix folded before Flop (didn't bet)



PokerStars Hand #254430616093:  Hold'em No Limit ($0.50/$1.00 USD) - 2025/01/18 13:25:55 WET [2025/01/18 8:25:55 ET]
Table 'Kajam IV' 6-max Seat #4 is the button
Seat 1: Gaita_toien ($100 in chips) 
Seat 2: Amara2009 ($76.45 in chips) 
Seat 3: easy_sarcasm ($116.42 in chips) 
Seat 4: Supermegopro ($100 in chips) 
Seat 5: jonyboy1477 ($40.97 in chips) 
Seat 6: raketkasix ($100 in chips) 
jonyboy1477: posts small blind $0.50
raketkasix: posts big blind $1
*** HOLE CARDS ***
Gaita_toien: folds 
Amara2009: folds 
easy_sarcasm: folds 
Supermegopro: folds 
jonyboy1477: folds 
Uncalled bet ($0.50) returned to raketkasix
raketkasix collected $1 from pot
raketkasix: doesn't show hand 
*** SUMMARY ***
Total pot $1 | Rake $0 
Seat 1: Gaita_toien folded before Flop (didn't bet)
Seat 2: Amara2009 folded before Flop (didn't bet)
Seat 3: easy_sarcasm folded before Flop (didn't bet)
Seat 4: Supermegopro (button) folded before Flop (didn't bet)
Seat 5: jonyboy1477 (small blind) folded before Flop
Seat 6: raketkasix (big blind) collected ($1)



PokerStars Hand #254430619377:  Hold'em No Limit ($0.50/$1.00 USD) - 2025/01/18 13:26:13 WET [2025/01/18 8:26:13 ET]
Table 'Kajam IV' 6-max Seat #5 is the button
Seat 1: Gaita_toien ($100 in chips) 
Seat 2: Amara2009 ($76.45 in chips) 
Seat 3: easy_sarcasm ($116.42 in chips) 
Seat 4: Supermegopro ($100 in chips) 
Seat 5: jonyboy1477 ($40.47 in chips) 
Seat 6: raketkasix ($100.50 in chips) 
raketkasix: posts small blind $0.50
Gaita_toien: posts big blind $1
*** HOLE CARDS ***
Amara2009: folds 
easy_sarcasm: folds 
Supermegopro: raises $1.50 to $2.50
jonyboy1477: folds 
raketkasix: folds 
Gaita_toien: folds 
Uncalled bet ($1.50) returned to Supermegopro
Supermegopro collected $2.50 from pot
Supermegopro: doesn't show hand 
*** SUMMARY ***
Total pot $2.50 | Rake $0 
Seat 1: Gaita_toien (big blind) folded before Flop
Seat 2: Amara2009 folded before Flop (didn't bet)
Seat 3: easy_sarcasm folded before Flop (didn't bet)
Seat 4: Supermegopro collected ($2.50)
Seat 5: jonyboy1477 (button) folded before Flop (didn't bet)
Seat 6: raketkasix (small blind) folded before Flop



PokerStars Hand #254430624093:  Hold'em No Limit ($0.50/$1.00 USD) - 2025/01/18 13:26:40 WET [2025/01/18 8:26:40 ET]
Table 'Kajam IV' 6-max Seat #6 is the button
Seat 1: Gaita_toien ($100 in chips) 
Seat 2: Amara2009 ($76.45 in chips) 
Seat 3: easy_sarcasm ($116.42 in chips) 
Seat 4: Supermegopro ($101.50 in chips) 
Seat 5: jonyboy1477 ($40.47 in chips) 
Seat 6: raketkasix ($100 in chips) 
Gaita_toien: posts small blind $0.50
Amara2009: posts big blind $1
*** HOLE CARDS ***
easy_sarcasm: raises $2 to $3
Supermegopro: folds 
jonyboy1477: folds 
raketkasix: calls $3
Gaita_toien: folds 
Amara2009: calls $2
*** FLOP *** [Kc 6s Jh]
Amara2009: checks 
easy_sarcasm: checks 
raketkasix: bets $4.51
Amara2009: folds 
easy_sarcasm: calls $4.51
*** TURN *** [Kc 6s Jh] [8d]
easy_sarcasm: checks 
raketkasix: checks 
*** RIVER *** [Kc 6s Jh 8d] [5d]
Amara2009 is disconnected 
easy_sarcasm: checks 
raketkasix: checks 
*** SHOW DOWN ***
easy_sarcasm: shows [Ac Jd] (a pair of Jacks)
raketkasix: mucks hand 
easy_sarcasm collected $17.59 from pot
*** SUMMARY ***
Total pot $18.52 | Rake $0.93 
Board [Kc 6s Jh 8d 5d]
Seat 1: Gaita_toien (small blind) folded before Flop
Seat 2: Amara2009 (big blind) folded on the Flop
Seat 3: easy_sarcasm showed [Ac Jd] and won ($17.59) with a pair of Jacks
Seat 4: Supermegopro folded before Flop (didn't bet)
Seat 5: jonyboy1477 folded before Flop (didn't bet)
Seat 6: raketkasix (button) mucked



PokerStars Hand #254430639964:  Hold'em No Limit ($0.50/$1.00 USD) - 2025/01/18 13:28:09 WET [2025/01/18 8:28:09 ET]
Table 'Kajam IV' 6-max Seat #1 is the button
Seat 2: Amara2009 ($73.45 in chips) is sitting out
Seat 1: Gaita_toien ($100 in chips) 
Seat 3: easy_sarcasm ($126.50 in chips) 
Seat 4: Supermegopro ($101.50 in chips) 
Seat 5: jonyboy1477 ($40.47 in chips) 
Seat 6: raketkasix ($100 in chips) 
Amara2009 has timed out while disconnected
Amara2009: is sitting out 
easy_sarcasm: posts small blind $0.50
Supermegopro: posts big blind $1
*** HOLE CARDS ***
jonyboy1477: folds 
raketkasix: folds 
Gaita_toien: raises $1.50 to $2.50
easy_sarcasm: folds 
Supermegopro: raises $9.50 to $12
Gaita_toien: folds 
Uncalled bet ($9.50) returned to Supermegopro
Supermegopro collected $5.50 from pot
Supermegopro: doesn't show hand 
*** SUMMARY ***
Total pot $5.50 | Rake $0 
Seat 2: Amara2009
Seat 1: Gaita_toien (button) folded before Flop
Seat 3: easy_sarcasm (small blind) folded before Flop
Seat 4: Supermegopro (big blind) collected ($5.50)
Seat 5: jonyboy1477 folded before Flop (didn't bet)
Seat 6: raketkasix folded before Flop (didn't bet)



PokerStars Hand #254430646850:  Hold'em No Limit ($0.50/$1.00 USD) - 2025/01/18 13:28:46 WET [2025/01/18 8:28:46 ET]
Table 'Kajam IV' 6-max Seat #3 is the button
Seat 2: Amara2009 ($73.45 in chips) is sitting out
Seat 1: Gaita_toien ($100 in chips) 
Seat 3: easy_sarcasm ($126 in chips) 
Seat 4: Supermegopro ($104.50 in chips) 
Seat 5: jonyboy1477 ($40.47 in chips) 
Seat 6: raketkasix ($100 in chips) 
Supermegopro: posts small blind $0.50
jonyboy1477: posts big blind $1
*** HOLE CARDS ***
raketkasix: folds 
Gaita_toien: raises $1.20 to $2.20
easy_sarcasm: folds 
Supermegopro: folds 
jonyboy1477: calls $1.20
*** FLOP *** [5h 6c 3s]
jonyboy1477: bets $2.33
Gaita_toien: calls $2.33
*** TURN *** [5h 6c 3s] [3d]
jonyboy1477: bets $5
Gaita_toien: calls $5
*** RIVER *** [5h 6c 3s 3d] [9s]
jonyboy1477: checks 
Gaita_toien: bets $15.98
jonyboy1477: raises $14.96 to $30.94 and is all-in
Gaita_toien: calls $14.96
*** SHOW DOWN ***
jonyboy1477: shows [6h Ac] (two pair, Sixes and Threes)
Gaita_toien: shows [Jh Jd] (two pair, Jacks and Threes)
Gaita_toien collected $78.94 from pot
*** SUMMARY ***
Total pot $81.44 | Rake $2.50 
Board [5h 6c 3s 3d 9s]
Seat 2: Amara2009
Seat 1: Gaita_toien showed [Jh Jd] and won ($78.94) with two pair, Jacks and Threes
Seat 3: easy_sarcasm (button) folded before Flop (didn't bet)
Seat 4: Supermegopro (small blind) folded before Flop
Seat 5: jonyboy1477 (big blind) showed [6h Ac] and lost with two pair, Sixes and Threes
Seat 6: raketkasix folded before Flop (didn't bet)



PokerStars Hand #254430663784:  Hold'em No Limit ($0.50/$1.00 USD) - 2025/01/18 13:30:20 WET [2025/01/18 8:30:20 ET]
Table 'Kajam IV' 6-max Seat #4 is the button
Seat 5: jonyboy1477 ($0 in chips) is sitting out
Seat 1: Gaita_toien ($138.47 in chips) 
Seat 2: Amara2009 ($73.45 in chips) 
Seat 3: easy_sarcasm ($126 in chips) 
Seat 4: Supermegopro ($104 in chips) 
Seat 6: raketkasix ($100 in chips) 
raketkasix: posts small blind $0.50
Gaita_toien: posts big blind $1
Amara2009: posts small blind $0.50
*** HOLE CARDS ***
Amara2009: calls $1
easy_sarcasm: folds 
Supermegopro: folds 
raketkasix: folds 
Gaita_toien: raises $6 to $7
jonyboy1477 leaves the table
Amara2009: calls $6
*** FLOP *** [3d 9s 5h]
Gaita_toien: bets $5
Amara2009: calls $5
*** TURN *** [3d 9s 5h] [Ts]
Gaita_toien: bets $23
Mr_Dick666 joins the table at seat #5 
Amara2009: folds 
Uncalled bet ($23) returned to Gaita_toien
Gaita_toien collected $23.75 from pot
Gaita_toien: doesn't show hand 
*** SUMMARY ***
Total pot $25 | Rake $1.25 
Board [3d 9s 5h Ts]
Seat 5: jonyboy1477
Seat 1: Gaita_toien (big blind) collected ($23.75)
Seat 2: Amara2009 folded on the Turn
Seat 3: easy_sarcasm folded before Flop (didn't bet)
Seat 4: Supermegopro (button) folded before Flop (didn't bet)
Seat 6: raketkasix (small blind) folded before Flop



PokerStars Hand #254430676439:  Hold'em No Limit ($0.50/$1.00 USD) - 2025/01/18 13:31:28 WET [2025/01/18 8:31:28 ET]
Table 'Kajam IV' 6-max Seat #6 is the button
Seat 5: Mr_Dick666 ($100 in chips) is sitting out
Seat 1: Gaita_toien ($150.22 in chips) 
Seat 2: Amara2009 ($60.95 in chips) 
Seat 3: easy_sarcasm ($126 in chips) 
Seat 4: Supermegopro ($104 in chips) 
Seat 6: raketkasix ($100 in chips) 
Gaita_toien: posts small blind $0.50
Amara2009: posts big blind $1
Mr_Dick666: sits out 
*** HOLE CARDS ***
easy_sarcasm: folds 
Supermegopro: raises $1.50 to $2.50
raketkasix: folds 
Gaita_toien: folds 
Amara2009: calls $1.50
*** FLOP *** [9d 6c 5d]
Amara2009: checks 
Supermegopro: bets $2
Amara2009: calls $2
*** TURN *** [9d 6c 5d] [Ts]
Amara2009: checks 
Supermegopro: bets $5.01
Amara2009: calls $5.01
*** RIVER *** [9d 6c 5d Ts] [4h]
Amara2009: checks 
Supermegopro: checks 
*** SHOW DOWN ***
Amara2009: shows [6d Qd] (a pair of Sixes)
Supermegopro: shows [Jh 9s] (a pair of Nines)
Supermegopro collected $18.54 from pot
*** SUMMARY ***
Total pot $19.52 | Rake $0.98 
Board [9d 6c 5d Ts 4h]
Seat 5: Mr_Dick666
Seat 1: Gaita_toien (small blind) folded before Flop
Seat 2: Amara2009 (big blind) showed [6d Qd] and lost with a pair of Sixes
Seat 3: easy_sarcasm folded before Flop (didn't bet)
Seat 4: Supermegopro showed [Jh 9s] and won ($18.54) with a pair of Nines
Seat 6: raketkasix (button) folded before Flop (didn't bet)



PokerStars Hand #254430683538:  Hold'em No Limit ($0.50/$1.00 USD) - 2025/01/18 13:32:07 WET [2025/01/18 8:32:07 ET]
Table 'Kajam IV' 6-max Seat #1 is the button
Seat 5: Mr_Dick666 ($100 in chips) is sitting out
Seat 1: Gaita_toien ($149.72 in chips) 
Seat 2: Amara2009 ($51.44 in chips) 
Seat 3: easy_sarcasm ($126 in chips) 
Seat 4: Supermegopro ($113.03 in chips) 
Seat 6: raketkasix ($100 in chips) 
Amara2009: posts small blind $0.50
easy_sarcasm: posts big blind $1
Mr_Dick666: sits out 
*** HOLE CARDS ***
Supermegopro: raises $1.50 to $2.50
raketkasix: raises $5 to $7.50
Gaita_toien: folds 
Amara2009: folds 
easy_sarcasm: folds 
Supermegopro: raises $105.53 to $113.03 and is all-in
raketkasix: calls $92.50 and is all-in
Uncalled bet ($13.03) returned to Supermegopro
*** FLOP *** [2c 7h 2d]
*** TURN *** [2c 7h 2d] [Qc]
*** RIVER *** [2c 7h 2d Qc] [6d]
*** SHOW DOWN ***
Supermegopro: shows [Ks Ah] (a pair of Deuces)
raketkasix: shows [Ad As] (two pair, Aces and Deuces)
raketkasix collected $199 from pot
*** SUMMARY ***
Total pot $201.50 | Rake $2.50 
Board [2c 7h 2d Qc 6d]
Seat 5: Mr_Dick666
Seat 1: Gaita_toien (button) folded before Flop (didn't bet)
Seat 2: Amara2009 (small blind) folded before Flop
Seat 3: easy_sarcasm (big blind) folded before Flop
Seat 4: Supermegopro showed [Ks Ah] and lost with a pair of Deuces
Seat 6: raketkasix showed [Ad As] and won ($199) with two pair, Aces and Deuces



PokerStars Hand #254430690191:  Hold'em No Limit ($0.50/$1.00 USD) - 2025/01/18 13:32:43 WET [2025/01/18 8:32:43 ET]
Table 'Kajam IV' 6-max Seat #2 is the button
Seat 5: Mr_Dick666 ($100 in chips) is sitting out
Seat 1: Gaita_toien ($149.72 in chips) 
Seat 2: Amara2009 ($50.94 in chips) 
Seat 3: easy_sarcasm ($125 in chips) 
Seat 4: Supermegopro ($100 in chips) 
Seat 6: raketkasix ($199 in chips) 
easy_sarcasm: posts small blind $0.50
Supermegopro: posts big blind $1
Mr_Dick666: sits out 
*** HOLE CARDS ***
raketkasix: folds 
Gaita_toien: folds 
Amara2009: calls $1
easy_sarcasm: folds 
Supermegopro: raises $4 to $5
Amara2009: calls $4
*** FLOP *** [Kh Qh Ts]
Supermegopro: checks 
Amara2009: checks 
*** TURN *** [Kh Qh Ts] [Td]
Supermegopro: bets $7.49
Amara2009: folds 
Uncalled bet ($7.49) returned to Supermegopro
Supermegopro collected $9.98 from pot
Supermegopro: doesn't show hand 
*** SUMMARY ***
Total pot $10.50 | Rake $0.52 
Board [Kh Qh Ts Td]
Seat 5: Mr_Dick666
Seat 1: Gaita_toien folded before Flop (didn't bet)
Seat 2: Amara2009 (button) folded on the Turn
Seat 3: easy_sarcasm (small blind) folded before Flop
Seat 4: Supermegopro (big blind) collected ($9.98)
Seat 6: raketkasix folded before Flop (didn't bet)



PokerStars Hand #254430695327:  Hold'em No Limit ($0.50/$1.00 USD) - 2025/01/18 13:33:11 WET [2025/01/18 8:33:11 ET]
Table 'Kajam IV' 6-max Seat #3 is the button
Seat 1: Gaita_toien ($149.72 in chips) 
Seat 2: Amara2009 ($45.94 in chips) 
Seat 3: easy_sarcasm ($124.50 in chips) 
Seat 4: Supermegopro ($104.98 in chips) 
Seat 5: Mr_Dick666 ($100 in chips) 
Seat 6: raketkasix ($199 in chips) 
Supermegopro: posts small blind $0.50
Mr_Dick666: posts big blind $1
*** HOLE CARDS ***
raketkasix: folds 
Gaita_toien: folds 
Amara2009: folds 
easy_sarcasm: folds 
Supermegopro: folds 
Uncalled bet ($0.50) returned to Mr_Dick666
Mr_Dick666 collected $1 from pot
Mr_Dick666: doesn't show hand 
*** SUMMARY ***
Total pot $1 | Rake $0 
Seat 1: Gaita_toien folded before Flop (didn't bet)
Seat 2: Amara2009 folded before Flop (didn't bet)
Seat 3: easy_sarcasm (button) folded before Flop (didn't bet)
Seat 4: Supermegopro (small blind) folded before Flop
Seat 5: Mr_Dick666 (big blind) collected ($1)
Seat 6: raketkasix folded before Flop (didn't bet)



PokerStars Hand #254430697394:  Hold'em No Limit ($0.50/$1.00 USD) - 2025/01/18 13:33:22 WET [2025/01/18 8:33:22 ET]
Table 'Kajam IV' 6-max Seat #4 is the button
Seat 1: Gaita_toien ($149.72 in chips) 
Seat 2: Amara2009 ($45.94 in chips) 
Seat 3: easy_sarcasm ($124.50 in chips) 
Seat 4: Supermegopro ($104.48 in chips) 
Seat 5: Mr_Dick666 ($100.50 in chips) 
Seat 6: raketkasix ($199 in chips) 
Mr_Dick666: posts small blind $0.50
raketkasix: posts big blind $1
*** HOLE CARDS ***
Gaita_toien: folds 
Amara2009: calls $1
easy_sarcasm: raises $2.50 to $3.50
Supermegopro: folds 
Mr_Dick666: folds 
raketkasix: folds 
Amara2009: calls $2.50
*** FLOP *** [2h 6c Qs]
Amara2009: checks 
easy_sarcasm: bets $3
Amara2009: calls $3
*** TURN *** [2h 6c Qs] [7s]
Amara2009: checks 
easy_sarcasm: checks 
*** RIVER *** [2h 6c Qs 7s] [5s]
Amara2009: bets $6.89
easy_sarcasm: folds 
Uncalled bet ($6.89) returned to Amara2009
Amara2009 collected $13.60 from pot
*** SUMMARY ***
Total pot $14.50 | Rake $0.90 
Board [2h 6c Qs 7s 5s]
Seat 1: Gaita_toien folded before Flop (didn't bet)
Seat 2: Amara2009 collected ($13.60)
Seat 3: easy_sarcasm folded on the River
Seat 4: Supermegopro (button) folded before Flop (didn't bet)
Seat 5: Mr_Dick666 (small blind) folded before Flop
Seat 6: raketkasix (big blind) folded before Flop



PokerStars Hand #254430707045:  Hold'em No Limit ($0.50/$1.00 USD) - 2025/01/18 13:34:15 WET [2025/01/18 8:34:15 ET]
Table 'Kajam IV' 6-max Seat #5 is the button
Seat 1: Gaita_toien ($149.72 in chips) is sitting out
Seat 2: Amara2009 ($53.04 in chips) 
Seat 3: easy_sarcasm ($118 in chips) 
Seat 4: Supermegopro ($104.48 in chips) 
Seat 5: Mr_Dick666 ($100 in chips) 
Seat 6: raketkasix ($198 in chips) 
raketkasix: posts small blind $0.50
Gaita_toien: is sitting out 
Amara2009: posts big blind $1
*** HOLE CARDS ***
easy_sarcasm: folds 
Supermegopro: raises $1.50 to $2.50
Mr_Dick666: folds 
raketkasix: folds 
Amara2009: calls $1.50
*** FLOP *** [5h 8c 8h]
Gaita_toien leaves the table
Amara2009: checks 
Supermegopro: bets $3.48
Amara2009: folds 
Uncalled bet ($3.48) returned to Supermegopro
Supermegopro collected $5.22 from pot
Supermegopro: doesn't show hand 
*** SUMMARY ***
Total pot $5.50 | Rake $0.28 
Board [5h 8c 8h]
Seat 1: Gaita_toien
Seat 2: Amara2009 (big blind) folded on the Flop
Seat 3: easy_sarcasm folded before Flop (didn't bet)
Seat 4: Supermegopro collected ($5.22)
Seat 5: Mr_Dick666 (button) folded before Flop (didn't bet)
Seat 6: raketkasix (small blind) folded before Flop



PokerStars Hand #254430710346:  Hold'em No Limit ($0.50/$1.00 USD) - 2025/01/18 13:34:32 WET [2025/01/18 8:34:32 ET]
Table 'Kajam IV' 6-max Seat #6 is the button
Seat 2: Amara2009 ($50.54 in chips) 
Seat 3: easy_sarcasm ($118 in chips) 
Seat 4: Supermegopro ($107.20 in chips) 
Seat 5: Mr_Dick666 ($100 in chips) 
Seat 6: raketkasix ($197.50 in chips) 
Amara2009: posts small blind $0.50
easy_sarcasm: posts big blind $1
*** HOLE CARDS ***
Supermegopro: folds 
joaquin612 joins the table at seat #1 
Mr_Dick666: raises $1.50 to $2.50
raketkasix: folds 
Amara2009: calls $2
easy_sarcasm: calls $1.50
*** FLOP *** [6h 6d 7h]
Amara2009: checks 
easy_sarcasm: checks 
Mr_Dick666: bets $3.56
Amara2009: folds 
easy_sarcasm: folds 
Uncalled bet ($3.56) returned to Mr_Dick666
Mr_Dick666 collected $7.12 from pot
Mr_Dick666: doesn't show hand 
*** SUMMARY ***
Total pot $7.50 | Rake $0.38 
Board [6h 6d 7h]
Seat 2: Amara2009 (small blind) folded on the Flop
Seat 3: easy_sarcasm (big blind) folded on the Flop
Seat 4: Supermegopro folded before Flop (didn't bet)
Seat 5: Mr_Dick666 collected ($7.12)
Seat 6: raketkasix (button) folded before Flop (didn't bet)



PokerStars Hand #254430714153:  Hold'em No Limit ($0.50/$1.00 USD) - 2025/01/18 13:34:53 WET [2025/01/18 8:34:53 ET]
Table 'Kajam IV' 6-max Seat #2 is the button
Seat 1: joaquin612 ($100 in chips) is sitting out
Seat 2: Amara2009 ($48.04 in chips) 
Seat 3: easy_sarcasm ($115.50 in chips) 
Seat 4: Supermegopro ($107.20 in chips) 
Seat 5: Mr_Dick666 ($104.62 in chips) 
Seat 6: raketkasix ($197.50 in chips) 
easy_sarcasm: posts small blind $0.50
Supermegopro: posts big blind $1
joaquin612: sits out 
*** HOLE CARDS ***
Mr_Dick666: folds 
raketkasix: folds 
Amara2009: folds 
easy_sarcasm: folds 
Uncalled bet ($0.50) returned to Supermegopro
Supermegopro collected $1 from pot
Supermegopro: doesn't show hand 
*** SUMMARY ***
Total pot $1 | Rake $0 
Seat 1: joaquin612
Seat 2: Amara2009 (button) folded before Flop (didn't bet)
Seat 3: easy_sarcasm (small blind) folded before Flop
Seat 4: Supermegopro (big blind) collected ($1)
Seat 5: Mr_Dick666 folded before Flop (didn't bet)
Seat 6: raketkasix folded before Flop (didn't bet)



PokerStars Hand #254430715690:  Hold'em No Limit ($0.50/$1.00 USD) - 2025/01/18 13:35:01 WET [2025/01/18 8:35:01 ET]
Table 'Kajam IV' 6-max Seat #3 is the button
Seat 1: joaquin612 ($100 in chips) is sitting out
Seat 2: Amara2009 ($48.04 in chips) 
Seat 3: easy_sarcasm ($115 in chips) 
Seat 4: Supermegopro ($107.70 in chips) 
Seat 5: Mr_Dick666 ($104.62 in chips) 
Seat 6: raketkasix ($197.50 in chips) 
Supermegopro: posts small blind $0.50
Mr_Dick666: posts big blind $1
joaquin612: sits out 
*** HOLE CARDS ***
raketkasix: folds 
Amara2009: folds 
easy_sarcasm: raises $1.20 to $2.20
Supermegopro: folds 
Mr_Dick666: calls $1.20
*** FLOP *** [6d Tc Kd]
Mr_Dick666: checks 
easy_sarcasm: bets $2.33
Mr_Dick666: raises $8.67 to $11
easy_sarcasm: calls $8.67
*** TURN *** [6d Tc Kd] [5h]
Mr_Dick666: bets $29.39
easy_sarcasm: calls $29.39
*** RIVER *** [6d Tc Kd 5h] [8h]
Mr_Dick666: checks 
easy_sarcasm: bets $72.41 and is all-in
Mr_Dick666: folds 
Uncalled bet ($72.41) returned to easy_sarcasm
easy_sarcasm collected $83.18 from pot
*** SUMMARY ***
Total pot $85.68 | Rake $2.50 
Board [6d Tc Kd 5h 8h]
Seat 1: joaquin612
Seat 2: Amara2009 folded before Flop (didn't bet)
Seat 3: easy_sarcasm (button) collected ($83.18)
Seat 4: Supermegopro (small blind) folded before Flop
Seat 5: Mr_Dick666 (big blind) folded on the River
Seat 6: raketkasix folded before Flop (didn't bet)



PokerStars Hand #254430728609:  Hold'em No Limit ($0.50/$1.00 USD) - 2025/01/18 13:36:11 WET [2025/01/18 8:36:11 ET]
Table 'Kajam IV' 6-max Seat #4 is the button
Seat 1: joaquin612 ($100 in chips) is sitting out
Seat 2: Amara2009 ($48.04 in chips) 
Seat 3: easy_sarcasm ($155.59 in chips) 
Seat 4: Supermegopro ($107.20 in chips) 
Seat 5: Mr_Dick666 ($100 in chips) 
Seat 6: raketkasix ($197.50 in chips) 
Mr_Dick666: posts small blind $0.50
raketkasix: posts big blind $1
joaquin612: sits out 
*** HOLE CARDS ***
Amara2009: folds 
easy_sarcasm: raises $2 to $3
Supermegopro: folds 
Mr_Dick666: folds 
raketkasix: folds 
Uncalled bet ($2) returned to easy_sarcasm
easy_sarcasm collected $2.50 from pot
*** SUMMARY ***
Total pot $2.50 | Rake $0 
Seat 1: joaquin612
Seat 2: Amara2009 folded before Flop (didn't bet)
Seat 3: easy_sarcasm collected ($2.50)
Seat 4: Supermegopro (button) folded before Flop (didn't bet)
Seat 5: Mr_Dick666 (small blind) folded before Flop
Seat 6: raketkasix (big blind) folded before Flop



PokerStars Hand #254430733595:  Hold'em No Limit ($0.50/$1.00 USD) - 2025/01/18 13:36:37 WET [2025/01/18 8:36:37 ET]
Table 'Kajam IV' 6-max Seat #5 is the button
Seat 1: joaquin612 ($100 in chips) 
Seat 2: Amara2009 ($48.04 in chips) 
Seat 3: easy_sarcasm ($157.09 in chips) 
Seat 4: Supermegopro ($107.20 in chips) 
Seat 5: Mr_Dick666 ($100 in chips) 
Seat 6: raketkasix ($196.50 in chips) 
raketkasix: posts small blind $0.50
joaquin612: posts big blind $1
*** HOLE CARDS ***
Amara2009: folds 
easy_sarcasm: folds 
Supermegopro: raises $1.50 to $2.50
Mr_Dick666: folds 
raketkasix: folds 
joaquin612: calls $1.50
*** FLOP *** [Kh 3c 3h]
joaquin612: checks 
Supermegopro: bets $4
joaquin612: folds 
Uncalled bet ($4) returned to Supermegopro
Supermegopro collected $5.22 from pot
Supermegopro: doesn't show hand 
*** SUMMARY ***
Total pot $5.50 | Rake $0.28 
Board [Kh 3c 3h]
Seat 1: joaquin612 (big blind) folded on the Flop
Seat 2: Amara2009 folded before Flop (didn't bet)
Seat 3: easy_sarcasm folded before Flop (didn't bet)
Seat 4: Supermegopro collected ($5.22)
Seat 5: Mr_Dick666 (button) folded before Flop (didn't bet)
Seat 6: raketkasix (small blind) folded before Flop



PokerStars Hand #254430738260:  Hold'em No Limit ($0.50/$1.00 USD) - 2025/01/18 13:37:02 WET [2025/01/18 8:37:02 ET]
Table 'Kajam IV' 6-max Seat #6 is the button
Seat 1: joaquin612 ($100 in chips) 
Seat 2: Amara2009 ($48.04 in chips) 
Seat 3: easy_sarcasm ($157.09 in chips) 
Seat 4: Supermegopro ($109.92 in chips) 
Seat 5: Mr_Dick666 ($100 in chips) 
Seat 6: raketkasix ($196 in chips) 
joaquin612: posts small blind $0.50
Amara2009: posts big blind $1
*** HOLE CARDS ***
easy_sarcasm: folds 
Supermegopro: folds 
Mr_Dick666: folds 
raketkasix: folds 
joaquin612: raises $2 to $3
Amara2009: calls $2
*** FLOP *** [Ah Kc Ts]
joaquin612: checks 
Amara2009: checks 
*** TURN *** [Ah Kc Ts] [2h]
joaquin612: checks 
Amara2009: checks 
*** RIVER *** [Ah Kc Ts 2h] [6h]
joaquin612: bets $4.50
Amara2009: folds 
Uncalled bet ($4.50) returned to joaquin612
joaquin612 collected $5.70 from pot
joaquin612: doesn't show hand 
*** SUMMARY ***
Total pot $6 | Rake $0.30 
Board [Ah Kc Ts 2h 6h]
Seat 1: joaquin612 (small blind) collected ($5.70)
Seat 2: Amara2009 (big blind) folded on the River
Seat 3: easy_sarcasm folded before Flop (didn't bet)
Seat 4: Supermegopro folded before Flop (didn't bet)
Seat 5: Mr_Dick666 folded before Flop (didn't bet)
Seat 6: raketkasix (button) folded before Flop (didn't bet)



PokerStars Hand #254430745379:  Hold'em No Limit ($0.50/$1.00 USD) - 2025/01/18 13:37:40 WET [2025/01/18 8:37:40 ET]
Table 'Kajam IV' 6-max Seat #1 is the button
Seat 1: joaquin612 ($102.70 in chips) 
Seat 2: Amara2009 ($45.04 in chips) 
Seat 3: easy_sarcasm ($157.09 in chips) 
Seat 4: Supermegopro ($109.92 in chips) 
Seat 5: Mr_Dick666 ($100 in chips) 
Seat 6: raketkasix ($196 in chips) 
Amara2009: posts small blind $0.50
easy_sarcasm: posts big blind $1
*** HOLE CARDS ***
Supermegopro: folds 
Mr_Dick666: folds 
raketkasix: folds 
joaquin612: raises $1.50 to $2.50
Amara2009: folds 
easy_sarcasm: folds 
Uncalled bet ($1.50) returned to joaquin612
joaquin612 collected $2.50 from pot
joaquin612: doesn't show hand 
*** SUMMARY ***
Total pot $2.50 | Rake $0 
Seat 1: joaquin612 (button) collected ($2.50)
Seat 2: Amara2009 (small blind) folded before Flop
Seat 3: easy_sarcasm (big blind) folded before Flop
Seat 4: Supermegopro folded before Flop (didn't bet)
Seat 5: Mr_Dick666 folded before Flop (didn't bet)
Seat 6: raketkasix folded before Flop (didn't bet)



PokerStars Hand #254430748142:  Hold'em No Limit ($0.50/$1.00 USD) - 2025/01/18 13:37:55 WET [2025/01/18 8:37:55 ET]
Table 'Kajam IV' 6-max Seat #2 is the button
Seat 1: joaquin612 ($104.20 in chips) 
Seat 2: Amara2009 ($44.54 in chips) 
Seat 3: easy_sarcasm ($156.09 in chips) 
Seat 4: Supermegopro ($109.92 in chips) 
Seat 5: Mr_Dick666 ($100 in chips) 
Seat 6: raketkasix ($196 in chips) 
easy_sarcasm: posts small blind $0.50
Supermegopro: posts big blind $1
*** HOLE CARDS ***
Mr_Dick666: folds 
raketkasix: folds 
joaquin612: folds 
Amara2009: folds 
easy_sarcasm: folds 
Uncalled bet ($0.50) returned to Supermegopro
Supermegopro collected $1 from pot
Supermegopro: doesn't show hand 
*** SUMMARY ***
Total pot $1 | Rake $0 
Seat 1: joaquin612 folded before Flop (didn't bet)
Seat 2: Amara2009 (button) folded before Flop (didn't bet)
Seat 3: easy_sarcasm (small blind) folded before Flop
Seat 4: Supermegopro (big blind) collected ($1)
Seat 5: Mr_Dick666 folded before Flop (didn't bet)
Seat 6: raketkasix folded before Flop (didn't bet)



PokerStars Hand #254430750465:  Hold'em No Limit ($0.50/$1.00 USD) - 2025/01/18 13:38:07 WET [2025/01/18 8:38:07 ET]
Table 'Kajam IV' 6-max Seat #3 is the button
Seat 1: joaquin612 ($104.20 in chips) 
Seat 2: Amara2009 ($44.54 in chips) 
Seat 3: easy_sarcasm ($155.59 in chips) 
Seat 4: Supermegopro ($110.42 in chips) 
Seat 5: Mr_Dick666 ($100 in chips) 
Seat 6: raketkasix ($196 in chips) 
Supermegopro: posts small blind $0.50
Mr_Dick666: posts big blind $1
*** HOLE CARDS ***
raketkasix: folds 
joaquin612: raises $1.50 to $2.50
Amara2009: calls $2.50
easy_sarcasm: folds 
Supermegopro: calls $2
Mr_Dick666: folds 
*** FLOP *** [6s 7d Kc]
Supermegopro: checks 
joaquin612: bets $4.04
Amara2009: folds 
Supermegopro: folds 
Uncalled bet ($4.04) returned to joaquin612
joaquin612 collected $8.08 from pot
joaquin612: doesn't show hand 
*** SUMMARY ***
Total pot $8.50 | Rake $0.42 
Board [6s 7d Kc]
Seat 1: joaquin612 collected ($8.08)
Seat 2: Amara2009 folded on the Flop
Seat 3: easy_sarcasm (button) folded before Flop (didn't bet)
Seat 4: Supermegopro (small blind) folded on the Flop
Seat 5: Mr_Dick666 (big blind) folded before Flop
Seat 6: raketkasix folded before Flop (didn't bet)



PokerStars Hand #254430757721:  Hold'em No Limit ($0.50/$1.00 USD) - 2025/01/18 13:38:44 WET [2025/01/18 8:38:44 ET]
Table 'Kajam IV' 6-max Seat #4 is the button
Seat 1: joaquin612 ($109.78 in chips) 
Seat 2: Amara2009 ($42.04 in chips) 
Seat 3: easy_sarcasm ($155.59 in chips) 
Seat 4: Supermegopro ($107.92 in chips) 
Seat 5: Mr_Dick666 ($100 in chips) 
Seat 6: raketkasix ($196 in chips) 
Mr_Dick666: posts small blind $0.50
raketkasix: posts big blind $1
*** HOLE CARDS ***
joaquin612: folds 
Amara2009: folds 
easy_sarcasm: folds 
Supermegopro: folds 
Mr_Dick666: folds 
Uncalled bet ($0.50) returned to raketkasix
raketkasix collected $1 from pot
raketkasix: doesn't show hand 
*** SUMMARY ***
Total pot $1 | Rake $0 
Seat 1: joaquin612 folded before Flop (didn't bet)
Seat 2: Amara2009 folded before Flop (didn't bet)
Seat 3: easy_sarcasm folded before Flop (didn't bet)
Seat 4: Supermegopro (button) folded before Flop (didn't bet)
Seat 5: Mr_Dick666 (small blind) folded before Flop
Seat 6: raketkasix (big blind) collected ($1)



PokerStars Hand #254430760937:  Hold'em No Limit ($0.50/$1.00 USD) - 2025/01/18 13:39:01 WET [2025/01/18 8:39:01 ET]
Table 'Kajam IV' 6-max Seat #5 is the button
Seat 1: joaquin612 ($109.78 in chips) 
Seat 2: Amara2009 ($42.04 in chips) 
Seat 3: easy_sarcasm ($155.59 in chips) 
Seat 4: Supermegopro ($107.92 in chips) 
Seat 5: Mr_Dick666 ($100 in chips) 
Seat 6: raketkasix ($196.50 in chips) 
raketkasix: posts small blind $0.50
joaquin612: posts big blind $1
*** HOLE CARDS ***
Amara2009: calls $1
easy_sarcasm: folds 
Supermegopro: folds 
Mr_Dick666: folds 
raketkasix: calls $0.50
joaquin612: checks 
*** FLOP *** [5d Ks 4s]
raketkasix: checks 
joaquin612: checks 
Amara2009: bets $2
raketkasix: folds 
joaquin612: folds 
Uncalled bet ($2) returned to Amara2009
Amara2009 collected $2.81 from pot
*** SUMMARY ***
Total pot $3 | Rake $0.19 
Board [5d Ks 4s]
Seat 1: joaquin612 (big blind) folded on the Flop
Seat 2: Amara2009 collected ($2.81)
Seat 3: easy_sarcasm folded before Flop (didn't bet)
Seat 4: Supermegopro folded before Flop (didn't bet)
Seat 5: Mr_Dick666 (button) folded before Flop (didn't bet)
Seat 6: raketkasix (small blind) folded on the Flop



PokerStars Hand #254430768202:  Hold'em No Limit ($0.50/$1.00 USD) - 2025/01/18 13:39:39 WET [2025/01/18 8:39:39 ET]
Table 'Kajam IV' 6-max Seat #6 is the button
Seat 1: joaquin612 ($108.78 in chips) 
Seat 2: Amara2009 ($43.85 in chips) 
Seat 3: easy_sarcasm ($155.59 in chips) 
Seat 4: Supermegopro ($107.92 in chips) 
Seat 5: Mr_Dick666 ($100 in chips) 
Seat 6: raketkasix ($195.50 in chips) 
joaquin612: posts small blind $0.50
Amara2009: posts big blind $1
*** HOLE CARDS ***
easy_sarcasm: folds 
Supermegopro: raises $2 to $3
Mr_Dick666: folds 
raketkasix: folds 
joaquin612: folds 
Amara2009: folds 
Uncalled bet ($2) returned to Supermegopro
Supermegopro collected $2.50 from pot
Supermegopro: doesn't show hand 
*** SUMMARY ***
Total pot $2.50 | Rake $0 
Seat 1: joaquin612 (small blind) folded before Flop
Seat 2: Amara2009 (big blind) folded before Flop
Seat 3: easy_sarcasm folded before Flop (didn't bet)
Seat 4: Supermegopro collected ($2.50)
Seat 5: Mr_Dick666 folded before Flop (didn't bet)
Seat 6: raketkasix (button) folded before Flop (didn't bet)



PokerStars Hand #254430770640:  Hold'em No Limit ($0.50/$1.00 USD) - 2025/01/18 13:39:52 WET [2025/01/18 8:39:52 ET]
Table 'Kajam IV' 6-max Seat #1 is the button
Seat 1: joaquin612 ($108.28 in chips) 
Seat 2: Amara2009 ($42.85 in chips) 
Seat 3: easy_sarcasm ($155.59 in chips) 
Seat 4: Supermegopro ($109.42 in chips) 
Seat 5: Mr_Dick666 ($100 in chips) 
Seat 6: raketkasix ($195.50 in chips) 
Amara2009: posts small blind $0.50
easy_sarcasm: posts big blind $1
*** HOLE CARDS ***
Supermegopro: folds 
Mr_Dick666: folds 
raketkasix: folds 
Amara2009 is disconnected 
joaquin612: raises $1.50 to $2.50
Amara2009 has timed out while disconnected
Amara2009: folds 
easy_sarcasm: folds 
Uncalled bet ($1.50) returned to joaquin612
joaquin612 collected $2.50 from pot
joaquin612: doesn't show hand 
*** SUMMARY ***
Total pot $2.50 | Rake $0 
Seat 1: joaquin612 (button) collected ($2.50)
Seat 2: Amara2009 (small blind) folded before Flop
Seat 3: easy_sarcasm (big blind) folded before Flop
Seat 4: Supermegopro folded before Flop (didn't bet)
Seat 5: Mr_Dick666 folded before Flop (didn't bet)
Seat 6: raketkasix folded before Flop (didn't bet)



PokerStars Hand #254430775929:  Hold'em No Limit ($0.50/$1.00 USD) - 2025/01/18 13:40:20 WET [2025/01/18 8:40:20 ET]
Table 'Kajam IV' 6-max Seat #3 is the button
Seat 2: Amara2009 ($42.35 in chips) is sitting out
Seat 1: joaquin612 ($109.78 in chips) 
Seat 3: easy_sarcasm ($154.59 in chips) 
Seat 4: Supermegopro ($109.42 in chips) 
Seat 5: Mr_Dick666 ($100 in chips) 
Seat 6: raketkasix ($195.50 in chips) 
Supermegopro: posts small blind $0.50
Mr_Dick666: posts big blind $1
*** HOLE CARDS ***
raketkasix: folds 
joaquin612: folds 
easy_sarcasm: folds 
Supermegopro: folds 
Uncalled bet ($0.50) returned to Mr_Dick666
Mr_Dick666 collected $1 from pot
Mr_Dick666: doesn't show hand 
*** SUMMARY ***
Total pot $1 | Rake $0 
Seat 2: Amara2009
Seat 1: joaquin612 folded before Flop (didn't bet)
Seat 3: easy_sarcasm (button) folded before Flop (didn't bet)
Seat 4: Supermegopro (small blind) folded before Flop
Seat 5: Mr_Dick666 (big blind) collected ($1)
Seat 6: raketkasix folded before Flop (didn't bet)



PokerStars Hand #254430778393:  Hold'em No Limit ($0.50/$1.00 USD) - 2025/01/18 13:40:33 WET [2025/01/18 8:40:33 ET]
Table 'Kajam IV' 6-max Seat #4 is the button
Seat 2: Amara2009 ($42.35 in chips) is sitting out
Seat 1: joaquin612 ($109.78 in chips) 
Seat 3: easy_sarcasm ($154.59 in chips) 
Seat 4: Supermegopro ($108.92 in chips) 
Seat 5: Mr_Dick666 ($100.50 in chips) 
Seat 6: raketkasix ($195.50 in chips) 
Mr_Dick666: posts small blind $0.50
raketkasix: posts big blind $1
*** HOLE CARDS ***
joaquin612: folds 
easy_sarcasm: folds 
Supermegopro: raises $1.50 to $2.50
Mr_Dick666: folds 
raketkasix: folds 
Uncalled bet ($1.50) returned to Supermegopro
Supermegopro collected $2.50 from pot
Supermegopro: doesn't show hand 
*** SUMMARY ***
Total pot $2.50 | Rake $0 
Seat 2: Amara2009
Seat 1: joaquin612 folded before Flop (didn't bet)
Seat 3: easy_sarcasm folded before Flop (didn't bet)
Seat 4: Supermegopro (button) collected ($2.50)
Seat 5: Mr_Dick666 (small blind) folded before Flop
Seat 6: raketkasix (big blind) folded before Flop



PokerStars Hand #254430782265:  Hold'em No Limit ($0.50/$1.00 USD) - 2025/01/18 13:40:53 WET [2025/01/18 8:40:53 ET]
Table 'Kajam IV' 6-max Seat #5 is the button
Seat 2: Amara2009 ($42.35 in chips) is sitting out
Seat 1: joaquin612 ($109.78 in chips) 
Seat 3: easy_sarcasm ($154.59 in chips) 
Seat 4: Supermegopro ($110.42 in chips) 
Seat 5: Mr_Dick666 ($100 in chips) 
Seat 6: raketkasix ($194.50 in chips) 
raketkasix: posts small blind $0.50
joaquin612: posts big blind $1
*** HOLE CARDS ***
easy_sarcasm: folds 
Supermegopro: folds 
Mr_Dick666: folds 
raketkasix: raises $2 to $3
joaquin612: folds 
Uncalled bet ($2) returned to raketkasix
raketkasix collected $2 from pot
raketkasix: doesn't show hand 
*** SUMMARY ***
Total pot $2 | Rake $0 
Seat 2: Amara2009
Seat 1: joaquin612 (big blind) folded before Flop
Seat 3: easy_sarcasm folded before Flop (didn't bet)
Seat 4: Supermegopro folded before Flop (didn't bet)
Seat 5: Mr_Dick666 (button) folded before Flop (didn't bet)
Seat 6: raketkasix (small blind) collected ($2)



PokerStars Hand #254430785840:  Hold'em No Limit ($0.50/$1.00 USD) - 2025/01/18 13:41:11 WET [2025/01/18 8:41:11 ET]
Table 'Kajam IV' 6-max Seat #6 is the button
Seat 2: Amara2009 ($42.35 in chips) is sitting out
Seat 1: joaquin612 ($108.78 in chips) 
Seat 3: easy_sarcasm ($154.59 in chips) 
Seat 4: Supermegopro ($110.42 in chips) 
Seat 5: Mr_Dick666 ($100 in chips) 
Seat 6: raketkasix ($195.50 in chips) 
joaquin612: posts small blind $0.50
easy_sarcasm: posts big blind $1
*** HOLE CARDS ***
Supermegopro: raises $1.50 to $2.50
Mr_Dick666: folds 
raketkasix: folds 
joaquin612: folds 
easy_sarcasm: folds 
Uncalled bet ($1.50) returned to Supermegopro
Supermegopro collected $2.50 from pot
Supermegopro: doesn't show hand 
*** SUMMARY ***
Total pot $2.50 | Rake $0 
Seat 2: Amara2009
Seat 1: joaquin612 (small blind) folded before Flop
Seat 3: easy_sarcasm (big blind) folded before Flop
Seat 4: Supermegopro collected ($2.50)
Seat 5: Mr_Dick666 folded before Flop (didn't bet)
Seat 6: raketkasix (button) folded before Flop (didn't bet)



PokerStars Hand #254430788981:  Hold'em No Limit ($0.50/$1.00 USD) - 2025/01/18 13:41:28 WET [2025/01/18 8:41:28 ET]
Table 'Kajam IV' 6-max Seat #1 is the button
Seat 2: Amara2009 ($42.35 in chips) is sitting out
Seat 1: joaquin612 ($108.28 in chips) 
Seat 3: easy_sarcasm ($153.59 in chips) 
Seat 4: Supermegopro ($111.92 in chips) 
Seat 5: Mr_Dick666 ($100 in chips) 
Seat 6: raketkasix ($195.50 in chips) 
easy_sarcasm: posts small blind $0.50
Supermegopro: posts big blind $1
*** HOLE CARDS ***
Mr_Dick666: folds 
raketkasix: folds 
joaquin612: folds 
easy_sarcasm: folds 
Uncalled bet ($0.50) returned to Supermegopro
Supermegopro collected $1 from pot
Supermegopro: doesn't show hand 
*** SUMMARY ***
Total pot $1 | Rake $0 
Seat 2: Amara2009
Seat 1: joaquin612 (button) folded before Flop (didn't bet)
Seat 3: easy_sarcasm (small blind) folded before Flop
Seat 4: Supermegopro (big blind) collected ($1)
Seat 5: Mr_Dick666 folded before Flop (didn't bet)
Seat 6: raketkasix folded before Flop (didn't bet)



PokerStars Hand #254430790986:  Hold'em No Limit ($0.50/$1.00 USD) - 2025/01/18 13:41:39 WET [2025/01/18 8:41:39 ET]
Table 'Kajam IV' 6-max Seat #3 is the button
Seat 2: Amara2009 ($42.35 in chips) is sitting out
Seat 1: joaquin612 ($108.28 in chips) 
Seat 3: easy_sarcasm ($153.09 in chips) 
Seat 4: Supermegopro ($112.42 in chips) 
Seat 5: Mr_Dick666 ($100 in chips) 
Seat 6: raketkasix ($195.50 in chips) 
Supermegopro: posts small blind $0.50
Mr_Dick666: posts big blind $1
*** HOLE CARDS ***
raketkasix: raises $1.50 to $2.50
joaquin612: folds 
easy_sarcasm: folds 
Supermegopro: folds 
Mr_Dick666: folds 
Uncalled bet ($1.50) returned to raketkasix
raketkasix collected $2.50 from pot
raketkasix: doesn't show hand 
*** SUMMARY ***
Total pot $2.50 | Rake $0 
Seat 2: Amara2009
Seat 1: joaquin612 folded before Flop (didn't bet)
Seat 3: easy_sarcasm (button) folded before Flop (didn't bet)
Seat 4: Supermegopro (small blind) folded before Flop
Seat 5: Mr_Dick666 (big blind) folded before Flop
Seat 6: raketkasix collected ($2.50)



PokerStars Hand #254430794149:  Hold'em No Limit ($0.50/$1.00 USD) - 2025/01/18 13:41:55 WET [2025/01/18 8:41:55 ET]
Table 'Kajam IV' 6-max Seat #4 is the button
Seat 2: Amara2009 ($42.35 in chips) is sitting out
Seat 6: raketkasix ($197 in chips) is sitting out
Seat 1: joaquin612 ($108.28 in chips) 
Seat 3: easy_sarcasm ($153.09 in chips) 
Seat 4: Supermegopro ($111.92 in chips) 
Seat 5: Mr_Dick666 ($100 in chips) 
Mr_Dick666: posts small blind $0.50
raketkasix: is sitting out 
joaquin612: posts big blind $1
*** HOLE CARDS ***
easy_sarcasm: folds 
raketkasix leaves the table
Supermegopro: folds 
Mr_Dick666: calls $0.50
joaquin612: raises $4 to $5
Mr_Dick666: calls $4
*** FLOP *** [4c 6d As]
Mr_Dick666: checks 
joaquin612: bets $3.14
Mr_Dick666: calls $3.14
*** TURN *** [4c 6d As] [Th]
DL1B joins the table at seat #6 
Mr_Dick666: checks 
joaquin612: bets $11.60
Mr_Dick666: folds 
Uncalled bet ($11.60) returned to joaquin612
joaquin612 collected $15.47 from pot
joaquin612: doesn't show hand 
*** SUMMARY ***
Total pot $16.28 | Rake $0.81 
Board [4c 6d As Th]
Seat 2: Amara2009
Seat 6: raketkasix
Seat 1: joaquin612 (big blind) collected ($15.47)
Seat 3: easy_sarcasm folded before Flop (didn't bet)
Seat 4: Supermegopro (button) folded before Flop (didn't bet)
Seat 5: Mr_Dick666 (small blind) folded on the Turn



PokerStars Hand #254430801619:  Hold'em No Limit ($0.50/$1.00 USD) - 2025/01/18 13:42:35 WET [2025/01/18 8:42:35 ET]
Table 'Kajam IV' 6-max Seat #5 is the button
Seat 2: Amara2009 ($42.35 in chips) is sitting out
Seat 6: DL1B ($100 in chips) is sitting out
Seat 1: joaquin612 ($115.61 in chips) 
Seat 3: easy_sarcasm ($153.09 in chips) 
Seat 4: Supermegopro ($111.92 in chips) 
Seat 5: Mr_Dick666 ($100 in chips) 
joaquin612: posts small blind $0.50
easy_sarcasm: posts big blind $1
*** HOLE CARDS ***
Supermegopro: folds 
Mr_Dick666: raises $1.50 to $2.50
joaquin612: folds 
easy_sarcasm: folds 
Uncalled bet ($1.50) returned to Mr_Dick666
Mr_Dick666 collected $2.50 from pot
Mr_Dick666: doesn't show hand 
*** SUMMARY ***
Total pot $2.50 | Rake $0 
Seat 2: Amara2009
Seat 6: DL1B
Seat 1: joaquin612 (small blind) folded before Flop
Seat 3: easy_sarcasm (big blind) folded before Flop
Seat 4: Supermegopro folded before Flop (didn't bet)
Seat 5: Mr_Dick666 (button) collected ($2.50)



PokerStars Hand #254430805566:  Hold'em No Limit ($0.50/$1.00 USD) - 2025/01/18 13:42:56 WET [2025/01/18 8:42:56 ET]
Table 'Kajam IV' 6-max Seat #1 is the button
Seat 2: Amara2009 ($42.35 in chips) is sitting out
Seat 6: DL1B ($100 in chips) is sitting out
Seat 1: joaquin612 ($115.11 in chips) 
Seat 3: easy_sarcasm ($152.09 in chips) 
Seat 4: Supermegopro ($111.92 in chips) 
Seat 5: Mr_Dick666 ($101.50 in chips) 
easy_sarcasm: posts small blind $0.50
Supermegopro: posts big blind $1
DL1B: sits out 
*** HOLE CARDS ***
Mr_Dick666: folds 
joaquin612: raises $1.50 to $2.50
easy_sarcasm: folds 
Supermegopro: folds 
Uncalled bet ($1.50) returned to joaquin612
joaquin612 collected $2.50 from pot
joaquin612: doesn't show hand 
*** SUMMARY ***
Total pot $2.50 | Rake $0 
Seat 2: Amara2009
Seat 6: DL1B
Seat 1: joaquin612 (button) collected ($2.50)
Seat 3: easy_sarcasm (small blind) folded before Flop
Seat 4: Supermegopro (big blind) folded before Flop
Seat 5: Mr_Dick666 folded before Flop (didn't bet)



PokerStars Hand #254430807957:  Hold'em No Limit ($0.50/$1.00 USD) - 2025/01/18 13:43:09 WET [2025/01/18 8:43:09 ET]
Table 'Kajam IV' 6-max Seat #3 is the button
Seat 2: Amara2009 ($42.35 in chips) is sitting out
Seat 6: DL1B ($100 in chips) is sitting out
Seat 1: joaquin612 ($116.61 in chips) 
Seat 3: easy_sarcasm ($151.59 in chips) 
Seat 4: Supermegopro ($110.92 in chips) 
Seat 5: Mr_Dick666 ($101.50 in chips) 
Supermegopro: posts small blind $0.50
Mr_Dick666: posts big blind $1
DL1B: sits out 
*** HOLE CARDS ***
joaquin612: folds 
easy_sarcasm: folds 
Supermegopro: folds 
Uncalled bet ($0.50) returned to Mr_Dick666
Mr_Dick666 collected $1 from pot
Mr_Dick666: doesn't show hand 
*** SUMMARY ***
Total pot $1 | Rake $0 
Seat 2: Amara2009
Seat 6: DL1B
Seat 1: joaquin612 folded before Flop (didn't bet)
Seat 3: easy_sarcasm (button) folded before Flop (didn't bet)
Seat 4: Supermegopro (small blind) folded before Flop
Seat 5: Mr_Dick666 (big blind) collected ($1)



PokerStars Hand #254430809521:  Hold'em No Limit ($0.50/$1.00 USD) - 2025/01/18 13:43:17 WET [2025/01/18 8:43:17 ET]
Table 'Kajam IV' 6-max Seat #4 is the button
Seat 2: Amara2009 ($42.35 in chips) is sitting out
Seat 1: joaquin612 ($116.61 in chips) 
Seat 3: easy_sarcasm ($151.59 in chips) 
Seat 4: Supermegopro ($110.42 in chips) 
Seat 5: Mr_Dick666 ($102 in chips) 
Seat 6: DL1B ($100 in chips) 
Mr_Dick666: posts small blind $0.50
DL1B: posts big blind $1
*** HOLE CARDS ***
joaquin612: raises $1.50 to $2.50
easy_sarcasm: folds 
Supermegopro: calls $2.50
Mr_Dick666: folds 
DL1B: calls $1.50
*** FLOP *** [9s 3d 6d]
DL1B: checks 
joaquin612: checks 
Supermegopro: checks 
*** TURN *** [9s 3d 6d] [Tc]
DL1B: checks 
joaquin612: bets $5.70
Supermegopro: folds 
DL1B: calls $5.70
*** RIVER *** [9s 3d 6d Tc] [Qh]
DL1B: checks 
joaquin612: checks 
*** SHOW DOWN ***
DL1B: shows [8h 8c] (a pair of Eights)
joaquin612: shows [Js Ts] (a pair of Tens)
joaquin612 collected $18.43 from pot
*** SUMMARY ***
Total pot $19.40 | Rake $0.97 
Board [9s 3d 6d Tc Qh]
Seat 2: Amara2009
Seat 1: joaquin612 showed [Js Ts] and won ($18.43) with a pair of Tens
Seat 3: easy_sarcasm folded before Flop (didn't bet)
Seat 4: Supermegopro (button) folded on the Turn
Seat 5: Mr_Dick666 (small blind) folded before Flop
Seat 6: DL1B (big blind) showed [8h 8c] and lost with a pair of Eights



PokerStars Hand #254430818536:  Hold'em No Limit ($0.50/$1.00 USD) - 2025/01/18 13:44:05 WET [2025/01/18 8:44:05 ET]
Table 'Kajam IV' 6-max Seat #5 is the button
Seat 2: Amara2009 ($42.35 in chips) is sitting out
Seat 1: joaquin612 ($126.84 in chips) 
Seat 3: easy_sarcasm ($151.59 in chips) 
Seat 4: Supermegopro ($107.92 in chips) 
Seat 5: Mr_Dick666 ($101.50 in chips) 
Seat 6: DL1B ($100 in chips) 
DL1B: posts small blind $0.50
joaquin612: posts big blind $1
*** HOLE CARDS ***
easy_sarcasm: folds 
Supermegopro: raises $1.50 to $2.50
Mr_Dick666: folds 
DL1B: folds 
joaquin612: folds 
Uncalled bet ($1.50) returned to Supermegopro
Supermegopro collected $2.50 from pot
Supermegopro: doesn't show hand 
*** SUMMARY ***
Total pot $2.50 | Rake $0 
Seat 2: Amara2009
Seat 1: joaquin612 (big blind) folded before Flop
Seat 3: easy_sarcasm folded before Flop (didn't bet)
Seat 4: Supermegopro collected ($2.50)
Seat 5: Mr_Dick666 (button) folded before Flop (didn't bet)
Seat 6: DL1B (small blind) folded before Flop



PokerStars Hand #254430821265:  Hold'em No Limit ($0.50/$1.00 USD) - 2025/01/18 13:44:20 WET [2025/01/18 8:44:20 ET]
Table 'Kajam IV' 6-max Seat #6 is the button
Seat 2: Amara2009 ($42.35 in chips) is sitting out
Seat 1: joaquin612 ($125.84 in chips) 
Seat 3: easy_sarcasm ($151.59 in chips) 
Seat 4: Supermegopro ($109.42 in chips) 
Seat 5: Mr_Dick666 ($101.50 in chips) 
Seat 6: DL1B ($100 in chips) 
joaquin612: posts small blind $0.50
easy_sarcasm: posts big blind $1
*** HOLE CARDS ***
Supermegopro: folds 
Mr_Dick666: folds 
DL1B: raises $1.50 to $2.50
joaquin612: folds 
easy_sarcasm: folds 
Uncalled bet ($1.50) returned to DL1B
DL1B collected $2.50 from pot
DL1B: doesn't show hand 
*** SUMMARY ***
Total pot $2.50 | Rake $0 
Seat 2: Amara2009
Seat 1: joaquin612 (small blind) folded before Flop
Seat 3: easy_sarcasm (big blind) folded before Flop
Seat 4: Supermegopro folded before Flop (didn't bet)
Seat 5: Mr_Dick666 folded before Flop (didn't bet)
Seat 6: DL1B (button) collected ($2.50)



PokerStars Hand #254430824648:  Hold'em No Limit ($0.50/$1.00 USD) - 2025/01/18 13:44:38 WET [2025/01/18 8:44:38 ET]
Table 'Kajam IV' 6-max Seat #1 is the button
Seat 2: Amara2009 ($42.35 in chips) is sitting out
Seat 1: joaquin612 ($125.34 in chips) 
Seat 3: easy_sarcasm ($150.59 in chips) 
Seat 4: Supermegopro ($109.42 in chips) 
Seat 5: Mr_Dick666 ($101.50 in chips) 
Seat 6: DL1B ($101.50 in chips) 
easy_sarcasm: posts small blind $0.50
Supermegopro: posts big blind $1
*** HOLE CARDS ***
Mr_Dick666: folds 
DL1B: folds 
joaquin612: folds 
easy_sarcasm: raises $2 to $3
Supermegopro: folds 
Uncalled bet ($2) returned to easy_sarcasm
easy_sarcasm collected $2 from pot
*** SUMMARY ***
Total pot $2 | Rake $0 
Seat 2: Amara2009
Seat 1: joaquin612 (button) folded before Flop (didn't bet)
Seat 3: easy_sarcasm (small blind) collected ($2)
Seat 4: Supermegopro (big blind) folded before Flop
Seat 5: Mr_Dick666 folded before Flop (didn't bet)
Seat 6: DL1B folded before Flop (didn't bet)



PokerStars Hand #254430827259:  Hold'em No Limit ($0.50/$1.00 USD) - 2025/01/18 13:44:52 WET [2025/01/18 8:44:52 ET]
Table 'Kajam IV' 6-max Seat #3 is the button
Seat 2: Amara2009 ($42.35 in chips) is sitting out
Seat 1: joaquin612 ($125.34 in chips) 
Seat 3: easy_sarcasm ($151.59 in chips) 
Seat 4: Supermegopro ($108.42 in chips) 
Seat 5: Mr_Dick666 ($101.50 in chips) 
Seat 6: DL1B ($101.50 in chips) 
Supermegopro: posts small blind $0.50
Mr_Dick666: posts big blind $1
*** HOLE CARDS ***
DL1B: folds 
joaquin612: folds 
easy_sarcasm: raises $1.20 to $2.20
Supermegopro: raises $9.80 to $12
Mr_Dick666: folds 
easy_sarcasm: folds 
Uncalled bet ($9.80) returned to Supermegopro
Supermegopro collected $5.40 from pot
Supermegopro: doesn't show hand 
*** SUMMARY ***
Total pot $5.40 | Rake $0 
Seat 2: Amara2009
Seat 1: joaquin612 folded before Flop (didn't bet)
Seat 3: easy_sarcasm (button) folded before Flop
Seat 4: Supermegopro (small blind) collected ($5.40)
Seat 5: Mr_Dick666 (big blind) folded before Flop
Seat 6: DL1B folded before Flop (didn't bet)



PokerStars Hand #254430832074:  Hold'em No Limit ($0.50/$1.00 USD) - 2025/01/18 13:45:16 WET [2025/01/18 8:45:16 ET]
Table 'Kajam IV' 6-max Seat #4 is the button
Seat 2: Amara2009 ($42.35 in chips) is sitting out
Seat 1: joaquin612 ($125.34 in chips) 
Seat 3: easy_sarcasm ($149.39 in chips) 
Seat 4: Supermegopro ($111.62 in chips) 
Seat 5: Mr_Dick666 ($100.50 in chips) 
Seat 6: DL1B ($101.50 in chips) 
Mr_Dick666: posts small blind $0.50
DL1B: posts big blind $1
*** HOLE CARDS ***
joaquin612: folds 
easy_sarcasm: folds 
Supermegopro: raises $1.50 to $2.50
Mr_Dick666: folds 
DL1B: calls $1.50
*** FLOP *** [5s 3d Qh]
DL1B: checks 
Supermegopro: bets $3.48
DL1B: folds 
Uncalled bet ($3.48) returned to Supermegopro
Supermegopro collected $5.22 from pot
Supermegopro: doesn't show hand 
*** SUMMARY ***
Total pot $5.50 | Rake $0.28 
Board [5s 3d Qh]
Seat 2: Amara2009
Seat 1: joaquin612 folded before Flop (didn't bet)
Seat 3: easy_sarcasm folded before Flop (didn't bet)
Seat 4: Supermegopro (button) collected ($5.22)
Seat 5: Mr_Dick666 (small blind) folded before Flop
Seat 6: DL1B (big blind) folded on the Flop



PokerStars Hand #254430837594:  Hold'em No Limit ($0.50/$1.00 USD) - 2025/01/18 13:45:45 WET [2025/01/18 8:45:45 ET]
Table 'Kajam IV' 6-max Seat #5 is the button
Seat 2: Amara2009 ($42.35 in chips) is sitting out
Seat 1: joaquin612 ($125.34 in chips) 
Seat 3: easy_sarcasm ($149.39 in chips) 
Seat 4: Supermegopro ($114.34 in chips) 
Seat 5: Mr_Dick666 ($100 in chips) 
Seat 6: DL1B ($100 in chips) 
DL1B: posts small blind $0.50
joaquin612: posts big blind $1
*** HOLE CARDS ***
easy_sarcasm: folds 
Supermegopro: raises $1.50 to $2.50
Mr_Dick666: folds 
DL1B: raises $9.50 to $12
joaquin612: folds 
Supermegopro: raises $13 to $25
DL1B: folds 
Uncalled bet ($13) returned to Supermegopro
Supermegopro collected $25 from pot
Supermegopro: doesn't show hand 
*** SUMMARY ***
Total pot $25 | Rake $0 
Seat 2: Amara2009
Seat 1: joaquin612 (big blind) folded before Flop
Seat 3: easy_sarcasm folded before Flop (didn't bet)
Seat 4: Supermegopro collected ($25)
Seat 5: Mr_Dick666 (button) folded before Flop (didn't bet)
Seat 6: DL1B (small blind) folded before Flop



PokerStars Hand #254430843629:  Hold'em No Limit ($0.50/$1.00 USD) - 2025/01/18 13:46:17 WET [2025/01/18 8:46:17 ET]
Table 'Kajam IV' 6-max Seat #6 is the button
Seat 2: Amara2009 ($42.35 in chips) is sitting out
Seat 1: joaquin612 ($124.34 in chips) 
Seat 3: easy_sarcasm ($149.39 in chips) 
Seat 4: Supermegopro ($127.34 in chips) 
Seat 5: Mr_Dick666 ($100 in chips) 
Seat 6: DL1B ($100 in chips) 
joaquin612: posts small blind $0.50
easy_sarcasm: posts big blind $1
*** HOLE CARDS ***
Supermegopro: folds 
Mr_Dick666: folds 
DL1B: raises $1.50 to $2.50
joaquin612: raises $8.50 to $11
easy_sarcasm: folds 
DL1B: folds 
Uncalled bet ($8.50) returned to joaquin612
joaquin612 collected $6 from pot
Amara2009 leaves the table
joaquin612: doesn't show hand 
*** SUMMARY ***
Total pot $6 | Rake $0 
Seat 2: Amara2009
Seat 1: joaquin612 (small blind) collected ($6)
Seat 3: easy_sarcasm (big blind) folded before Flop
Seat 4: Supermegopro folded before Flop (didn't bet)
Seat 5: Mr_Dick666 folded before Flop (didn't bet)
Seat 6: DL1B (button) folded before Flop



PokerStars Hand #254430847080:  Hold'em No Limit ($0.50/$1.00 USD) - 2025/01/18 13:46:36 WET [2025/01/18 8:46:36 ET]
Table 'Kajam IV' 6-max Seat #1 is the button
Seat 1: joaquin612 ($127.84 in chips) 
Seat 3: easy_sarcasm ($148.39 in chips) 
Seat 4: Supermegopro ($127.34 in chips) 
Seat 5: Mr_Dick666 ($100 in chips) 
Seat 6: DL1B ($100 in chips) 
easy_sarcasm: posts small blind $0.50
Supermegopro: posts big blind $1
*** HOLE CARDS ***
Mr_Dick666: folds 
DL1B: folds 
joaquin612: folds 
easy_sarcasm: folds 
Uncalled bet ($0.50) returned to Supermegopro
Supermegopro collected $1 from pot
Supermegopro: doesn't show hand 
*** SUMMARY ***
Total pot $1 | Rake $0 
Seat 1: joaquin612 (button) folded before Flop (didn't bet)
Seat 3: easy_sarcasm (small blind) folded before Flop
Seat 4: Supermegopro (big blind) collected ($1)
Seat 5: Mr_Dick666 folded before Flop (didn't bet)
Seat 6: DL1B folded before Flop (didn't bet)



PokerStars Hand #254430848681:  Hold'em No Limit ($0.50/$1.00 USD) - 2025/01/18 13:46:44 WET [2025/01/18 8:46:44 ET]
Table 'Kajam IV' 6-max Seat #3 is the button
Seat 5: Mr_Dick666 ($100 in chips) is sitting out
Seat 6: DL1B ($100 in chips) is sitting out
Seat 1: joaquin612 ($127.84 in chips) 
Seat 3: easy_sarcasm ($147.89 in chips) 
Seat 4: Supermegopro ($127.84 in chips) 
Supermegopro: posts small blind $0.50
Mr_Dick666: is sitting out 
DL1B: is sitting out 
joaquin612: posts big blind $1
*** HOLE CARDS ***
easy_sarcasm: folds 
Mr_Dick666 leaves the table
Supermegopro: raises $2 to $3
joaquin612: calls $2
*** FLOP *** [8s 3c 9c]
DL1B leaves the table
Supermegopro: checks 
joaquin612: bets $1.88
Supermegopro: folds 
Uncalled bet ($1.88) returned to joaquin612
joaquin612 collected $5.70 from pot
joaquin612: doesn't show hand 
*** SUMMARY ***
Total pot $6 | Rake $0.30 
Board [8s 3c 9c]
Seat 5: Mr_Dick666
Seat 6: DL1B
Seat 1: joaquin612 (big blind) collected ($5.70)
Seat 3: easy_sarcasm (button) folded before Flop (didn't bet)
Seat 4: Supermegopro (small blind) folded on the Flop



PokerStars Hand #254430853887:  Hold'em No Limit ($0.50/$1.00 USD) - 2025/01/18 13:47:11 WET [2025/01/18 8:47:11 ET]
Table 'Kajam IV' 6-max Seat #1 is the button
Seat 3: easy_sarcasm ($147.89 in chips) is sitting out
Seat 1: joaquin612 ($130.54 in chips) 
Seat 4: Supermegopro ($124.84 in chips) 
joaquin612: posts small blind $0.50
easy_sarcasm: is sitting out 
Supermegopro: posts big blind $1
*** HOLE CARDS ***
easy_sarcasm leaves the table
joaquin612: raises $2 to $3
Supermegopro: calls $2
*** FLOP *** [Kh Qs 2s]
Supermegopro: checks 
joaquin612: bets $1.88
Supermegopro: folds 
Uncalled bet ($1.88) returned to joaquin612
joaquin612 collected $5.70 from pot
joaquin612: doesn't show hand 
Supermegopro leaves the table
*** SUMMARY ***
Total pot $6 | Rake $0.30 
Board [Kh Qs 2s]
Seat 3: easy_sarcasm
Seat 1: joaquin612 (button) (small blind) collected ($5.70)
Seat 4: Supermegopro (big blind) folded on the Flop



PokerStars Hand #254430955493:  Hold'em No Limit ($0.50/$1.00 USD) - 2025/01/18 13:56:22 WET [2025/01/18 8:56:22 ET]
Table 'Kajam IV' 6-max Seat #2 is the button
Seat 1: joaquin612 ($133.24 in chips) 
Seat 2: Evelexy1 ($10 in chips) 
Seat 3: Alinyr ($100 in chips) 
Seat 4: Richard2494 ($85.02 in chips) 
Seat 6: machosaliba22 ($17.89 in chips) 
Alinyr: posts small blind $0.50
Richard2494: posts big blind $1
*** HOLE CARDS ***
IREQO joins the table at seat #5 
machosaliba22: folds 
joaquin612: raises $1.50 to $2.50
Evelexy1: folds 
Alinyr: folds 
Richard2494: folds 
Uncalled bet ($1.50) returned to joaquin612
joaquin612 collected $2.50 from pot
joaquin612: doesn't show hand 
*** SUMMARY ***
Total pot $2.50 | Rake $0 
Seat 1: joaquin612 collected ($2.50)
Seat 2: Evelexy1 (button) folded before Flop (didn't bet)
Seat 3: Alinyr (small blind) folded before Flop
Seat 4: Richard2494 (big blind) folded before Flop
Seat 6: machosaliba22 folded before Flop (didn't bet)



PokerStars Hand #254430957624:  Hold'em No Limit ($0.50/$1.00 USD) - 2025/01/18 13:56:36 WET [2025/01/18 8:56:36 ET]
Table 'Kajam IV' 6-max Seat #3 is the button
Seat 1: joaquin612 ($134.74 in chips) 
Seat 2: Evelexy1 ($100 in chips) 
Seat 3: Alinyr ($100 in chips) 
Seat 4: Richard2494 ($84.02 in chips) 
Seat 5: IREQO ($100 in chips) 
Seat 6: machosaliba22 ($17.89 in chips) 
Richard2494: posts small blind $0.50
IREQO: posts big blind $1
*** HOLE CARDS ***
machosaliba22: folds 
joaquin612: raises $1.50 to $2.50
Evelexy1: folds 
Alinyr: folds 
Richard2494: folds 
IREQO: folds 
Uncalled bet ($1.50) returned to joaquin612
joaquin612 collected $2.50 from pot
joaquin612: doesn't show hand 
*** SUMMARY ***
Total pot $2.50 | Rake $0 
Seat 1: joaquin612 collected ($2.50)
Seat 2: Evelexy1 folded before Flop (didn't bet)
Seat 3: Alinyr (button) folded before Flop (didn't bet)
Seat 4: Richard2494 (small blind) folded before Flop
Seat 5: IREQO (big blind) folded before Flop
Seat 6: machosaliba22 folded before Flop (didn't bet)



PokerStars Hand #254430960494:  Hold'em No Limit ($0.50/$1.00 USD) - 2025/01/18 13:56:55 WET [2025/01/18 8:56:55 ET]
Table 'Kajam IV' 6-max Seat #4 is the button
Seat 1: joaquin612 ($136.24 in chips) 
Seat 2: Evelexy1 ($100 in chips) 
Seat 3: Alinyr ($100 in chips) 
Seat 4: Richard2494 ($83.52 in chips) 
Seat 5: IREQO ($100 in chips) 
Seat 6: machosaliba22 ($17.89 in chips) 
IREQO: posts small blind $0.50
machosaliba22: posts big blind $1
*** HOLE CARDS ***
joaquin612: raises $1 to $2
Evelexy1: folds 
Alinyr: folds 
Richard2494: calls $2
IREQO: folds 
machosaliba22: calls $1
*** FLOP *** [6s Qh 8h]
machosaliba22: checks 
joaquin612: checks 
Richard2494: checks 
*** TURN *** [6s Qh 8h] [3c]
machosaliba22: bets $2
joaquin612: folds 
Richard2494: calls $2
*** RIVER *** [6s Qh 8h 3c] [8d]
machosaliba22: checks 
Richard2494: bets $2
machosaliba22: calls $2
*** SHOW DOWN ***
Richard2494: shows [Js Ts] (a pair of Eights)
machosaliba22: shows [3s 5s] (two pair, Eights and Threes)
machosaliba22 collected $13.78 from pot
*** SUMMARY ***
Total pot $14.50 | Rake $0.72 
Board [6s Qh 8h 3c 8d]
Seat 1: joaquin612 folded on the Turn
Seat 2: Evelexy1 folded before Flop (didn't bet)
Seat 3: Alinyr folded before Flop (didn't bet)
Seat 4: Richard2494 (button) showed [Js Ts] and lost with a pair of Eights
Seat 5: IREQO (small blind) folded before Flop
Seat 6: machosaliba22 (big blind) showed [3s 5s] and won ($13.78) with two pair, Eights and Threes



PokerStars Hand #254430967441:  Hold'em No Limit ($0.50/$1.00 USD) - 2025/01/18 13:57:41 WET [2025/01/18 8:57:41 ET]
Table 'Kajam IV' 6-max Seat #5 is the button
Seat 1: joaquin612 ($134.24 in chips) is sitting out
Seat 2: Evelexy1 ($100 in chips) 
Seat 3: Alinyr ($100 in chips) 
Seat 4: Richard2494 ($77.52 in chips) 
Seat 5: IREQO ($100 in chips) 
Seat 6: machosaliba22 ($25.67 in chips) 
machosaliba22: posts small blind $0.50
joaquin612: is sitting out 
Evelexy1: posts big blind $1
*** HOLE CARDS ***
Alinyr: folds 
Richard2494: raises $1 to $2
IREQO: folds 
machosaliba22: calls $1.50
Evelexy1: folds 
*** FLOP *** [7d Jh Jd]
machosaliba22: checks 
Richard2494: checks 
*** TURN *** [7d Jh Jd] [3s]
machosaliba22: bets $1
Richard2494: raises $3 to $4
machosaliba22: folds 
Uncalled bet ($3) returned to Richard2494
Richard2494 collected $6.65 from pot
Richard2494: doesn't show hand 
*** SUMMARY ***
Total pot $7 | Rake $0.35 
Board [7d Jh Jd 3s]
Seat 1: joaquin612
Seat 2: Evelexy1 (big blind) folded before Flop
Seat 3: Alinyr folded before Flop (didn't bet)
Seat 4: Richard2494 collected ($6.65)
Seat 5: IREQO (button) folded before Flop (didn't bet)
Seat 6: machosaliba22 (small blind) folded on the Turn



PokerStars Hand #254430973018:  Hold'em No Limit ($0.50/$1.00 USD) - 2025/01/18 13:58:18 WET [2025/01/18 8:58:18 ET]
Table 'Kajam IV' 6-max Seat #6 is the button
Seat 1: joaquin612 ($134.24 in chips) is sitting out
Seat 2: Evelexy1 ($100 in chips) 
Seat 3: Alinyr ($100 in chips) 
Seat 4: Richard2494 ($81.17 in chips) 
Seat 5: IREQO ($100 in chips) 
Seat 6: machosaliba22 ($22.67 in chips) 
Evelexy1: posts small blind $0.50
Alinyr: posts big blind $1
*** HOLE CARDS ***
Richard2494: folds 
IREQO: folds 
machosaliba22: calls $1
Evelexy1: calls $0.50
Alinyr: checks 
*** FLOP *** [3d Th 9c]
Evelexy1: checks 
Alinyr: checks 
machosaliba22: bets $1
Evelexy1: folds 
Alinyr: folds 
Uncalled bet ($1) returned to machosaliba22
machosaliba22 collected $2.85 from pot
*** SUMMARY ***
Total pot $3 | Rake $0.15 
Board [3d Th 9c]
Seat 1: joaquin612
Seat 2: Evelexy1 (small blind) folded on the Flop
Seat 3: Alinyr (big blind) folded on the Flop
Seat 4: Richard2494 folded before Flop (didn't bet)
Seat 5: IREQO folded before Flop (didn't bet)
Seat 6: machosaliba22 (button) collected ($2.85)



PokerStars Hand #254430976630:  Hold'em No Limit ($0.50/$1.00 USD) - 2025/01/18 13:58:41 WET [2025/01/18 8:58:41 ET]
Table 'Kajam IV' 6-max Seat #2 is the button
Seat 1: joaquin612 ($134.24 in chips) is sitting out
Seat 2: Evelexy1 ($100 in chips) 
Seat 3: Alinyr ($100 in chips) 
Seat 4: Richard2494 ($100 in chips) 
Seat 5: IREQO ($100 in chips) 
Seat 6: machosaliba22 ($24.52 in chips) 
Alinyr: posts small blind $0.50
Richard2494: posts big blind $1
joaquin612: sits out 
*** HOLE CARDS ***
IREQO: folds 
machosaliba22: folds 
Evelexy1: folds 
Alinyr: folds 
Uncalled bet ($0.50) returned to Richard2494
Richard2494 collected $1 from pot
Richard2494: doesn't show hand 
*** SUMMARY ***
Total pot $1 | Rake $0 
Seat 1: joaquin612
Seat 2: Evelexy1 (button) folded before Flop (didn't bet)
Seat 3: Alinyr (small blind) folded before Flop
Seat 4: Richard2494 (big blind) collected ($1)
Seat 5: IREQO folded before Flop (didn't bet)
Seat 6: machosaliba22 folded before Flop (didn't bet)



PokerStars Hand #254430978683:  Hold'em No Limit ($0.50/$1.00 USD) - 2025/01/18 13:58:55 WET [2025/01/18 8:58:55 ET]
Table 'Kajam IV' 6-max Seat #3 is the button
Seat 1: joaquin612 ($134.24 in chips) is sitting out
Seat 2: Evelexy1 ($100 in chips) 
Seat 3: Alinyr ($100 in chips) 
Seat 4: Richard2494 ($100.50 in chips) 
Seat 5: IREQO ($100 in chips) 
Seat 6: machosaliba22 ($24.52 in chips) 
Richard2494: posts small blind $0.50
IREQO: posts big blind $1
joaquin612: sits out 
*** HOLE CARDS ***
machosaliba22: calls $1
Evelexy1: folds 
Alinyr: folds 
Richard2494: raises $1 to $2
IREQO: folds 
machosaliba22: calls $1
*** FLOP *** [6c Qs Ts]
Richard2494: checks 
machosaliba22: bets $2
Richard2494: calls $2
*** TURN *** [6c Qs Ts] [6h]
Richard2494: checks 
machosaliba22: bets $2
Richard2494: calls $2
*** RIVER *** [6c Qs Ts 6h] [6d]
Richard2494: checks 
machosaliba22: bets $2
Richard2494: raises $92.50 to $94.50 and is all-in
machosaliba22: folds 
Uncalled bet ($92.50) returned to Richard2494
Richard2494 collected $16.15 from pot
Richard2494: doesn't show hand 
*** SUMMARY ***
Total pot $17 | Rake $0.85 
Board [6c Qs Ts 6h 6d]
Seat 1: joaquin612
Seat 2: Evelexy1 folded before Flop (didn't bet)
Seat 3: Alinyr (button) folded before Flop (didn't bet)
Seat 4: Richard2494 (small blind) collected ($16.15)
Seat 5: IREQO (big blind) folded before Flop
Seat 6: machosaliba22 folded on the River



PokerStars Hand #254430985144:  Hold'em No Limit ($0.50/$1.00 USD) - 2025/01/18 13:59:38 WET [2025/01/18 8:59:38 ET]
Table 'Kajam IV' 6-max Seat #4 is the button
Seat 1: joaquin612 ($134.24 in chips) is sitting out
Seat 2: Evelexy1 ($100 in chips) 
Seat 3: Alinyr ($100 in chips) 
Seat 4: Richard2494 ($108.65 in chips) 
Seat 5: IREQO ($100 in chips) 
Seat 6: machosaliba22 ($16.52 in chips) 
IREQO: posts small blind $0.50
machosaliba22: posts big blind $1
joaquin612: sits out 
*** HOLE CARDS ***
Evelexy1: folds 
Alinyr: folds 
Richard2494: raises $1.20 to $2.20
IREQO: folds 
machosaliba22: calls $1.20
*** FLOP *** [6s Td 8s]
machosaliba22: checks 
Richard2494: checks 
*** TURN *** [6s Td 8s] [As]
machosaliba22: checks 
Richard2494: checks 
*** RIVER *** [6s Td 8s As] [2h]
machosaliba22: checks 
Richard2494: checks 
*** SHOW DOWN ***
machosaliba22: shows [Qc Jh] (high card Ace)
Richard2494: shows [8d Kd] (a pair of Eights)
Richard2494 collected $4.66 from pot
*** SUMMARY ***
Total pot $4.90 | Rake $0.24 
Board [6s Td 8s As 2h]
Seat 1: joaquin612
Seat 2: Evelexy1 folded before Flop (didn't bet)
Seat 3: Alinyr folded before Flop (didn't bet)
Seat 4: Richard2494 (button) showed [8d Kd] and won ($4.66) with a pair of Eights
Seat 5: IREQO (small blind) folded before Flop
Seat 6: machosaliba22 (big blind) showed [Qc Jh] and lost with high card Ace



PokerStars Hand #254430988862:  Hold'em No Limit ($0.50/$1.00 USD) - 2025/01/18 14:00:01 WET [2025/01/18 9:00:01 ET]
Table 'Kajam IV' 6-max Seat #5 is the button
Seat 1: joaquin612 ($134.24 in chips) 
Seat 2: Evelexy1 ($100 in chips) 
Seat 3: Alinyr ($100 in chips) 
Seat 4: Richard2494 ($111.11 in chips) 
Seat 5: IREQO ($100 in chips) 
Seat 6: machosaliba22 ($14.32 in chips) 
machosaliba22: posts small blind $0.50
joaquin612: posts big blind $1
*** HOLE CARDS ***
Evelexy1: folds 
Alinyr: folds 
Richard2494: raises $1.20 to $2.20
IREQO: folds 
machosaliba22: folds 
joaquin612: calls $1.20
*** FLOP *** [Qd Kd 6d]
joaquin612: checks 
Richard2494: bets $2
joaquin612: folds 
Uncalled bet ($2) returned to Richard2494
Richard2494 collected $4.66 from pot
Richard2494: doesn't show hand 
*** SUMMARY ***
Total pot $4.90 | Rake $0.24 
Board [Qd Kd 6d]
Seat 1: joaquin612 (big blind) folded on the Flop
Seat 2: Evelexy1 folded before Flop (didn't bet)
Seat 3: Alinyr folded before Flop (didn't bet)
Seat 4: Richard2494 collected ($4.66)
Seat 5: IREQO (button) folded before Flop (didn't bet)
Seat 6: machosaliba22 (small blind) folded before Flop



PokerStars Hand #254430992254:  Hold'em No Limit ($0.50/$1.00 USD) - 2025/01/18 14:00:23 WET [2025/01/18 9:00:23 ET]
Table 'Kajam IV' 6-max Seat #6 is the button
Seat 1: joaquin612 ($132.04 in chips) 
Seat 2: Evelexy1 ($100 in chips) 
Seat 3: Alinyr ($100 in chips) 
Seat 4: Richard2494 ($113.57 in chips) 
Seat 5: IREQO ($100 in chips) 
Seat 6: machosaliba22 ($13.82 in chips) 
joaquin612: posts small blind $0.50
Evelexy1: posts big blind $1
*** HOLE CARDS ***
Alinyr: folds 
Richard2494: raises $1 to $2
IREQO: folds 
machosaliba22: calls $2
joaquin612: raises $10 to $12
Evelexy1: folds 
Richard2494: calls $10
machosaliba22: folds 
*** FLOP *** [2d 7d Kd]
joaquin612: checks 
Richard2494: checks 
*** TURN *** [2d 7d Kd] [8s]
joaquin612: checks 
Richard2494: bets $17.96
joaquin612: calls $17.96
*** RIVER *** [2d 7d Kd 8s] [5d]
joaquin612: checks 
Richard2494: bets $83.61 and is all-in
joaquin612: calls $83.61
*** SHOW DOWN ***
Richard2494: shows [Qh Ad] (a flush, Ace high)
joaquin612: shows [9s 9d] (a flush, King high)
Richard2494 collected $227.64 from pot
*** SUMMARY ***
Total pot $230.14 | Rake $2.50 
Board [2d 7d Kd 8s 5d]
Seat 1: joaquin612 (small blind) showed [9s 9d] and lost with a flush, King high
Seat 2: Evelexy1 (big blind) folded before Flop
Seat 3: Alinyr folded before Flop (didn't bet)
Seat 4: Richard2494 showed [Qh Ad] and won ($227.64) with a flush, Ace high
Seat 5: IREQO folded before Flop (didn't bet)
Seat 6: machosaliba22 (button) folded before Flop



PokerStars Hand #254431013691:  Hold'em No Limit ($0.50/$1.00 USD) - 2025/01/18 14:02:20 WET [2025/01/18 9:02:20 ET]
Table 'Kajam IV' 6-max Seat #1 is the button
Seat 3: Alinyr ($100 in chips) is sitting out
Seat 1: joaquin612 ($100 in chips) 
Seat 2: Evelexy1 ($100 in chips) 
Seat 4: Richard2494 ($227.64 in chips) 
Seat 5: IREQO ($100 in chips) 
Seat 6: machosaliba22 ($11.82 in chips) 
Evelexy1: posts small blind $0.50
Alinyr: is sitting out 
Richard2494: posts big blind $1
*** HOLE CARDS ***
Alinyr leaves the table
IREQO: folds 
machosaliba22: calls $1
TheBraveGirl joins the table at seat #3 
joaquin612: folds 
Evelexy1: folds 
Richard2494: checks 
*** FLOP *** [Ks Ac Qd]
Richard2494: checks 
machosaliba22: bets $10.82 and is all-in
Richard2494: folds 
Uncalled bet ($10.82) returned to machosaliba22
machosaliba22 collected $2.38 from pot
*** SUMMARY ***
Total pot $2.50 | Rake $0.12 
Board [Ks Ac Qd]
Seat 3: Alinyr
Seat 1: joaquin612 (button) folded before Flop (didn't bet)
Seat 2: Evelexy1 (small blind) folded before Flop
Seat 4: Richard2494 (big blind) folded on the Flop
Seat 5: IREQO folded before Flop (didn't bet)
Seat 6: machosaliba22 collected ($2.38)



PokerStars Hand #254431018108:  Hold'em No Limit ($0.50/$1.00 USD) - 2025/01/18 14:02:43 WET [2025/01/18 9:02:43 ET]
Table 'Kajam IV' 6-max Seat #2 is the button
Seat 3: TheBraveGirl ($100 in chips) is sitting out
Seat 1: joaquin612 ($100 in chips) 
Seat 2: Evelexy1 ($100 in chips) 
Seat 4: Richard2494 ($226.64 in chips) 
Seat 5: IREQO ($100 in chips) 
Seat 6: machosaliba22 ($13.20 in chips) 
Richard2494: posts small blind $0.50
IREQO: posts big blind $1
*** HOLE CARDS ***
machosaliba22: folds 
joaquin612: folds 
Evelexy1: raises $1.50 to $2.50
Richard2494: raises $10.10 to $12.60
IREQO: folds 
Evelexy1: calls $10.10
*** FLOP *** [2s Jc 2h]
Richard2494: bets $7
Evelexy1: calls $7
*** TURN *** [2s Jc 2h] [Jd]
Richard2494: checks 
Evelexy1: bets $7.64
Richard2494: calls $7.64
*** RIVER *** [2s Jc 2h Jd] [7c]
Richard2494: checks 
Evelexy1: checks 
*** SHOW DOWN ***
Richard2494: shows [Ah Js] (a full house, Jacks full of Deuces)
Evelexy1: mucks hand 
Richard2494 collected $52.98 from pot
*** SUMMARY ***
Total pot $55.48 | Rake $2.50 
Board [2s Jc 2h Jd 7c]
Seat 3: TheBraveGirl
Seat 1: joaquin612 folded before Flop (didn't bet)
Seat 2: Evelexy1 (button) mucked
Seat 4: Richard2494 (small blind) showed [Ah Js] and won ($52.98) with a full house, Jacks full of Deuces
Seat 5: IREQO (big blind) folded before Flop
Seat 6: machosaliba22 folded before Flop (didn't bet)



PokerStars Hand #254431029144:  Hold'em No Limit ($0.50/$1.00 USD) - 2025/01/18 14:03:40 WET [2025/01/18 9:03:40 ET]
Table 'Kajam IV' 6-max Seat #4 is the button
Seat 3: TheBraveGirl ($100 in chips) is sitting out
Seat 1: joaquin612 ($100 in chips) 
Seat 2: Evelexy1 ($100 in chips) 
Seat 4: Richard2494 ($252.38 in chips) 
Seat 5: IREQO ($100 in chips) 
Seat 6: machosaliba22 ($13.20 in chips) 
IREQO: posts small blind $0.50
machosaliba22: posts big blind $1
TheBraveGirl: sits out 
*** HOLE CARDS ***
joaquin612: raises $1.50 to $2.50
Evelexy1: folds 
Richard2494: folds 
IREQO: raises $8.50 to $11
machosaliba22: folds 
joaquin612: folds 
Uncalled bet ($8.50) returned to IREQO
IREQO collected $6 from pot
IREQO: doesn't show hand 
*** SUMMARY ***
Total pot $6 | Rake $0 
Seat 3: TheBraveGirl
Seat 1: joaquin612 folded before Flop
Seat 2: Evelexy1 folded before Flop (didn't bet)
Seat 4: Richard2494 (button) folded before Flop (didn't bet)
Seat 5: IREQO (small blind) collected ($6)
Seat 6: machosaliba22 (big blind) folded before Flop



PokerStars Hand #254431035854:  Hold'em No Limit ($0.50/$1.00 USD) - 2025/01/18 14:04:14 WET [2025/01/18 9:04:14 ET]
Table 'Kajam IV' 6-max Seat #5 is the button
Seat 3: TheBraveGirl ($100 in chips) is sitting out
Seat 1: joaquin612 ($100 in chips) 
Seat 2: Evelexy1 ($100 in chips) 
Seat 4: Richard2494 ($252.38 in chips) 
Seat 5: IREQO ($103.50 in chips) 
Seat 6: machosaliba22 ($12.20 in chips) 
machosaliba22: posts small blind $0.50
joaquin612: posts big blind $1
TheBraveGirl: sits out 
*** HOLE CARDS ***
Evelexy1: folds 
Richard2494: folds 
IREQO: raises $1.50 to $2.50
machosaliba22: folds 
joaquin612: calls $1.50
*** FLOP *** [Td Jd 6h]
joaquin612: checks 
IREQO: bets $2.61
joaquin612: calls $2.61
*** TURN *** [Td Jd 6h] [8d]
joaquin612: checks 
IREQO: checks 
*** RIVER *** [Td Jd 6h 8d] [Th]
joaquin612: checks 
IREQO: checks 
*** SHOW DOWN ***
joaquin612: shows [Tc 8c] (a full house, Tens full of Eights)
IREQO: mucks hand 
joaquin612 collected $10.18 from pot
*** SUMMARY ***
Total pot $10.72 | Rake $0.54 
Board [Td Jd 6h 8d Th]
Seat 3: TheBraveGirl
Seat 1: joaquin612 (big blind) showed [Tc 8c] and won ($10.18) with a full house, Tens full of Eights
Seat 2: Evelexy1 folded before Flop (didn't bet)
Seat 4: Richard2494 folded before Flop (didn't bet)
Seat 5: IREQO (button) mucked
Seat 6: machosaliba22 (small blind) folded before Flop



PokerStars Hand #254431052124:  Hold'em No Limit ($0.50/$1.00 USD) - 2025/01/18 14:05:38 WET [2025/01/18 9:05:38 ET]
Table 'Kajam IV' 6-max Seat #6 is the button
Seat 3: TheBraveGirl ($100 in chips) is sitting out
Seat 1: joaquin612 ($105.07 in chips) 
Seat 2: Evelexy1 ($100 in chips) 
Seat 4: Richard2494 ($252.38 in chips) 
Seat 5: IREQO ($100 in chips) 
Seat 6: machosaliba22 ($11.70 in chips) 
joaquin612: posts small blind $0.50
Evelexy1: posts big blind $1
TheBraveGirl: sits out 
*** HOLE CARDS ***
Richard2494: calls $1
IREQO: folds 
machosaliba22: raises $10.70 to $11.70 and is all-in
joaquin612: folds 
Evelexy1: folds 
Richard2494: folds 
Uncalled bet ($10.70) returned to machosaliba22
machosaliba22 collected $3.50 from pot
*** SUMMARY ***
Total pot $3.50 | Rake $0 
Seat 3: TheBraveGirl
Seat 1: joaquin612 (small blind) folded before Flop
Seat 2: Evelexy1 (big blind) folded before Flop
Seat 4: Richard2494 folded before Flop
Seat 5: IREQO folded before Flop (didn't bet)
Seat 6: machosaliba22 (button) collected ($3.50)



PokerStars Hand #254431056902:  Hold'em No Limit ($0.50/$1.00 USD) - 2025/01/18 14:06:01 WET [2025/01/18 9:06:01 ET]
Table 'Kajam IV' 6-max Seat #1 is the button
Seat 1: joaquin612 ($104.57 in chips) 
Seat 2: Evelexy1 ($100 in chips) 
Seat 3: TheBraveGirl ($100 in chips) 
Seat 4: Richard2494 ($251.38 in chips) 
Seat 5: IREQO ($100 in chips) 
Seat 6: machosaliba22 ($14.20 in chips) 
Evelexy1: posts small blind $0.50
TheBraveGirl: posts big blind $1
*** HOLE CARDS ***
Richard2494: folds 
IREQO: folds 
machosaliba22: folds 
joaquin612: raises $1.50 to $2.50
Evelexy1: folds 
TheBraveGirl: folds 
Uncalled bet ($1.50) returned to joaquin612
joaquin612 collected $2.50 from pot
joaquin612: doesn't show hand 
*** SUMMARY ***
Total pot $2.50 | Rake $0 
Seat 1: joaquin612 (button) collected ($2.50)
Seat 2: Evelexy1 (small blind) folded before Flop
Seat 3: TheBraveGirl (big blind) folded before Flop
Seat 4: Richard2494 folded before Flop (didn't bet)
Seat 5: IREQO folded before Flop (didn't bet)
Seat 6: machosaliba22 folded before Flop (didn't bet)



PokerStars Hand #254431059312:  Hold'em No Limit ($0.50/$1.00 USD) - 2025/01/18 14:06:14 WET [2025/01/18 9:06:14 ET]
Table 'Kajam IV' 6-max Seat #2 is the button
Seat 4: Richard2494 ($251.38 in chips) is sitting out
Seat 1: joaquin612 ($106.07 in chips) 
Seat 2: Evelexy1 ($100 in chips) 
Seat 3: TheBraveGirl ($100 in chips) 
Seat 5: IREQO ($100 in chips) 
Seat 6: machosaliba22 ($14.20 in chips) 
TheBraveGirl: posts small blind $0.50
Richard2494: is sitting out 
IREQO: posts big blind $1
*** HOLE CARDS ***
Richard2494 leaves the table
machosaliba22: folds 
joaquin612: raises $1.50 to $2.50
Evelexy1: folds 
TheBraveGirl: folds 
IREQO: calls $1.50
*** FLOP *** [5s 3h Jd]
IREQO: checks 
joaquin612: bets $1.72
IREQO: raises $4.28 to $6
joaquin612: folds 
Uncalled bet ($4.28) returned to IREQO
IREQO collected $8.49 from pot
IREQO: doesn't show hand 
*** SUMMARY ***
Total pot $8.94 | Rake $0.45 
Board [5s 3h Jd]
Seat 4: Richard2494
Seat 1: joaquin612 folded on the Flop
Seat 2: Evelexy1 (button) folded before Flop (didn't bet)
Seat 3: TheBraveGirl (small blind) folded before Flop
Seat 5: IREQO (big blind) collected ($8.49)
Seat 6: machosaliba22 folded before Flop (didn't bet)



PokerStars Hand #254431072379:  Hold'em No Limit ($0.50/$1.00 USD) - 2025/01/18 14:07:22 WET [2025/01/18 9:07:22 ET]
Table 'Kajam IV' 6-max Seat #3 is the button
Seat 1: joaquin612 ($101.85 in chips) 
Seat 2: Evelexy1 ($100 in chips) 
Seat 3: TheBraveGirl ($100 in chips) 
Seat 5: IREQO ($104.27 in chips) 
Seat 6: machosaliba22 ($14.20 in chips) 
IREQO: posts small blind $0.50
machosaliba22: posts big blind $1
*** HOLE CARDS ***
joaquin612: folds 
Evelexy1: folds 
TheBraveGirl: folds 
IREQO: raises $1.50 to $2.50
machosaliba22: folds 
Uncalled bet ($1.50) returned to IREQO
IREQO collected $2 from pot
IREQO: doesn't show hand 
*** SUMMARY ***
Total pot $2 | Rake $0 
Seat 1: joaquin612 folded before Flop (didn't bet)
Seat 2: Evelexy1 folded before Flop (didn't bet)
Seat 3: TheBraveGirl (button) folded before Flop (didn't bet)
Seat 5: IREQO (small blind) collected ($2)
Seat 6: machosaliba22 (big blind) folded before Flop



PokerStars Hand #254431075560:  Hold'em No Limit ($0.50/$1.00 USD) - 2025/01/18 14:07:38 WET [2025/01/18 9:07:38 ET]
Table 'Kajam IV' 6-max Seat #5 is the button
Seat 1: joaquin612 ($101.85 in chips) 
Seat 2: Evelexy1 ($100 in chips) 
Seat 3: TheBraveGirl ($100 in chips) 
Seat 5: IREQO ($105.27 in chips) 
Seat 6: machosaliba22 ($13.20 in chips) 
machosaliba22: posts small blind $0.50
joaquin612: posts big blind $1
*** HOLE CARDS ***
Evelexy1: folds 
TheBraveGirl: folds 
Evelexy1 leaves the table
IREQO: raises $1.50 to $2.50
machosaliba22: calls $2
joaquin612: calls $1.50
*** FLOP *** [Kd Ts Jh]
machosaliba22: checks 
joaquin612: checks 
IREQO: checks 
*** TURN *** [Kd Ts Jh] [Kc]
machosaliba22: checks 
joaquin612: checks 
IREQO: checks 
*** RIVER *** [Kd Ts Jh Kc] [5d]
machosaliba22: checks 
joaquin612: checks 
IREQO: bets $3.56
machosaliba22: folds 
joaquin612: folds 
Uncalled bet ($3.56) returned to IREQO
IREQO collected $7.12 from pot
IREQO: doesn't show hand 
*** SUMMARY ***
Total pot $7.50 | Rake $0.38 
Board [Kd Ts Jh Kc 5d]
Seat 1: joaquin612 (big blind) folded on the River
Seat 2: Evelexy1 folded before Flop (didn't bet)
Seat 3: TheBraveGirl folded before Flop (didn't bet)
Seat 5: IREQO (button) collected ($7.12)
Seat 6: machosaliba22 (small blind) folded on the River



PokerStars Hand #254431092510:  Hold'em No Limit ($0.50/$1.00 USD) - 2025/01/18 14:09:04 WET [2025/01/18 9:09:04 ET]
Table 'Kajam IV' 6-max Seat #6 is the button
Seat 1: joaquin612 ($100 in chips) 
Seat 3: TheBraveGirl ($100 in chips) 
Seat 5: IREQO ($109.89 in chips) 
Seat 6: machosaliba22 ($10.70 in chips) 
joaquin612: posts small blind $0.50
TheBraveGirl: posts big blind $1
*** HOLE CARDS ***
IREQO: folds 
machosaliba22: folds 
joaquin612: raises $2 to $3
TheBraveGirl: calls $2
*** FLOP *** [Ks Th 5d]
joaquin612: bets $2.85
TheBraveGirl: calls $2.85
*** TURN *** [Ks Th 5d] [Kd]
joaquin612: bets $8.34
nastja336 joins the table at seat #2 
TheBraveGirl: folds 
Uncalled bet ($8.34) returned to joaquin612
joaquin612 collected $11.12 from pot
joaquin612: doesn't show hand 
*** SUMMARY ***
Total pot $11.70 | Rake $0.58 
Board [Ks Th 5d Kd]
Seat 1: joaquin612 (small blind) collected ($11.12)
Seat 3: TheBraveGirl (big blind) folded on the Turn
Seat 5: IREQO folded before Flop (didn't bet)
Seat 6: machosaliba22 (button) folded before Flop (didn't bet)



PokerStars Hand #254431103253:  Hold'em No Limit ($0.50/$1.00 USD) - 2025/01/18 14:09:58 WET [2025/01/18 9:09:58 ET]
Table 'Kajam IV' 6-max Seat #1 is the button
Seat 2: nastja336 ($100 in chips) is sitting out
Seat 1: joaquin612 ($105.27 in chips) 
Seat 3: TheBraveGirl ($100 in chips) 
Seat 5: IREQO ($109.89 in chips) 
Seat 6: machosaliba22 ($10.70 in chips) 
TheBraveGirl: posts small blind $0.50
IREQO: posts big blind $1
*** HOLE CARDS ***
machosaliba22: folds 
joaquin612: raises $1.50 to $2.50
TheBraveGirl: raises $9.50 to $12
IREQO: folds 
joaquin612: calls $9.50
*** FLOP *** [9s Td 9d]
TheBraveGirl: bets $18
joaquin612: calls $18
*** TURN *** [9s Td 9d] [4h]
nastja336 leaves the table
TheBraveGirl: bets $70 and is all-in
joaquin612: calls $70
*** RIVER *** [9s Td 9d 4h] [7h]
*** SHOW DOWN ***
TheBraveGirl: shows [Th As] (two pair, Tens and Nines)
joaquin612: shows [Tc Ac] (two pair, Tens and Nines)
TheBraveGirl collected $100 from pot
joaquin612 collected $100 from pot
*** SUMMARY ***
Total pot $201 | Rake $1 
Board [9s Td 9d 4h 7h]
Seat 2: nastja336
Seat 1: joaquin612 (button) showed [Tc Ac] and won ($100) with two pair, Tens and Nines
Seat 3: TheBraveGirl (small blind) showed [Th As] and won ($100) with two pair, Tens and Nines
Seat 5: IREQO (big blind) folded before Flop
Seat 6: machosaliba22 folded before Flop (didn't bet)



PokerStars Hand #254431115478:  Hold'em No Limit ($0.50/$1.00 USD) - 2025/01/18 14:11:01 WET [2025/01/18 9:11:01 ET]
Table 'Kajam IV' 6-max Seat #3 is the button
Seat 1: joaquin612 ($105.27 in chips) 
Seat 3: TheBraveGirl ($100 in chips) 
Seat 5: IREQO ($108.89 in chips) 
Seat 6: machosaliba22 ($10.70 in chips) 
IREQO: posts small blind $0.50
machosaliba22: posts big blind $1
*** HOLE CARDS ***
joaquin612: raises $1.50 to $2.50
TheBraveGirl: folds 
IREQO: folds 
machosaliba22: raises $8.20 to $10.70 and is all-in
joaquin612: calls $8.20
*** FLOP *** [Td 9c 4s]
*** TURN *** [Td 9c 4s] [9h]
*** RIVER *** [Td 9c 4s 9h] [3h]
*** SHOW DOWN ***
machosaliba22: shows [As 8h] (a pair of Nines)
joaquin612: shows [Kd Tc] (two pair, Tens and Nines)
joaquin612 collected $20.90 from pot
*** SUMMARY ***
Total pot $21.90 | Rake $1 
Board [Td 9c 4s 9h 3h]
Seat 1: joaquin612 showed [Kd Tc] and won ($20.90) with two pair, Tens and Nines
Seat 3: TheBraveGirl (button) folded before Flop (didn't bet)
Seat 5: IREQO (small blind) folded before Flop
Seat 6: machosaliba22 (big blind) showed [As 8h] and lost with a pair of Nines



PokerStars Hand #254431120812:  Hold'em No Limit ($0.50/$1.00 USD) - 2025/01/18 14:11:27 WET [2025/01/18 9:11:27 ET]
Table 'Kajam IV' 6-max Seat #5 is the button
Seat 1: joaquin612 ($115.47 in chips) 
Seat 3: TheBraveGirl ($100 in chips) 
Seat 5: IREQO ($108.39 in chips) 
joaquin612: posts small blind $0.50
TheBraveGirl: posts big blind $1
*** HOLE CARDS ***
IREQO: folds 
joaquin612: folds 
Uncalled bet ($0.50) returned to TheBraveGirl
TheBraveGirl collected $1 from pot
TheBraveGirl: doesn't show hand 
*** SUMMARY ***
Total pot $1 | Rake $0 
Seat 1: joaquin612 (small blind) folded before Flop
Seat 3: TheBraveGirl (big blind) collected ($1)
Seat 5: IREQO (button) folded before Flop (didn't bet)



PokerStars Hand #254431123485:  Hold'em No Limit ($0.50/$1.00 USD) - 2025/01/18 14:11:41 WET [2025/01/18 9:11:41 ET]
Table 'Kajam IV' 6-max Seat #1 is the button
Seat 1: joaquin612 ($114.97 in chips) 
Seat 3: TheBraveGirl ($100.50 in chips) 
Seat 5: IREQO ($108.39 in chips) 
TheBraveGirl: posts small blind $0.50
IREQO: posts big blind $1
*** HOLE CARDS ***
joaquin612: folds 
TheBraveGirl: folds 
Uncalled bet ($0.50) returned to IREQO
IREQO collected $1 from pot
IREQO: doesn't show hand 
*** SUMMARY ***
Total pot $1 | Rake $0 
Seat 1: joaquin612 (button) folded before Flop (didn't bet)
Seat 3: TheBraveGirl (small blind) folded before Flop
Seat 5: IREQO (big blind) collected ($1)



PokerStars Hand #254431124708:  Hold'em No Limit ($0.50/$1.00 USD) - 2025/01/18 14:11:47 WET [2025/01/18 9:11:47 ET]
Table 'Kajam IV' 6-max Seat #3 is the button
Seat 1: joaquin612 ($114.97 in chips) 
Seat 3: TheBraveGirl ($100 in chips) 
Seat 5: IREQO ($108.89 in chips) 
IREQO: posts small blind $0.50
joaquin612: posts big blind $1
*** HOLE CARDS ***
TheBraveGirl: folds 
IREQO: raises $1.50 to $2.50
joaquin612: folds 
Uncalled bet ($1.50) returned to IREQO
IREQO collected $2 from pot
IREQO: doesn't show hand 
*** SUMMARY ***
Total pot $2 | Rake $0 
Seat 1: joaquin612 (big blind) folded before Flop
Seat 3: TheBraveGirl (button) folded before Flop (didn't bet)
Seat 5: IREQO (small blind) collected ($2)



