PokerStars Hand #254439753368:  Hold'em No Limit ($0.50/$1.00 USD) - 2025/01/18 23:15:29 WET [2025/01/18 18:15:29 ET]
Table 'Stavropolis III' 6-max Seat #1 is the button
Seat 1: kars0n ($100 in chips) 
Seat 2: tintin641 ($100.50 in chips) 
Seat 5: XneferX ($100 in chips) 
tintin641: posts small blind $0.50
XneferX: posts big blind $1
*** HOLE CARDS ***
kars0n: raises $1.50 to $2.50
tintin641: folds 
XneferX: calls $1.50
*** FLOP *** [7h Jh 5s]
XneferX: checks 
kars0n: bets $1.72
XneferX: raises $6.67 to $8.39
kars0n: folds 
Uncalled bet ($6.67) returned to XneferX
XneferX collected $8.49 from pot
XneferX: doesn't show hand 
*** SUMMARY ***
Total pot $8.94 | Rake $0.45 
Board [7h Jh 5s]
Seat 1: kars0n (button) folded on the Flop
Seat 2: tintin641 (small blind) folded before Flop
Seat 5: XneferX (big blind) collected ($8.49)



PokerStars Hand #254439764518:  Hold'em No Limit ($0.50/$1.00 USD) - 2025/01/18 23:16:10 WET [2025/01/18 18:16:10 ET]
Table 'Stavropolis III' 6-max Seat #2 is the button
Seat 1: kars0n ($100 in chips) 
Seat 2: tintin641 ($100 in chips) 
Seat 5: XneferX ($104.27 in chips) 
XneferX: posts small blind $0.50
kars0n: posts big blind $1
*** HOLE CARDS ***
tintin641: raises $1.50 to $2.50
XneferX: folds 
kars0n: folds 
Uncalled bet ($1.50) returned to tintin641
tintin641 collected $2.50 from pot
tintin641: doesn't show hand 
*** SUMMARY ***
Total pot $2.50 | Rake $0 
Seat 1: kars0n (big blind) folded before Flop
Seat 2: tintin641 (button) collected ($2.50)
Seat 5: XneferX (small blind) folded before Flop



PokerStars Hand #254439768615:  Hold'em No Limit ($0.50/$1.00 USD) - 2025/01/18 23:16:26 WET [2025/01/18 18:16:26 ET]
Table 'Stavropolis III' 6-max Seat #5 is the button
Seat 1: kars0n ($100 in chips) 
Seat 2: tintin641 ($101.50 in chips) 
Seat 5: XneferX ($103.77 in chips) 
kars0n: posts small blind $0.50
tintin641: posts big blind $1
*** HOLE CARDS ***
XneferX: folds 
kars0n: folds 
Uncalled bet ($0.50) returned to tintin641
tintin641 collected $1 from pot
tintin641: doesn't show hand 
*** SUMMARY ***
Total pot $1 | Rake $0 
Seat 1: kars0n (small blind) folded before Flop
Seat 2: tintin641 (big blind) collected ($1)
Seat 5: XneferX (button) folded before Flop (didn't bet)



PokerStars Hand #254439771500:  Hold'em No Limit ($0.50/$1.00 USD) - 2025/01/18 23:16:36 WET [2025/01/18 18:16:36 ET]
Table 'Stavropolis III' 6-max Seat #2 is the button
Seat 5: XneferX ($103.77 in chips) is sitting out
Seat 1: kars0n ($100 in chips) 
Seat 2: tintin641 ($102 in chips) 
tintin641: posts small blind $0.50
kars0n: posts big blind $1
*** HOLE CARDS ***
XneferX leaves the table
tintin641: raises $1.50 to $2.50
kars0n: folds 
Uncalled bet ($1.50) returned to tintin641
tintin641 collected $2 from pot
tintin641: doesn't show hand 
*** SUMMARY ***
Total pot $2 | Rake $0 
Seat 5: XneferX
Seat 1: kars0n (big blind) folded before Flop
Seat 2: tintin641 (button) (small blind) collected ($2)



PokerStars Hand #254439773838:  Hold'em No Limit ($0.50/$1.00 USD) - 2025/01/18 23:16:45 WET [2025/01/18 18:16:45 ET]
Table 'Stavropolis III' 6-max Seat #1 is the button
Seat 1: kars0n ($100 in chips) 
Seat 2: tintin641 ($103 in chips) 
kars0n: posts small blind $0.50
tintin641: posts big blind $1
*** HOLE CARDS ***
kars0n: folds 
Uncalled bet ($0.50) returned to tintin641
tintin641 collected $1 from pot
tintin641: doesn't show hand 
*** SUMMARY ***
Total pot $1 | Rake $0 
Seat 1: kars0n (button) (small blind) folded before Flop
Seat 2: tintin641 (big blind) collected ($1)



PokerStars Hand #254439775321:  Hold'em No Limit ($0.50/$1.00 USD) - 2025/01/18 23:16:51 WET [2025/01/18 18:16:51 ET]
Table 'Stavropolis III' 6-max Seat #2 is the button
Seat 1: kars0n ($100 in chips) 
Seat 2: tintin641 ($103.50 in chips) 
tintin641: posts small blind $0.50
kars0n: posts big blind $1
*** HOLE CARDS ***
tintin641: folds 
Uncalled bet ($0.50) returned to kars0n
kars0n collected $1 from pot
kars0n: doesn't show hand 
*** SUMMARY ***
Total pot $1 | Rake $0 
Seat 1: kars0n (big blind) collected ($1)
Seat 2: tintin641 (button) (small blind) folded before Flop



