PokerStars Hand #254427990083:  Hold'em No Limit ($0.50/$1.00 USD) - 2025/01/18 7:16:38 WET [2025/01/18 2:16:38 ET]
Table 'Subamara III' 6-max Seat #6 is the button
Seat 1: Mr_Dick666 ($100 in chips) 
Seat 4: JoeBlack_MS ($100 in chips) 
Seat 5: kalcumite ($128.90 in chips) 
Seat 6: Christianzt1 ($100 in chips) 
Mr_Dick666: posts small blind $0.50
JoeBlack_MS: posts big blind $1
*** HOLE CARDS ***
kalcumite: raises $2 to $3
Christianzt1: folds 
Mr_Dick666: folds 
JoeBlack_MS: calls $2
*** FLOP *** [As 5s Kd]
JoeBlack_MS: checks 
kalcumite: checks 
*** TURN *** [As 5s Kd] [6c]
JoeBlack_MS: bets $4.63
kalcumite: calls $4.63
*** RIVER *** [As 5s Kd 6c] [Kc]
JoeBlack_MS: bets $14.97
kalcumite: folds 
Uncalled bet ($14.97) returned to JoeBlack_MS
JoeBlack_MS collected $14.97 from pot
JoeBlack_MS: doesn't show hand 
*** SUMMARY ***
Total pot $15.76 | Rake $0.79 
Board [As 5s Kd 6c Kc]
Seat 1: Mr_Dick666 (small blind) folded before Flop
Seat 4: JoeBlack_MS (big blind) collected ($14.97)
Seat 5: kalcumite folded on the River
Seat 6: Christianzt1 (button) folded before Flop (didn't bet)



PokerStars Hand #254427994468:  Hold'em No Limit ($0.50/$1.00 USD) - 2025/01/18 7:17:31 WET [2025/01/18 2:17:31 ET]
Table 'Subamara III' 6-max Seat #1 is the button
Seat 1: Mr_Dick666 ($100 in chips) 
Seat 4: JoeBlack_MS ($107.34 in chips) 
Seat 5: kalcumite ($121.27 in chips) 
Seat 6: Christianzt1 ($100 in chips) 
JoeBlack_MS: posts small blind $0.50
kalcumite: posts big blind $1
*** HOLE CARDS ***
Christianzt1: folds 
Mr_Dick666: folds 
JoeBlack_MS: folds 
Uncalled bet ($0.50) returned to kalcumite
kalcumite collected $1 from pot
*** SUMMARY ***
Total pot $1 | Rake $0 
Seat 1: Mr_Dick666 (button) folded before Flop (didn't bet)
Seat 4: JoeBlack_MS (small blind) folded before Flop
Seat 5: kalcumite (big blind) collected ($1)
Seat 6: Christianzt1 folded before Flop (didn't bet)



PokerStars Hand #254427995516:  Hold'em No Limit ($0.50/$1.00 USD) - 2025/01/18 7:17:44 WET [2025/01/18 2:17:44 ET]
Table 'Subamara III' 6-max Seat #4 is the button
Seat 1: Mr_Dick666 ($100 in chips) 
Seat 4: JoeBlack_MS ($106.84 in chips) 
Seat 5: kalcumite ($121.77 in chips) 
Seat 6: Christianzt1 ($100 in chips) 
kalcumite: posts small blind $0.50
Christianzt1: posts big blind $1
*** HOLE CARDS ***
Mr_Dick666: folds 
JoeBlack_MS: raises $1.50 to $2.50
kalcumite: folds 
Christianzt1: folds 
Uncalled bet ($1.50) returned to JoeBlack_MS
JoeBlack_MS collected $2.50 from pot
JoeBlack_MS: doesn't show hand 
*** SUMMARY ***
Total pot $2.50 | Rake $0 
Seat 1: Mr_Dick666 folded before Flop (didn't bet)
Seat 4: JoeBlack_MS (button) collected ($2.50)
Seat 5: kalcumite (small blind) folded before Flop
Seat 6: Christianzt1 (big blind) folded before Flop



PokerStars Hand #254427996378:  Hold'em No Limit ($0.50/$1.00 USD) - 2025/01/18 7:17:55 WET [2025/01/18 2:17:55 ET]
Table 'Subamara III' 6-max Seat #5 is the button
Seat 1: Mr_Dick666 ($100 in chips) 
Seat 4: JoeBlack_MS ($108.34 in chips) 
Seat 5: kalcumite ($121.27 in chips) 
Seat 6: Christianzt1 ($100 in chips) 
Christianzt1: posts small blind $0.50
Mr_Dick666: posts big blind $1
*** HOLE CARDS ***
JoeBlack_MS: raises $1.30 to $2.30
kalcumite: calls $2.30
Christianzt1: folds 
Mr_Dick666: calls $1.30
*** FLOP *** [5s 9h 3s]
Mr_Dick666: checks 
JoeBlack_MS: checks 
kalcumite: bets $4
Mr_Dick666: folds 
JoeBlack_MS: calls $4
*** TURN *** [5s 9h 3s] [2h]
JoeBlack_MS: checks 
kalcumite: checks 
*** RIVER *** [5s 9h 3s 2h] [Ad]
JoeBlack_MS: checks 
kalcumite: bets $8
JoeBlack_MS: calls $8
*** SHOW DOWN ***
kalcumite: shows [7c 6c] (high card Ace)
JoeBlack_MS: shows [9d Jd] (a pair of Nines)
JoeBlack_MS collected $30.40 from pot
*** SUMMARY ***
Total pot $31.40 | Rake $1 
Board [5s 9h 3s 2h Ad]
Seat 1: Mr_Dick666 (big blind) folded on the Flop
Seat 4: JoeBlack_MS showed [9d Jd] and won ($30.40) with a pair of Nines
Seat 5: kalcumite (button) showed [7c 6c] and lost with high card Ace
Seat 6: Christianzt1 (small blind) folded before Flop



PokerStars Hand #254428002555:  Hold'em No Limit ($0.50/$1.00 USD) - 2025/01/18 7:19:10 WET [2025/01/18 2:19:10 ET]
Table 'Subamara III' 6-max Seat #6 is the button
Seat 1: Mr_Dick666 ($100 in chips) 
Seat 4: JoeBlack_MS ($124.44 in chips) 
Seat 5: kalcumite ($106.97 in chips) 
Seat 6: Christianzt1 ($100 in chips) 
Mr_Dick666: posts small blind $0.50
JoeBlack_MS: posts big blind $1
*** HOLE CARDS ***
kalcumite: raises $2 to $3
Christianzt1: folds 
Mr_Dick666: folds 
JoeBlack_MS: folds 
Uncalled bet ($2) returned to kalcumite
kalcumite collected $2.50 from pot
*** SUMMARY ***
Total pot $2.50 | Rake $0 
Seat 1: Mr_Dick666 (small blind) folded before Flop
Seat 4: JoeBlack_MS (big blind) folded before Flop
Seat 5: kalcumite collected ($2.50)
Seat 6: Christianzt1 (button) folded before Flop (didn't bet)



PokerStars Hand #254428003979:  Hold'em No Limit ($0.50/$1.00 USD) - 2025/01/18 7:19:28 WET [2025/01/18 2:19:28 ET]
Table 'Subamara III' 6-max Seat #1 is the button
Seat 1: Mr_Dick666 ($100 in chips) 
Seat 4: JoeBlack_MS ($123.44 in chips) 
Seat 5: kalcumite ($108.47 in chips) 
Seat 6: Christianzt1 ($100 in chips) 
JoeBlack_MS: posts small blind $0.50
kalcumite: posts big blind $1
*** HOLE CARDS ***
MAXBZT joins the table at seat #2 
MAXBZT is disconnected 
Christianzt1: folds 
Mr_Dick666: raises $1.50 to $2.50
JoeBlack_MS: folds 
CashfishT joins the table at seat #3 
kalcumite: folds 
Uncalled bet ($1.50) returned to Mr_Dick666
Mr_Dick666 collected $2.50 from pot
Mr_Dick666: doesn't show hand 
*** SUMMARY ***
Total pot $2.50 | Rake $0 
Seat 1: Mr_Dick666 (button) collected ($2.50)
Seat 4: JoeBlack_MS (small blind) folded before Flop
Seat 5: kalcumite (big blind) folded before Flop
Seat 6: Christianzt1 folded before Flop (didn't bet)



PokerStars Hand #254428005425:  Hold'em No Limit ($0.50/$1.00 USD) - 2025/01/18 7:19:46 WET [2025/01/18 2:19:46 ET]
Table 'Subamara III' 6-max Seat #4 is the button
Seat 3: CashfishT ($100 in chips) is sitting out
Seat 1: Mr_Dick666 ($101.50 in chips) 
Seat 2: MAXBZT ($40 in chips) 
Seat 4: JoeBlack_MS ($122.94 in chips) 
Seat 5: kalcumite ($107.47 in chips) 
Seat 6: Christianzt1 ($100 in chips) 
kalcumite: posts small blind $0.50
Christianzt1: posts big blind $1
MAXBZT: posts big blind $1
CashfishT: sits out 
*** HOLE CARDS ***
Mr_Dick666: folds 
MAXBZT: checks 
JoeBlack_MS: raises $2.50 to $3.50
kalcumite: calls $3
Christianzt1: folds 
MAXBZT: calls $2.50
*** FLOP *** [Qh 3h Kd]
kalcumite: checks 
MAXBZT: checks 
JoeBlack_MS: bets $3.28
kalcumite: folds 
MAXBZT: calls $3.28
*** TURN *** [Qh 3h Kd] [5c]
MAXBZT: checks 
JoeBlack_MS: bets $10.30
MAXBZT: folds 
Uncalled bet ($10.30) returned to JoeBlack_MS
JoeBlack_MS collected $17.16 from pot
JoeBlack_MS: doesn't show hand 
*** SUMMARY ***
Total pot $18.06 | Rake $0.90 
Board [Qh 3h Kd 5c]
Seat 3: CashfishT
Seat 1: Mr_Dick666 folded before Flop (didn't bet)
Seat 2: MAXBZT folded on the Turn
Seat 4: JoeBlack_MS (button) collected ($17.16)
Seat 5: kalcumite (small blind) folded on the Flop
Seat 6: Christianzt1 (big blind) folded before Flop



PokerStars Hand #254428008634:  Hold'em No Limit ($0.50/$1.00 USD) - 2025/01/18 7:20:25 WET [2025/01/18 2:20:25 ET]
Table 'Subamara III' 6-max Seat #5 is the button
Seat 3: CashfishT ($100 in chips) is sitting out
Seat 1: Mr_Dick666 ($101.50 in chips) 
Seat 2: MAXBZT ($33.22 in chips) 
Seat 4: JoeBlack_MS ($133.32 in chips) 
Seat 5: kalcumite ($103.97 in chips) 
Seat 6: Christianzt1 ($100 in chips) 
Christianzt1: posts small blind $0.50
Mr_Dick666: posts big blind $1
CashfishT: sits out 
*** HOLE CARDS ***
MAXBZT: folds 
JoeBlack_MS: raises $1.30 to $2.30
kalcumite: folds 
Christianzt1: folds 
Mr_Dick666: raises $9.70 to $12
JoeBlack_MS: calls $9.70
*** FLOP *** [Ts 5h Tc]
Mr_Dick666: bets $11.64
JoeBlack_MS: folds 
Uncalled bet ($11.64) returned to Mr_Dick666
Mr_Dick666 collected $23.28 from pot
Mr_Dick666: doesn't show hand 
*** SUMMARY ***
Total pot $24.50 | Rake $1.22 
Board [Ts 5h Tc]
Seat 3: CashfishT
Seat 1: Mr_Dick666 (big blind) collected ($23.28)
Seat 2: MAXBZT folded before Flop (didn't bet)
Seat 4: JoeBlack_MS folded on the Flop
Seat 5: kalcumite (button) folded before Flop (didn't bet)
Seat 6: Christianzt1 (small blind) folded before Flop



PokerStars Hand #254428012446:  Hold'em No Limit ($0.50/$1.00 USD) - 2025/01/18 7:21:12 WET [2025/01/18 2:21:12 ET]
Table 'Subamara III' 6-max Seat #6 is the button
Seat 3: CashfishT ($100 in chips) is sitting out
Seat 1: Mr_Dick666 ($112.78 in chips) 
Seat 2: MAXBZT ($33.22 in chips) 
Seat 4: JoeBlack_MS ($121.32 in chips) 
Seat 5: kalcumite ($103.97 in chips) 
Seat 6: Christianzt1 ($100 in chips) 
Mr_Dick666: posts small blind $0.50
MAXBZT: posts big blind $1
CashfishT: sits out 
*** HOLE CARDS ***
JoeBlack_MS: folds 
kalcumite: folds 
Christianzt1: raises $1.40 to $2.40
Mr_Dick666: folds 
MAXBZT: calls $1.40
*** FLOP *** [Jc 3c 2c]
MAXBZT: bets $5.04
Christianzt1: calls $5.04
*** TURN *** [Jc 3c 2c] [8h]
MAXBZT: bets $25.78 and is all-in
Christianzt1: calls $25.78
*** RIVER *** [Jc 3c 2c 8h] [9c]
*** SHOW DOWN ***
MAXBZT: shows [8c Qh] (a flush, Jack high)
Christianzt1: shows [Qs Jd] (a pair of Jacks)
MAXBZT collected $64.44 from pot
*** SUMMARY ***
Total pot $66.94 | Rake $2.50 
Board [Jc 3c 2c 8h 9c]
Seat 3: CashfishT
Seat 1: Mr_Dick666 (small blind) folded before Flop
Seat 2: MAXBZT (big blind) showed [8c Qh] and won ($64.44) with a flush, Jack high
Seat 4: JoeBlack_MS folded before Flop (didn't bet)
Seat 5: kalcumite folded before Flop (didn't bet)
Seat 6: Christianzt1 (button) showed [Qs Jd] and lost with a pair of Jacks



PokerStars Hand #254428015880:  Hold'em No Limit ($0.50/$1.00 USD) - 2025/01/18 7:21:53 WET [2025/01/18 2:21:53 ET]
Table 'Subamara III' 6-max Seat #1 is the button
Seat 1: Mr_Dick666 ($112.28 in chips) 
Seat 2: MAXBZT ($64.44 in chips) 
Seat 3: CashfishT ($100 in chips) 
Seat 4: JoeBlack_MS ($121.32 in chips) 
Seat 5: kalcumite ($103.97 in chips) 
Seat 6: Christianzt1 ($100 in chips) 
MAXBZT: posts small blind $0.50
CashfishT: posts big blind $1
*** HOLE CARDS ***
JoeBlack_MS: raises $1 to $2
kalcumite: calls $2
Christianzt1: folds 
Mr_Dick666: calls $2
MAXBZT: raises $62.44 to $64.44 and is all-in
CashfishT: raises $35.56 to $100 and is all-in
JoeBlack_MS: folds 
kalcumite: folds 
Mr_Dick666: folds 
Uncalled bet ($35.56) returned to CashfishT
*** FLOP *** [9c 7h 5c]
*** TURN *** [9c 7h 5c] [Qc]
*** RIVER *** [9c 7h 5c Qc] [Jc]
*** SHOW DOWN ***
MAXBZT: shows [7c 7s] (a flush, Queen high)
CashfishT: shows [Kh Kd] (a pair of Kings)
MAXBZT collected $132.38 from pot
*** SUMMARY ***
Total pot $134.88 | Rake $2.50 
Board [9c 7h 5c Qc Jc]
Seat 1: Mr_Dick666 (button) folded before Flop
Seat 2: MAXBZT (small blind) showed [7c 7s] and won ($132.38) with a flush, Queen high
Seat 3: CashfishT (big blind) showed [Kh Kd] and lost with a pair of Kings
Seat 4: JoeBlack_MS folded before Flop
Seat 5: kalcumite folded before Flop
Seat 6: Christianzt1 folded before Flop (didn't bet)



PokerStars Hand #254428019498:  Hold'em No Limit ($0.50/$1.00 USD) - 2025/01/18 7:22:37 WET [2025/01/18 2:22:37 ET]
Table 'Subamara III' 6-max Seat #2 is the button
Seat 1: Mr_Dick666 ($110.28 in chips) 
Seat 2: MAXBZT ($132.38 in chips) 
Seat 3: CashfishT ($100 in chips) 
Seat 4: JoeBlack_MS ($119.32 in chips) 
Seat 5: kalcumite ($101.97 in chips) 
Seat 6: Christianzt1 ($100 in chips) 
CashfishT: posts small blind $0.50
JoeBlack_MS: posts big blind $1
*** HOLE CARDS ***
kalcumite: folds 
Christianzt1: folds 
Mr_Dick666: folds 
MAXBZT: folds 
CashfishT: folds 
Uncalled bet ($0.50) returned to JoeBlack_MS
JoeBlack_MS collected $1 from pot
JoeBlack_MS: doesn't show hand 
*** SUMMARY ***
Total pot $1 | Rake $0 
Seat 1: Mr_Dick666 folded before Flop (didn't bet)
Seat 2: MAXBZT (button) folded before Flop (didn't bet)
Seat 3: CashfishT (small blind) folded before Flop
Seat 4: JoeBlack_MS (big blind) collected ($1)
Seat 5: kalcumite folded before Flop (didn't bet)
Seat 6: Christianzt1 folded before Flop (didn't bet)



PokerStars Hand #254428020610:  Hold'em No Limit ($0.50/$1.00 USD) - 2025/01/18 7:22:51 WET [2025/01/18 2:22:51 ET]
Table 'Subamara III' 6-max Seat #3 is the button
Seat 1: Mr_Dick666 ($110.28 in chips) 
Seat 2: MAXBZT ($132.38 in chips) 
Seat 3: CashfishT ($100 in chips) 
Seat 4: JoeBlack_MS ($119.82 in chips) 
Seat 5: kalcumite ($101.97 in chips) 
Seat 6: Christianzt1 ($100 in chips) 
JoeBlack_MS: posts small blind $0.50
kalcumite: posts big blind $1
*** HOLE CARDS ***
Christianzt1: raises $4 to $5
Mr_Dick666: folds 
MAXBZT: folds 
CashfishT: folds 
MAXBZT leaves the table
JoeBlack_MS: folds 
kalcumite: folds 
Uncalled bet ($4) returned to Christianzt1
Christianzt1 collected $2.50 from pot
*** SUMMARY ***
Total pot $2.50 | Rake $0 
Seat 1: Mr_Dick666 folded before Flop (didn't bet)
Seat 2: MAXBZT folded before Flop (didn't bet)
Seat 3: CashfishT (button) folded before Flop (didn't bet)
Seat 4: JoeBlack_MS (small blind) folded before Flop
Seat 5: kalcumite (big blind) folded before Flop
Seat 6: Christianzt1 collected ($2.50)



PokerStars Hand #254428022080:  Hold'em No Limit ($0.50/$1.00 USD) - 2025/01/18 7:23:10 WET [2025/01/18 2:23:10 ET]
Table 'Subamara III' 6-max Seat #4 is the button
Seat 1: Mr_Dick666 ($110.28 in chips) 
Seat 3: CashfishT ($100 in chips) 
Seat 4: JoeBlack_MS ($119.32 in chips) 
Seat 5: kalcumite ($100.97 in chips) 
Seat 6: Christianzt1 ($101.50 in chips) 
kalcumite: posts small blind $0.50
Christianzt1: posts big blind $1
*** HOLE CARDS ***
Mr_Dick666: folds 
CashfishT: folds 
JoeBlack_MS: raises $1 to $2
kalcumite: folds 
Christianzt1: calls $1
*** FLOP *** [2s 3s 9d]
Christianzt1: checks 
JoeBlack_MS: checks 
*** TURN *** [2s 3s 9d] [Td]
Christianzt1: checks 
JoeBlack_MS: bets $5.69
Christianzt1: calls $5.69
*** RIVER *** [2s 3s 9d Td] [3c]
Christianzt1: checks 
JoeBlack_MS: checks 
*** SHOW DOWN ***
Christianzt1: shows [9s Qh] (two pair, Nines and Threes)
JoeBlack_MS: shows [5s Ts] (two pair, Tens and Threes)
Foma1985 joins the table at seat #2 
JoeBlack_MS collected $15.09 from pot
*** SUMMARY ***
Total pot $15.88 | Rake $0.79 
Board [2s 3s 9d Td 3c]
Seat 1: Mr_Dick666 folded before Flop (didn't bet)
Seat 3: CashfishT folded before Flop (didn't bet)
Seat 4: JoeBlack_MS (button) showed [5s Ts] and won ($15.09) with two pair, Tens and Threes
Seat 5: kalcumite (small blind) folded before Flop
Seat 6: Christianzt1 (big blind) showed [9s Qh] and lost with two pair, Nines and Threes



PokerStars Hand #254428025169:  Hold'em No Limit ($0.50/$1.00 USD) - 2025/01/18 7:23:48 WET [2025/01/18 2:23:48 ET]
Table 'Subamara III' 6-max Seat #5 is the button
Seat 1: Mr_Dick666 ($110.28 in chips) is sitting out
Seat 2: Foma1985 ($40 in chips) 
Seat 3: CashfishT ($100 in chips) 
Seat 4: JoeBlack_MS ($126.72 in chips) 
Seat 5: kalcumite ($100.47 in chips) 
Seat 6: Christianzt1 ($100 in chips) 
Christianzt1: posts small blind $0.50
Mr_Dick666: is sitting out 
Foma1985: posts big blind $1
*** HOLE CARDS ***
Mr_Dick666 leaves the table
CashfishT: raises $1.20 to $2.20
JoeBlack_MS: raises $4.40 to $6.60
kalcumite: folds 
Christianzt1: folds 
Foma1985: folds 
CashfishT: folds 
Uncalled bet ($4.40) returned to JoeBlack_MS
JoeBlack_MS collected $5.90 from pot
JoeBlack_MS: doesn't show hand 
*** SUMMARY ***
Total pot $5.90 | Rake $0 
Seat 1: Mr_Dick666
Seat 2: Foma1985 (big blind) folded before Flop
Seat 3: CashfishT folded before Flop
Seat 4: JoeBlack_MS collected ($5.90)
Seat 5: kalcumite (button) folded before Flop (didn't bet)
Seat 6: Christianzt1 (small blind) folded before Flop



PokerStars Hand #254428027375:  Hold'em No Limit ($0.50/$1.00 USD) - 2025/01/18 7:24:15 WET [2025/01/18 2:24:15 ET]
Table 'Subamara III' 6-max Seat #6 is the button
Seat 2: Foma1985 ($39 in chips) 
Seat 3: CashfishT ($100 in chips) 
Seat 4: JoeBlack_MS ($130.42 in chips) 
Seat 5: kalcumite ($100.47 in chips) 
Seat 6: Christianzt1 ($100 in chips) 
Foma1985: posts small blind $0.50
CashfishT: posts big blind $1
*** HOLE CARDS ***
JoeBlack_MS: folds 
kalcumite: folds 
Christianzt1: folds 
Foma1985: folds 
Uncalled bet ($0.50) returned to CashfishT
Christianzt1 leaves the table
CashfishT collected $1 from pot
CashfishT: doesn't show hand 
*** SUMMARY ***
Total pot $1 | Rake $0 
Seat 2: Foma1985 (small blind) folded before Flop
Seat 3: CashfishT (big blind) collected ($1)
Seat 4: JoeBlack_MS folded before Flop (didn't bet)
Seat 5: kalcumite folded before Flop (didn't bet)
Seat 6: Christianzt1 (button) folded before Flop (didn't bet)



PokerStars Hand #254428028143:  Hold'em No Limit ($0.50/$1.00 USD) - 2025/01/18 7:24:25 WET [2025/01/18 2:24:25 ET]
Table 'Subamara III' 6-max Seat #2 is the button
Seat 2: Foma1985 ($38.50 in chips) 
Seat 3: CashfishT ($100.50 in chips) 
Seat 4: JoeBlack_MS ($130.42 in chips) 
Seat 5: kalcumite ($100.47 in chips) 
CashfishT: posts small blind $0.50
JoeBlack_MS: posts big blind $1
*** HOLE CARDS ***
kalcumite: folds 
Foma1985: folds 
CashfishT: raises $2 to $3
JoeBlack_MS: calls $2
*** FLOP *** [5d Th 2s]
CashfishT: checks 
JoeBlack_MS: checks 
*** TURN *** [5d Th 2s] [Qh]
CashfishT: bets $4.28
JoeBlack_MS: folds 
Uncalled bet ($4.28) returned to CashfishT
CashfishT collected $5.70 from pot
CashfishT: doesn't show hand 
*** SUMMARY ***
Total pot $6 | Rake $0.30 
Board [5d Th 2s Qh]
Seat 2: Foma1985 (button) folded before Flop (didn't bet)
Seat 3: CashfishT (small blind) collected ($5.70)
Seat 4: JoeBlack_MS (big blind) folded on the Turn
Seat 5: kalcumite folded before Flop (didn't bet)



PokerStars Hand #254428030243:  Hold'em No Limit ($0.50/$1.00 USD) - 2025/01/18 7:24:51 WET [2025/01/18 2:24:51 ET]
Table 'Subamara III' 6-max Seat #3 is the button
Seat 2: Foma1985 ($38.50 in chips) 
Seat 3: CashfishT ($103.20 in chips) 
Seat 4: JoeBlack_MS ($127.42 in chips) 
Seat 5: kalcumite ($100.47 in chips) 
JoeBlack_MS: posts small blind $0.50
kalcumite: posts big blind $1
*** HOLE CARDS ***
Foma1985: folds 
CashfishT: folds 
JoeBlack_MS: raises $2 to $3
kalcumite: calls $2
*** FLOP *** [Td 9c 3s]
JoeBlack_MS: checks 
kalcumite: checks 
*** TURN *** [Td 9c 3s] [Qs]
JoeBlack_MS: bets $7.58
kalcumite: calls $7.58
*** RIVER *** [Td 9c 3s Qs] [4c]
JoeBlack_MS: checks 
kalcumite: checks 
*** SHOW DOWN ***
JoeBlack_MS: shows [7s 5s] (high card Queen)
kalcumite: shows [6c Qc] (a pair of Queens)
kalcumite collected $20.16 from pot
*** SUMMARY ***
Total pot $21.16 | Rake $1 
Board [Td 9c 3s Qs 4c]
Seat 2: Foma1985 folded before Flop (didn't bet)
Seat 3: CashfishT (button) folded before Flop (didn't bet)
Seat 4: JoeBlack_MS (small blind) showed [7s 5s] and lost with high card Queen
Seat 5: kalcumite (big blind) showed [6c Qc] and won ($20.16) with a pair of Queens



PokerStars Hand #254428034088:  Hold'em No Limit ($0.50/$1.00 USD) - 2025/01/18 7:25:39 WET [2025/01/18 2:25:39 ET]
Table 'Subamara III' 6-max Seat #4 is the button
Seat 2: Foma1985 ($38.50 in chips) 
Seat 3: CashfishT ($103.20 in chips) 
Seat 4: JoeBlack_MS ($116.84 in chips) 
Seat 5: kalcumite ($110.05 in chips) 
kalcumite: posts small blind $0.50
Foma1985: posts big blind $1
*** HOLE CARDS ***
CashfishT: folds 
JoeBlack_MS: folds 
kalcumite: folds 
Uncalled bet ($0.50) returned to Foma1985
Foma1985 collected $1 from pot
Foma1985: doesn't show hand 
*** SUMMARY ***
Total pot $1 | Rake $0 
Seat 2: Foma1985 (big blind) collected ($1)
Seat 3: CashfishT folded before Flop (didn't bet)
Seat 4: JoeBlack_MS (button) folded before Flop (didn't bet)
Seat 5: kalcumite (small blind) folded before Flop



PokerStars Hand #254428034777:  Hold'em No Limit ($0.50/$1.00 USD) - 2025/01/18 7:25:48 WET [2025/01/18 2:25:48 ET]
Table 'Subamara III' 6-max Seat #5 is the button
Seat 2: Foma1985 ($39 in chips) 
Seat 3: CashfishT ($103.20 in chips) 
Seat 4: JoeBlack_MS ($116.84 in chips) 
Seat 5: kalcumite ($109.55 in chips) 
Foma1985: posts small blind $0.50
CashfishT: posts big blind $1
*** HOLE CARDS ***
JoeBlack_MS: folds 
kalcumite: raises $2 to $3
Foma1985: folds 
CashfishT: folds 
Uncalled bet ($2) returned to kalcumite
kalcumite collected $2.50 from pot
*** SUMMARY ***
Total pot $2.50 | Rake $0 
Seat 2: Foma1985 (small blind) folded before Flop
Seat 3: CashfishT (big blind) folded before Flop
Seat 4: JoeBlack_MS folded before Flop (didn't bet)
Seat 5: kalcumite (button) collected ($2.50)



PokerStars Hand #254428035602:  Hold'em No Limit ($0.50/$1.00 USD) - 2025/01/18 7:25:58 WET [2025/01/18 2:25:58 ET]
Table 'Subamara III' 6-max Seat #2 is the button
Seat 2: Foma1985 ($38.50 in chips) 
Seat 3: CashfishT ($102.20 in chips) 
Seat 4: JoeBlack_MS ($116.84 in chips) 
Seat 5: kalcumite ($111.05 in chips) 
CashfishT: posts small blind $0.50
JoeBlack_MS: posts big blind $1
*** HOLE CARDS ***
kalcumite: folds 
Foma1985: raises $1.20 to $2.20
CashfishT: folds 
JoeBlack_MS: calls $1.20
*** FLOP *** [7s Ah Jc]
JoeBlack_MS: checks 
Foma1985: bets $3.50
JoeBlack_MS: calls $3.50
*** TURN *** [7s Ah Jc] [Ts]
JoeBlack_MS: checks 
Foma1985: bets $8.48
JoeBlack_MS: folds 
Uncalled bet ($8.48) returned to Foma1985
Foma1985 collected $11.30 from pot
Foma1985: doesn't show hand 
*** SUMMARY ***
Total pot $11.90 | Rake $0.60 
Board [7s Ah Jc Ts]
Seat 2: Foma1985 (button) collected ($11.30)
Seat 3: CashfishT (small blind) folded before Flop
Seat 4: JoeBlack_MS (big blind) folded on the Turn
Seat 5: kalcumite folded before Flop (didn't bet)



PokerStars Hand #254428039806:  Hold'em No Limit ($0.50/$1.00 USD) - 2025/01/18 7:26:49 WET [2025/01/18 2:26:49 ET]
Table 'Subamara III' 6-max Seat #3 is the button
Seat 2: Foma1985 ($44.10 in chips) 
Seat 3: CashfishT ($101.70 in chips) 
Seat 4: JoeBlack_MS ($111.14 in chips) 
Seat 5: kalcumite ($111.05 in chips) 
JoeBlack_MS: posts small blind $0.50
kalcumite: posts big blind $1
*** HOLE CARDS ***
Foma1985: folds 
CashfishT: folds 
JoeBlack_MS: raises $2 to $3
kalcumite: folds 
Uncalled bet ($2) returned to JoeBlack_MS
JoeBlack_MS collected $2 from pot
JoeBlack_MS: doesn't show hand 
*** SUMMARY ***
Total pot $2 | Rake $0 
Seat 2: Foma1985 folded before Flop (didn't bet)
Seat 3: CashfishT (button) folded before Flop (didn't bet)
Seat 4: JoeBlack_MS (small blind) collected ($2)
Seat 5: kalcumite (big blind) folded before Flop



PokerStars Hand #254428042098:  Hold'em No Limit ($0.50/$1.00 USD) - 2025/01/18 7:27:17 WET [2025/01/18 2:27:17 ET]
Table 'Subamara III' 6-max Seat #4 is the button
Seat 2: Foma1985 ($44.10 in chips) 
Seat 3: CashfishT ($101.70 in chips) 
Seat 4: JoeBlack_MS ($112.14 in chips) 
Seat 5: kalcumite ($110.05 in chips) 
kalcumite: posts small blind $0.50
Foma1985: posts big blind $1
*** HOLE CARDS ***
CashfishT: folds 
JoeBlack_MS: folds 
kalcumite: folds 
Uncalled bet ($0.50) returned to Foma1985
Foma1985 collected $1 from pot
Foma1985: doesn't show hand 
*** SUMMARY ***
Total pot $1 | Rake $0 
Seat 2: Foma1985 (big blind) collected ($1)
Seat 3: CashfishT folded before Flop (didn't bet)
Seat 4: JoeBlack_MS (button) folded before Flop (didn't bet)
Seat 5: kalcumite (small blind) folded before Flop



PokerStars Hand #254428042695:  Hold'em No Limit ($0.50/$1.00 USD) - 2025/01/18 7:27:25 WET [2025/01/18 2:27:25 ET]
Table 'Subamara III' 6-max Seat #5 is the button
Seat 2: Foma1985 ($44.60 in chips) 
Seat 3: CashfishT ($101.70 in chips) 
Seat 4: JoeBlack_MS ($112.14 in chips) 
Seat 5: kalcumite ($109.55 in chips) 
Foma1985: posts small blind $0.50
CashfishT: posts big blind $1
*** HOLE CARDS ***
JoeBlack_MS: raises $1.30 to $2.30
kalcumite: calls $2.30
Foma1985: calls $1.80
CashfishT: folds 
*** FLOP *** [9h 3d 6s]
Foma1985: checks 
JoeBlack_MS: checks 
kalcumite: checks 
*** TURN *** [9h 3d 6s] [Ts]
Foma1985: bets $5.63
JoeBlack_MS: folds 
kalcumite: calls $5.63
*** RIVER *** [9h 3d 6s Ts] [Qs]
Foma1985: bets $12.13
kalcumite: folds 
Uncalled bet ($12.13) returned to Foma1985
Foma1985 collected $18.20 from pot
Foma1985: doesn't show hand 
*** SUMMARY ***
Total pot $19.16 | Rake $0.96 
Board [9h 3d 6s Ts Qs]
Seat 2: Foma1985 (small blind) collected ($18.20)
Seat 3: CashfishT (big blind) folded before Flop
Seat 4: JoeBlack_MS folded on the Turn
Seat 5: kalcumite (button) folded on the River



PokerStars Hand #254428046864:  Hold'em No Limit ($0.50/$1.00 USD) - 2025/01/18 7:28:17 WET [2025/01/18 2:28:17 ET]
Table 'Subamara III' 6-max Seat #2 is the button
Seat 2: Foma1985 ($54.87 in chips) 
Seat 3: CashfishT ($100.70 in chips) 
Seat 4: JoeBlack_MS ($109.84 in chips) 
Seat 5: kalcumite ($101.62 in chips) 
CashfishT: posts small blind $0.50
JoeBlack_MS: posts big blind $1
*** HOLE CARDS ***
kalcumite: folds 
Foma1985: folds 
CashfishT: raises $2 to $3
JoeBlack_MS: calls $2
*** FLOP *** [6c 6s 3s]
CashfishT: checks 
JoeBlack_MS: bets $2.85
CashfishT: raises $5.70 to $8.55
JoeBlack_MS: folds 
Uncalled bet ($5.70) returned to CashfishT
CashfishT collected $11.12 from pot
CashfishT: doesn't show hand 
*** SUMMARY ***
Total pot $11.70 | Rake $0.58 
Board [6c 6s 3s]
Seat 2: Foma1985 (button) folded before Flop (didn't bet)
Seat 3: CashfishT (small blind) collected ($11.12)
Seat 4: JoeBlack_MS (big blind) folded on the Flop
Seat 5: kalcumite folded before Flop (didn't bet)



PokerStars Hand #254428050351:  Hold'em No Limit ($0.50/$1.00 USD) - 2025/01/18 7:29:01 WET [2025/01/18 2:29:01 ET]
Table 'Subamara III' 6-max Seat #3 is the button
Seat 2: Foma1985 ($54.87 in chips) 
Seat 3: CashfishT ($105.97 in chips) 
Seat 4: JoeBlack_MS ($103.99 in chips) 
Seat 5: kalcumite ($101.62 in chips) 
JoeBlack_MS: posts small blind $0.50
kalcumite: posts big blind $1
*** HOLE CARDS ***
Foma1985: folds 
CashfishT: raises $1.20 to $2.20
JoeBlack_MS: folds 
kalcumite: calls $1.20
*** FLOP *** [Qs Qh 3d]
kalcumite: checks 
CashfishT: bets $1.54
kalcumite: calls $1.54
*** TURN *** [Qs Qh 3d] [Kd]
kalcumite: checks 
CashfishT: bets $3.79
kalcumite: raises $6.79 to $10.58
CashfishT: folds 
Uncalled bet ($6.79) returned to kalcumite
kalcumite collected $14.78 from pot
*** SUMMARY ***
Total pot $15.56 | Rake $0.78 
Board [Qs Qh 3d Kd]
Seat 2: Foma1985 folded before Flop (didn't bet)
Seat 3: CashfishT (button) folded on the Turn
Seat 4: JoeBlack_MS (small blind) folded before Flop
Seat 5: kalcumite (big blind) collected ($14.78)



PokerStars Hand #254428055929:  Hold'em No Limit ($0.50/$1.00 USD) - 2025/01/18 7:30:11 WET [2025/01/18 2:30:11 ET]
Table 'Subamara III' 6-max Seat #4 is the button
Seat 2: Foma1985 ($54.87 in chips) 
Seat 3: CashfishT ($100 in chips) 
Seat 4: JoeBlack_MS ($103.49 in chips) 
Seat 5: kalcumite ($108.87 in chips) 
kalcumite: posts small blind $0.50
Foma1985: posts big blind $1
*** HOLE CARDS ***
CashfishT: raises $1.20 to $2.20
JoeBlack_MS: raises $4.30 to $6.50
kalcumite: folds 
Foma1985: folds 
CashfishT: folds 
Uncalled bet ($4.30) returned to JoeBlack_MS
MoRsCeReBruM joins the table at seat #1 
JoeBlack_MS collected $5.90 from pot
JoeBlack_MS: doesn't show hand 
*** SUMMARY ***
Total pot $5.90 | Rake $0 
Seat 2: Foma1985 (big blind) folded before Flop
Seat 3: CashfishT folded before Flop
Seat 4: JoeBlack_MS (button) collected ($5.90)
Seat 5: kalcumite (small blind) folded before Flop



PokerStars Hand #254428057580:  Hold'em No Limit ($0.50/$1.00 USD) - 2025/01/18 7:30:32 WET [2025/01/18 2:30:32 ET]
Table 'Subamara III' 6-max Seat #5 is the button
Seat 1: MoRsCeReBruM ($100 in chips) is sitting out
Seat 2: Foma1985 ($53.87 in chips) 
Seat 3: CashfishT ($100 in chips) 
Seat 4: JoeBlack_MS ($107.19 in chips) 
Seat 5: kalcumite ($108.37 in chips) 
Foma1985: posts small blind $0.50
CashfishT: posts big blind $1
*** HOLE CARDS ***
JoeBlack_MS: folds 
kalcumite: raises $2 to $3
Foma1985: folds 
splasher36 joins the table at seat #6 
CashfishT: calls $2
*** FLOP *** [5d Qh 9h]
CashfishT: checks 
kalcumite: bets $3
CashfishT: folds 
Uncalled bet ($3) returned to kalcumite
kalcumite collected $6.18 from pot
*** SUMMARY ***
Total pot $6.50 | Rake $0.32 
Board [5d Qh 9h]
Seat 1: MoRsCeReBruM
Seat 2: Foma1985 (small blind) folded before Flop
Seat 3: CashfishT (big blind) folded on the Flop
Seat 4: JoeBlack_MS folded before Flop (didn't bet)
Seat 5: kalcumite (button) collected ($6.18)



PokerStars Hand #254428059482:  Hold'em No Limit ($0.50/$1.00 USD) - 2025/01/18 7:30:56 WET [2025/01/18 2:30:56 ET]
Table 'Subamara III' 6-max Seat #2 is the button
Seat 1: MoRsCeReBruM ($100 in chips) is sitting out
Seat 6: splasher36 ($55.25 in chips) is sitting out
Seat 2: Foma1985 ($53.37 in chips) 
Seat 3: CashfishT ($100 in chips) 
Seat 4: JoeBlack_MS ($107.19 in chips) 
Seat 5: kalcumite ($111.55 in chips) 
CashfishT: posts small blind $0.50
JoeBlack_MS: posts big blind $1
splasher36: sits out 
MoRsCeReBruM: sits out 
*** HOLE CARDS ***
kalcumite: raises $2 to $3
Foma1985: folds 
CashfishT: folds 
JoeBlack_MS: raises $10 to $13
kalcumite: calls $10
*** FLOP *** [Kh Jh 8c]
JoeBlack_MS: checks 
kalcumite: checks 
*** TURN *** [Kh Jh 8c] [Th]
JoeBlack_MS: bets $5.10
kalcumite: raises $11.90 to $17
JoeBlack_MS: folds 
Uncalled bet ($11.90) returned to kalcumite
kalcumite collected $35.70 from pot
*** SUMMARY ***
Total pot $36.70 | Rake $1 
Board [Kh Jh 8c Th]
Seat 1: MoRsCeReBruM
Seat 6: splasher36
Seat 2: Foma1985 (button) folded before Flop (didn't bet)
Seat 3: CashfishT (small blind) folded before Flop
Seat 4: JoeBlack_MS (big blind) folded on the Turn
Seat 5: kalcumite collected ($35.70)



PokerStars Hand #254428066753:  Hold'em No Limit ($0.50/$1.00 USD) - 2025/01/18 7:32:26 WET [2025/01/18 2:32:26 ET]
Table 'Subamara III' 6-max Seat #3 is the button
Seat 1: MoRsCeReBruM ($100 in chips) is sitting out
Seat 2: Foma1985 ($53.37 in chips) 
Seat 3: CashfishT ($100 in chips) 
Seat 4: JoeBlack_MS ($100 in chips) 
Seat 5: kalcumite ($129.15 in chips) 
Seat 6: splasher36 ($55.25 in chips) 
JoeBlack_MS: posts small blind $0.50
kalcumite: posts big blind $1
splasher36: posts big blind $1
MoRsCeReBruM: sits out 
*** HOLE CARDS ***
splasher36: checks 
Foma1985: folds 
CashfishT: raises $3.50 to $4.50
JoeBlack_MS: folds 
kalcumite: folds 
splasher36: folds 
Uncalled bet ($3.50) returned to CashfishT
CashfishT collected $3.50 from pot
CashfishT: doesn't show hand 
*** SUMMARY ***
Total pot $3.50 | Rake $0 
Seat 1: MoRsCeReBruM
Seat 2: Foma1985 folded before Flop (didn't bet)
Seat 3: CashfishT (button) collected ($3.50)
Seat 4: JoeBlack_MS (small blind) folded before Flop
Seat 5: kalcumite (big blind) folded before Flop
Seat 6: splasher36 folded before Flop (didn't bet)



PokerStars Hand #254428068324:  Hold'em No Limit ($0.50/$1.00 USD) - 2025/01/18 7:32:45 WET [2025/01/18 2:32:45 ET]
Table 'Subamara III' 6-max Seat #4 is the button
Seat 1: MoRsCeReBruM ($100 in chips) is sitting out
Seat 2: Foma1985 ($53.37 in chips) 
Seat 3: CashfishT ($102.50 in chips) 
Seat 4: JoeBlack_MS ($100 in chips) 
Seat 5: kalcumite ($128.15 in chips) 
Seat 6: splasher36 ($54.25 in chips) 
kalcumite: posts small blind $0.50
splasher36: posts big blind $1
MoRsCeReBruM: sits out 
*** HOLE CARDS ***
Foma1985: raises $1.50 to $2.50
CashfishT: folds 
JoeBlack_MS: folds 
kalcumite: folds 
splasher36: calls $1.50
*** FLOP *** [Jc 2h 7d]
splasher36: checks 
Foma1985: bets $2.61
splasher36: calls $2.61
*** TURN *** [Jc 2h 7d] [8c]
splasher36: checks 
Foma1985: bets $7.64
splasher36: calls $7.64
*** RIVER *** [Jc 2h 7d 8c] [6s]
splasher36: checks 
Foma1985: checks 
*** SHOW DOWN ***
splasher36: shows [7h 9d] (a pair of Sevens)
Foma1985: shows [Js Ts] (a pair of Jacks)
Foma1985 collected $24.70 from pot
*** SUMMARY ***
Total pot $26 | Rake $1.30 
Board [Jc 2h 7d 8c 6s]
Seat 1: MoRsCeReBruM
Seat 2: Foma1985 showed [Js Ts] and won ($24.70) with a pair of Jacks
Seat 3: CashfishT folded before Flop (didn't bet)
Seat 4: JoeBlack_MS (button) folded before Flop (didn't bet)
Seat 5: kalcumite (small blind) folded before Flop
Seat 6: splasher36 (big blind) showed [7h 9d] and lost with a pair of Sevens



PokerStars Hand #254428072074:  Hold'em No Limit ($0.50/$1.00 USD) - 2025/01/18 7:33:32 WET [2025/01/18 2:33:32 ET]
Table 'Subamara III' 6-max Seat #5 is the button
Seat 1: MoRsCeReBruM ($100 in chips) 
Seat 2: Foma1985 ($65.32 in chips) 
Seat 3: CashfishT ($102.50 in chips) 
Seat 4: JoeBlack_MS ($100 in chips) 
Seat 5: kalcumite ($127.65 in chips) 
Seat 6: splasher36 ($41.50 in chips) 
splasher36: posts small blind $0.50
MoRsCeReBruM: posts big blind $1
*** HOLE CARDS ***
Foma1985: folds 
CashfishT: folds 
JoeBlack_MS: folds 
kalcumite: folds 
splasher36: raises $2 to $3
MoRsCeReBruM: calls $2
*** FLOP *** [5h Jh 7s]
splasher36: bets $2.85
MoRsCeReBruM: folds 
Uncalled bet ($2.85) returned to splasher36
splasher36 collected $5.70 from pot
splasher36: doesn't show hand 
*** SUMMARY ***
Total pot $6 | Rake $0.30 
Board [5h Jh 7s]
Seat 1: MoRsCeReBruM (big blind) folded on the Flop
Seat 2: Foma1985 folded before Flop (didn't bet)
Seat 3: CashfishT folded before Flop (didn't bet)
Seat 4: JoeBlack_MS folded before Flop (didn't bet)
Seat 5: kalcumite (button) folded before Flop (didn't bet)
Seat 6: splasher36 (small blind) collected ($5.70)



PokerStars Hand #254428074228:  Hold'em No Limit ($0.50/$1.00 USD) - 2025/01/18 7:33:59 WET [2025/01/18 2:33:59 ET]
Table 'Subamara III' 6-max Seat #6 is the button
Seat 1: MoRsCeReBruM ($100 in chips) 
Seat 2: Foma1985 ($65.32 in chips) 
Seat 3: CashfishT ($102.50 in chips) 
Seat 4: JoeBlack_MS ($100 in chips) 
Seat 5: kalcumite ($127.65 in chips) 
Seat 6: splasher36 ($44.20 in chips) 
MoRsCeReBruM: posts small blind $0.50
Foma1985: posts big blind $1
*** HOLE CARDS ***
CashfishT: folds 
JoeBlack_MS: folds 
kalcumite: folds 
splasher36: raises $2 to $3
MoRsCeReBruM: folds 
Foma1985: calls $2
*** FLOP *** [Ah 3c Th]
Foma1985: checks 
splasher36: bets $3.09
Foma1985: folds 
Uncalled bet ($3.09) returned to splasher36
splasher36 collected $6.18 from pot
splasher36: doesn't show hand 
*** SUMMARY ***
Total pot $6.50 | Rake $0.32 
Board [Ah 3c Th]
Seat 1: MoRsCeReBruM (small blind) folded before Flop
Seat 2: Foma1985 (big blind) folded on the Flop
Seat 3: CashfishT folded before Flop (didn't bet)
Seat 4: JoeBlack_MS folded before Flop (didn't bet)
Seat 5: kalcumite folded before Flop (didn't bet)
Seat 6: splasher36 (button) collected ($6.18)



PokerStars Hand #254428076122:  Hold'em No Limit ($0.50/$1.00 USD) - 2025/01/18 7:34:22 WET [2025/01/18 2:34:22 ET]
Table 'Subamara III' 6-max Seat #1 is the button
Seat 1: MoRsCeReBruM ($100 in chips) 
Seat 2: Foma1985 ($62.32 in chips) 
Seat 3: CashfishT ($102.50 in chips) 
Seat 4: JoeBlack_MS ($100 in chips) 
Seat 5: kalcumite ($127.65 in chips) 
Seat 6: splasher36 ($47.38 in chips) 
Foma1985: posts small blind $0.50
CashfishT: posts big blind $1
*** HOLE CARDS ***
JoeBlack_MS: raises $1 to $2
kalcumite: folds 
splasher36: folds 
MoRsCeReBruM: folds 
Foma1985 is connected 
Foma1985: folds 
CashfishT: folds 
Uncalled bet ($1) returned to JoeBlack_MS
JoeBlack_MS collected $2.50 from pot
JoeBlack_MS: doesn't show hand 
*** SUMMARY ***
Total pot $2.50 | Rake $0 
Seat 1: MoRsCeReBruM (button) folded before Flop (didn't bet)
Seat 2: Foma1985 (small blind) folded before Flop
Seat 3: CashfishT (big blind) folded before Flop
Seat 4: JoeBlack_MS collected ($2.50)
Seat 5: kalcumite folded before Flop (didn't bet)
Seat 6: splasher36 folded before Flop (didn't bet)



PokerStars Hand #254428079727:  Hold'em No Limit ($0.50/$1.00 USD) - 2025/01/18 7:35:07 WET [2025/01/18 2:35:07 ET]
Table 'Subamara III' 6-max Seat #2 is the button
Seat 1: MoRsCeReBruM ($100 in chips) 
Seat 2: Foma1985 ($61.82 in chips) 
Seat 3: CashfishT ($101.50 in chips) 
Seat 4: JoeBlack_MS ($101.50 in chips) 
Seat 5: kalcumite ($127.65 in chips) 
Seat 6: splasher36 ($47.38 in chips) 
CashfishT: posts small blind $0.50
JoeBlack_MS: posts big blind $1
*** HOLE CARDS ***
kalcumite: folds 
splasher36: folds 
MoRsCeReBruM: folds 
Foma1985: folds 
CashfishT: raises $2 to $3
JoeBlack_MS: folds 
Uncalled bet ($2) returned to CashfishT
CashfishT collected $2 from pot
CashfishT: doesn't show hand 
*** SUMMARY ***
Total pot $2 | Rake $0 
Seat 1: MoRsCeReBruM folded before Flop (didn't bet)
Seat 2: Foma1985 (button) folded before Flop (didn't bet)
Seat 3: CashfishT (small blind) collected ($2)
Seat 4: JoeBlack_MS (big blind) folded before Flop
Seat 5: kalcumite folded before Flop (didn't bet)
Seat 6: splasher36 folded before Flop (didn't bet)



PokerStars Hand #254428081860:  Hold'em No Limit ($0.50/$1.00 USD) - 2025/01/18 7:35:33 WET [2025/01/18 2:35:33 ET]
Table 'Subamara III' 6-max Seat #3 is the button
Seat 1: MoRsCeReBruM ($100 in chips) 
Seat 2: Foma1985 ($61.82 in chips) 
Seat 3: CashfishT ($102.50 in chips) 
Seat 4: JoeBlack_MS ($100.50 in chips) 
Seat 5: kalcumite ($127.65 in chips) 
Seat 6: splasher36 ($47.38 in chips) 
JoeBlack_MS: posts small blind $0.50
kalcumite: posts big blind $1
*** HOLE CARDS ***
splasher36: calls $1
MoRsCeReBruM: raises $2 to $3
Foma1985: folds 
CashfishT: calls $3
JoeBlack_MS: folds 
kalcumite: folds 
splasher36: calls $2
*** FLOP *** [Td 4h 2c]
splasher36: checks 
MoRsCeReBruM: bets $4.99
CashfishT: folds 
splasher36: folds 
Uncalled bet ($4.99) returned to MoRsCeReBruM
MoRsCeReBruM collected $9.98 from pot
MoRsCeReBruM: doesn't show hand 
*** SUMMARY ***
Total pot $10.50 | Rake $0.52 
Board [Td 4h 2c]
Seat 1: MoRsCeReBruM collected ($9.98)
Seat 2: Foma1985 folded before Flop (didn't bet)
Seat 3: CashfishT (button) folded on the Flop
Seat 4: JoeBlack_MS (small blind) folded before Flop
Seat 5: kalcumite (big blind) folded before Flop
Seat 6: splasher36 folded on the Flop



PokerStars Hand #254428085213:  Hold'em No Limit ($0.50/$1.00 USD) - 2025/01/18 7:36:16 WET [2025/01/18 2:36:16 ET]
Table 'Subamara III' 6-max Seat #4 is the button
Seat 1: MoRsCeReBruM ($106.98 in chips) 
Seat 2: Foma1985 ($61.82 in chips) 
Seat 3: CashfishT ($100 in chips) 
Seat 4: JoeBlack_MS ($100 in chips) 
Seat 5: kalcumite ($126.65 in chips) 
Seat 6: splasher36 ($44.38 in chips) 
kalcumite: posts small blind $0.50
splasher36: posts big blind $1
*** HOLE CARDS ***
MoRsCeReBruM: folds 
Foma1985: folds 
CashfishT: folds 
JoeBlack_MS: raises $1.50 to $2.50
kalcumite: calls $2
splasher36: raises $4.50 to $7
JoeBlack_MS: folds 
kalcumite: folds 
Uncalled bet ($4.50) returned to splasher36
splasher36 collected $7.50 from pot
splasher36: doesn't show hand 
*** SUMMARY ***
Total pot $7.50 | Rake $0 
Seat 1: MoRsCeReBruM folded before Flop (didn't bet)
Seat 2: Foma1985 folded before Flop (didn't bet)
Seat 3: CashfishT folded before Flop (didn't bet)
Seat 4: JoeBlack_MS (button) folded before Flop
Seat 5: kalcumite (small blind) folded before Flop
Seat 6: splasher36 (big blind) collected ($7.50)



PokerStars Hand #254428086931:  Hold'em No Limit ($0.50/$1.00 USD) - 2025/01/18 7:36:37 WET [2025/01/18 2:36:37 ET]
Table 'Subamara III' 6-max Seat #5 is the button
Seat 1: MoRsCeReBruM ($106.98 in chips) 
Seat 2: Foma1985 ($61.82 in chips) 
Seat 3: CashfishT ($100 in chips) 
Seat 4: JoeBlack_MS ($100 in chips) 
Seat 5: kalcumite ($124.15 in chips) 
Seat 6: splasher36 ($49.38 in chips) 
splasher36: posts small blind $0.50
MoRsCeReBruM: posts big blind $1
*** HOLE CARDS ***
Foma1985: folds 
CashfishT: folds 
JoeBlack_MS: raises $1.30 to $2.30
kalcumite: folds 
splasher36: calls $1.80
MoRsCeReBruM: folds 
*** FLOP *** [9c 4h 6c]
splasher36: checks 
JoeBlack_MS: bets $2.66
splasher36: calls $2.66
*** TURN *** [9c 4h 6c] [4d]
splasher36: checks 
JoeBlack_MS: checks 
*** RIVER *** [9c 4h 6c 4d] [Ad]
splasher36: bets $6
JoeBlack_MS: calls $6
*** SHOW DOWN ***
splasher36: shows [4c 5s] (three of a kind, Fours)
JoeBlack_MS: mucks hand 
splasher36 collected $21.77 from pot
*** SUMMARY ***
Total pot $22.92 | Rake $1.15 
Board [9c 4h 6c 4d Ad]
Seat 1: MoRsCeReBruM (big blind) folded before Flop
Seat 2: Foma1985 folded before Flop (didn't bet)
Seat 3: CashfishT folded before Flop (didn't bet)
Seat 4: JoeBlack_MS mucked
Seat 5: kalcumite (button) folded before Flop (didn't bet)
Seat 6: splasher36 (small blind) showed [4c 5s] and won ($21.77) with three of a kind, Fours



PokerStars Hand #254428090845:  Hold'em No Limit ($0.50/$1.00 USD) - 2025/01/18 7:37:25 WET [2025/01/18 2:37:25 ET]
Table 'Subamara III' 6-max Seat #6 is the button
Seat 1: MoRsCeReBruM ($105.98 in chips) 
Seat 2: Foma1985 ($61.82 in chips) 
Seat 3: CashfishT ($100 in chips) 
Seat 4: JoeBlack_MS ($100 in chips) 
Seat 5: kalcumite ($124.15 in chips) 
Seat 6: splasher36 ($60.19 in chips) 
MoRsCeReBruM: posts small blind $0.50
Foma1985: posts big blind $1
*** HOLE CARDS ***
CashfishT: folds 
JoeBlack_MS: folds 
kalcumite: folds 
splasher36: folds 
MoRsCeReBruM: folds 
Uncalled bet ($0.50) returned to Foma1985
Foma1985 collected $1 from pot
Foma1985: doesn't show hand 
*** SUMMARY ***
Total pot $1 | Rake $0 
Seat 1: MoRsCeReBruM (small blind) folded before Flop
Seat 2: Foma1985 (big blind) collected ($1)
Seat 3: CashfishT folded before Flop (didn't bet)
Seat 4: JoeBlack_MS folded before Flop (didn't bet)
Seat 5: kalcumite folded before Flop (didn't bet)
Seat 6: splasher36 (button) folded before Flop (didn't bet)



PokerStars Hand #254427971424:  Hold'em No Limit ($0.50/$1.00 USD) - 2025/01/18 7:12:51 WET [2025/01/18 2:12:51 ET]
Table 'Subamara III' 6-max Seat #6 is the button
Seat 4: JoeBlack_MS ($100 in chips) is sitting out
Seat 5: kalcumite ($101.70 in chips) 
Seat 6: Burlica2013 ($100 in chips) 
Burlica2013: posts small blind $0.50
kalcumite: posts big blind $1
*** HOLE CARDS ***
Burlica2013: raises $1.50 to $2.50
kalcumite: folds 
Uncalled bet ($1.50) returned to Burlica2013
Burlica2013 collected $2 from pot
Burlica2013: doesn't show hand 
*** SUMMARY ***
Total pot $2 | Rake $0 
Seat 4: JoeBlack_MS
Seat 5: kalcumite (big blind) folded before Flop
Seat 6: Burlica2013 (button) (small blind) collected ($2)



PokerStars Hand #254427972205:  Hold'em No Limit ($0.50/$1.00 USD) - 2025/01/18 7:13:01 WET [2025/01/18 2:13:01 ET]
Table 'Subamara III' 6-max Seat #5 is the button
Seat 4: JoeBlack_MS ($100 in chips) is sitting out
Seat 5: kalcumite ($100.70 in chips) 
Seat 6: Burlica2013 ($101 in chips) 
kalcumite: posts small blind $0.50
Burlica2013: posts big blind $1
*** HOLE CARDS ***
kalcumite: folds 
Uncalled bet ($0.50) returned to Burlica2013
Burlica2013 collected $1 from pot
Burlica2013: doesn't show hand 
*** SUMMARY ***
Total pot $1 | Rake $0 
Seat 4: JoeBlack_MS
Seat 5: kalcumite (button) (small blind) folded before Flop
Seat 6: Burlica2013 (big blind) collected ($1)



PokerStars Hand #254427972990:  Hold'em No Limit ($0.50/$1.00 USD) - 2025/01/18 7:13:10 WET [2025/01/18 2:13:10 ET]
Table 'Subamara III' 6-max Seat #5 is the button
Seat 6: Burlica2013 ($101.50 in chips) is sitting out
Seat 4: JoeBlack_MS ($100 in chips) 
Seat 5: kalcumite ($100.20 in chips) 
kalcumite: posts small blind $0.50
JoeBlack_MS: posts big blind $1
*** HOLE CARDS ***
Burlica2013 leaves the table
kalcumite: folds 
Uncalled bet ($0.50) returned to JoeBlack_MS
JoeBlack_MS collected $1 from pot
JoeBlack_MS: doesn't show hand 
*** SUMMARY ***
Total pot $1 | Rake $0 
Seat 6: Burlica2013
Seat 4: JoeBlack_MS (big blind) collected ($1)
Seat 5: kalcumite (button) (small blind) folded before Flop



PokerStars Hand #254427973853:  Hold'em No Limit ($0.50/$1.00 USD) - 2025/01/18 7:13:20 WET [2025/01/18 2:13:20 ET]
Table 'Subamara III' 6-max Seat #4 is the button
Seat 4: JoeBlack_MS ($100.50 in chips) 
Seat 5: kalcumite ($99.70 in chips) 
JoeBlack_MS: posts small blind $0.50
kalcumite: posts big blind $1
*** HOLE CARDS ***
JoeBlack_MS: raises $1.50 to $2.50
kalcumite: calls $1.50
*** FLOP *** [6h 5s Ks]
kalcumite: checks 
JoeBlack_MS: bets $3.56
kalcumite: folds 
Uncalled bet ($3.56) returned to JoeBlack_MS
JoeBlack_MS collected $4.75 from pot
JoeBlack_MS: doesn't show hand 
*** SUMMARY ***
Total pot $5 | Rake $0.25 
Board [6h 5s Ks]
Seat 4: JoeBlack_MS (button) (small blind) collected ($4.75)
Seat 5: kalcumite (big blind) folded on the Flop



PokerStars Hand #254428091984:  Hold'em No Limit ($0.50/$1.00 USD) - 2025/01/18 7:37:40 WET [2025/01/18 2:37:40 ET]
Table 'Subamara III' 6-max Seat #1 is the button
Seat 1: MoRsCeReBruM ($105.48 in chips) 
Seat 2: Foma1985 ($62.32 in chips) 
Seat 3: CashfishT ($100 in chips) 
Seat 4: JoeBlack_MS ($100 in chips) 
Seat 5: kalcumite ($124.15 in chips) 
Seat 6: splasher36 ($60.19 in chips) 
Foma1985: posts small blind $0.50
CashfishT: posts big blind $1
*** HOLE CARDS ***
JoeBlack_MS: folds 
kalcumite: raises $2 to $3
splasher36: folds 
MoRsCeReBruM: folds 
Foma1985: folds 
CashfishT: calls $2
*** FLOP *** [4d Td 7h]
CashfishT: checks 
kalcumite: bets $3
CashfishT: calls $3
*** TURN *** [4d Td 7h] [4s]
CashfishT: checks 
kalcumite: checks 
*** RIVER *** [4d Td 7h 4s] [9d]
CashfishT: bets $14.85
kalcumite: folds 
Uncalled bet ($14.85) returned to CashfishT
CashfishT collected $11.88 from pot
CashfishT: doesn't show hand 
*** SUMMARY ***
Total pot $12.50 | Rake $0.62 
Board [4d Td 7h 4s 9d]
Seat 1: MoRsCeReBruM (button) folded before Flop (didn't bet)
Seat 2: Foma1985 (small blind) folded before Flop
Seat 3: CashfishT (big blind) collected ($11.88)
Seat 4: JoeBlack_MS folded before Flop (didn't bet)
Seat 5: kalcumite folded on the River
Seat 6: splasher36 folded before Flop (didn't bet)



PokerStars Hand #254428097014:  Hold'em No Limit ($0.50/$1.00 USD) - 2025/01/18 7:38:42 WET [2025/01/18 2:38:42 ET]
Table 'Subamara III' 6-max Seat #2 is the button
Seat 1: MoRsCeReBruM ($105.48 in chips) 
Seat 2: Foma1985 ($61.82 in chips) 
Seat 3: CashfishT ($105.88 in chips) 
Seat 4: JoeBlack_MS ($100 in chips) 
Seat 5: kalcumite ($118.15 in chips) 
Seat 6: splasher36 ($60.19 in chips) 
CashfishT: posts small blind $0.50
JoeBlack_MS: posts big blind $1
*** HOLE CARDS ***
kalcumite: folds 
splasher36: raises $2 to $3
MoRsCeReBruM: folds 
Foma1985: raises $5 to $8
CashfishT: folds 
JoeBlack_MS: folds 
splasher36: raises $17.50 to $25.50
Foma1985: folds 
Uncalled bet ($17.50) returned to splasher36
splasher36 collected $17.50 from pot
splasher36: doesn't show hand 
*** SUMMARY ***
Total pot $17.50 | Rake $0 
Seat 1: MoRsCeReBruM folded before Flop (didn't bet)
Seat 2: Foma1985 (button) folded before Flop
Seat 3: CashfishT (small blind) folded before Flop
Seat 4: JoeBlack_MS (big blind) folded before Flop
Seat 5: kalcumite folded before Flop (didn't bet)
Seat 6: splasher36 collected ($17.50)



PokerStars Hand #254428099997:  Hold'em No Limit ($0.50/$1.00 USD) - 2025/01/18 7:39:19 WET [2025/01/18 2:39:19 ET]
Table 'Subamara III' 6-max Seat #3 is the button
Seat 1: MoRsCeReBruM ($105.48 in chips) 
Seat 2: Foma1985 ($53.82 in chips) 
Seat 3: CashfishT ($105.38 in chips) 
Seat 4: JoeBlack_MS ($100 in chips) 
Seat 5: kalcumite ($118.15 in chips) 
Seat 6: splasher36 ($69.69 in chips) 
JoeBlack_MS: posts small blind $0.50
kalcumite: posts big blind $1
*** HOLE CARDS ***
splasher36: calls $1
MoRsCeReBruM: folds 
Foma1985: raises $3 to $4
CashfishT: folds 
JoeBlack_MS: folds 
kalcumite: folds 
splasher36: calls $3
*** FLOP *** [Qh Qc Ad]
splasher36: checks 
Foma1985: bets $2.98
splasher36: folds 
Uncalled bet ($2.98) returned to Foma1985
Foma1985 collected $9.02 from pot
Foma1985: doesn't show hand 
*** SUMMARY ***
Total pot $9.50 | Rake $0.48 
Board [Qh Qc Ad]
Seat 1: MoRsCeReBruM folded before Flop (didn't bet)
Seat 2: Foma1985 collected ($9.02)
Seat 3: CashfishT (button) folded before Flop (didn't bet)
Seat 4: JoeBlack_MS (small blind) folded before Flop
Seat 5: kalcumite (big blind) folded before Flop
Seat 6: splasher36 folded on the Flop



PokerStars Hand #254428102003:  Hold'em No Limit ($0.50/$1.00 USD) - 2025/01/18 7:39:44 WET [2025/01/18 2:39:44 ET]
Table 'Subamara III' 6-max Seat #4 is the button
Seat 1: MoRsCeReBruM ($105.48 in chips) 
Seat 2: Foma1985 ($58.84 in chips) 
Seat 3: CashfishT ($105.38 in chips) 
Seat 4: JoeBlack_MS ($100 in chips) 
Seat 5: kalcumite ($117.15 in chips) 
Seat 6: splasher36 ($65.69 in chips) 
kalcumite: posts small blind $0.50
splasher36: posts big blind $1
*** HOLE CARDS ***
MoRsCeReBruM: raises $1 to $2
Foma1985: calls $2
CashfishT: folds 
JoeBlack_MS: raises $7 to $9
kalcumite: folds 
splasher36: folds 
MoRsCeReBruM: folds 
Foma1985: raises $10 to $19
JoeBlack_MS: folds 
Uncalled bet ($10) returned to Foma1985
Foma1985 collected $21.50 from pot
Foma1985: doesn't show hand 
*** SUMMARY ***
Total pot $21.50 | Rake $0 
Seat 1: MoRsCeReBruM folded before Flop
Seat 2: Foma1985 collected ($21.50)
Seat 3: CashfishT folded before Flop (didn't bet)
Seat 4: JoeBlack_MS (button) folded before Flop
Seat 5: kalcumite (small blind) folded before Flop
Seat 6: splasher36 (big blind) folded before Flop



PokerStars Hand #254428106689:  Hold'em No Limit ($0.50/$1.00 USD) - 2025/01/18 7:40:41 WET [2025/01/18 2:40:41 ET]
Table 'Subamara III' 6-max Seat #5 is the button
Seat 1: MoRsCeReBruM ($103.48 in chips) 
Seat 2: Foma1985 ($71.34 in chips) 
Seat 3: CashfishT ($105.38 in chips) 
Seat 4: JoeBlack_MS ($100 in chips) 
Seat 5: kalcumite ($116.65 in chips) 
Seat 6: splasher36 ($64.69 in chips) 
splasher36: posts small blind $0.50
MoRsCeReBruM: posts big blind $1
*** HOLE CARDS ***
Foma1985: folds 
CashfishT: folds 
JoeBlack_MS: raises $1.30 to $2.30
kalcumite: calls $2.30
splasher36: folds 
MoRsCeReBruM: folds 
*** FLOP *** [2s 7c 5d]
JoeBlack_MS: checks 
kalcumite: bets $3
JoeBlack_MS: raises $6.50 to $9.50
kalcumite: calls $6.50
*** TURN *** [2s 7c 5d] [9h]
JoeBlack_MS: bets $15.73
kalcumite: calls $15.73
*** RIVER *** [2s 7c 5d 9h] [9d]
JoeBlack_MS: checks 
kalcumite: checks 
*** SHOW DOWN ***
JoeBlack_MS: shows [Ad 3d] (a pair of Nines)
kalcumite: shows [Jh 7h] (two pair, Nines and Sevens)
kalcumite collected $54.06 from pot
*** SUMMARY ***
Total pot $56.56 | Rake $2.50 
Board [2s 7c 5d 9h 9d]
Seat 1: MoRsCeReBruM (big blind) folded before Flop
Seat 2: Foma1985 folded before Flop (didn't bet)
Seat 3: CashfishT folded before Flop (didn't bet)
Seat 4: JoeBlack_MS showed [Ad 3d] and lost with a pair of Nines
Seat 5: kalcumite (button) showed [Jh 7h] and won ($54.06) with two pair, Nines and Sevens
Seat 6: splasher36 (small blind) folded before Flop



PokerStars Hand #254428113841:  Hold'em No Limit ($0.50/$1.00 USD) - 2025/01/18 7:42:08 WET [2025/01/18 2:42:08 ET]
Table 'Subamara III' 6-max Seat #6 is the button
Seat 1: MoRsCeReBruM ($102.48 in chips) 
Seat 2: Foma1985 ($71.34 in chips) 
Seat 3: CashfishT ($105.38 in chips) 
Seat 4: JoeBlack_MS ($100 in chips) 
Seat 5: kalcumite ($143.18 in chips) 
Seat 6: splasher36 ($64.19 in chips) 
MoRsCeReBruM: posts small blind $0.50
Foma1985: posts big blind $1
*** HOLE CARDS ***
CashfishT: folds 
JoeBlack_MS: folds 
kalcumite: folds 
splasher36: raises $2 to $3
MoRsCeReBruM: folds 
Foma1985: raises $7 to $10
splasher36: calls $7
*** FLOP *** [5d Kc 6s]
Foma1985: bets $6.43
splasher36: folds 
Uncalled bet ($6.43) returned to Foma1985
Foma1985 collected $19.48 from pot
Foma1985: doesn't show hand 
*** SUMMARY ***
Total pot $20.50 | Rake $1.02 
Board [5d Kc 6s]
Seat 1: MoRsCeReBruM (small blind) folded before Flop
Seat 2: Foma1985 (big blind) collected ($19.48)
Seat 3: CashfishT folded before Flop (didn't bet)
Seat 4: JoeBlack_MS folded before Flop (didn't bet)
Seat 5: kalcumite folded before Flop (didn't bet)
Seat 6: splasher36 (button) folded on the Flop



PokerStars Hand #254428116562:  Hold'em No Limit ($0.50/$1.00 USD) - 2025/01/18 7:42:41 WET [2025/01/18 2:42:41 ET]
Table 'Subamara III' 6-max Seat #1 is the button
Seat 3: CashfishT ($105.38 in chips) is sitting out
Seat 1: MoRsCeReBruM ($101.98 in chips) 
Seat 2: Foma1985 ($80.82 in chips) 
Seat 4: JoeBlack_MS ($100 in chips) 
Seat 5: kalcumite ($143.18 in chips) 
Seat 6: splasher36 ($54.19 in chips) 
Foma1985: posts small blind $0.50
CashfishT: is sitting out 
JoeBlack_MS: posts big blind $1
*** HOLE CARDS ***
CashfishT leaves the table
kalcumite: folds 
splasher36: raises $2 to $3
MoRsCeReBruM: folds 
Foma1985: folds 
JoeBlack_MS: folds 
Uncalled bet ($2) returned to splasher36
splasher36 collected $2.50 from pot
splasher36: doesn't show hand 
*** SUMMARY ***
Total pot $2.50 | Rake $0 
Seat 3: CashfishT
Seat 1: MoRsCeReBruM (button) folded before Flop (didn't bet)
Seat 2: Foma1985 (small blind) folded before Flop
Seat 4: JoeBlack_MS (big blind) folded before Flop
Seat 5: kalcumite folded before Flop (didn't bet)
Seat 6: splasher36 collected ($2.50)



PokerStars Hand #254428119600:  Hold'em No Limit ($0.50/$1.00 USD) - 2025/01/18 7:43:19 WET [2025/01/18 2:43:19 ET]
Table 'Subamara III' 6-max Seat #2 is the button
Seat 1: MoRsCeReBruM ($101.98 in chips) 
Seat 2: Foma1985 ($80.32 in chips) 
Seat 4: JoeBlack_MS ($100 in chips) 
Seat 5: kalcumite ($143.18 in chips) 
Seat 6: splasher36 ($55.69 in chips) 
JoeBlack_MS: posts small blind $0.50
kalcumite: posts big blind $1
*** HOLE CARDS ***
splasher36: folds 
MoRsCeReBruM: raises $1.20 to $2.20
Foma1985: folds 
JoeBlack_MS: folds 
kalcumite: folds 
Uncalled bet ($1.20) returned to MoRsCeReBruM
MoRsCeReBruM collected $2.50 from pot
MoRsCeReBruM: doesn't show hand 
*** SUMMARY ***
Total pot $2.50 | Rake $0 
Seat 1: MoRsCeReBruM collected ($2.50)
Seat 2: Foma1985 (button) folded before Flop (didn't bet)
Seat 4: JoeBlack_MS (small blind) folded before Flop
Seat 5: kalcumite (big blind) folded before Flop
Seat 6: splasher36 folded before Flop (didn't bet)



PokerStars Hand #254428120994:  Hold'em No Limit ($0.50/$1.00 USD) - 2025/01/18 7:43:35 WET [2025/01/18 2:43:35 ET]
Table 'Subamara III' 6-max Seat #4 is the button
Seat 1: MoRsCeReBruM ($103.48 in chips) 
Seat 2: Foma1985 ($80.32 in chips) 
Seat 4: JoeBlack_MS ($100 in chips) 
Seat 5: kalcumite ($142.18 in chips) 
Seat 6: splasher36 ($55.69 in chips) 
kalcumite: posts small blind $0.50
splasher36: posts big blind $1
*** HOLE CARDS ***
LuckyShikari joins the table at seat #3 
MoRsCeReBruM: folds 
Foma1985: raises $1.50 to $2.50
JoeBlack_MS: calls $2.50
kalcumite: calls $2
splasher36: calls $1.50
*** FLOP *** [Tc 9s Kc]
kalcumite: checks 
splasher36: checks 
Foma1985: bets $4.75
JoeBlack_MS: folds 
kalcumite: calls $4.75
splasher36: calls $4.75
*** TURN *** [Tc 9s Kc] [Ks]
kalcumite: checks 
splasher36: checks 
Foma1985: bets $14.50
kalcumite: calls $14.50
splasher36: raises $33.94 to $48.44 and is all-in
Foma1985: folds 
kalcumite: folds 
Uncalled bet ($33.94) returned to splasher36
splasher36 collected $65.25 from pot
splasher36: doesn't show hand 
*** SUMMARY ***
Total pot $67.75 | Rake $2.50 
Board [Tc 9s Kc Ks]
Seat 1: MoRsCeReBruM folded before Flop (didn't bet)
Seat 2: Foma1985 folded on the Turn
Seat 4: JoeBlack_MS (button) folded on the Flop
Seat 5: kalcumite (small blind) folded on the Turn
Seat 6: splasher36 (big blind) collected ($65.25)



PokerStars Hand #254428129284:  Hold'em No Limit ($0.50/$1.00 USD) - 2025/01/18 7:45:13 WET [2025/01/18 2:45:13 ET]
Table 'Subamara III' 6-max Seat #5 is the button
Seat 3: LuckyShikari ($100 in chips) is sitting out
Seat 1: MoRsCeReBruM ($103.48 in chips) 
Seat 2: Foma1985 ($58.57 in chips) 
Seat 4: JoeBlack_MS ($100 in chips) 
Seat 5: kalcumite ($120.43 in chips) 
Seat 6: splasher36 ($99.19 in chips) 
splasher36: posts small blind $0.50
MoRsCeReBruM: posts big blind $1
*** HOLE CARDS ***
Foma1985: raises $1.50 to $2.50
JoeBlack_MS: folds 
kalcumite: folds 
splasher36: calls $2
MoRsCeReBruM: folds 
*** FLOP *** [Ts Ks 4d]
splasher36: checks 
Foma1985: checks 
*** TURN *** [Ts Ks 4d] [8s]
splasher36: checks 
Foma1985: checks 
*** RIVER *** [Ts Ks 4d 8s] [8h]
splasher36: bets $2.85
Foma1985: raises $4.15 to $7
splasher36: folds 
Uncalled bet ($4.15) returned to Foma1985
Foma1985 collected $11.12 from pot
Foma1985: doesn't show hand 
*** SUMMARY ***
Total pot $11.70 | Rake $0.58 
Board [Ts Ks 4d 8s 8h]
Seat 3: LuckyShikari
Seat 1: MoRsCeReBruM (big blind) folded before Flop
Seat 2: Foma1985 collected ($11.12)
Seat 4: JoeBlack_MS folded before Flop (didn't bet)
Seat 5: kalcumite (button) folded before Flop (didn't bet)
Seat 6: splasher36 (small blind) folded on the River



PokerStars Hand #254428132994:  Hold'em No Limit ($0.50/$1.00 USD) - 2025/01/18 7:45:58 WET [2025/01/18 2:45:58 ET]
Table 'Subamara III' 6-max Seat #6 is the button
Seat 3: LuckyShikari ($100 in chips) is sitting out
Seat 1: MoRsCeReBruM ($102.48 in chips) 
Seat 2: Foma1985 ($64.34 in chips) 
Seat 4: JoeBlack_MS ($100 in chips) 
Seat 5: kalcumite ($120.43 in chips) 
Seat 6: splasher36 ($93.84 in chips) 
MoRsCeReBruM: posts small blind $0.50
Foma1985: posts big blind $1
*** HOLE CARDS ***
JoeBlack_MS: folds 
kalcumite: folds 
splasher36: raises $2 to $3
MoRsCeReBruM: raises $8 to $11
Foma1985: folds 
splasher36: calls $8
*** FLOP *** [Kd Ad Th]
MoRsCeReBruM: bets $16.39
splasher36: folds 
Uncalled bet ($16.39) returned to MoRsCeReBruM
MoRsCeReBruM collected $21.85 from pot
MoRsCeReBruM: doesn't show hand 
*** SUMMARY ***
Total pot $23 | Rake $1.15 
Board [Kd Ad Th]
Seat 3: LuckyShikari
Seat 1: MoRsCeReBruM (small blind) collected ($21.85)
Seat 2: Foma1985 (big blind) folded before Flop
Seat 4: JoeBlack_MS folded before Flop (didn't bet)
Seat 5: kalcumite folded before Flop (didn't bet)
Seat 6: splasher36 (button) folded on the Flop



PokerStars Hand #254428137656:  Hold'em No Limit ($0.50/$1.00 USD) - 2025/01/18 7:46:53 WET [2025/01/18 2:46:53 ET]
Table 'Subamara III' 6-max Seat #1 is the button
Seat 2: Foma1985 ($63.34 in chips) is sitting out
Seat 3: LuckyShikari ($100 in chips) is sitting out
Seat 1: MoRsCeReBruM ($113.33 in chips) 
Seat 4: JoeBlack_MS ($100 in chips) 
Seat 5: kalcumite ($120.43 in chips) 
Seat 6: splasher36 ($82.84 in chips) 
Foma1985 has timed out
Foma1985: is sitting out 
LuckyShikari will be allowed to play after the button
JoeBlack_MS: posts small blind $0.50
kalcumite: posts big blind $1
*** HOLE CARDS ***
splasher36: calls $1
Foma1985 is disconnected 
MoRsCeReBruM: folds 
JoeBlack_MS: folds 
kalcumite: checks 
*** FLOP *** [Td Ah 2s]
kalcumite: checks 
splasher36: bets $1.19
kalcumite: calls $1.19
*** TURN *** [Td Ah 2s] [Kh]
kalcumite: checks 
splasher36: bets $2.32
kalcumite: calls $2.32
*** RIVER *** [Td Ah 2s Kh] [9h]
kalcumite: checks 
splasher36: bets $4.52
kalcumite: calls $4.52
*** SHOW DOWN ***
splasher36: shows [3h 4c] (high card Ace)
kalcumite: shows [Ad 8d] (a pair of Aces)
kalcumite collected $17.63 from pot
*** SUMMARY ***
Total pot $18.56 | Rake $0.93 
Board [Td Ah 2s Kh 9h]
Seat 2: Foma1985
Seat 3: LuckyShikari
Seat 1: MoRsCeReBruM (button) folded before Flop (didn't bet)
Seat 4: JoeBlack_MS (small blind) folded before Flop
Seat 5: kalcumite (big blind) showed [Ad 8d] and won ($17.63) with a pair of Aces
Seat 6: splasher36 showed [3h 4c] and lost with high card Ace



PokerStars Hand #254428142387:  Hold'em No Limit ($0.50/$1.00 USD) - 2025/01/18 7:47:48 WET [2025/01/18 2:47:48 ET]
Table 'Subamara III' 6-max Seat #4 is the button
Seat 2: Foma1985 ($63.34 in chips) is sitting out
Seat 3: LuckyShikari ($100 in chips) is sitting out
Seat 1: MoRsCeReBruM ($113.33 in chips) 
Seat 4: JoeBlack_MS ($100 in chips) 
Seat 5: kalcumite ($129.03 in chips) 
Seat 6: splasher36 ($73.81 in chips) 
kalcumite: posts small blind $0.50
splasher36: posts big blind $1
Foma1985: sits out 
LuckyShikari: sits out 
*** HOLE CARDS ***
MoRsCeReBruM: raises $1 to $2
JoeBlack_MS: folds 
kalcumite: folds 
splasher36: calls $1
*** FLOP *** [8h Js 4d]
splasher36: checks 
MoRsCeReBruM: bets $2.14
splasher36: calls $2.14
*** TURN *** [8h Js 4d] [Qc]
splasher36: checks 
MoRsCeReBruM: checks 
*** RIVER *** [8h Js 4d Qc] [5s]
splasher36: bets $4.17
MoRsCeReBruM: folds 
Uncalled bet ($4.17) returned to splasher36
splasher36 collected $8.34 from pot
splasher36: doesn't show hand 
*** SUMMARY ***
Total pot $8.78 | Rake $0.44 
Board [8h Js 4d Qc 5s]
Seat 2: Foma1985
Seat 3: LuckyShikari
Seat 1: MoRsCeReBruM folded on the River
Seat 4: JoeBlack_MS (button) folded before Flop (didn't bet)
Seat 5: kalcumite (small blind) folded before Flop
Seat 6: splasher36 (big blind) collected ($8.34)



PokerStars Hand #254428146729:  Hold'em No Limit ($0.50/$1.00 USD) - 2025/01/18 7:48:40 WET [2025/01/18 2:48:40 ET]
Table 'Subamara III' 6-max Seat #5 is the button
Seat 2: Foma1985 ($63.34 in chips) is sitting out
Seat 3: LuckyShikari ($100 in chips) is sitting out
Seat 1: MoRsCeReBruM ($109.19 in chips) 
Seat 4: JoeBlack_MS ($100 in chips) 
Seat 5: kalcumite ($128.53 in chips) 
Seat 6: splasher36 ($78.01 in chips) 
splasher36: posts small blind $0.50
MoRsCeReBruM: posts big blind $1
Foma1985: sits out 
LuckyShikari: sits out 
*** HOLE CARDS ***
JoeBlack_MS: folds 
kalcumite: folds 
splasher36: calls $0.50
MoRsCeReBruM: raises $2.50 to $3.50
splasher36: calls $2.50
*** FLOP *** [6d 8c Kh]
splasher36: checks 
MoRsCeReBruM: bets $2.19
splasher36: calls $2.19
*** TURN *** [6d 8c Kh] [9c]
splasher36: checks 
MoRsCeReBruM: bets $10.50
splasher36: calls $10.50
*** RIVER *** [6d 8c Kh 9c] [3d]
splasher36: checks 
MoRsCeReBruM: bets $63.50
splasher36: folds 
Uncalled bet ($63.50) returned to MoRsCeReBruM
MoRsCeReBruM collected $31.38 from pot
MoRsCeReBruM: doesn't show hand 
*** SUMMARY ***
Total pot $32.38 | Rake $1 
Board [6d 8c Kh 9c 3d]
Seat 2: Foma1985
Seat 3: LuckyShikari
Seat 1: MoRsCeReBruM (big blind) collected ($31.38)
Seat 4: JoeBlack_MS folded before Flop (didn't bet)
Seat 5: kalcumite (button) folded before Flop (didn't bet)
Seat 6: splasher36 (small blind) folded on the River



PokerStars Hand #254428151000:  Hold'em No Limit ($0.50/$1.00 USD) - 2025/01/18 7:49:32 WET [2025/01/18 2:49:32 ET]
Table 'Subamara III' 6-max Seat #6 is the button
Seat 3: LuckyShikari ($100 in chips) is sitting out
Seat 1: MoRsCeReBruM ($124.38 in chips) 
Seat 2: Foma1985 ($63.34 in chips) 
Seat 4: JoeBlack_MS ($100 in chips) 
Seat 5: kalcumite ($128.53 in chips) 
Seat 6: splasher36 ($61.82 in chips) 
MoRsCeReBruM: posts small blind $0.50
Foma1985: posts big blind $1
LuckyShikari: sits out 
*** HOLE CARDS ***
JoeBlack_MS: folds 
kalcumite: folds 
splasher36: raises $2 to $3
MoRsCeReBruM: folds 
Foma1985: raises $8 to $11
splasher36: raises $19 to $30
Foma1985: raises $19 to $49
splasher36: raises $12.82 to $61.82 and is all-in
Foma1985: calls $12.82
*** FLOP *** [4h 3s Ac]
*** TURN *** [4h 3s Ac] [As]
*** RIVER *** [4h 3s Ac As] [4d]
*** SHOW DOWN ***
Foma1985: shows [Qc Qd] (two pair, Aces and Queens)
splasher36: shows [Jh Js] (two pair, Aces and Jacks)
Foma1985 collected $121.64 from pot
*** SUMMARY ***
Total pot $124.14 | Rake $2.50 
Board [4h 3s Ac As 4d]
Seat 3: LuckyShikari
Seat 1: MoRsCeReBruM (small blind) folded before Flop
Seat 2: Foma1985 (big blind) showed [Qc Qd] and won ($121.64) with two pair, Aces and Queens
Seat 4: JoeBlack_MS folded before Flop (didn't bet)
Seat 5: kalcumite folded before Flop (didn't bet)
Seat 6: splasher36 (button) showed [Jh Js] and lost with two pair, Aces and Jacks



PokerStars Hand #254428154596:  Hold'em No Limit ($0.50/$1.00 USD) - 2025/01/18 7:50:15 WET [2025/01/18 2:50:15 ET]
Table 'Subamara III' 6-max Seat #1 is the button
Seat 6: splasher36 ($0 in chips) is sitting out
Seat 1: MoRsCeReBruM ($123.88 in chips) 
Seat 2: Foma1985 ($123.16 in chips) 
Seat 3: LuckyShikari ($100 in chips) 
Seat 4: JoeBlack_MS ($100 in chips) 
Seat 5: kalcumite ($128.53 in chips) 
Foma1985: posts small blind $0.50
LuckyShikari: posts big blind $1
*** HOLE CARDS ***
JoeBlack_MS: folds 
kalcumite: folds 
MoRsCeReBruM: raises $1.50 to $2.50
splasher36 leaves the table
Foma1985: folds 
LuckyShikari: folds 
Uncalled bet ($1.50) returned to MoRsCeReBruM
MoRsCeReBruM collected $2.50 from pot
MoRsCeReBruM: doesn't show hand 
vezis3 joins the table at seat #6 
*** SUMMARY ***
Total pot $2.50 | Rake $0 
Seat 6: splasher36
Seat 1: MoRsCeReBruM (button) collected ($2.50)
Seat 2: Foma1985 (small blind) folded before Flop
Seat 3: LuckyShikari (big blind) folded before Flop
Seat 4: JoeBlack_MS folded before Flop (didn't bet)
Seat 5: kalcumite folded before Flop (didn't bet)



PokerStars Hand #254428156145:  Hold'em No Limit ($0.50/$1.00 USD) - 2025/01/18 7:50:33 WET [2025/01/18 2:50:33 ET]
Table 'Subamara III' 6-max Seat #2 is the button
Seat 6: vezis3 ($100 in chips) is sitting out
Seat 1: MoRsCeReBruM ($125.38 in chips) 
Seat 2: Foma1985 ($122.66 in chips) 
Seat 3: LuckyShikari ($100 in chips) 
Seat 4: JoeBlack_MS ($100 in chips) 
Seat 5: kalcumite ($128.53 in chips) 
LuckyShikari: posts small blind $0.50
JoeBlack_MS: posts big blind $1
vezis3: sits out 
*** HOLE CARDS ***
kalcumite: folds 
MoRsCeReBruM: raises $1.20 to $2.20
Foma1985: folds 
LuckyShikari: calls $1.70
JoeBlack_MS: raises $11.30 to $13.50
MoRsCeReBruM: folds 
LuckyShikari: folds 
Uncalled bet ($11.30) returned to JoeBlack_MS
JoeBlack_MS collected $6.60 from pot
JoeBlack_MS: doesn't show hand 
*** SUMMARY ***
Total pot $6.60 | Rake $0 
Seat 6: vezis3
Seat 1: MoRsCeReBruM folded before Flop
Seat 2: Foma1985 (button) folded before Flop (didn't bet)
Seat 3: LuckyShikari (small blind) folded before Flop
Seat 4: JoeBlack_MS (big blind) collected ($6.60)
Seat 5: kalcumite folded before Flop (didn't bet)



PokerStars Hand #254428158982:  Hold'em No Limit ($0.50/$1.00 USD) - 2025/01/18 7:51:07 WET [2025/01/18 2:51:07 ET]
Table 'Subamara III' 6-max Seat #3 is the button
Seat 6: vezis3 ($100 in chips) is sitting out
Seat 1: MoRsCeReBruM ($123.18 in chips) 
Seat 2: Foma1985 ($122.66 in chips) 
Seat 3: LuckyShikari ($100 in chips) 
Seat 4: JoeBlack_MS ($104.40 in chips) 
Seat 5: kalcumite ($128.53 in chips) 
JoeBlack_MS: posts small blind $0.50
kalcumite: posts big blind $1
vezis3: sits out 
*** HOLE CARDS ***
MoRsCeReBruM: raises $1 to $2
Foma1985: folds 
LuckyShikari: folds 
JoeBlack_MS: folds 
kalcumite: folds 
Uncalled bet ($1) returned to MoRsCeReBruM
MoRsCeReBruM collected $2.50 from pot
MoRsCeReBruM: doesn't show hand 
*** SUMMARY ***
Total pot $2.50 | Rake $0 
Seat 6: vezis3
Seat 1: MoRsCeReBruM collected ($2.50)
Seat 2: Foma1985 folded before Flop (didn't bet)
Seat 3: LuckyShikari (button) folded before Flop (didn't bet)
Seat 4: JoeBlack_MS (small blind) folded before Flop
Seat 5: kalcumite (big blind) folded before Flop



PokerStars Hand #254428160368:  Hold'em No Limit ($0.50/$1.00 USD) - 2025/01/18 7:51:24 WET [2025/01/18 2:51:24 ET]
Table 'Subamara III' 6-max Seat #4 is the button
Seat 1: MoRsCeReBruM ($124.68 in chips) 
Seat 2: Foma1985 ($122.66 in chips) 
Seat 3: LuckyShikari ($100 in chips) 
Seat 4: JoeBlack_MS ($103.90 in chips) 
Seat 5: kalcumite ($127.53 in chips) 
Seat 6: vezis3 ($100 in chips) 
kalcumite: posts small blind $0.50
vezis3: posts big blind $1
*** HOLE CARDS ***
MoRsCeReBruM: folds 
Foma1985: folds 
MoRsCeReBruM leaves the table
Kristo 914 joins the table at seat #1 
LuckyShikari: folds 
JoeBlack_MS: folds 
kalcumite: folds 
Uncalled bet ($0.50) returned to vezis3
vezis3 collected $1 from pot
vezis3: doesn't show hand 
*** SUMMARY ***
Total pot $1 | Rake $0 
Seat 1: MoRsCeReBruM folded before Flop (didn't bet)
Seat 2: Foma1985 folded before Flop (didn't bet)
Seat 3: LuckyShikari folded before Flop (didn't bet)
Seat 4: JoeBlack_MS (button) folded before Flop (didn't bet)
Seat 5: kalcumite (small blind) folded before Flop
Seat 6: vezis3 (big blind) collected ($1)



PokerStars Hand #254428161404:  Hold'em No Limit ($0.50/$1.00 USD) - 2025/01/18 7:51:36 WET [2025/01/18 2:51:36 ET]
Table 'Subamara III' 6-max Seat #5 is the button
Seat 1: Kristo 914 ($100 in chips) 
Seat 2: Foma1985 ($122.66 in chips) 
Seat 3: LuckyShikari ($100 in chips) 
Seat 4: JoeBlack_MS ($103.90 in chips) 
Seat 5: kalcumite ($127.03 in chips) 
Seat 6: vezis3 ($100.50 in chips) 
vezis3: posts small blind $0.50
Kristo 914: posts big blind $1
*** HOLE CARDS ***
Foma1985: folds 
LuckyShikari: folds 
JoeBlack_MS: folds 
kalcumite: folds 
vezis3: folds 
Uncalled bet ($0.50) returned to Kristo 914
Kristo 914 collected $1 from pot
Kristo 914: doesn't show hand 
*** SUMMARY ***
Total pot $1 | Rake $0 
Seat 1: Kristo 914 (big blind) collected ($1)
Seat 2: Foma1985 folded before Flop (didn't bet)
Seat 3: LuckyShikari folded before Flop (didn't bet)
Seat 4: JoeBlack_MS folded before Flop (didn't bet)
Seat 5: kalcumite (button) folded before Flop (didn't bet)
Seat 6: vezis3 (small blind) folded before Flop



PokerStars Hand #254428162976:  Hold'em No Limit ($0.50/$1.00 USD) - 2025/01/18 7:51:55 WET [2025/01/18 2:51:55 ET]
Table 'Subamara III' 6-max Seat #6 is the button
Seat 1: Kristo 914 ($100.50 in chips) 
Seat 2: Foma1985 ($122.66 in chips) 
Seat 3: LuckyShikari ($100 in chips) 
Seat 4: JoeBlack_MS ($103.90 in chips) 
Seat 5: kalcumite ($127.03 in chips) 
Seat 6: vezis3 ($100 in chips) 
Kristo 914: posts small blind $0.50
Foma1985: posts big blind $1
*** HOLE CARDS ***
LuckyShikari: folds 
JoeBlack_MS: folds 
kalcumite: raises $2 to $3
vezis3: folds 
Kristo 914: folds 
Foma1985: folds 
Uncalled bet ($2) returned to kalcumite
kalcumite collected $2.50 from pot
*** SUMMARY ***
Total pot $2.50 | Rake $0 
Seat 1: Kristo 914 (small blind) folded before Flop
Seat 2: Foma1985 (big blind) folded before Flop
Seat 3: LuckyShikari folded before Flop (didn't bet)
Seat 4: JoeBlack_MS folded before Flop (didn't bet)
Seat 5: kalcumite collected ($2.50)
Seat 6: vezis3 (button) folded before Flop (didn't bet)



PokerStars Hand #254428164051:  Hold'em No Limit ($0.50/$1.00 USD) - 2025/01/18 7:52:08 WET [2025/01/18 2:52:08 ET]
Table 'Subamara III' 6-max Seat #1 is the button
Seat 1: Kristo 914 ($100 in chips) 
Seat 2: Foma1985 ($121.66 in chips) 
Seat 3: LuckyShikari ($100 in chips) 
Seat 4: JoeBlack_MS ($103.90 in chips) 
Seat 5: kalcumite ($128.53 in chips) 
Seat 6: vezis3 ($100 in chips) 
Foma1985: posts small blind $0.50
LuckyShikari: posts big blind $1
*** HOLE CARDS ***
JoeBlack_MS: folds 
kalcumite: raises $2 to $3
vezis3: folds 
Kristo 914: folds 
Foma1985: folds 
LuckyShikari: folds 
Uncalled bet ($2) returned to kalcumite
kalcumite collected $2.50 from pot
*** SUMMARY ***
Total pot $2.50 | Rake $0 
Seat 1: Kristo 914 (button) folded before Flop (didn't bet)
Seat 2: Foma1985 (small blind) folded before Flop
Seat 3: LuckyShikari (big blind) folded before Flop
Seat 4: JoeBlack_MS folded before Flop (didn't bet)
Seat 5: kalcumite collected ($2.50)
Seat 6: vezis3 folded before Flop (didn't bet)



PokerStars Hand #254428166373:  Hold'em No Limit ($0.50/$1.00 USD) - 2025/01/18 7:52:36 WET [2025/01/18 2:52:36 ET]
Table 'Subamara III' 6-max Seat #2 is the button
Seat 1: Kristo 914 ($100 in chips) 
Seat 2: Foma1985 ($121.16 in chips) 
Seat 3: LuckyShikari ($100 in chips) 
Seat 4: JoeBlack_MS ($103.90 in chips) 
Seat 5: kalcumite ($130.03 in chips) 
Seat 6: vezis3 ($100 in chips) 
LuckyShikari: posts small blind $0.50
JoeBlack_MS: posts big blind $1
*** HOLE CARDS ***
kalcumite: folds 
vezis3: folds 
Kristo 914: raises $1.40 to $2.40
Foma1985: folds 
LuckyShikari: folds 
JoeBlack_MS: folds 
Uncalled bet ($1.40) returned to Kristo 914
Kristo 914 collected $2.50 from pot
Kristo 914: doesn't show hand 
*** SUMMARY ***
Total pot $2.50 | Rake $0 
Seat 1: Kristo 914 collected ($2.50)
Seat 2: Foma1985 (button) folded before Flop (didn't bet)
Seat 3: LuckyShikari (small blind) folded before Flop
Seat 4: JoeBlack_MS (big blind) folded before Flop
Seat 5: kalcumite folded before Flop (didn't bet)
Seat 6: vezis3 folded before Flop (didn't bet)



PokerStars Hand #254428167470:  Hold'em No Limit ($0.50/$1.00 USD) - 2025/01/18 7:52:49 WET [2025/01/18 2:52:49 ET]
Table 'Subamara III' 6-max Seat #3 is the button
Seat 1: Kristo 914 ($101.50 in chips) 
Seat 2: Foma1985 ($121.16 in chips) 
Seat 3: LuckyShikari ($100 in chips) 
Seat 4: JoeBlack_MS ($102.90 in chips) 
Seat 5: kalcumite ($130.03 in chips) 
Seat 6: vezis3 ($100 in chips) 
JoeBlack_MS: posts small blind $0.50
kalcumite: posts big blind $1
*** HOLE CARDS ***
vezis3: folds 
Kristo 914: folds 
Foma1985: folds 
LuckyShikari: folds 
JoeBlack_MS: raises $2 to $3
kalcumite: calls $2
*** FLOP *** [3s Jh Js]
JoeBlack_MS: checks 
kalcumite: checks 
*** TURN *** [3s Jh Js] [8s]
JoeBlack_MS: checks 
kalcumite: bets $3
JoeBlack_MS: folds 
Uncalled bet ($3) returned to kalcumite
kalcumite collected $5.70 from pot
*** SUMMARY ***
Total pot $6 | Rake $0.30 
Board [3s Jh Js 8s]
Seat 1: Kristo 914 folded before Flop (didn't bet)
Seat 2: Foma1985 folded before Flop (didn't bet)
Seat 3: LuckyShikari (button) folded before Flop (didn't bet)
Seat 4: JoeBlack_MS (small blind) folded on the Turn
Seat 5: kalcumite (big blind) collected ($5.70)
Seat 6: vezis3 folded before Flop (didn't bet)



PokerStars Hand #254428171388:  Hold'em No Limit ($0.50/$1.00 USD) - 2025/01/18 7:53:37 WET [2025/01/18 2:53:37 ET]
Table 'Subamara III' 6-max Seat #4 is the button
Seat 1: Kristo 914 ($101.50 in chips) 
Seat 2: Foma1985 ($121.16 in chips) 
Seat 3: LuckyShikari ($100 in chips) 
Seat 4: JoeBlack_MS ($100 in chips) 
Seat 5: kalcumite ($132.73 in chips) 
Seat 6: vezis3 ($100 in chips) 
kalcumite: posts small blind $0.50
vezis3: posts big blind $1
*** HOLE CARDS ***
Kristo 914: folds 
Foma1985: folds 
LuckyShikari: folds 
JoeBlack_MS: raises $1.50 to $2.50
kalcumite: folds 
vezis3: folds 
Uncalled bet ($1.50) returned to JoeBlack_MS
JoeBlack_MS collected $2.50 from pot
JoeBlack_MS: doesn't show hand 
*** SUMMARY ***
Total pot $2.50 | Rake $0 
Seat 1: Kristo 914 folded before Flop (didn't bet)
Seat 2: Foma1985 folded before Flop (didn't bet)
Seat 3: LuckyShikari folded before Flop (didn't bet)
Seat 4: JoeBlack_MS (button) collected ($2.50)
Seat 5: kalcumite (small blind) folded before Flop
Seat 6: vezis3 (big blind) folded before Flop



PokerStars Hand #254428173048:  Hold'em No Limit ($0.50/$1.00 USD) - 2025/01/18 7:53:57 WET [2025/01/18 2:53:57 ET]
Table 'Subamara III' 6-max Seat #5 is the button
Seat 1: Kristo 914 ($101.50 in chips) 
Seat 2: Foma1985 ($121.16 in chips) 
Seat 3: LuckyShikari ($100 in chips) 
Seat 4: JoeBlack_MS ($101.50 in chips) 
Seat 5: kalcumite ($132.23 in chips) 
Seat 6: vezis3 ($100 in chips) 
vezis3: posts small blind $0.50
Kristo 914: posts big blind $1
*** HOLE CARDS ***
Foma1985: folds 
LuckyShikari: raises $1.50 to $2.50
JoeBlack_MS: folds 
kalcumite: calls $2.50
vezis3: calls $2
Kristo 914: folds 
*** FLOP *** [6d 9h 5s]
vezis3: checks 
LuckyShikari: checks 
kalcumite: checks 
*** TURN *** [6d 9h 5s] [6c]
vezis3: bets $6.22
LuckyShikari: folds 
kalcumite: folds 
Uncalled bet ($6.22) returned to vezis3
vezis3 collected $8.08 from pot
vezis3: doesn't show hand 
*** SUMMARY ***
Total pot $8.50 | Rake $0.42 
Board [6d 9h 5s 6c]
Seat 1: Kristo 914 (big blind) folded before Flop
Seat 2: Foma1985 folded before Flop (didn't bet)
Seat 3: LuckyShikari folded on the Turn
Seat 4: JoeBlack_MS folded before Flop (didn't bet)
Seat 5: kalcumite (button) folded on the Turn
Seat 6: vezis3 (small blind) collected ($8.08)



PokerStars Hand #254428177638:  Hold'em No Limit ($0.50/$1.00 USD) - 2025/01/18 7:54:53 WET [2025/01/18 2:54:53 ET]
Table 'Subamara III' 6-max Seat #6 is the button
Seat 1: Kristo 914 ($100.50 in chips) 
Seat 2: Foma1985 ($121.16 in chips) 
Seat 3: LuckyShikari ($100 in chips) 
Seat 4: JoeBlack_MS ($101.50 in chips) 
Seat 5: kalcumite ($129.73 in chips) 
Seat 6: vezis3 ($105.58 in chips) 
Kristo 914: posts small blind $0.50
Foma1985: posts big blind $1
*** HOLE CARDS ***
LuckyShikari: folds 
JoeBlack_MS: folds 
kalcumite: raises $2 to $3
vezis3: folds 
Kristo 914: folds 
Foma1985: folds 
Uncalled bet ($2) returned to kalcumite
kalcumite collected $2.50 from pot
*** SUMMARY ***
Total pot $2.50 | Rake $0 
Seat 1: Kristo 914 (small blind) folded before Flop
Seat 2: Foma1985 (big blind) folded before Flop
Seat 3: LuckyShikari folded before Flop (didn't bet)
Seat 4: JoeBlack_MS folded before Flop (didn't bet)
Seat 5: kalcumite collected ($2.50)
Seat 6: vezis3 (button) folded before Flop (didn't bet)



PokerStars Hand #254428179208:  Hold'em No Limit ($0.50/$1.00 USD) - 2025/01/18 7:55:13 WET [2025/01/18 2:55:13 ET]
Table 'Subamara III' 6-max Seat #1 is the button
Seat 1: Kristo 914 ($100 in chips) 
Seat 2: Foma1985 ($120.16 in chips) 
Seat 3: LuckyShikari ($100 in chips) 
Seat 4: JoeBlack_MS ($101.50 in chips) 
Seat 5: kalcumite ($131.23 in chips) 
Seat 6: vezis3 ($105.58 in chips) 
Foma1985: posts small blind $0.50
LuckyShikari: posts big blind $1
*** HOLE CARDS ***
JoeBlack_MS: folds 
kalcumite: folds 
vezis3: folds 
Kristo 914: folds 
Foma1985: raises $1.20 to $2.20
LuckyShikari: calls $1.20
*** FLOP *** [8s Qc 2d]
Foma1985: checks 
LuckyShikari: bets $4.18
Foma1985: calls $4.18
*** TURN *** [8s Qc 2d] [Jh]
Foma1985: checks 
LuckyShikari: bets $7.03
Foma1985: calls $7.03
*** RIVER *** [8s Qc 2d Jh] [Ac]
Foma1985: bets $8.41
LuckyShikari: calls $8.41
*** SHOW DOWN ***
Foma1985: shows [4d Qd] (a pair of Queens)
LuckyShikari: shows [Qs Th] (a pair of Queens - Ace+Jack+Ten kicker)
LuckyShikari collected $41.46 from pot
*** SUMMARY ***
Total pot $43.64 | Rake $2.18 
Board [8s Qc 2d Jh Ac]
Seat 1: Kristo 914 (button) folded before Flop (didn't bet)
Seat 2: Foma1985 (small blind) showed [4d Qd] and lost with a pair of Queens
Seat 3: LuckyShikari (big blind) showed [Qs Th] and won ($41.46) with a pair of Queens
Seat 4: JoeBlack_MS folded before Flop (didn't bet)
Seat 5: kalcumite folded before Flop (didn't bet)
Seat 6: vezis3 folded before Flop (didn't bet)



PokerStars Hand #254428181903:  Hold'em No Limit ($0.50/$1.00 USD) - 2025/01/18 7:55:50 WET [2025/01/18 2:55:50 ET]
Table 'Subamara III' 6-max Seat #2 is the button
Seat 1: Kristo 914 ($100 in chips) 
Seat 2: Foma1985 ($98.34 in chips) 
Seat 3: LuckyShikari ($119.64 in chips) 
Seat 4: JoeBlack_MS ($101.50 in chips) 
Seat 5: kalcumite ($131.23 in chips) 
Seat 6: vezis3 ($105.58 in chips) 
LuckyShikari: posts small blind $0.50
JoeBlack_MS: posts big blind $1
*** HOLE CARDS ***
kalcumite: folds 
vezis3: folds 
Kristo 914: folds 
Foma1985: folds 
LuckyShikari: folds 
Uncalled bet ($0.50) returned to JoeBlack_MS
JoeBlack_MS collected $1 from pot
JoeBlack_MS: doesn't show hand 
*** SUMMARY ***
Total pot $1 | Rake $0 
Seat 1: Kristo 914 folded before Flop (didn't bet)
Seat 2: Foma1985 (button) folded before Flop (didn't bet)
Seat 3: LuckyShikari (small blind) folded before Flop
Seat 4: JoeBlack_MS (big blind) collected ($1)
Seat 5: kalcumite folded before Flop (didn't bet)
Seat 6: vezis3 folded before Flop (didn't bet)



PokerStars Hand #254428183316:  Hold'em No Limit ($0.50/$1.00 USD) - 2025/01/18 7:56:08 WET [2025/01/18 2:56:08 ET]
Table 'Subamara III' 6-max Seat #3 is the button
Seat 1: Kristo 914 ($100 in chips) 
Seat 2: Foma1985 ($98.34 in chips) 
Seat 3: LuckyShikari ($119.14 in chips) 
Seat 4: JoeBlack_MS ($102 in chips) 
Seat 5: kalcumite ($131.23 in chips) 
Seat 6: vezis3 ($105.58 in chips) 
JoeBlack_MS: posts small blind $0.50
kalcumite: posts big blind $1
*** HOLE CARDS ***
vezis3: raises $1.40 to $2.40
Kristo 914: folds 
Foma1985: folds 
LuckyShikari: folds 
JoeBlack_MS: folds 
kalcumite: folds 
Uncalled bet ($1.40) returned to vezis3
vezis3 collected $2.50 from pot
vezis3: doesn't show hand 
*** SUMMARY ***
Total pot $2.50 | Rake $0 
Seat 1: Kristo 914 folded before Flop (didn't bet)
Seat 2: Foma1985 folded before Flop (didn't bet)
Seat 3: LuckyShikari (button) folded before Flop (didn't bet)
Seat 4: JoeBlack_MS (small blind) folded before Flop
Seat 5: kalcumite (big blind) folded before Flop
Seat 6: vezis3 collected ($2.50)



PokerStars Hand #254428185577:  Hold'em No Limit ($0.50/$1.00 USD) - 2025/01/18 7:56:39 WET [2025/01/18 2:56:39 ET]
Table 'Subamara III' 6-max Seat #4 is the button
Seat 1: Kristo 914 ($100 in chips) 
Seat 2: Foma1985 ($98.34 in chips) 
Seat 3: LuckyShikari ($119.14 in chips) 
Seat 4: JoeBlack_MS ($101.50 in chips) 
Seat 5: kalcumite ($130.23 in chips) 
Seat 6: vezis3 ($107.08 in chips) 
kalcumite: posts small blind $0.50
vezis3: posts big blind $1
*** HOLE CARDS ***
Kristo 914: folds 
Foma1985: folds 
LuckyShikari: folds 
JoeBlack_MS: folds 
kalcumite: folds 
Uncalled bet ($0.50) returned to vezis3
vezis3 collected $1 from pot
vezis3: doesn't show hand 
*** SUMMARY ***
Total pot $1 | Rake $0 
Seat 1: Kristo 914 folded before Flop (didn't bet)
Seat 2: Foma1985 folded before Flop (didn't bet)
Seat 3: LuckyShikari folded before Flop (didn't bet)
Seat 4: JoeBlack_MS (button) folded before Flop (didn't bet)
Seat 5: kalcumite (small blind) folded before Flop
Seat 6: vezis3 (big blind) collected ($1)



PokerStars Hand #254428187278:  Hold'em No Limit ($0.50/$1.00 USD) - 2025/01/18 7:57:02 WET [2025/01/18 2:57:02 ET]
Table 'Subamara III' 6-max Seat #5 is the button
Seat 1: Kristo 914 ($100 in chips) 
Seat 2: Foma1985 ($98.34 in chips) 
Seat 3: LuckyShikari ($119.14 in chips) 
Seat 4: JoeBlack_MS ($101.50 in chips) 
Seat 5: kalcumite ($129.73 in chips) 
Seat 6: vezis3 ($107.58 in chips) 
vezis3: posts small blind $0.50
Kristo 914: posts big blind $1
*** HOLE CARDS ***
Foma1985: folds 
LuckyShikari: folds 
JoeBlack_MS: raises $1.30 to $2.30
kalcumite: calls $2.30
vezis3: folds 
Kristo 914: folds 
*** FLOP *** [Jc 7h 9s]
JoeBlack_MS: checks 
kalcumite: bets $3
JoeBlack_MS: calls $3
*** TURN *** [Jc 7h 9s] [Ad]
JoeBlack_MS: checks 
kalcumite: checks 
*** RIVER *** [Jc 7h 9s Ad] [8s]
JoeBlack_MS: bets $8.63
kalcumite: folds 
Uncalled bet ($8.63) returned to JoeBlack_MS
JoeBlack_MS collected $11.50 from pot
JoeBlack_MS: doesn't show hand 
*** SUMMARY ***
Total pot $12.10 | Rake $0.60 
Board [Jc 7h 9s Ad 8s]
Seat 1: Kristo 914 (big blind) folded before Flop
Seat 2: Foma1985 folded before Flop (didn't bet)
Seat 3: LuckyShikari folded before Flop (didn't bet)
Seat 4: JoeBlack_MS collected ($11.50)
Seat 5: kalcumite (button) folded on the River
Seat 6: vezis3 (small blind) folded before Flop



PokerStars Hand #254428192004:  Hold'em No Limit ($0.50/$1.00 USD) - 2025/01/18 7:58:06 WET [2025/01/18 2:58:06 ET]
Table 'Subamara III' 6-max Seat #6 is the button
Seat 1: Kristo 914 ($100 in chips) 
Seat 2: Foma1985 ($98.34 in chips) 
Seat 3: LuckyShikari ($119.14 in chips) 
Seat 4: JoeBlack_MS ($107.70 in chips) 
Seat 5: kalcumite ($124.43 in chips) 
Seat 6: vezis3 ($107.08 in chips) 
Kristo 914: posts small blind $0.50
Foma1985: posts big blind $1
*** HOLE CARDS ***
LuckyShikari: folds 
JoeBlack_MS: folds 
kalcumite: folds 
vezis3: raises $1.40 to $2.40
Kristo 914: raises $8.60 to $11
Foma1985: raises $10.50 to $21.50
vezis3: folds 
Kristo 914: folds 
Uncalled bet ($10.50) returned to Foma1985
Foma1985 collected $24.40 from pot
Foma1985: doesn't show hand 
*** SUMMARY ***
Total pot $24.40 | Rake $0 
Seat 1: Kristo 914 (small blind) folded before Flop
Seat 2: Foma1985 (big blind) collected ($24.40)
Seat 3: LuckyShikari folded before Flop (didn't bet)
Seat 4: JoeBlack_MS folded before Flop (didn't bet)
Seat 5: kalcumite folded before Flop (didn't bet)
Seat 6: vezis3 (button) folded before Flop



PokerStars Hand #254428193991:  Hold'em No Limit ($0.50/$1.00 USD) - 2025/01/18 7:58:32 WET [2025/01/18 2:58:32 ET]
Table 'Subamara III' 6-max Seat #1 is the button
Seat 1: Kristo 914 ($100 in chips) 
Seat 2: Foma1985 ($111.74 in chips) 
Seat 3: LuckyShikari ($119.14 in chips) 
Seat 4: JoeBlack_MS ($107.70 in chips) 
Seat 5: kalcumite ($124.43 in chips) 
Seat 6: vezis3 ($104.68 in chips) 
Foma1985: posts small blind $0.50
LuckyShikari: posts big blind $1
*** HOLE CARDS ***
JoeBlack_MS: folds 
kalcumite: raises $2 to $3
vezis3: folds 
Kristo 914: folds 
Foma1985: raises $6 to $9
LuckyShikari: folds 
kalcumite: folds 
Uncalled bet ($6) returned to Foma1985
Foma1985 collected $7 from pot
Foma1985: doesn't show hand 
*** SUMMARY ***
Total pot $7 | Rake $0 
Seat 1: Kristo 914 (button) folded before Flop (didn't bet)
Seat 2: Foma1985 (small blind) collected ($7)
Seat 3: LuckyShikari (big blind) folded before Flop
Seat 4: JoeBlack_MS folded before Flop (didn't bet)
Seat 5: kalcumite folded before Flop
Seat 6: vezis3 folded before Flop (didn't bet)



PokerStars Hand #254428195659:  Hold'em No Limit ($0.50/$1.00 USD) - 2025/01/18 7:58:55 WET [2025/01/18 2:58:55 ET]
Table 'Subamara III' 6-max Seat #2 is the button
Seat 1: Kristo 914 ($100 in chips) 
Seat 2: Foma1985 ($115.74 in chips) 
Seat 3: LuckyShikari ($118.14 in chips) 
Seat 4: JoeBlack_MS ($107.70 in chips) 
Seat 5: kalcumite ($121.43 in chips) 
Seat 6: vezis3 ($104.68 in chips) 
LuckyShikari: posts small blind $0.50
JoeBlack_MS: posts big blind $1
*** HOLE CARDS ***
kalcumite: folds 
vezis3: folds 
Kristo 914: folds 
Foma1985: raises $1.20 to $2.20
LuckyShikari: raises $8.80 to $11
JoeBlack_MS: folds 
Foma1985: folds 
Uncalled bet ($8.80) returned to LuckyShikari
LuckyShikari collected $5.40 from pot
LuckyShikari: doesn't show hand 
*** SUMMARY ***
Total pot $5.40 | Rake $0 
Seat 1: Kristo 914 folded before Flop (didn't bet)
Seat 2: Foma1985 (button) folded before Flop
Seat 3: LuckyShikari (small blind) collected ($5.40)
Seat 4: JoeBlack_MS (big blind) folded before Flop
Seat 5: kalcumite folded before Flop (didn't bet)
Seat 6: vezis3 folded before Flop (didn't bet)



PokerStars Hand #254428196998:  Hold'em No Limit ($0.50/$1.00 USD) - 2025/01/18 7:59:13 WET [2025/01/18 2:59:13 ET]
Table 'Subamara III' 6-max Seat #3 is the button
Seat 1: Kristo 914 ($100 in chips) 
Seat 2: Foma1985 ($113.54 in chips) 
Seat 3: LuckyShikari ($121.34 in chips) 
Seat 4: JoeBlack_MS ($106.70 in chips) 
Seat 5: kalcumite ($121.43 in chips) 
Seat 6: vezis3 ($104.68 in chips) 
JoeBlack_MS: posts small blind $0.50
kalcumite: posts big blind $1
*** HOLE CARDS ***
vezis3: folds 
Kristo 914: folds 
Foma1985: raises $1.50 to $2.50
LuckyShikari: folds 
JoeBlack_MS: folds 
kalcumite: folds 
Uncalled bet ($1.50) returned to Foma1985
Foma1985 collected $2.50 from pot
Foma1985: doesn't show hand 
*** SUMMARY ***
Total pot $2.50 | Rake $0 
Seat 1: Kristo 914 folded before Flop (didn't bet)
Seat 2: Foma1985 collected ($2.50)
Seat 3: LuckyShikari (button) folded before Flop (didn't bet)
Seat 4: JoeBlack_MS (small blind) folded before Flop
Seat 5: kalcumite (big blind) folded before Flop
Seat 6: vezis3 folded before Flop (didn't bet)



PokerStars Hand #254428197824:  Hold'em No Limit ($0.50/$1.00 USD) - 2025/01/18 7:59:24 WET [2025/01/18 2:59:24 ET]
Table 'Subamara III' 6-max Seat #4 is the button
Seat 1: Kristo 914 ($100 in chips) 
Seat 2: Foma1985 ($115.04 in chips) 
Seat 3: LuckyShikari ($121.34 in chips) 
Seat 4: JoeBlack_MS ($106.20 in chips) 
Seat 5: kalcumite ($120.43 in chips) 
Seat 6: vezis3 ($104.68 in chips) 
kalcumite: posts small blind $0.50
vezis3: posts big blind $1
*** HOLE CARDS ***
Kristo 914: folds 
Foma1985: raises $1.50 to $2.50
LuckyShikari: calls $2.50
JoeBlack_MS: folds 
kalcumite: folds 
vezis3: folds 
*** FLOP *** [5c Js 2d]
Foma1985: checks 
LuckyShikari: bets $2.04
Foma1985: folds 
Uncalled bet ($2.04) returned to LuckyShikari
LuckyShikari collected $6.18 from pot
LuckyShikari: doesn't show hand 
*** SUMMARY ***
Total pot $6.50 | Rake $0.32 
Board [5c Js 2d]
Seat 1: Kristo 914 folded before Flop (didn't bet)
Seat 2: Foma1985 folded on the Flop
Seat 3: LuckyShikari collected ($6.18)
Seat 4: JoeBlack_MS (button) folded before Flop (didn't bet)
Seat 5: kalcumite (small blind) folded before Flop
Seat 6: vezis3 (big blind) folded before Flop



PokerStars Hand #254428201125:  Hold'em No Limit ($0.50/$1.00 USD) - 2025/01/18 8:00:10 WET [2025/01/18 3:00:10 ET]
Table 'Subamara III' 6-max Seat #5 is the button
Seat 1: Kristo 914 ($100 in chips) 
Seat 2: Foma1985 ($112.54 in chips) 
Seat 3: LuckyShikari ($125.02 in chips) 
Seat 4: JoeBlack_MS ($106.20 in chips) 
Seat 5: kalcumite ($119.93 in chips) 
Seat 6: vezis3 ($103.68 in chips) 
vezis3: posts small blind $0.50
Kristo 914: posts big blind $1
*** HOLE CARDS ***
Foma1985: raises $1.50 to $2.50
LuckyShikari: folds 
JoeBlack_MS: raises $5 to $7.50
kalcumite: folds 
vezis3: folds 
Kristo 914: folds 
Foma1985: calls $5
*** FLOP *** [3c Ks 5d]
Foma1985: checks 
JoeBlack_MS: bets $4.70
Foma1985: calls $4.70
*** TURN *** [3c Ks 5d] [9s]
Foma1985: checks 
JoeBlack_MS: checks 
*** RIVER *** [3c Ks 5d 9s] [7d]
Foma1985: bets $8.12
JoeBlack_MS: folds 
Uncalled bet ($8.12) returned to Foma1985
Foma1985 collected $24.60 from pot
Foma1985: doesn't show hand 
*** SUMMARY ***
Total pot $25.90 | Rake $1.30 
Board [3c Ks 5d 9s 7d]
Seat 1: Kristo 914 (big blind) folded before Flop
Seat 2: Foma1985 collected ($24.60)
Seat 3: LuckyShikari folded before Flop (didn't bet)
Seat 4: JoeBlack_MS folded on the River
Seat 5: kalcumite (button) folded before Flop (didn't bet)
Seat 6: vezis3 (small blind) folded before Flop



PokerStars Hand #254428207492:  Hold'em No Limit ($0.50/$1.00 USD) - 2025/01/18 8:01:29 WET [2025/01/18 3:01:29 ET]
Table 'Subamara III' 6-max Seat #6 is the button
Seat 1: Kristo 914 ($100 in chips) 
Seat 2: Foma1985 ($124.94 in chips) 
Seat 3: LuckyShikari ($125.02 in chips) 
Seat 4: JoeBlack_MS ($100 in chips) 
Seat 5: kalcumite ($119.93 in chips) 
Seat 6: vezis3 ($103.18 in chips) 
Kristo 914: posts small blind $0.50
Foma1985: posts big blind $1
*** HOLE CARDS ***
LuckyShikari: raises $1.25 to $2.25
JoeBlack_MS: raises $5.25 to $7.50
kalcumite: folds 
vezis3: folds 
Kristo 914: folds 
Foma1985: folds 
LuckyShikari: calls $5.25
*** FLOP *** [Td Ts 4d]
LuckyShikari: bets $5.17
JoeBlack_MS: calls $5.17
*** TURN *** [Td Ts 4d] [As]
LuckyShikari: bets $25.50
JoeBlack_MS: folds 
Uncalled bet ($25.50) returned to LuckyShikari
LuckyShikari collected $25.50 from pot
LuckyShikari: doesn't show hand 
*** SUMMARY ***
Total pot $26.84 | Rake $1.34 
Board [Td Ts 4d As]
Seat 1: Kristo 914 (small blind) folded before Flop
Seat 2: Foma1985 (big blind) folded before Flop
Seat 3: LuckyShikari collected ($25.50)
Seat 4: JoeBlack_MS folded on the Turn
Seat 5: kalcumite folded before Flop (didn't bet)
Seat 6: vezis3 (button) folded before Flop (didn't bet)



PokerStars Hand #254428215040:  Hold'em No Limit ($0.50/$1.00 USD) - 2025/01/18 8:03:01 WET [2025/01/18 3:03:01 ET]
Table 'Subamara III' 6-max Seat #1 is the button
Seat 1: Kristo 914 ($100 in chips) 
Seat 2: Foma1985 ($123.94 in chips) 
Seat 3: LuckyShikari ($137.85 in chips) 
Seat 4: JoeBlack_MS ($100 in chips) 
Seat 5: kalcumite ($119.93 in chips) 
Seat 6: vezis3 ($103.18 in chips) 
Foma1985: posts small blind $0.50
LuckyShikari: posts big blind $1
*** HOLE CARDS ***
JoeBlack_MS: folds 
kalcumite: folds 
vezis3: folds 
Kristo 914: folds 
Foma1985: folds 
Uncalled bet ($0.50) returned to LuckyShikari
LuckyShikari collected $1 from pot
LuckyShikari: doesn't show hand 
*** SUMMARY ***
Total pot $1 | Rake $0 
Seat 1: Kristo 914 (button) folded before Flop (didn't bet)
Seat 2: Foma1985 (small blind) folded before Flop
Seat 3: LuckyShikari (big blind) collected ($1)
Seat 4: JoeBlack_MS folded before Flop (didn't bet)
Seat 5: kalcumite folded before Flop (didn't bet)
Seat 6: vezis3 folded before Flop (didn't bet)



PokerStars Hand #254428216669:  Hold'em No Limit ($0.50/$1.00 USD) - 2025/01/18 8:03:21 WET [2025/01/18 3:03:21 ET]
Table 'Subamara III' 6-max Seat #2 is the button
Seat 1: Kristo 914 ($100 in chips) 
Seat 2: Foma1985 ($123.44 in chips) 
Seat 3: LuckyShikari ($138.35 in chips) 
Seat 4: JoeBlack_MS ($100 in chips) 
Seat 5: kalcumite ($119.93 in chips) 
Seat 6: vezis3 ($103.18 in chips) 
LuckyShikari: posts small blind $0.50
JoeBlack_MS: posts big blind $1
*** HOLE CARDS ***
kalcumite: raises $2 to $3
vezis3: folds 
Kristo 914: folds 
Foma1985: folds 
LuckyShikari: folds 
JoeBlack_MS: folds 
Uncalled bet ($2) returned to kalcumite
kalcumite collected $2.50 from pot
*** SUMMARY ***
Total pot $2.50 | Rake $0 
Seat 1: Kristo 914 folded before Flop (didn't bet)
Seat 2: Foma1985 (button) folded before Flop (didn't bet)
Seat 3: LuckyShikari (small blind) folded before Flop
Seat 4: JoeBlack_MS (big blind) folded before Flop
Seat 5: kalcumite collected ($2.50)
Seat 6: vezis3 folded before Flop (didn't bet)



PokerStars Hand #254428218707:  Hold'em No Limit ($0.50/$1.00 USD) - 2025/01/18 8:03:45 WET [2025/01/18 3:03:45 ET]
Table 'Subamara III' 6-max Seat #3 is the button
Seat 1: Kristo 914 ($100 in chips) 
Seat 2: Foma1985 ($123.44 in chips) 
Seat 3: LuckyShikari ($137.85 in chips) 
Seat 4: JoeBlack_MS ($100 in chips) 
Seat 5: kalcumite ($121.43 in chips) 
Seat 6: vezis3 ($103.18 in chips) 
JoeBlack_MS: posts small blind $0.50
kalcumite: posts big blind $1
*** HOLE CARDS ***
vezis3: folds 
Kristo 914: raises $1.40 to $2.40
Foma1985: folds 
LuckyShikari: folds 
JoeBlack_MS: folds 
kalcumite: folds 
Uncalled bet ($1.40) returned to Kristo 914
Kristo 914 collected $2.50 from pot
Kristo 914: doesn't show hand 
*** SUMMARY ***
Total pot $2.50 | Rake $0 
Seat 1: Kristo 914 collected ($2.50)
Seat 2: Foma1985 folded before Flop (didn't bet)
Seat 3: LuckyShikari (button) folded before Flop (didn't bet)
Seat 4: JoeBlack_MS (small blind) folded before Flop
Seat 5: kalcumite (big blind) folded before Flop
Seat 6: vezis3 folded before Flop (didn't bet)



PokerStars Hand #254428220992:  Hold'em No Limit ($0.50/$1.00 USD) - 2025/01/18 8:04:13 WET [2025/01/18 3:04:13 ET]
Table 'Subamara III' 6-max Seat #4 is the button
Seat 1: Kristo 914 ($101.50 in chips) 
Seat 2: Foma1985 ($123.44 in chips) 
Seat 3: LuckyShikari ($137.85 in chips) 
Seat 4: JoeBlack_MS ($100 in chips) 
Seat 5: kalcumite ($120.43 in chips) 
Seat 6: vezis3 ($103.18 in chips) 
kalcumite: posts small blind $0.50
vezis3: posts big blind $1
*** HOLE CARDS ***
Kristo 914: raises $1.40 to $2.40
Foma1985: folds 
LuckyShikari: folds 
JoeBlack_MS: folds 
kalcumite: folds 
vezis3: calls $1.40
*** FLOP *** [5s 6d Js]
vezis3: checks 
Kristo 914: checks 
*** TURN *** [5s 6d Js] [7s]
vezis3: bets $1.66
Kristo 914: calls $1.66
*** RIVER *** [5s 6d Js 7s] [Th]
vezis3: checks 
Kristo 914: bets $6.22
vezis3: calls $6.22
*** SHOW DOWN ***
Kristo 914: shows [Jh Kh] (a pair of Jacks)
vezis3: mucks hand 
Kristo 914 collected $20.01 from pot
*** SUMMARY ***
Total pot $21.06 | Rake $1.05 
Board [5s 6d Js 7s Th]
Seat 1: Kristo 914 showed [Jh Kh] and won ($20.01) with a pair of Jacks
Seat 2: Foma1985 folded before Flop (didn't bet)
Seat 3: LuckyShikari folded before Flop (didn't bet)
Seat 4: JoeBlack_MS (button) folded before Flop (didn't bet)
Seat 5: kalcumite (small blind) folded before Flop
Seat 6: vezis3 (big blind) mucked



PokerStars Hand #254428225373:  Hold'em No Limit ($0.50/$1.00 USD) - 2025/01/18 8:05:06 WET [2025/01/18 3:05:06 ET]
Table 'Subamara III' 6-max Seat #5 is the button
Seat 1: Kristo 914 ($111.23 in chips) 
Seat 2: Foma1985 ($123.44 in chips) 
Seat 3: LuckyShikari ($137.85 in chips) 
Seat 4: JoeBlack_MS ($100 in chips) 
Seat 5: kalcumite ($119.93 in chips) 
Seat 6: vezis3 ($100 in chips) 
vezis3: posts small blind $0.50
Kristo 914: posts big blind $1
*** HOLE CARDS ***
Foma1985: folds 
LuckyShikari: folds 
JoeBlack_MS: raises $1.30 to $2.30
kalcumite: calls $2.30
vezis3: folds 
Kristo 914: calls $1.30
*** FLOP *** [Ac As Td]
Kristo 914: checks 
JoeBlack_MS: checks 
kalcumite: checks 
*** TURN *** [Ac As Td] [Qc]
Kristo 914: checks 
JoeBlack_MS: checks 
kalcumite: checks 
*** RIVER *** [Ac As Td Qc] [3d]
Kristo 914: bets $2.31
JoeBlack_MS: folds 
kalcumite: folds 
Uncalled bet ($2.31) returned to Kristo 914
Kristo 914 collected $7.03 from pot
Kristo 914: doesn't show hand 
*** SUMMARY ***
Total pot $7.40 | Rake $0.37 
Board [Ac As Td Qc 3d]
Seat 1: Kristo 914 (big blind) collected ($7.03)
Seat 2: Foma1985 folded before Flop (didn't bet)
Seat 3: LuckyShikari folded before Flop (didn't bet)
Seat 4: JoeBlack_MS folded on the River
Seat 5: kalcumite (button) folded on the River
Seat 6: vezis3 (small blind) folded before Flop



PokerStars Hand #254428231983:  Hold'em No Limit ($0.50/$1.00 USD) - 2025/01/18 8:06:27 WET [2025/01/18 3:06:27 ET]
Table 'Subamara III' 6-max Seat #6 is the button
Seat 2: Foma1985 ($123.44 in chips) is sitting out
Seat 1: Kristo 914 ($115.96 in chips) 
Seat 3: LuckyShikari ($137.85 in chips) 
Seat 4: JoeBlack_MS ($100 in chips) 
Seat 5: kalcumite ($117.63 in chips) 
Seat 6: vezis3 ($100 in chips) 
Kristo 914: posts small blind $0.50
Foma1985: is sitting out 
LuckyShikari: posts big blind $1
*** HOLE CARDS ***
JoeBlack_MS: folds 
kalcumite: folds 
vezis3: raises $1.40 to $2.40
Kristo 914: raises $8.60 to $11
LuckyShikari: folds 
vezis3: folds 
Uncalled bet ($8.60) returned to Kristo 914
Kristo 914 collected $5.80 from pot
Kristo 914: doesn't show hand 
Foma1985 leaves the table
*** SUMMARY ***
Total pot $5.80 | Rake $0 
Seat 2: Foma1985
Seat 1: Kristo 914 (small blind) collected ($5.80)
Seat 3: LuckyShikari (big blind) folded before Flop
Seat 4: JoeBlack_MS folded before Flop (didn't bet)
Seat 5: kalcumite folded before Flop (didn't bet)
Seat 6: vezis3 (button) folded before Flop



PokerStars Hand #254428234718:  Hold'em No Limit ($0.50/$1.00 USD) - 2025/01/18 8:07:00 WET [2025/01/18 3:07:00 ET]
Table 'Subamara III' 6-max Seat #1 is the button
Seat 4: JoeBlack_MS ($100 in chips) is sitting out
Seat 1: Kristo 914 ($119.36 in chips) 
Seat 3: LuckyShikari ($136.85 in chips) 
Seat 5: kalcumite ($117.63 in chips) 
Seat 6: vezis3 ($100 in chips) 
LuckyShikari: posts small blind $0.50
JoeBlack_MS: is sitting out 
kalcumite: posts big blind $1
*** HOLE CARDS ***
JoeBlack_MS leaves the table
vezis3: folds 
Kristo 914: folds 
LuckyShikari: folds 
Uncalled bet ($0.50) returned to kalcumite
kalcumite collected $1 from pot
*** SUMMARY ***
Total pot $1 | Rake $0 
Seat 4: JoeBlack_MS
Seat 1: Kristo 914 (button) folded before Flop (didn't bet)
Seat 3: LuckyShikari (small blind) folded before Flop
Seat 5: kalcumite (big blind) collected ($1)
Seat 6: vezis3 folded before Flop (didn't bet)



PokerStars Hand #254428237239:  Hold'em No Limit ($0.50/$1.00 USD) - 2025/01/18 8:07:30 WET [2025/01/18 3:07:30 ET]
Table 'Subamara III' 6-max Seat #3 is the button
Seat 1: Kristo 914 ($119.36 in chips) 
Seat 3: LuckyShikari ($136.35 in chips) 
Seat 5: kalcumite ($118.13 in chips) 
Seat 6: vezis3 ($100 in chips) 
kalcumite: posts small blind $0.50
vezis3: posts big blind $1
*** HOLE CARDS ***
Kristo 914: folds 
LuckyShikari: raises $2.50 to $3.50
kalcumite: folds 
vezis3: folds 
Uncalled bet ($2.50) returned to LuckyShikari
LuckyShikari collected $2.50 from pot
LuckyShikari: doesn't show hand 
*** SUMMARY ***
Total pot $2.50 | Rake $0 
Seat 1: Kristo 914 folded before Flop (didn't bet)
Seat 3: LuckyShikari (button) collected ($2.50)
Seat 5: kalcumite (small blind) folded before Flop
Seat 6: vezis3 (big blind) folded before Flop



PokerStars Hand #254428238257:  Hold'em No Limit ($0.50/$1.00 USD) - 2025/01/18 8:07:42 WET [2025/01/18 3:07:42 ET]
Table 'Subamara III' 6-max Seat #5 is the button
Seat 1: Kristo 914 ($119.36 in chips) 
Seat 3: LuckyShikari ($137.85 in chips) 
Seat 5: kalcumite ($117.63 in chips) 
Seat 6: vezis3 ($100 in chips) 
vezis3: posts small blind $0.50
Kristo 914: posts big blind $1
*** HOLE CARDS ***
LuckyShikari: raises $1.50 to $2.50
kalcumite: folds 
vezis3: folds 
Kristo 914: folds 
Uncalled bet ($1.50) returned to LuckyShikari
LuckyShikari collected $2.50 from pot
LuckyShikari: doesn't show hand 
*** SUMMARY ***
Total pot $2.50 | Rake $0 
Seat 1: Kristo 914 (big blind) folded before Flop
Seat 3: LuckyShikari collected ($2.50)
Seat 5: kalcumite (button) folded before Flop (didn't bet)
Seat 6: vezis3 (small blind) folded before Flop



PokerStars Hand #254428240195:  Hold'em No Limit ($0.50/$1.00 USD) - 2025/01/18 8:08:06 WET [2025/01/18 3:08:06 ET]
Table 'Subamara III' 6-max Seat #6 is the button
Seat 1: Kristo 914 ($118.36 in chips) 
Seat 3: LuckyShikari ($139.35 in chips) 
Seat 5: kalcumite ($117.63 in chips) 
Seat 6: vezis3 ($100 in chips) 
Kristo 914: posts small blind $0.50
LuckyShikari: posts big blind $1
*** HOLE CARDS ***
kalcumite: raises $2 to $3
vezis3: folds 
Kristo 914: folds 
LuckyShikari: folds 
Uncalled bet ($2) returned to kalcumite
kalcumite collected $2.50 from pot
*** SUMMARY ***
Total pot $2.50 | Rake $0 
Seat 1: Kristo 914 (small blind) folded before Flop
Seat 3: LuckyShikari (big blind) folded before Flop
Seat 5: kalcumite collected ($2.50)
Seat 6: vezis3 (button) folded before Flop (didn't bet)



PokerStars Hand #254428242261:  Hold'em No Limit ($0.50/$1.00 USD) - 2025/01/18 8:08:30 WET [2025/01/18 3:08:30 ET]
Table 'Subamara III' 6-max Seat #1 is the button
Seat 1: Kristo 914 ($117.86 in chips) 
Seat 3: LuckyShikari ($138.35 in chips) 
Seat 5: kalcumite ($119.13 in chips) 
Seat 6: vezis3 ($100 in chips) 
LuckyShikari: posts small blind $0.50
kalcumite: posts big blind $1
*** HOLE CARDS ***
vezis3: folds 
Kristo 914: folds 
vezis3 leaves the table
LuckyShikari: raises $2 to $3
kalcumite: calls $2
*** FLOP *** [8h 9d Tc]
LuckyShikari: checks 
kalcumite: bets $3
LuckyShikari: folds 
Uncalled bet ($3) returned to kalcumite
kalcumite collected $5.70 from pot
*** SUMMARY ***
Total pot $6 | Rake $0.30 
Board [8h 9d Tc]
Seat 1: Kristo 914 (button) folded before Flop (didn't bet)
Seat 3: LuckyShikari (small blind) folded on the Flop
Seat 5: kalcumite (big blind) collected ($5.70)
Seat 6: vezis3 folded before Flop (didn't bet)



PokerStars Hand #254428244050:  Hold'em No Limit ($0.50/$1.00 USD) - 2025/01/18 8:08:52 WET [2025/01/18 3:08:52 ET]
Table 'Subamara III' 6-max Seat #3 is the button
Seat 1: Kristo 914 ($117.86 in chips) 
Seat 3: LuckyShikari ($135.35 in chips) 
Seat 5: kalcumite ($121.83 in chips) 
kalcumite: posts small blind $0.50
Kristo 914: posts big blind $1
*** HOLE CARDS ***
LuckyShikari: raises $1.50 to $2.50
kalcumite: calls $2
Kristo 914: folds 
*** FLOP *** [8h Ah 8s]
kalcumite: checks 
LuckyShikari: bets $1.37
kalcumite: folds 
Uncalled bet ($1.37) returned to LuckyShikari
LuckyShikari collected $5.70 from pot
LuckyShikari: doesn't show hand 
*** SUMMARY ***
Total pot $6 | Rake $0.30 
Board [8h Ah 8s]
Seat 1: Kristo 914 (big blind) folded before Flop
Seat 3: LuckyShikari (button) collected ($5.70)
Seat 5: kalcumite (small blind) folded on the Flop



PokerStars Hand #254428245837:  Hold'em No Limit ($0.50/$1.00 USD) - 2025/01/18 8:09:13 WET [2025/01/18 3:09:13 ET]
Table 'Subamara III' 6-max Seat #5 is the button
Seat 1: Kristo 914 ($116.86 in chips) 
Seat 3: LuckyShikari ($138.55 in chips) 
Seat 5: kalcumite ($119.33 in chips) 
Kristo 914: posts small blind $0.50
LuckyShikari: posts big blind $1
*** HOLE CARDS ***
kalcumite: folds 
Kristo 914: folds 
Uncalled bet ($0.50) returned to LuckyShikari
LuckyShikari collected $1 from pot
LuckyShikari: doesn't show hand 
*** SUMMARY ***
Total pot $1 | Rake $0 
Seat 1: Kristo 914 (small blind) folded before Flop
Seat 3: LuckyShikari (big blind) collected ($1)
Seat 5: kalcumite (button) folded before Flop (didn't bet)



PokerStars Hand #254428246851:  Hold'em No Limit ($0.50/$1.00 USD) - 2025/01/18 8:09:25 WET [2025/01/18 3:09:25 ET]
Table 'Subamara III' 6-max Seat #3 is the button
Seat 5: kalcumite ($119.33 in chips) is sitting out
Seat 1: Kristo 914 ($116.36 in chips) 
Seat 3: LuckyShikari ($139.05 in chips) 
LuckyShikari: posts small blind $0.50
kalcumite: is sitting out 
Kristo 914: posts big blind $1
*** HOLE CARDS ***
LuckyShikari: folds 
Uncalled bet ($0.50) returned to Kristo 914
Kristo 914 collected $1 from pot
Kristo 914: doesn't show hand 
*** SUMMARY ***
Total pot $1 | Rake $0 
Seat 5: kalcumite
Seat 1: Kristo 914 (big blind) collected ($1)
Seat 3: LuckyShikari (button) (small blind) folded before Flop



PokerStars Hand #254428247474:  Hold'em No Limit ($0.50/$1.00 USD) - 2025/01/18 8:09:32 WET [2025/01/18 3:09:32 ET]
Table 'Subamara III' 6-max Seat #1 is the button
Seat 5: kalcumite ($119.33 in chips) is sitting out
Seat 1: Kristo 914 ($116.86 in chips) 
Seat 3: LuckyShikari ($138.55 in chips) 
Kristo 914: posts small blind $0.50
LuckyShikari: posts big blind $1
*** HOLE CARDS ***
Kristo 914: folds 
Uncalled bet ($0.50) returned to LuckyShikari
LuckyShikari collected $1 from pot
LuckyShikari: doesn't show hand 
Kristo 914 leaves the table
*** SUMMARY ***
Total pot $1 | Rake $0 
Seat 5: kalcumite
Seat 1: Kristo 914 (button) (small blind) folded before Flop
Seat 3: LuckyShikari (big blind) collected ($1)



