PokerStars Hand #254434157141:  Hold'em No Limit ($0.50/$1.00 USD) - 2025/01/18 17:50:46 WET [2025/01/18 12:50:46 ET]
Table 'Tercidina III' 6-max Seat #4 is the button
Seat 1: elcutez ($91.30 in chips) is sitting out
Seat 2: vezis3 ($100 in chips) 
Seat 3: 41ElCapo02 ($27.93 in chips) 
Seat 4: Evelexy1 ($100 in chips) 
Seat 5: MAO_DZEDYN_S ($100 in chips) 
Seat 6: PhoenixAssassin ($100 in chips) 
MAO_DZEDYN_S: posts small blind $0.50
PhoenixAssassin: posts big blind $1
*** HOLE CARDS ***
vezis3: folds 
41ElCapo02: calls $1
Evelexy1: folds 
MAO_DZEDYN_S: folds 
PhoenixAssassin: checks 
*** FLOP *** [Ad Jd 5c]
PhoenixAssassin: checks 
41ElCapo02: checks 
*** TURN *** [Ad Jd 5c] [8c]
PhoenixAssassin: checks 
elcutez is disconnected 
41ElCapo02: checks 
*** RIVER *** [Ad Jd 5c 8c] [6c]
PhoenixAssassin: checks 
41ElCapo02: bets $1
PhoenixAssassin: folds 
Uncalled bet ($1) returned to 41ElCapo02
41ElCapo02 collected $2.38 from pot
*** SUMMARY ***
Total pot $2.50 | Rake $0.12 
Board [Ad Jd 5c 8c 6c]
Seat 1: elcutez
Seat 2: vezis3 folded before Flop (didn't bet)
Seat 3: 41ElCapo02 collected ($2.38)
Seat 4: Evelexy1 (button) folded before Flop (didn't bet)
Seat 5: MAO_DZEDYN_S (small blind) folded before Flop
Seat 6: PhoenixAssassin (big blind) folded on the River



PokerStars Hand #254434176696:  Hold'em No Limit ($0.50/$1.00 USD) - 2025/01/18 17:52:00 WET [2025/01/18 12:52:00 ET]
Table 'Tercidina III' 6-max Seat #5 is the button
Seat 1: elcutez ($91.30 in chips) is sitting out
Seat 2: vezis3 ($100 in chips) 
Seat 3: 41ElCapo02 ($29.31 in chips) 
Seat 4: Evelexy1 ($100 in chips) 
Seat 5: MAO_DZEDYN_S ($100 in chips) 
Seat 6: PhoenixAssassin ($100 in chips) 
PhoenixAssassin: posts small blind $0.50
vezis3: posts big blind $1
*** HOLE CARDS ***
41ElCapo02: calls $1
Evelexy1: folds 
MAO_DZEDYN_S: folds 
PhoenixAssassin: folds 
vezis3: checks 
*** FLOP *** [4c 2c 5c]
vezis3: checks 
41ElCapo02: checks 
*** TURN *** [4c 2c 5c] [Ac]
vezis3: checks 
41ElCapo02: checks 
*** RIVER *** [4c 2c 5c Ac] [Js]
vezis3: bets $1
41ElCapo02: folds 
Uncalled bet ($1) returned to vezis3
vezis3 collected $2.38 from pot
vezis3: doesn't show hand 
*** SUMMARY ***
Total pot $2.50 | Rake $0.12 
Board [4c 2c 5c Ac Js]
Seat 1: elcutez
Seat 2: vezis3 (big blind) collected ($2.38)
Seat 3: 41ElCapo02 folded on the River
Seat 4: Evelexy1 folded before Flop (didn't bet)
Seat 5: MAO_DZEDYN_S (button) folded before Flop (didn't bet)
Seat 6: PhoenixAssassin (small blind) folded before Flop



PokerStars Hand #254434184841:  Hold'em No Limit ($0.50/$1.00 USD) - 2025/01/18 17:52:30 WET [2025/01/18 12:52:30 ET]
Table 'Tercidina III' 6-max Seat #6 is the button
Seat 1: elcutez ($91.30 in chips) is sitting out
Seat 2: vezis3 ($101.38 in chips) 
Seat 3: 41ElCapo02 ($28.31 in chips) 
Seat 4: Evelexy1 ($100 in chips) 
Seat 5: MAO_DZEDYN_S ($100 in chips) 
Seat 6: PhoenixAssassin ($100 in chips) 
vezis3: posts small blind $0.50
41ElCapo02: posts big blind $1
*** HOLE CARDS ***
Evelexy1: folds 
MAO_DZEDYN_S: raises $1.25 to $2.25
PhoenixAssassin: folds 
vezis3: folds 
41ElCapo02: calls $1.25
*** FLOP *** [Ah 6h 4d]
41ElCapo02: checks 
MAO_DZEDYN_S: checks 
*** TURN *** [Ah 6h 4d] [Qd]
41ElCapo02: checks 
MAO_DZEDYN_S: bets $3.56
41ElCapo02: folds 
Uncalled bet ($3.56) returned to MAO_DZEDYN_S
MAO_DZEDYN_S collected $4.75 from pot
MAO_DZEDYN_S: doesn't show hand 
*** SUMMARY ***
Total pot $5 | Rake $0.25 
Board [Ah 6h 4d Qd]
Seat 1: elcutez
Seat 2: vezis3 (small blind) folded before Flop
Seat 3: 41ElCapo02 (big blind) folded on the Turn
Seat 4: Evelexy1 folded before Flop (didn't bet)
Seat 5: MAO_DZEDYN_S collected ($4.75)
Seat 6: PhoenixAssassin (button) folded before Flop (didn't bet)



PokerStars Hand #254434198761:  Hold'em No Limit ($0.50/$1.00 USD) - 2025/01/18 17:53:23 WET [2025/01/18 12:53:23 ET]
Table 'Tercidina III' 6-max Seat #2 is the button
Seat 1: elcutez ($91.30 in chips) 
Seat 2: vezis3 ($100.88 in chips) 
Seat 3: 41ElCapo02 ($26.06 in chips) 
Seat 4: Evelexy1 ($100 in chips) 
Seat 5: MAO_DZEDYN_S ($102.50 in chips) 
Seat 6: PhoenixAssassin ($100 in chips) 
41ElCapo02: posts small blind $0.50
Evelexy1: posts big blind $1
elcutez: posts small & big blinds $1.50
*** HOLE CARDS ***
MAO_DZEDYN_S: folds 
PhoenixAssassin: folds 
elcutez: checks 
vezis3: raises $3 to $4
41ElCapo02: folds 
Evelexy1: calls $3
elcutez: folds 
*** FLOP *** [Jh 2c Kh]
Evelexy1: checks 
vezis3: bets $6
Evelexy1: calls $6
*** TURN *** [Jh 2c Kh] [Qh]
Evelexy1: checks 
vezis3: bets $16.09
Evelexy1: calls $16.09
*** RIVER *** [Jh 2c Kh Qh] [Qd]
Evelexy1: checks 
vezis3: bets $74.79 and is all-in
Evelexy1: folds 
Uncalled bet ($74.79) returned to vezis3
vezis3 collected $51.68 from pot
vezis3: doesn't show hand 
*** SUMMARY ***
Total pot $54.18 | Rake $2.50 
Board [Jh 2c Kh Qh Qd]
Seat 1: elcutez folded before Flop (didn't bet)
Seat 2: vezis3 (button) collected ($51.68)
Seat 3: 41ElCapo02 (small blind) folded before Flop
Seat 4: Evelexy1 (big blind) folded on the River
Seat 5: MAO_DZEDYN_S folded before Flop (didn't bet)
Seat 6: PhoenixAssassin folded before Flop (didn't bet)



PokerStars Hand #254434212749:  Hold'em No Limit ($0.50/$1.00 USD) - 2025/01/18 17:54:16 WET [2025/01/18 12:54:16 ET]
Table 'Tercidina III' 6-max Seat #3 is the button
Seat 1: elcutez ($89.80 in chips) 
Seat 2: vezis3 ($126.47 in chips) 
Seat 3: 41ElCapo02 ($25.56 in chips) 
Seat 4: Evelexy1 ($100 in chips) 
Seat 5: MAO_DZEDYN_S ($102.50 in chips) 
Seat 6: PhoenixAssassin ($100 in chips) 
Evelexy1: posts small blind $0.50
MAO_DZEDYN_S: posts big blind $1
*** HOLE CARDS ***
PhoenixAssassin: folds 
elcutez: folds 
vezis3: folds 
41ElCapo02: folds 
Evelexy1: raises $1.50 to $2.50
MAO_DZEDYN_S: folds 
Uncalled bet ($1.50) returned to Evelexy1
Evelexy1 collected $2 from pot
Evelexy1: doesn't show hand 
*** SUMMARY ***
Total pot $2 | Rake $0 
Seat 1: elcutez folded before Flop (didn't bet)
Seat 2: vezis3 folded before Flop (didn't bet)
Seat 3: 41ElCapo02 (button) folded before Flop (didn't bet)
Seat 4: Evelexy1 (small blind) collected ($2)
Seat 5: MAO_DZEDYN_S (big blind) folded before Flop
Seat 6: PhoenixAssassin folded before Flop (didn't bet)



PokerStars Hand #254434217911:  Hold'em No Limit ($0.50/$1.00 USD) - 2025/01/18 17:54:35 WET [2025/01/18 12:54:35 ET]
Table 'Tercidina III' 6-max Seat #4 is the button
Seat 1: elcutez ($89.80 in chips) 
Seat 2: vezis3 ($126.47 in chips) 
Seat 3: 41ElCapo02 ($25.56 in chips) 
Seat 4: Evelexy1 ($101 in chips) 
Seat 5: MAO_DZEDYN_S ($101.50 in chips) 
Seat 6: PhoenixAssassin ($100 in chips) 
MAO_DZEDYN_S: posts small blind $0.50
PhoenixAssassin: posts big blind $1
*** HOLE CARDS ***
elcutez: folds 
vezis3: folds 
41ElCapo02: folds 
Evelexy1: folds 
MAO_DZEDYN_S: folds 
Uncalled bet ($0.50) returned to PhoenixAssassin
PhoenixAssassin collected $1 from pot
PhoenixAssassin: doesn't show hand 
*** SUMMARY ***
Total pot $1 | Rake $0 
Seat 1: elcutez folded before Flop (didn't bet)
Seat 2: vezis3 folded before Flop (didn't bet)
Seat 3: 41ElCapo02 folded before Flop (didn't bet)
Seat 4: Evelexy1 (button) folded before Flop (didn't bet)
Seat 5: MAO_DZEDYN_S (small blind) folded before Flop
Seat 6: PhoenixAssassin (big blind) collected ($1)



PokerStars Hand #254434221734:  Hold'em No Limit ($0.50/$1.00 USD) - 2025/01/18 17:54:50 WET [2025/01/18 12:54:50 ET]
Table 'Tercidina III' 6-max Seat #5 is the button
Seat 1: elcutez ($89.80 in chips) 
Seat 2: vezis3 ($126.47 in chips) 
Seat 3: 41ElCapo02 ($25.56 in chips) 
Seat 4: Evelexy1 ($101 in chips) 
Seat 5: MAO_DZEDYN_S ($101 in chips) 
Seat 6: PhoenixAssassin ($100.50 in chips) 
PhoenixAssassin: posts small blind $0.50
elcutez: posts big blind $1
*** HOLE CARDS ***
vezis3: folds 
41ElCapo02: calls $1
Evelexy1: folds 
MAO_DZEDYN_S: raises $1.50 to $2.50
PhoenixAssassin: folds 
elcutez: calls $1.50
41ElCapo02: calls $1.50
*** FLOP *** [Jh Ad 3c]
elcutez: checks 
41ElCapo02: checks 
MAO_DZEDYN_S: bets $2.28
elcutez: calls $2.28
41ElCapo02: folds 
*** TURN *** [Jh Ad 3c] [Th]
elcutez: checks 
MAO_DZEDYN_S: checks 
*** RIVER *** [Jh Ad 3c Th] [8c]
elcutez: checks 
MAO_DZEDYN_S: checks 
*** SHOW DOWN ***
elcutez: shows [Qd Td] (a pair of Tens)
MAO_DZEDYN_S: shows [4d Ac] (a pair of Aces)
MAO_DZEDYN_S collected $11.93 from pot
*** SUMMARY ***
Total pot $12.56 | Rake $0.63 
Board [Jh Ad 3c Th 8c]
Seat 1: elcutez (big blind) showed [Qd Td] and lost with a pair of Tens
Seat 2: vezis3 folded before Flop (didn't bet)
Seat 3: 41ElCapo02 folded on the Flop
Seat 4: Evelexy1 folded before Flop (didn't bet)
Seat 5: MAO_DZEDYN_S (button) showed [4d Ac] and won ($11.93) with a pair of Aces
Seat 6: PhoenixAssassin (small blind) folded before Flop



PokerStars Hand #254434234885:  Hold'em No Limit ($0.50/$1.00 USD) - 2025/01/18 17:55:52 WET [2025/01/18 12:55:52 ET]
Table 'Tercidina III' 6-max Seat #6 is the button
Seat 1: elcutez ($85.02 in chips) 
Seat 2: vezis3 ($126.47 in chips) 
Seat 3: 41ElCapo02 ($23.06 in chips) 
Seat 4: Evelexy1 ($101 in chips) 
Seat 5: MAO_DZEDYN_S ($108.15 in chips) 
Seat 6: PhoenixAssassin ($100 in chips) 
elcutez: posts small blind $0.50
vezis3: posts big blind $1
*** HOLE CARDS ***
41ElCapo02: raises $22.06 to $23.06 and is all-in
Evelexy1: folds 
MAO_DZEDYN_S: folds 
PhoenixAssassin: folds 
elcutez: calls $22.56
vezis3: folds 
*** FLOP *** [Ad Tc 5h]
*** TURN *** [Ad Tc 5h] [9d]
*** RIVER *** [Ad Tc 5h 9d] [9s]
*** SHOW DOWN ***
elcutez: shows [Kd Ac] (two pair, Aces and Nines)
41ElCapo02: shows [3d 3s] (two pair, Nines and Threes)
elcutez collected $44.76 from pot
*** SUMMARY ***
Total pot $47.12 | Rake $2.36 
Board [Ad Tc 5h 9d 9s]
Seat 1: elcutez (small blind) showed [Kd Ac] and won ($44.76) with two pair, Aces and Nines
Seat 2: vezis3 (big blind) folded before Flop
Seat 3: 41ElCapo02 showed [3d 3s] and lost with two pair, Nines and Threes
Seat 4: Evelexy1 folded before Flop (didn't bet)
Seat 5: MAO_DZEDYN_S folded before Flop (didn't bet)
Seat 6: PhoenixAssassin (button) folded before Flop (didn't bet)



PokerStars Hand #254434240177:  Hold'em No Limit ($0.50/$1.00 USD) - 2025/01/18 17:56:20 WET [2025/01/18 12:56:20 ET]
Table 'Tercidina III' 6-max Seat #1 is the button
Seat 3: 41ElCapo02 ($0 in chips) is sitting out
Seat 1: elcutez ($106.72 in chips) 
Seat 2: vezis3 ($125.47 in chips) 
Seat 4: Evelexy1 ($101 in chips) 
Seat 5: MAO_DZEDYN_S ($108.15 in chips) 
Seat 6: PhoenixAssassin ($100 in chips) 
vezis3: posts small blind $0.50
Evelexy1: posts big blind $1
*** HOLE CARDS ***
41ElCapo02 leaves the table
MAO_DZEDYN_S: folds 
PhoenixAssassin: raises $1.50 to $2.50
elcutez: folds 
MAO_DZEDYN_S leaves the table
vezis3: raises $9.50 to $12
Evelexy1: folds 
PhoenixAssassin: folds 
Uncalled bet ($9.50) returned to vezis3
vezis3 collected $6 from pot
vezis3: doesn't show hand 
*** SUMMARY ***
Total pot $6 | Rake $0 
Seat 3: 41ElCapo02
Seat 1: elcutez (button) folded before Flop (didn't bet)
Seat 2: vezis3 (small blind) collected ($6)
Seat 4: Evelexy1 (big blind) folded before Flop
Seat 5: MAO_DZEDYN_S folded before Flop (didn't bet)
Seat 6: PhoenixAssassin folded before Flop



PokerStars Hand #254434244462:  Hold'em No Limit ($0.50/$1.00 USD) - 2025/01/18 17:56:42 WET [2025/01/18 12:56:42 ET]
Table 'Tercidina III' 6-max Seat #2 is the button
Seat 6: PhoenixAssassin ($100 in chips) is sitting out
Seat 1: elcutez ($106.72 in chips) 
Seat 2: vezis3 ($128.97 in chips) 
Seat 4: Evelexy1 ($100 in chips) 
Evelexy1: posts small blind $0.50
PhoenixAssassin: is sitting out 
elcutez: posts big blind $1
*** HOLE CARDS ***
vezis3: raises $1.40 to $2.40
Evelexy1: folds 
elcutez: raises $4.60 to $7
vezis3: folds 
Uncalled bet ($4.60) returned to elcutez
Evelexy1 leaves the table
elcutez collected $5.30 from pot
*** SUMMARY ***
Total pot $5.30 | Rake $0 
Seat 6: PhoenixAssassin
Seat 1: elcutez (big blind) collected ($5.30)
Seat 2: vezis3 (button) folded before Flop
Seat 4: Evelexy1 (small blind) folded before Flop



PokerStars Hand #254434247585:  Hold'em No Limit ($0.50/$1.00 USD) - 2025/01/18 17:56:58 WET [2025/01/18 12:56:58 ET]
Table 'Tercidina III' 6-max Seat #1 is the button
Seat 1: elcutez ($109.62 in chips) 
Seat 2: vezis3 ($126.57 in chips) 
Seat 6: PhoenixAssassin ($100 in chips) 
vezis3: posts small blind $0.50
PhoenixAssassin: posts big blind $1
*** HOLE CARDS ***
elcutez: folds 
vezis3: raises $2 to $3
PhoenixAssassin: folds 
Uncalled bet ($2) returned to vezis3
vezis3 collected $2 from pot
vezis3: doesn't show hand 
*** SUMMARY ***
Total pot $2 | Rake $0 
Seat 1: elcutez (button) folded before Flop (didn't bet)
Seat 2: vezis3 (small blind) collected ($2)
Seat 6: PhoenixAssassin (big blind) folded before Flop



PokerStars Hand #254434249806:  Hold'em No Limit ($0.50/$1.00 USD) - 2025/01/18 17:57:10 WET [2025/01/18 12:57:10 ET]
Table 'Tercidina III' 6-max Seat #2 is the button
Seat 1: elcutez ($109.62 in chips) 
Seat 2: vezis3 ($127.57 in chips) 
Seat 6: PhoenixAssassin ($100 in chips) 
PhoenixAssassin: posts small blind $0.50
elcutez: posts big blind $1
*** HOLE CARDS ***
vezis3: raises $1.40 to $2.40
PhoenixAssassin: folds 
elcutez: folds 
Uncalled bet ($1.40) returned to vezis3
vezis3 collected $2.50 from pot
vezis3: doesn't show hand 
*** SUMMARY ***
Total pot $2.50 | Rake $0 
Seat 1: elcutez (big blind) folded before Flop
Seat 2: vezis3 (button) collected ($2.50)
Seat 6: PhoenixAssassin (small blind) folded before Flop



PokerStars Hand #254434252074:  Hold'em No Limit ($0.50/$1.00 USD) - 2025/01/18 17:57:22 WET [2025/01/18 12:57:22 ET]
Table 'Tercidina III' 6-max Seat #6 is the button
Seat 1: elcutez ($108.62 in chips) 
Seat 2: vezis3 ($129.07 in chips) 
Seat 6: PhoenixAssassin ($100 in chips) 
elcutez: posts small blind $0.50
vezis3: posts big blind $1
*** HOLE CARDS ***
PhoenixAssassin: raises $1.50 to $2.50
elcutez: calls $2
vezis3: raises $11.50 to $14
PhoenixAssassin: calls $11.50
elcutez: raises $94.62 to $108.62 and is all-in
vezis3: calls $94.62
PhoenixAssassin: folds 
*** FLOP *** [8s Jc 4h]
*** TURN *** [8s Jc 4h] [4s]
*** RIVER *** [8s Jc 4h 4s] [4d]
*** SHOW DOWN ***
elcutez: shows [Kc Qc] (three of a kind, Fours)
vezis3: shows [Kd Ks] (a full house, Fours full of Kings)
vezis3 collected $230.24 from pot
*** SUMMARY ***
Total pot $231.24 | Rake $1 
Board [8s Jc 4h 4s 4d]
Seat 1: elcutez (small blind) showed [Kc Qc] and lost with three of a kind, Fours
Seat 2: vezis3 (big blind) showed [Kd Ks] and won ($230.24) with a full house, Fours full of Kings
Seat 6: PhoenixAssassin (button) folded before Flop



PokerStars Hand #254434299070:  Hold'em No Limit ($0.50/$1.00 USD) - 2025/01/18 18:01:13 WET [2025/01/18 13:01:13 ET]
Table 'Tercidina III' 6-max Seat #2 is the button
Seat 2: vezis3 ($250.69 in chips) 
Seat 4: eric2023happy ($38.45 in chips) 
vezis3: posts small blind $0.50
eric2023happy: posts big blind $1
*** HOLE CARDS ***
vezis3: raises $1 to $2
eric2023happy: raises $1 to $3
vezis3: calls $1
*** FLOP *** [3s 9c Qd]
eric2023happy: bets $2.85
vezis3: calls $2.85
*** TURN *** [3s 9c Qd] [4d]
eric2023happy: checks 
vezis3: checks 
*** RIVER *** [3s 9c Qd 4d] [8d]
eric2023happy: checks 
vezis3: checks 
*** SHOW DOWN ***
eric2023happy: shows [Jd Ks] (high card King)
vezis3: shows [4c 5c] (a pair of Fours)
vezis3 collected $11.12 from pot
*** SUMMARY ***
Total pot $11.70 | Rake $0.58 
Board [3s 9c Qd 4d 8d]
Seat 2: vezis3 (button) (small blind) showed [4c 5c] and won ($11.12) with a pair of Fours
Seat 4: eric2023happy (big blind) showed [Jd Ks] and lost with high card King



PokerStars Hand #254434309502:  Hold'em No Limit ($0.50/$1.00 USD) - 2025/01/18 18:01:56 WET [2025/01/18 13:01:56 ET]
Table 'Tercidina III' 6-max Seat #4 is the button
Seat 2: vezis3 ($255.96 in chips) 
Seat 4: eric2023happy ($32.60 in chips) 
eric2023happy: posts small blind $0.50
vezis3: posts big blind $1
*** HOLE CARDS ***
eric2023happy: folds 
Uncalled bet ($0.50) returned to vezis3
vezis3 collected $1 from pot
vezis3: doesn't show hand 
*** SUMMARY ***
Total pot $1 | Rake $0 
Seat 2: vezis3 (big blind) collected ($1)
Seat 4: eric2023happy (button) (small blind) folded before Flop



PokerStars Hand #254434319750:  Hold'em No Limit ($0.50/$1.00 USD) - 2025/01/18 18:02:34 WET [2025/01/18 13:02:34 ET]
Table 'Tercidina III' 6-max Seat #1 is the button
Seat 1: eric2023happy ($36 in chips) 
Seat 2: vezis3 ($256.46 in chips) 
Seat 3: sta$igk ($100 in chips) 
vezis3: posts small blind $0.50
sta$igk: posts big blind $1
*** HOLE CARDS ***
eric2023happy: folds 
vezis3: raises $2 to $3
sta$igk: calls $2
*** FLOP *** [Qh 7s 9c]
vezis3: bets $4.39
sta$igk: folds 
Uncalled bet ($4.39) returned to vezis3
vezis3 collected $5.70 from pot
vezis3: doesn't show hand 
*** SUMMARY ***
Total pot $6 | Rake $0.30 
Board [Qh 7s 9c]
Seat 1: eric2023happy (button) folded before Flop (didn't bet)
Seat 2: vezis3 (small blind) collected ($5.70)
Seat 3: sta$igk (big blind) folded on the Flop



PokerStars Hand #254434326714:  Hold'em No Limit ($0.50/$1.00 USD) - 2025/01/18 18:03:00 WET [2025/01/18 13:03:00 ET]
Table 'Tercidina III' 6-max Seat #2 is the button
Seat 1: eric2023happy ($36 in chips) 
Seat 2: vezis3 ($259.16 in chips) 
Seat 3: sta$igk ($100 in chips) 
sta$igk: posts small blind $0.50
eric2023happy: posts big blind $1
*** HOLE CARDS ***
vezis3: raises $1.40 to $2.40
sta$igk: folds 
eric2023happy: folds 
Uncalled bet ($1.40) returned to vezis3
vezis3 collected $2.50 from pot
vezis3: doesn't show hand 
*** SUMMARY ***
Total pot $2.50 | Rake $0 
Seat 1: eric2023happy (big blind) folded before Flop
Seat 2: vezis3 (button) collected ($2.50)
Seat 3: sta$igk (small blind) folded before Flop



PokerStars Hand #254434328766:  Hold'em No Limit ($0.50/$1.00 USD) - 2025/01/18 18:03:08 WET [2025/01/18 13:03:08 ET]
Table 'Tercidina III' 6-max Seat #3 is the button
Seat 1: eric2023happy ($35 in chips) 
Seat 2: vezis3 ($260.66 in chips) 
Seat 3: sta$igk ($100 in chips) 
AigarsK joins the table at seat #6 
eric2023happy: posts small blind $0.50
vezis3: posts big blind $1
*** HOLE CARDS ***
sta$igk: folds 
Evelexy1 joins the table at seat #4 
eric2023happy: raises $1 to $2
vezis3: calls $1
*** FLOP *** [Ah 5d As]
eric2023happy: checks 
vezis3: checks 
*** TURN *** [Ah 5d As] [2s]
eric2023happy: bets $3.80
Shadeuno joins the table at seat #5 
Shadeuno is disconnected 
vezis3: calls $3.80
*** RIVER *** [Ah 5d As 2s] [4h]
eric2023happy: bets $11.02
vezis3: calls $11.02
*** SHOW DOWN ***
eric2023happy: shows [Ad 2c] (a full house, Aces full of Deuces)
vezis3: mucks hand 
eric2023happy collected $32.64 from pot
*** SUMMARY ***
Total pot $33.64 | Rake $1 
Board [Ah 5d As 2s 4h]
Seat 1: eric2023happy (small blind) showed [Ad 2c] and won ($32.64) with a full house, Aces full of Deuces
Seat 2: vezis3 (big blind) mucked
Seat 3: sta$igk (button) folded before Flop (didn't bet)



PokerStars Hand #254434341882:  Hold'em No Limit ($0.50/$1.00 USD) - 2025/01/18 18:03:57 WET [2025/01/18 13:03:57 ET]
Table 'Tercidina III' 6-max Seat #1 is the button
Seat 4: Evelexy1 ($100 in chips) is sitting out
Seat 5: Shadeuno ($25.08 in chips) is sitting out
Seat 1: eric2023happy ($50.82 in chips) 
Seat 2: vezis3 ($243.84 in chips) 
Seat 3: sta$igk ($100 in chips) 
Seat 6: AigarsK ($10 in chips) 
vezis3: posts small blind $0.50
sta$igk: posts big blind $1
Evelexy1: sits out 
Shadeuno: sits out 
AigarsK: posts big blind $1
*** HOLE CARDS ***
AigarsK: checks 
eric2023happy: folds 
vezis3: folds 
sta$igk: checks 
*** FLOP *** [2c Qc Th]
sta$igk: checks 
AigarsK: checks 
*** TURN *** [2c Qc Th] [5c]
sta$igk: bets $1.19
AigarsK: raises $7.81 to $9 and is all-in
sta$igk: folds 
Uncalled bet ($7.81) returned to AigarsK
AigarsK collected $4.64 from pot
AigarsK: doesn't show hand 
*** SUMMARY ***
Total pot $4.88 | Rake $0.24 
Board [2c Qc Th 5c]
Seat 4: Evelexy1
Seat 5: Shadeuno
Seat 1: eric2023happy (button) folded before Flop (didn't bet)
Seat 2: vezis3 (small blind) folded before Flop
Seat 3: sta$igk (big blind) folded on the Turn
Seat 6: AigarsK collected ($4.64)



PokerStars Hand #254434363477:  Hold'em No Limit ($0.50/$1.00 USD) - 2025/01/18 18:05:16 WET [2025/01/18 13:05:16 ET]
Table 'Tercidina III' 6-max Seat #2 is the button
Seat 5: Shadeuno ($25.08 in chips) is sitting out
Seat 1: eric2023happy ($50.82 in chips) 
Seat 2: vezis3 ($243.34 in chips) 
Seat 3: sta$igk ($100 in chips) 
Seat 4: Evelexy1 ($100 in chips) 
Seat 6: AigarsK ($12.45 in chips) 
sta$igk: posts small blind $0.50
Evelexy1: posts big blind $1
Shadeuno: sits out 
*** HOLE CARDS ***
AigarsK: folds 
eric2023happy: folds 
vezis3: folds 
sta$igk: folds 
Uncalled bet ($0.50) returned to Evelexy1
Evelexy1 collected $1 from pot
Evelexy1: doesn't show hand 
*** SUMMARY ***
Total pot $1 | Rake $0 
Seat 5: Shadeuno
Seat 1: eric2023happy folded before Flop (didn't bet)
Seat 2: vezis3 (button) folded before Flop (didn't bet)
Seat 3: sta$igk (small blind) folded before Flop
Seat 4: Evelexy1 (big blind) collected ($1)
Seat 6: AigarsK folded before Flop (didn't bet)



PokerStars Hand #254434366081:  Hold'em No Limit ($0.50/$1.00 USD) - 2025/01/18 18:05:26 WET [2025/01/18 13:05:26 ET]
Table 'Tercidina III' 6-max Seat #3 is the button
Seat 1: eric2023happy ($50.82 in chips) 
Seat 2: vezis3 ($243.34 in chips) 
Seat 3: sta$igk ($100 in chips) 
Seat 4: Evelexy1 ($100.50 in chips) 
Seat 5: Shadeuno ($25.08 in chips) 
Seat 6: AigarsK ($12.45 in chips) 
Evelexy1: posts small blind $0.50
Shadeuno: posts big blind $1
*** HOLE CARDS ***
AigarsK: folds 
eric2023happy: folds 
vezis3: folds 
sta$igk: raises $1 to $2
Evelexy1: folds 
Shadeuno: calls $1
*** FLOP *** [8h 3c 8c]
Shadeuno: checks 
sta$igk: bets $1.07
Shadeuno: calls $1.07
*** TURN *** [8h 3c 8c] [Kh]
Shadeuno: checks 
sta$igk: checks 
*** RIVER *** [8h 3c 8c Kh] [4s]
Shadeuno: bets $2.16
sta$igk: raises $10.63 to $12.79
Shadeuno: folds 
Uncalled bet ($10.63) returned to sta$igk
sta$igk collected $10.41 from pot
sta$igk: doesn't show hand 
*** SUMMARY ***
Total pot $10.96 | Rake $0.55 
Board [8h 3c 8c Kh 4s]
Seat 1: eric2023happy folded before Flop (didn't bet)
Seat 2: vezis3 folded before Flop (didn't bet)
Seat 3: sta$igk (button) collected ($10.41)
Seat 4: Evelexy1 (small blind) folded before Flop
Seat 5: Shadeuno (big blind) folded on the River
Seat 6: AigarsK folded before Flop (didn't bet)



PokerStars Hand #254434388571:  Hold'em No Limit ($0.50/$1.00 USD) - 2025/01/18 18:06:47 WET [2025/01/18 13:06:47 ET]
Table 'Tercidina III' 6-max Seat #4 is the button
Seat 1: eric2023happy ($50.82 in chips) 
Seat 2: vezis3 ($243.34 in chips) 
Seat 3: sta$igk ($105.18 in chips) 
Seat 4: Evelexy1 ($100 in chips) 
Seat 5: Shadeuno ($19.85 in chips) 
Seat 6: AigarsK ($12.45 in chips) 
Shadeuno: posts small blind $0.50
AigarsK: posts big blind $1
*** HOLE CARDS ***
eric2023happy: folds 
vezis3: raises $1 to $2
sta$igk: folds 
Evelexy1: folds 
Shadeuno: folds 
AigarsK: folds 
Uncalled bet ($1) returned to vezis3
vezis3 collected $2.50 from pot
vezis3: doesn't show hand 
*** SUMMARY ***
Total pot $2.50 | Rake $0 
Seat 1: eric2023happy folded before Flop (didn't bet)
Seat 2: vezis3 collected ($2.50)
Seat 3: sta$igk folded before Flop (didn't bet)
Seat 4: Evelexy1 (button) folded before Flop (didn't bet)
Seat 5: Shadeuno (small blind) folded before Flop
Seat 6: AigarsK (big blind) folded before Flop



PokerStars Hand #254434394452:  Hold'em No Limit ($0.50/$1.00 USD) - 2025/01/18 18:07:09 WET [2025/01/18 13:07:09 ET]
Table 'Tercidina III' 6-max Seat #5 is the button
Seat 1: eric2023happy ($50.82 in chips) 
Seat 2: vezis3 ($244.84 in chips) 
Seat 3: sta$igk ($105.18 in chips) 
Seat 4: Evelexy1 ($100 in chips) 
Seat 5: Shadeuno ($19.35 in chips) 
Seat 6: AigarsK ($11.45 in chips) 
AigarsK: posts small blind $0.50
eric2023happy: posts big blind $1
*** HOLE CARDS ***
vezis3: folds 
sta$igk: folds 
Evelexy1: folds 
Shadeuno: folds 
AigarsK: raises $2 to $3
eric2023happy: folds 
Uncalled bet ($2) returned to AigarsK
AigarsK collected $2 from pot
AigarsK: doesn't show hand 
*** SUMMARY ***
Total pot $2 | Rake $0 
Seat 1: eric2023happy (big blind) folded before Flop
Seat 2: vezis3 folded before Flop (didn't bet)
Seat 3: sta$igk folded before Flop (didn't bet)
Seat 4: Evelexy1 folded before Flop (didn't bet)
Seat 5: Shadeuno (button) folded before Flop (didn't bet)
Seat 6: AigarsK (small blind) collected ($2)



PokerStars Hand #254434398484:  Hold'em No Limit ($0.50/$1.00 USD) - 2025/01/18 18:07:23 WET [2025/01/18 13:07:23 ET]
Table 'Tercidina III' 6-max Seat #6 is the button
Seat 1: eric2023happy ($49.82 in chips) 
Seat 2: vezis3 ($244.84 in chips) 
Seat 3: sta$igk ($105.18 in chips) 
Seat 4: Evelexy1 ($100 in chips) 
Seat 5: Shadeuno ($19.35 in chips) 
Seat 6: AigarsK ($12.45 in chips) 
eric2023happy: posts small blind $0.50
vezis3: posts big blind $1
*** HOLE CARDS ***
sta$igk: raises $1 to $2
Evelexy1: folds 
Shadeuno: folds 
AigarsK: folds 
eric2023happy: folds 
vezis3: folds 
Uncalled bet ($1) returned to sta$igk
sta$igk collected $2.50 from pot
sta$igk: doesn't show hand 
*** SUMMARY ***
Total pot $2.50 | Rake $0 
Seat 1: eric2023happy (small blind) folded before Flop
Seat 2: vezis3 (big blind) folded before Flop
Seat 3: sta$igk collected ($2.50)
Seat 4: Evelexy1 folded before Flop (didn't bet)
Seat 5: Shadeuno folded before Flop (didn't bet)
Seat 6: AigarsK (button) folded before Flop (didn't bet)



PokerStars Hand #254434403416:  Hold'em No Limit ($0.50/$1.00 USD) - 2025/01/18 18:07:41 WET [2025/01/18 13:07:41 ET]
Table 'Tercidina III' 6-max Seat #1 is the button
Seat 1: eric2023happy ($49.32 in chips) 
Seat 2: vezis3 ($243.84 in chips) 
Seat 3: sta$igk ($106.68 in chips) 
Seat 4: Evelexy1 ($100 in chips) 
Seat 5: Shadeuno ($19.35 in chips) 
Seat 6: AigarsK ($12.45 in chips) 
vezis3: posts small blind $0.50
sta$igk: posts big blind $1
*** HOLE CARDS ***
Evelexy1: folds 
Shadeuno: calls $1
AigarsK: folds 
eric2023happy: raises $2 to $3
vezis3: folds 
sta$igk: folds 
Shadeuno: calls $2
*** FLOP *** [3d Kd 3h]
Shadeuno: checks 
eric2023happy: checks 
*** TURN *** [3d Kd 3h] [Ad]
Shadeuno: checks 
eric2023happy: checks 
*** RIVER *** [3d Kd 3h Ad] [Ts]
Shadeuno: checks 
eric2023happy: checks 
*** SHOW DOWN ***
Shadeuno: shows [Jc Th] (two pair, Tens and Threes)
eric2023happy: mucks hand 
Shadeuno collected $7.12 from pot
*** SUMMARY ***
Total pot $7.50 | Rake $0.38 
Board [3d Kd 3h Ad Ts]
Seat 1: eric2023happy (button) mucked
Seat 2: vezis3 (small blind) folded before Flop
Seat 3: sta$igk (big blind) folded before Flop
Seat 4: Evelexy1 folded before Flop (didn't bet)
Seat 5: Shadeuno showed [Jc Th] and won ($7.12) with two pair, Tens and Threes
Seat 6: AigarsK folded before Flop (didn't bet)



PokerStars Hand #254434413133:  Hold'em No Limit ($0.50/$1.00 USD) - 2025/01/18 18:08:17 WET [2025/01/18 13:08:17 ET]
Table 'Tercidina III' 6-max Seat #2 is the button
Seat 1: eric2023happy ($46.32 in chips) 
Seat 2: vezis3 ($243.34 in chips) 
Seat 3: sta$igk ($105.68 in chips) 
Seat 4: Evelexy1 ($100 in chips) 
Seat 5: Shadeuno ($23.47 in chips) 
Seat 6: AigarsK ($12.45 in chips) 
sta$igk: posts small blind $0.50
Evelexy1: posts big blind $1
*** HOLE CARDS ***
Shadeuno: folds 
AigarsK: folds 
eric2023happy: raises $2 to $3
vezis3: folds 
sta$igk: folds 
Evelexy1: folds 
Uncalled bet ($2) returned to eric2023happy
eric2023happy collected $2.50 from pot
eric2023happy: doesn't show hand 
*** SUMMARY ***
Total pot $2.50 | Rake $0 
Seat 1: eric2023happy collected ($2.50)
Seat 2: vezis3 (button) folded before Flop (didn't bet)
Seat 3: sta$igk (small blind) folded before Flop
Seat 4: Evelexy1 (big blind) folded before Flop
Seat 5: Shadeuno folded before Flop (didn't bet)
Seat 6: AigarsK folded before Flop (didn't bet)



PokerStars Hand #254434418064:  Hold'em No Limit ($0.50/$1.00 USD) - 2025/01/18 18:08:34 WET [2025/01/18 13:08:34 ET]
Table 'Tercidina III' 6-max Seat #3 is the button
Seat 1: eric2023happy ($47.82 in chips) 
Seat 2: vezis3 ($243.34 in chips) 
Seat 3: sta$igk ($105.18 in chips) 
Seat 4: Evelexy1 ($100 in chips) 
Seat 5: Shadeuno ($23.47 in chips) 
Seat 6: AigarsK ($12.45 in chips) 
Evelexy1: posts small blind $0.50
Shadeuno: posts big blind $1
*** HOLE CARDS ***
AigarsK: folds 
eric2023happy: raises $2.50 to $3.50
vezis3: folds 
sta$igk: folds 
Evelexy1: folds 
Shadeuno: calls $2.50
*** FLOP *** [8s Ts 7c]
Shadeuno: bets $3.56
eric2023happy: raises $3.56 to $7.12
Shadeuno: raises $12.85 to $19.97 and is all-in
eric2023happy: calls $12.85
Shadeuno has timed out
*** TURN *** [8s Ts 7c] [4s]
*** RIVER *** [8s Ts 7c 4s] [2c]
*** SHOW DOWN ***
Shadeuno: shows [Td Ac] (a pair of Tens)
eric2023happy: shows [Jc Js] (a pair of Jacks)
eric2023happy collected $45.07 from pot
*** SUMMARY ***
Total pot $47.44 | Rake $2.37 
Board [8s Ts 7c 4s 2c]
Seat 1: eric2023happy showed [Jc Js] and won ($45.07) with a pair of Jacks
Seat 2: vezis3 folded before Flop (didn't bet)
Seat 3: sta$igk (button) folded before Flop (didn't bet)
Seat 4: Evelexy1 (small blind) folded before Flop
Seat 5: Shadeuno (big blind) showed [Td Ac] and lost with a pair of Tens
Seat 6: AigarsK folded before Flop (didn't bet)



PokerStars Hand #254434432523:  Hold'em No Limit ($0.50/$1.00 USD) - 2025/01/18 18:09:27 WET [2025/01/18 13:09:27 ET]
Table 'Tercidina III' 6-max Seat #4 is the button
Seat 5: Shadeuno ($0 in chips) is sitting out
Seat 1: eric2023happy ($69.42 in chips) 
Seat 2: vezis3 ($243.34 in chips) 
Seat 3: sta$igk ($105.18 in chips) 
Seat 4: Evelexy1 ($100 in chips) 
Seat 6: AigarsK ($12.45 in chips) 
AigarsK: posts small blind $0.50
eric2023happy: posts big blind $1
*** HOLE CARDS ***
vezis3: folds 
sta$igk: folds 
Evelexy1: folds 
AigarsK: folds 
Uncalled bet ($0.50) returned to eric2023happy
eric2023happy collected $1 from pot
eric2023happy: doesn't show hand 
*** SUMMARY ***
Total pot $1 | Rake $0 
Seat 5: Shadeuno
Seat 1: eric2023happy (big blind) collected ($1)
Seat 2: vezis3 folded before Flop (didn't bet)
Seat 3: sta$igk folded before Flop (didn't bet)
Seat 4: Evelexy1 (button) folded before Flop (didn't bet)
Seat 6: AigarsK (small blind) folded before Flop



PokerStars Hand #254434435224:  Hold'em No Limit ($0.50/$1.00 USD) - 2025/01/18 18:09:37 WET [2025/01/18 13:09:37 ET]
Table 'Tercidina III' 6-max Seat #6 is the button
Seat 5: Shadeuno ($0 in chips) is sitting out
Seat 1: eric2023happy ($69.92 in chips) 
Seat 2: vezis3 ($243.34 in chips) 
Seat 3: sta$igk ($105.18 in chips) 
Seat 4: Evelexy1 ($100 in chips) 
Seat 6: AigarsK ($11.95 in chips) 
eric2023happy: posts small blind $0.50
vezis3: posts big blind $1
*** HOLE CARDS ***
sta$igk: folds 
Evelexy1: folds 
AigarsK: folds 
eric2023happy: raises $3 to $4
vezis3: calls $3
*** FLOP *** [Ks 9s 3s]
eric2023happy: bets $6.60
vezis3: folds 
Uncalled bet ($6.60) returned to eric2023happy
eric2023happy collected $7.60 from pot
eric2023happy: doesn't show hand 
*** SUMMARY ***
Total pot $8 | Rake $0.40 
Board [Ks 9s 3s]
Seat 5: Shadeuno
Seat 1: eric2023happy (small blind) collected ($7.60)
Seat 2: vezis3 (big blind) folded on the Flop
Seat 3: sta$igk folded before Flop (didn't bet)
Seat 4: Evelexy1 folded before Flop (didn't bet)
Seat 6: AigarsK (button) folded before Flop (didn't bet)



PokerStars Hand #254434445572:  Hold'em No Limit ($0.50/$1.00 USD) - 2025/01/18 18:10:13 WET [2025/01/18 13:10:13 ET]
Table 'Tercidina III' 6-max Seat #1 is the button
Seat 1: eric2023happy ($73.52 in chips) 
Seat 2: vezis3 ($239.34 in chips) 
Seat 3: sta$igk ($105.18 in chips) 
Seat 4: Evelexy1 ($100 in chips) 
Seat 5: Shadeuno ($16.91 in chips) 
Seat 6: AigarsK ($11.95 in chips) 
vezis3: posts small blind $0.50
sta$igk: posts big blind $1
Shadeuno: posts small blind $0.50
*** HOLE CARDS ***
Evelexy1: raises $1.50 to $2.50
Shadeuno: folds 
AigarsK: calls $2.50
eric2023happy: calls $2.50
vezis3: folds 
sta$igk: folds 
*** FLOP *** [7d Jd Td]
Evelexy1: checks 
AigarsK: checks 
eric2023happy: checks 
*** TURN *** [7d Jd Td] [3c]
Evelexy1: checks 
AigarsK: checks 
eric2023happy: checks 
*** RIVER *** [7d Jd Td 3c] [Ad]
Evelexy1: checks 
AigarsK: checks 
eric2023happy: checks 
*** SHOW DOWN ***
Evelexy1: shows [4s 5s] (high card Ace)
AigarsK: shows [5h 5d] (a flush, Ace high)
eric2023happy: mucks hand 
AigarsK collected $9.02 from pot
*** SUMMARY ***
Total pot $9.50 | Rake $0.48 
Board [7d Jd Td 3c Ad]
Seat 1: eric2023happy (button) mucked
Seat 2: vezis3 (small blind) folded before Flop
Seat 3: sta$igk (big blind) folded before Flop
Seat 4: Evelexy1 showed [4s 5s] and lost with high card Ace
Seat 5: Shadeuno folded before Flop (didn't bet)
Seat 6: AigarsK showed [5h 5d] and won ($9.02) with a flush, Ace high



PokerStars Hand #254434458112:  Hold'em No Limit ($0.50/$1.00 USD) - 2025/01/18 18:10:58 WET [2025/01/18 13:10:58 ET]
Table 'Tercidina III' 6-max Seat #2 is the button
Seat 1: eric2023happy ($71.02 in chips) 
Seat 2: vezis3 ($238.84 in chips) 
Seat 3: sta$igk ($104.18 in chips) 
Seat 4: Evelexy1 ($100 in chips) 
Seat 5: Shadeuno ($16.41 in chips) 
Seat 6: AigarsK ($18.47 in chips) 
sta$igk: posts small blind $0.50
Evelexy1: posts big blind $1
*** HOLE CARDS ***
Shadeuno: folds 
AigarsK: folds 
eric2023happy: raises $2.50 to $3.50
vezis3: folds 
sta$igk: folds 
Evelexy1: raises $11 to $14.50
eric2023happy: folds 
Uncalled bet ($11) returned to Evelexy1
Evelexy1 collected $7.50 from pot
Evelexy1: doesn't show hand 
*** SUMMARY ***
Total pot $7.50 | Rake $0 
Seat 1: eric2023happy folded before Flop
Seat 2: vezis3 (button) folded before Flop (didn't bet)
Seat 3: sta$igk (small blind) folded before Flop
Seat 4: Evelexy1 (big blind) collected ($7.50)
Seat 5: Shadeuno folded before Flop (didn't bet)
Seat 6: AigarsK folded before Flop (didn't bet)



PokerStars Hand #254434466109:  Hold'em No Limit ($0.50/$1.00 USD) - 2025/01/18 18:11:27 WET [2025/01/18 13:11:27 ET]
Table 'Tercidina III' 6-max Seat #3 is the button
Seat 1: eric2023happy ($67.52 in chips) 
Seat 2: vezis3 ($238.84 in chips) 
Seat 3: sta$igk ($103.68 in chips) 
Seat 4: Evelexy1 ($104 in chips) 
Seat 5: Shadeuno ($16.41 in chips) 
Seat 6: AigarsK ($18.47 in chips) 
Evelexy1: posts small blind $0.50
Shadeuno: posts big blind $1
*** HOLE CARDS ***
AigarsK: calls $1
eric2023happy: folds 
vezis3: raises $3 to $4
sta$igk: folds 
Evelexy1: folds 
Shadeuno: folds 
AigarsK: raises $6 to $10
vezis3: raises $10 to $20
AigarsK: calls $8.47 and is all-in
Uncalled bet ($1.53) returned to vezis3
*** FLOP *** [Qc 5h Tc]
*** TURN *** [Qc 5h Tc] [Qh]
*** RIVER *** [Qc 5h Tc Qh] [4c]
*** SHOW DOWN ***
AigarsK: shows [Ah Ac] (two pair, Aces and Queens)
vezis3: shows [Kc Ks] (two pair, Kings and Queens)
AigarsK collected $36.52 from pot
*** SUMMARY ***
Total pot $38.44 | Rake $1.92 
Board [Qc 5h Tc Qh 4c]
Seat 1: eric2023happy folded before Flop (didn't bet)
Seat 2: vezis3 showed [Kc Ks] and lost with two pair, Kings and Queens
Seat 3: sta$igk (button) folded before Flop (didn't bet)
Seat 4: Evelexy1 (small blind) folded before Flop
Seat 5: Shadeuno (big blind) folded before Flop
Seat 6: AigarsK showed [Ah Ac] and won ($36.52) with two pair, Aces and Queens



PokerStars Hand #254434476237:  Hold'em No Limit ($0.50/$1.00 USD) - 2025/01/18 18:12:03 WET [2025/01/18 13:12:03 ET]
Table 'Tercidina III' 6-max Seat #4 is the button
Seat 6: AigarsK ($36.52 in chips) is sitting out
Seat 1: eric2023happy ($67.52 in chips) 
Seat 2: vezis3 ($220.37 in chips) 
Seat 3: sta$igk ($103.68 in chips) 
Seat 4: Evelexy1 ($103.50 in chips) 
Seat 5: Shadeuno ($15.41 in chips) 
Shadeuno: posts small blind $0.50
eric2023happy: posts big blind $1
*** HOLE CARDS ***
vezis3: raises $1.40 to $2.40
AigarsK leaves the table
sta$igk: folds 
Evelexy1: folds 
Shadeuno: folds 
eric2023happy: folds 
Uncalled bet ($1.40) returned to vezis3
vezis3 collected $2.50 from pot
vezis3: doesn't show hand 
Evelexy1 leaves the table
*** SUMMARY ***
Total pot $2.50 | Rake $0 
Seat 6: AigarsK
Seat 1: eric2023happy (big blind) folded before Flop
Seat 2: vezis3 collected ($2.50)
Seat 3: sta$igk folded before Flop (didn't bet)
Seat 4: Evelexy1 (button) folded before Flop (didn't bet)
Seat 5: Shadeuno (small blind) folded before Flop



PokerStars Hand #254434479470:  Hold'em No Limit ($0.50/$1.00 USD) - 2025/01/18 18:12:15 WET [2025/01/18 13:12:15 ET]
Table 'Tercidina III' 6-max Seat #5 is the button
Seat 1: eric2023happy ($66.52 in chips) 
Seat 2: vezis3 ($221.87 in chips) 
Seat 3: sta$igk ($103.68 in chips) 
Seat 5: Shadeuno ($14.91 in chips) 
eric2023happy: posts small blind $0.50
vezis3: posts big blind $1
*** HOLE CARDS ***
sta$igk: raises $1.50 to $2.50
Shadeuno: folds 
eric2023happy: folds 
vezis3: folds 
Uncalled bet ($1.50) returned to sta$igk
michasia joins the table at seat #6 
sta$igk collected $2.50 from pot
sta$igk: doesn't show hand 
*** SUMMARY ***
Total pot $2.50 | Rake $0 
Seat 1: eric2023happy (small blind) folded before Flop
Seat 2: vezis3 (big blind) folded before Flop
Seat 3: sta$igk collected ($2.50)
Seat 5: Shadeuno (button) folded before Flop (didn't bet)



PokerStars Hand #254434482122:  Hold'em No Limit ($0.50/$1.00 USD) - 2025/01/18 18:12:24 WET [2025/01/18 13:12:24 ET]
Table 'Tercidina III' 6-max Seat #2 is the button
Seat 1: eric2023happy ($66.02 in chips) is sitting out
Seat 6: michasia ($100 in chips) is sitting out
Seat 2: vezis3 ($220.87 in chips) 
Seat 3: sta$igk ($105.18 in chips) 
Seat 5: Shadeuno ($14.91 in chips) 
sta$igk: posts small blind $0.50
Shadeuno: posts big blind $1
michasia: sits out 
*** HOLE CARDS ***
eric2023happy leaves the table
vezis3: folds 
sta$igk: raises $104.18 to $105.18 and is all-in
Shadeuno: folds 
Uncalled bet ($104.18) returned to sta$igk
sta$igk collected $2 from pot
sta$igk: doesn't show hand 
*** SUMMARY ***
Total pot $2 | Rake $0 
Seat 1: eric2023happy
Seat 6: michasia
Seat 2: vezis3 (button) folded before Flop (didn't bet)
Seat 3: sta$igk (small blind) collected ($2)
Seat 5: Shadeuno (big blind) folded before Flop



PokerStars Hand #254434486072:  Hold'em No Limit ($0.50/$1.00 USD) - 2025/01/18 18:12:38 WET [2025/01/18 13:12:38 ET]
Table 'Tercidina III' 6-max Seat #3 is the button
Seat 2: vezis3 ($220.87 in chips) 
Seat 3: sta$igk ($106.18 in chips) 
Seat 5: Shadeuno ($13.91 in chips) 
Seat 6: michasia ($100 in chips) 
Shadeuno: posts small blind $0.50
michasia: posts big blind $1
*** HOLE CARDS ***
vezis3: folds 
sta$igk: folds 
Shadeuno: calls $0.50
michasia: checks 
*** FLOP *** [4s 2h Ts]
Shadeuno: bets $1.90
michasia: folds 
Uncalled bet ($1.90) returned to Shadeuno
Shadeuno collected $1.90 from pot
*** SUMMARY ***
Total pot $2 | Rake $0.10 
Board [4s 2h Ts]
Seat 2: vezis3 folded before Flop (didn't bet)
Seat 3: sta$igk (button) folded before Flop (didn't bet)
Seat 5: Shadeuno (small blind) collected ($1.90)
Seat 6: michasia (big blind) folded on the Flop



PokerStars Hand #254434491367:  Hold'em No Limit ($0.50/$1.00 USD) - 2025/01/18 18:12:57 WET [2025/01/18 13:12:57 ET]
Table 'Tercidina III' 6-max Seat #6 is the button
Seat 2: vezis3 ($220.87 in chips) is sitting out
Seat 3: sta$igk ($106.18 in chips) is sitting out
Seat 5: Shadeuno ($14.81 in chips) 
Seat 6: michasia ($100 in chips) 
michasia: posts small blind $0.50
vezis3: is sitting out 
sta$igk: is sitting out 
Shadeuno: posts big blind $1
*** HOLE CARDS ***
sta$igk leaves the table
vezis3 leaves the table
michasia: folds 
Uncalled bet ($0.50) returned to Shadeuno
Shadeuno collected $1 from pot
*** SUMMARY ***
Total pot $1 | Rake $0 
Seat 2: vezis3
Seat 3: sta$igk
Seat 5: Shadeuno (big blind) collected ($1)
Seat 6: michasia (button) (small blind) folded before Flop



PokerStars Hand #254434493674:  Hold'em No Limit ($0.50/$1.00 USD) - 2025/01/18 18:13:06 WET [2025/01/18 13:13:06 ET]
Table 'Tercidina III' 6-max Seat #5 is the button
Seat 5: Shadeuno ($15.31 in chips) 
Seat 6: michasia ($100 in chips) 
Shadeuno: posts small blind $0.50
michasia: posts big blind $1
*** HOLE CARDS ***
Shadeuno: folds 
Uncalled bet ($0.50) returned to michasia
michasia collected $1 from pot
michasia: doesn't show hand 
*** SUMMARY ***
Total pot $1 | Rake $0 
Seat 5: Shadeuno (button) (small blind) folded before Flop
Seat 6: michasia (big blind) collected ($1)



PokerStars Hand #254434495453:  Hold'em No Limit ($0.50/$1.00 USD) - 2025/01/18 18:13:12 WET [2025/01/18 13:13:12 ET]
Table 'Tercidina III' 6-max Seat #6 is the button
Seat 5: Shadeuno ($14.81 in chips) 
Seat 6: michasia ($100.50 in chips) 
michasia: posts small blind $0.50
Shadeuno: posts big blind $1
*** HOLE CARDS ***
michasia: raises $1.80 to $2.80
Shadeuno: folds 
Uncalled bet ($1.80) returned to michasia
michasia collected $2 from pot
michasia: doesn't show hand 
*** SUMMARY ***
Total pot $2 | Rake $0 
Seat 5: Shadeuno (big blind) folded before Flop
Seat 6: michasia (button) (small blind) collected ($2)



