PokerStars Hand #254440633565:  Hold'em No Limit ($0.50/$1.00 USD) - 2025/01/18 0:15:00 WET [2025/01/18 19:15:00 ET]
Table 'Kochab IV' 6-max Seat #2 is the button
Seat 2: nikalas22 ($100 in chips) 
Seat 4: XneferX ($100 in chips) 
Seat 6: NISIY ($108.27 in chips) 
XneferX: posts small blind $0.50
NISIY: posts big blind $1
*** HOLE CARDS ***
nikalas22: folds 
XneferX: folds 
Uncalled bet ($0.50) returned to NISIY
NISIY collected $1 from pot
NISIY: doesn't show hand 
*** SUMMARY ***
Total pot $1 | Rake $0 
Seat 2: nikalas22 (button) folded before Flop (didn't bet)
Seat 4: XneferX (small blind) folded before Flop
Seat 6: NISIY (big blind) collected ($1)



PokerStars Hand #254440636872:  Hold'em No Limit ($0.50/$1.00 USD) - 2025/01/18 0:15:15 WET [2025/01/18 19:15:15 ET]
Table 'Kochab IV' 6-max Seat #4 is the button
Seat 2: nikalas22 ($100 in chips) 
Seat 4: XneferX ($100 in chips) 
Seat 6: NISIY ($108.77 in chips) 
NISIY: posts small blind $0.50
nikalas22: posts big blind $1
*** HOLE CARDS ***
DonArian joins the table at seat #1 
DonArian is disconnected 
VahTang_89 joins the table at seat #3 
ReVeu710 joins the table at seat #5 
XneferX: raises $1.77 to $2.77
NISIY: raises $9.23 to $12
nikalas22: folds 
XneferX: folds 
Uncalled bet ($9.23) returned to NISIY
NISIY collected $6.54 from pot
NISIY: doesn't show hand 
*** SUMMARY ***
Total pot $6.54 | Rake $0 
Seat 2: nikalas22 (big blind) folded before Flop
Seat 4: XneferX (button) folded before Flop
Seat 6: NISIY (small blind) collected ($6.54)



PokerStars Hand #254440643371:  Hold'em No Limit ($0.50/$1.00 USD) - 2025/01/18 0:15:44 WET [2025/01/18 19:15:44 ET]
Table 'Kochab IV' 6-max Seat #6 is the button
Seat 1: DonArian ($49.64 in chips) is sitting out
Seat 5: ReVeu710 ($100 in chips) is sitting out
Seat 2: nikalas22 ($100 in chips) 
Seat 3: VahTang_89 ($100 in chips) 
Seat 4: XneferX ($100 in chips) 
Seat 6: NISIY ($112.54 in chips) 
nikalas22: posts small blind $0.50
VahTang_89: posts big blind $1
ReVeu710: sits out 
*** HOLE CARDS ***
XneferX: folds 
NISIY: raises $1.50 to $2.50
nikalas22: folds 
VahTang_89: calls $1.50
*** FLOP *** [2h Kh 8h]
VahTang_89: checks 
NISIY: bets $1.72
VahTang_89: folds 
Uncalled bet ($1.72) returned to NISIY
NISIY collected $5.22 from pot
NISIY: doesn't show hand 
*** SUMMARY ***
Total pot $5.50 | Rake $0.28 
Board [2h Kh 8h]
Seat 1: DonArian
Seat 5: ReVeu710
Seat 2: nikalas22 (small blind) folded before Flop
Seat 3: VahTang_89 (big blind) folded on the Flop
Seat 4: XneferX folded before Flop (didn't bet)
Seat 6: NISIY (button) collected ($5.22)



PokerStars Hand #254440648149:  Hold'em No Limit ($0.50/$1.00 USD) - 2025/01/18 0:16:06 WET [2025/01/18 19:16:06 ET]
Table 'Kochab IV' 6-max Seat #2 is the button
Seat 5: ReVeu710 ($100 in chips) is sitting out
Seat 1: DonArian ($49.64 in chips) 
Seat 2: nikalas22 ($100 in chips) 
Seat 3: VahTang_89 ($100 in chips) 
Seat 4: XneferX ($100 in chips) 
Seat 6: NISIY ($115.26 in chips) 
VahTang_89: posts small blind $0.50
XneferX: posts big blind $1
ReVeu710: sits out 
DonArian: posts big blind $1
*** HOLE CARDS ***
NISIY: raises $2.50 to $3.50
DonArian: calls $2.50
nikalas22: folds 
VahTang_89: folds 
XneferX: folds 
*** FLOP *** [6s Td 2c]
NISIY: checks 
DonArian: checks 
*** TURN *** [6s Td 2c] [Jc]
NISIY: checks 
DonArian: bets $4.04
NISIY: raises $6.46 to $10.50
DonArian: folds 
Uncalled bet ($6.46) returned to NISIY
NISIY collected $15.75 from pot
NISIY: doesn't show hand 
*** SUMMARY ***
Total pot $16.58 | Rake $0.83 
Board [6s Td 2c Jc]
Seat 5: ReVeu710
Seat 1: DonArian folded on the Turn
Seat 2: nikalas22 (button) folded before Flop (didn't bet)
Seat 3: VahTang_89 (small blind) folded before Flop
Seat 4: XneferX (big blind) folded before Flop
Seat 6: NISIY collected ($15.75)



PokerStars Hand #254440663999:  Hold'em No Limit ($0.50/$1.00 USD) - 2025/01/18 0:17:17 WET [2025/01/18 19:17:17 ET]
Table 'Kochab IV' 6-max Seat #3 is the button
Seat 1: DonArian ($42.10 in chips) 
Seat 2: nikalas22 ($100 in chips) 
Seat 3: VahTang_89 ($100 in chips) 
Seat 4: XneferX ($100 in chips) 
Seat 5: ReVeu710 ($100 in chips) 
Seat 6: NISIY ($123.47 in chips) 
XneferX: posts small blind $0.50
ReVeu710: posts big blind $1
*** HOLE CARDS ***
NISIY: folds 
DonArian: folds 
nikalas22: folds 
VahTang_89: raises $1.20 to $2.20
XneferX: folds 
ReVeu710: folds 
Uncalled bet ($1.20) returned to VahTang_89
VahTang_89 collected $2.50 from pot
VahTang_89: doesn't show hand 
*** SUMMARY ***
Total pot $2.50 | Rake $0 
Seat 1: DonArian folded before Flop (didn't bet)
Seat 2: nikalas22 folded before Flop (didn't bet)
Seat 3: VahTang_89 (button) collected ($2.50)
Seat 4: XneferX (small blind) folded before Flop
Seat 5: ReVeu710 (big blind) folded before Flop
Seat 6: NISIY folded before Flop (didn't bet)



PokerStars Hand #254440667767:  Hold'em No Limit ($0.50/$1.00 USD) - 2025/01/18 0:17:33 WET [2025/01/18 19:17:33 ET]
Table 'Kochab IV' 6-max Seat #4 is the button
Seat 1: DonArian ($42.10 in chips) 
Seat 2: nikalas22 ($100 in chips) 
Seat 3: VahTang_89 ($101.50 in chips) 
Seat 4: XneferX ($100 in chips) 
Seat 5: ReVeu710 ($100 in chips) 
Seat 6: NISIY ($123.47 in chips) 
ReVeu710: posts small blind $0.50
NISIY: posts big blind $1
*** HOLE CARDS ***
DonArian: calls $1
nikalas22: folds 
VahTang_89: folds 
XneferX: raises $3 to $4
ReVeu710: raises $11 to $15
NISIY: folds 
DonArian: raises $27.10 to $42.10 and is all-in
XneferX: folds 
ReVeu710: calls $27.10
*** FLOP *** [3s 2c 9h]
*** TURN *** [3s 2c 9h] [Jh]
*** RIVER *** [3s 2c 9h Jh] [4c]
*** SHOW DOWN ***
ReVeu710: shows [Ah Js] (a pair of Jacks)
DonArian: shows [6c 6h] (a pair of Sixes)
ReVeu710 collected $86.70 from pot
*** SUMMARY ***
Total pot $89.20 | Rake $2.50 
Board [3s 2c 9h Jh 4c]
Seat 1: DonArian showed [6c 6h] and lost with a pair of Sixes
Seat 2: nikalas22 folded before Flop (didn't bet)
Seat 3: VahTang_89 folded before Flop (didn't bet)
Seat 4: XneferX (button) folded before Flop
Seat 5: ReVeu710 (small blind) showed [Ah Js] and won ($86.70) with a pair of Jacks
Seat 6: NISIY (big blind) folded before Flop



PokerStars Hand #254440679757:  Hold'em No Limit ($0.50/$1.00 USD) - 2025/01/18 0:18:26 WET [2025/01/18 19:18:26 ET]
Table 'Kochab IV' 6-max Seat #5 is the button
Seat 1: DonArian ($0 in chips) is sitting out
Seat 2: nikalas22 ($100 in chips) 
Seat 3: VahTang_89 ($101.50 in chips) 
Seat 4: XneferX ($100 in chips) 
Seat 5: ReVeu710 ($144.60 in chips) 
Seat 6: NISIY ($122.47 in chips) 
NISIY: posts small blind $0.50
nikalas22: posts big blind $1
*** HOLE CARDS ***
VahTang_89: folds 
XneferX: raises $1.30 to $2.30
ReVeu710: calls $2.30
NISIY: raises $12.70 to $15
nikalas22: folds 
XneferX: folds 
ReVeu710: folds 
Uncalled bet ($12.70) returned to NISIY
NISIY collected $7.90 from pot
NISIY: doesn't show hand 
*** SUMMARY ***
Total pot $7.90 | Rake $0 
Seat 1: DonArian
Seat 2: nikalas22 (big blind) folded before Flop
Seat 3: VahTang_89 folded before Flop (didn't bet)
Seat 4: XneferX folded before Flop
Seat 5: ReVeu710 (button) folded before Flop
Seat 6: NISIY (small blind) collected ($7.90)



PokerStars Hand #254440687907:  Hold'em No Limit ($0.50/$1.00 USD) - 2025/01/18 0:19:03 WET [2025/01/18 19:19:03 ET]
Table 'Kochab IV' 6-max Seat #6 is the button
Seat 1: DonArian ($0 in chips) is sitting out
Seat 2: nikalas22 ($100 in chips) 
Seat 3: VahTang_89 ($101.50 in chips) 
Seat 4: XneferX ($100 in chips) 
Seat 5: ReVeu710 ($142.30 in chips) 
Seat 6: NISIY ($128.07 in chips) 
nikalas22: posts small blind $0.50
VahTang_89: posts big blind $1
*** HOLE CARDS ***
XneferX: raises $1.10 to $2.10
DonArian leaves the table
ReVeu710: folds 
NISIY: folds 
nikalas22: folds 
VahTang_89: folds 
Uncalled bet ($1.10) returned to XneferX
XneferX collected $2.50 from pot
XneferX: doesn't show hand 
*** SUMMARY ***
Total pot $2.50 | Rake $0 
Seat 1: DonArian
Seat 2: nikalas22 (small blind) folded before Flop
Seat 3: VahTang_89 (big blind) folded before Flop
Seat 4: XneferX collected ($2.50)
Seat 5: ReVeu710 folded before Flop (didn't bet)
Seat 6: NISIY (button) folded before Flop (didn't bet)



