PokerStars Hand #254429365529:  Hold'em No Limit ($0.50/$1.00 USD) - 2025/01/18 11:06:06 WET [2025/01/18 6:06:06 ET]
Table 'Drakonia III' 6-max Seat #4 is the button
Seat 1: Aescul@pius ($100 in chips) is sitting out
Seat 4: 3EPH ($100 in chips) 
Seat 6: B1GBankroll ($100 in chips) 
3EPH: posts small blind $0.50
B1GBankroll: posts big blind $1
*** HOLE CARDS ***
3EPH: raises $1.50 to $2.50
B1GBankroll: raises $8.75 to $11.25
3EPH: calls $8.75
*** FLOP *** [9h Qs Ah]
B1GBankroll: bets $15.91
3EPH: folds 
Uncalled bet ($15.91) returned to B1GBankroll
B1GBankroll collected $21.50 from pot
B1GBankroll: doesn't show hand 
*** SUMMARY ***
Total pot $22.50 | Rake $1 
Board [9h Qs Ah]
Seat 1: Aescul@pius
Seat 4: 3EPH (button) (small blind) folded on the Flop
Seat 6: B1GBankroll (big blind) collected ($21.50)



PokerStars Hand #254429370642:  Hold'em No Limit ($0.50/$1.00 USD) - 2025/01/18 11:06:45 WET [2025/01/18 6:06:45 ET]
Table 'Drakonia III' 6-max Seat #4 is the button
Seat 1: Aescul@pius ($100 in chips) 
Seat 4: 3EPH ($100 in chips) 
Seat 6: B1GBankroll ($110.25 in chips) 
B1GBankroll: posts small blind $0.50
Aescul@pius: posts big blind $1
*** HOLE CARDS ***
3EPH: raises $1.50 to $2.50
Kristo 914 joins the table at seat #3 
B1GBankroll: folds 
Aescul@pius: calls $1.50
*** FLOP *** [3c 2c Tc]
Aescul@pius: checks 
3EPH: checks 
*** TURN *** [3c 2c Tc] [6h]
perketti joins the table at seat #5 
perketti is disconnected 
Pon4uk.ua joins the table at seat #2 
Aescul@pius: checks 
3EPH: bets $3.92
Aescul@pius: folds 
Uncalled bet ($3.92) returned to 3EPH
3EPH collected $5.22 from pot
3EPH: doesn't show hand 
*** SUMMARY ***
Total pot $5.50 | Rake $0.28 
Board [3c 2c Tc 6h]
Seat 1: Aescul@pius (big blind) folded on the Turn
Seat 4: 3EPH (button) collected ($5.22)
Seat 6: B1GBankroll (small blind) folded before Flop



PokerStars Hand #254429378597:  Hold'em No Limit ($0.50/$1.00 USD) - 2025/01/18 11:07:47 WET [2025/01/18 6:07:47 ET]
Table 'Drakonia III' 6-max Seat #6 is the button
Seat 3: Kristo 914 ($100 in chips) is sitting out
Seat 1: Aescul@pius ($100 in chips) 
Seat 2: Pon4uk.ua ($100 in chips) 
Seat 4: 3EPH ($102.72 in chips) 
Seat 5: perketti ($100 in chips) 
Seat 6: B1GBankroll ($109.75 in chips) 
Aescul@pius: posts small blind $0.50
Pon4uk.ua: posts big blind $1
Kristo 914: sits out 
perketti: posts big blind $1
*** HOLE CARDS ***
3EPH: folds 
perketti: raises $2.50 to $3.50
B1GBankroll: folds 
Aescul@pius: folds 
Pon4uk.ua: folds 
Uncalled bet ($2.50) returned to perketti
perketti collected $2.50 from pot
perketti: doesn't show hand 
*** SUMMARY ***
Total pot $2.50 | Rake $0 
Seat 3: Kristo 914
Seat 1: Aescul@pius (small blind) folded before Flop
Seat 2: Pon4uk.ua (big blind) folded before Flop
Seat 4: 3EPH folded before Flop (didn't bet)
Seat 5: perketti collected ($2.50)
Seat 6: B1GBankroll (button) folded before Flop (didn't bet)



PokerStars Hand #254429381327:  Hold'em No Limit ($0.50/$1.00 USD) - 2025/01/18 11:08:08 WET [2025/01/18 6:08:08 ET]
Table 'Drakonia III' 6-max Seat #1 is the button
Seat 1: Aescul@pius ($100 in chips) 
Seat 2: Pon4uk.ua ($100 in chips) 
Seat 3: Kristo 914 ($100 in chips) 
Seat 4: 3EPH ($102.72 in chips) 
Seat 5: perketti ($101.50 in chips) 
Seat 6: B1GBankroll ($109.75 in chips) 
Pon4uk.ua: posts small blind $0.50
Kristo 914: posts big blind $1
*** HOLE CARDS ***
3EPH: folds 
perketti: folds 
B1GBankroll: folds 
Aescul@pius: folds 
Pon4uk.ua: raises $1.75 to $2.75
Kristo 914: folds 
Uncalled bet ($1.75) returned to Pon4uk.ua
Pon4uk.ua collected $2 from pot
Pon4uk.ua: doesn't show hand 
*** SUMMARY ***
Total pot $2 | Rake $0 
Seat 1: Aescul@pius (button) folded before Flop (didn't bet)
Seat 2: Pon4uk.ua (small blind) collected ($2)
Seat 3: Kristo 914 (big blind) folded before Flop
Seat 4: 3EPH folded before Flop (didn't bet)
Seat 5: perketti folded before Flop (didn't bet)
Seat 6: B1GBankroll folded before Flop (didn't bet)



PokerStars Hand #254429384621:  Hold'em No Limit ($0.50/$1.00 USD) - 2025/01/18 11:08:34 WET [2025/01/18 6:08:34 ET]
Table 'Drakonia III' 6-max Seat #2 is the button
Seat 4: 3EPH ($102.72 in chips) is sitting out
Seat 1: Aescul@pius ($100 in chips) 
Seat 2: Pon4uk.ua ($101 in chips) 
Seat 3: Kristo 914 ($100 in chips) 
Seat 5: perketti ($101.50 in chips) 
Seat 6: B1GBankroll ($109.75 in chips) 
Kristo 914: posts small blind $0.50
3EPH: is sitting out 
perketti: posts big blind $1
*** HOLE CARDS ***
B1GBankroll: folds 
Aescul@pius: folds 
3EPH leaves the table
Pon4uk.ua: raises $1 to $2
Kristo 914: folds 
perketti: calls $1
*** FLOP *** [Tc 5d 8s]
perketti: checks 
Pon4uk.ua: bets $1
perketti: folds 
Uncalled bet ($1) returned to Pon4uk.ua
EAroca joins the table at seat #4 
Pon4uk.ua collected $4.28 from pot
Pon4uk.ua: doesn't show hand 
*** SUMMARY ***
Total pot $4.50 | Rake $0.22 
Board [Tc 5d 8s]
Seat 4: 3EPH
Seat 1: Aescul@pius folded before Flop (didn't bet)
Seat 2: Pon4uk.ua (button) collected ($4.28)
Seat 3: Kristo 914 (small blind) folded before Flop
Seat 5: perketti (big blind) folded on the Flop
Seat 6: B1GBankroll folded before Flop (didn't bet)



PokerStars Hand #254429389919:  Hold'em No Limit ($0.50/$1.00 USD) - 2025/01/18 11:09:15 WET [2025/01/18 6:09:15 ET]
Table 'Drakonia III' 6-max Seat #3 is the button
Seat 4: EAroca ($100 in chips) is sitting out
Seat 1: Aescul@pius ($100 in chips) 
Seat 2: Pon4uk.ua ($103.28 in chips) 
Seat 3: Kristo 914 ($100 in chips) 
Seat 5: perketti ($99.50 in chips) 
Seat 6: B1GBankroll ($109.75 in chips) 
perketti: posts small blind $0.50
B1GBankroll: posts big blind $1
*** HOLE CARDS ***
Aescul@pius: folds 
Pon4uk.ua has timed out
Pon4uk.ua: folds 
Kristo 914: folds 
perketti: raises $1 to $2
B1GBankroll: calls $1
*** FLOP *** [Kh 9d Js]
perketti: bets $1.25
B1GBankroll: folds 
Uncalled bet ($1.25) returned to perketti
perketti collected $3.80 from pot
perketti: doesn't show hand 
*** SUMMARY ***
Total pot $4 | Rake $0.20 
Board [Kh 9d Js]
Seat 4: EAroca
Seat 1: Aescul@pius folded before Flop (didn't bet)
Seat 2: Pon4uk.ua folded before Flop (didn't bet)
Seat 3: Kristo 914 (button) folded before Flop (didn't bet)
Seat 5: perketti (small blind) collected ($3.80)
Seat 6: B1GBankroll (big blind) folded on the Flop



PokerStars Hand #254429395801:  Hold'em No Limit ($0.50/$1.00 USD) - 2025/01/18 11:10:01 WET [2025/01/18 6:10:01 ET]
Table 'Drakonia III' 6-max Seat #5 is the button
Seat 4: EAroca ($100 in chips) is sitting out
Seat 1: Aescul@pius ($100 in chips) 
Seat 2: Pon4uk.ua ($103.28 in chips) 
Seat 3: Kristo 914 ($100 in chips) 
Seat 5: perketti ($101.30 in chips) 
Seat 6: B1GBankroll ($107.75 in chips) 
B1GBankroll: posts small blind $0.50
Aescul@pius: posts big blind $1
EAroca: sits out 
*** HOLE CARDS ***
Pon4uk.ua: folds 
Kristo 914: folds 
perketti: folds 
B1GBankroll: raises $2 to $3
Aescul@pius: folds 
Uncalled bet ($2) returned to B1GBankroll
B1GBankroll collected $2 from pot
B1GBankroll: doesn't show hand 
*** SUMMARY ***
Total pot $2 | Rake $0 
Seat 4: EAroca
Seat 1: Aescul@pius (big blind) folded before Flop
Seat 2: Pon4uk.ua folded before Flop (didn't bet)
Seat 3: Kristo 914 folded before Flop (didn't bet)
Seat 5: perketti (button) folded before Flop (didn't bet)
Seat 6: B1GBankroll (small blind) collected ($2)



PokerStars Hand #254429398315:  Hold'em No Limit ($0.50/$1.00 USD) - 2025/01/18 11:10:20 WET [2025/01/18 6:10:20 ET]
Table 'Drakonia III' 6-max Seat #6 is the button
Seat 4: EAroca ($100 in chips) is sitting out
Seat 1: Aescul@pius ($100 in chips) 
Seat 2: Pon4uk.ua ($103.28 in chips) 
Seat 3: Kristo 914 ($100 in chips) 
Seat 5: perketti ($101.30 in chips) 
Seat 6: B1GBankroll ($108.75 in chips) 
Aescul@pius: posts small blind $0.50
Pon4uk.ua: posts big blind $1
EAroca: sits out 
*** HOLE CARDS ***
Kristo 914: folds 
perketti: raises $2 to $3
B1GBankroll: folds 
Aescul@pius: folds 
Pon4uk.ua: folds 
Uncalled bet ($2) returned to perketti
perketti collected $2.50 from pot
perketti: doesn't show hand 
*** SUMMARY ***
Total pot $2.50 | Rake $0 
Seat 4: EAroca
Seat 1: Aescul@pius (small blind) folded before Flop
Seat 2: Pon4uk.ua (big blind) folded before Flop
Seat 3: Kristo 914 folded before Flop (didn't bet)
Seat 5: perketti collected ($2.50)
Seat 6: B1GBankroll (button) folded before Flop (didn't bet)



PokerStars Hand #254429400377:  Hold'em No Limit ($0.50/$1.00 USD) - 2025/01/18 11:10:36 WET [2025/01/18 6:10:36 ET]
Table 'Drakonia III' 6-max Seat #1 is the button
Seat 4: EAroca ($100 in chips) is sitting out
Seat 1: Aescul@pius ($100 in chips) 
Seat 2: Pon4uk.ua ($102.28 in chips) 
Seat 3: Kristo 914 ($100 in chips) 
Seat 5: perketti ($102.80 in chips) 
Seat 6: B1GBankroll ($108.75 in chips) 
Pon4uk.ua: posts small blind $0.50
Kristo 914: posts big blind $1
EAroca: sits out 
*** HOLE CARDS ***
perketti: raises $2 to $3
B1GBankroll: folds 
Aescul@pius: folds 
Pon4uk.ua: folds 
Kristo 914: folds 
Uncalled bet ($2) returned to perketti
perketti collected $2.50 from pot
perketti: doesn't show hand 
*** SUMMARY ***
Total pot $2.50 | Rake $0 
Seat 4: EAroca
Seat 1: Aescul@pius (button) folded before Flop (didn't bet)
Seat 2: Pon4uk.ua (small blind) folded before Flop
Seat 3: Kristo 914 (big blind) folded before Flop
Seat 5: perketti collected ($2.50)
Seat 6: B1GBankroll folded before Flop (didn't bet)



PokerStars Hand #254429402159:  Hold'em No Limit ($0.50/$1.00 USD) - 2025/01/18 11:10:50 WET [2025/01/18 6:10:50 ET]
Table 'Drakonia III' 6-max Seat #2 is the button
Seat 1: Aescul@pius ($100 in chips) 
Seat 2: Pon4uk.ua ($101.78 in chips) 
Seat 3: Kristo 914 ($100 in chips) 
Seat 4: EAroca ($100 in chips) 
Seat 5: perketti ($104.30 in chips) 
Seat 6: B1GBankroll ($108.75 in chips) 
Kristo 914: posts small blind $0.50
EAroca: posts big blind $1
*** HOLE CARDS ***
perketti: folds 
perketti leaves the table
B1GBankroll: raises $1.50 to $2.50
Aescul@pius: folds 
Pon4uk.ua: folds 
Kristo 914: folds 
EAroca: folds 
Uncalled bet ($1.50) returned to B1GBankroll
B1GBankroll collected $2.50 from pot
B1GBankroll: doesn't show hand 
*** SUMMARY ***
Total pot $2.50 | Rake $0 
Seat 1: Aescul@pius folded before Flop (didn't bet)
Seat 2: Pon4uk.ua (button) folded before Flop (didn't bet)
Seat 3: Kristo 914 (small blind) folded before Flop
Seat 4: EAroca (big blind) folded before Flop
Seat 5: perketti folded before Flop (didn't bet)
Seat 6: B1GBankroll collected ($2.50)



PokerStars Hand #254429406032:  Hold'em No Limit ($0.50/$1.00 USD) - 2025/01/18 11:11:20 WET [2025/01/18 6:11:20 ET]
Table 'Drakonia III' 6-max Seat #3 is the button
Seat 1: Aescul@pius ($100 in chips) 
Seat 2: Pon4uk.ua ($101.78 in chips) 
Seat 3: Kristo 914 ($100 in chips) 
Seat 4: EAroca ($100 in chips) 
Seat 6: B1GBankroll ($110.25 in chips) 
EAroca: posts small blind $0.50
B1GBankroll: posts big blind $1
*** HOLE CARDS ***
Aescul@pius: folds 
Pon4uk.ua: folds 
Kristo 914: folds 
EAroca: raises $2 to $3
B1GBankroll: raises $6 to $9
EAroca: raises $13.50 to $22.50
B1GBankroll: calls $13.50
*** FLOP *** [Kc 8c 4c]
EAroca: bets $10.69
B1GBankroll: calls $10.69
*** TURN *** [Kc 8c 4c] [8d]
EAroca: bets $15.98
Kima1011 joins the table at seat #5 
Kima1011 is disconnected 
B1GBankroll: calls $15.98
*** RIVER *** [Kc 8c 4c 8d] [6d]
EAroca: checks 
B1GBankroll: checks 
*** SHOW DOWN ***
EAroca: shows [Jc Js] (two pair, Jacks and Eights)
B1GBankroll: mucks hand 
EAroca collected $95.84 from pot
*** SUMMARY ***
Total pot $98.34 | Rake $2.50 
Board [Kc 8c 4c 8d 6d]
Seat 1: Aescul@pius folded before Flop (didn't bet)
Seat 2: Pon4uk.ua folded before Flop (didn't bet)
Seat 3: Kristo 914 (button) folded before Flop (didn't bet)
Seat 4: EAroca (small blind) showed [Jc Js] and won ($95.84) with two pair, Jacks and Eights
Seat 6: B1GBankroll (big blind) mucked



PokerStars Hand #254429425561:  Hold'em No Limit ($0.50/$1.00 USD) - 2025/01/18 11:13:50 WET [2025/01/18 6:13:50 ET]
Table 'Drakonia III' 6-max Seat #4 is the button
Seat 5: Kima1011 ($41.78 in chips) is sitting out
Seat 1: Aescul@pius ($100 in chips) 
Seat 2: Pon4uk.ua ($101.78 in chips) 
Seat 3: Kristo 914 ($100 in chips) 
Seat 4: EAroca ($146.67 in chips) 
Seat 6: B1GBankroll ($100 in chips) 
B1GBankroll: posts small blind $0.50
Aescul@pius: posts big blind $1
*** HOLE CARDS ***
Pon4uk.ua: folds 
Kristo 914: folds 
EAroca: raises $1.50 to $2.50
B1GBankroll: folds 
Aescul@pius: raises $9.50 to $12
EAroca: calls $9.50
*** FLOP *** [Ac 9s 4c]
Aescul@pius: bets $7.68
EAroca: calls $7.68
*** TURN *** [Ac 9s 4c] [4d]
Aescul@pius: checks 
EAroca: checks 
*** RIVER *** [Ac 9s 4c 4d] [3d]
Aescul@pius: checks 
EAroca: checks 
*** SHOW DOWN ***
Aescul@pius: shows [Td Th] (two pair, Tens and Fours)
EAroca: mucks hand 
Aescul@pius collected $37.87 from pot
*** SUMMARY ***
Total pot $39.86 | Rake $1.99 
Board [Ac 9s 4c 4d 3d]
Seat 5: Kima1011
Seat 1: Aescul@pius (big blind) showed [Td Th] and won ($37.87) with two pair, Tens and Fours
Seat 2: Pon4uk.ua folded before Flop (didn't bet)
Seat 3: Kristo 914 folded before Flop (didn't bet)
Seat 4: EAroca (button) mucked
Seat 6: B1GBankroll (small blind) folded before Flop



PokerStars Hand #254429443106:  Hold'em No Limit ($0.50/$1.00 USD) - 2025/01/18 11:16:00 WET [2025/01/18 6:16:00 ET]
Table 'Drakonia III' 6-max Seat #6 is the button
Seat 1: Aescul@pius ($118.19 in chips) 
Seat 2: Pon4uk.ua ($101.78 in chips) 
Seat 3: Kristo 914 ($100 in chips) 
Seat 4: EAroca ($126.99 in chips) 
Seat 5: Kima1011 ($41.78 in chips) 
Seat 6: B1GBankroll ($100 in chips) 
Aescul@pius: posts small blind $0.50
Pon4uk.ua: posts big blind $1
Kima1011: posts big blind $1
*** HOLE CARDS ***
Kristo 914: folds 
EAroca: folds 
Kima1011: checks 
B1GBankroll: folds 
Aescul@pius: raises $3 to $4
Pon4uk.ua: folds 
Kima1011: calls $3
*** FLOP *** [7c Th 2d]
Aescul@pius: checks 
Kima1011: bets $4.28
Aescul@pius: calls $4.28
*** TURN *** [7c Th 2d] [Ah]
Aescul@pius: checks 
Kima1011: bets $8.34
Aescul@pius: raises $101.57 to $109.91 and is all-in
Kima1011: folds 
Uncalled bet ($101.57) returned to Aescul@pius
Aescul@pius collected $32.53 from pot
Aescul@pius: doesn't show hand 
*** SUMMARY ***
Total pot $34.24 | Rake $1.71 
Board [7c Th 2d Ah]
Seat 1: Aescul@pius (small blind) collected ($32.53)
Seat 2: Pon4uk.ua (big blind) folded before Flop
Seat 3: Kristo 914 folded before Flop (didn't bet)
Seat 4: EAroca folded before Flop (didn't bet)
Seat 5: Kima1011 folded on the Turn
Seat 6: B1GBankroll (button) folded before Flop (didn't bet)



PokerStars Hand #254429455023:  Hold'em No Limit ($0.50/$1.00 USD) - 2025/01/18 11:17:28 WET [2025/01/18 6:17:28 ET]
Table 'Drakonia III' 6-max Seat #1 is the button
Seat 1: Aescul@pius ($134.10 in chips) 
Seat 2: Pon4uk.ua ($100.78 in chips) 
Seat 3: Kristo 914 ($100 in chips) 
Seat 4: EAroca ($126.99 in chips) 
Seat 5: Kima1011 ($25.16 in chips) 
Seat 6: B1GBankroll ($100 in chips) 
Pon4uk.ua: posts small blind $0.50
Kristo 914: posts big blind $1
*** HOLE CARDS ***
EAroca: raises $1 to $2
Kima1011: raises $23.16 to $25.16 and is all-in
B1GBankroll: folds 
Aescul@pius: folds 
Pon4uk.ua: calls $24.66
Kristo 914: folds 
EAroca: folds 
Kima1011 has timed out
*** FIRST FLOP *** [5s 8h 3s]
*** FIRST TURN *** [5s 8h 3s] [4h]
*** FIRST RIVER *** [5s 8h 3s 4h] [Ad]
*** SECOND FLOP *** [2c Th 5d]
*** SECOND TURN *** [2c Th 5d] [Td]
*** SECOND RIVER *** [2c Th 5d Td] [2h]
*** FIRST SHOW DOWN ***
Pon4uk.ua: shows [Kh Kc] (a pair of Kings)
Kima1011: shows [4c Jd] (a pair of Fours)
Pon4uk.ua collected $25.41 from pot
*** SECOND SHOW DOWN ***
Pon4uk.ua: shows [Kh Kc] (two pair, Kings and Tens)
Kima1011: shows [4c Jd] (two pair, Tens and Deuces)
Pon4uk.ua collected $25.41 from pot
*** SUMMARY ***
Total pot $53.32 | Rake $2.50 
Hand was run twice
FIRST Board [5s 8h 3s 4h Ad]
SECOND Board [2c Th 5d Td 2h]
Seat 1: Aescul@pius (button) folded before Flop (didn't bet)
Seat 2: Pon4uk.ua (small blind) showed [Kh Kc] and won ($25.41) with a pair of Kings, and won ($25.41) with two pair, Kings and Tens
Seat 3: Kristo 914 (big blind) folded before Flop
Seat 4: EAroca folded before Flop
Seat 5: Kima1011 showed [4c Jd] and lost with a pair of Fours, and lost with two pair, Tens and Deuces
Seat 6: B1GBankroll folded before Flop (didn't bet)



PokerStars Hand #254429464153:  Hold'em No Limit ($0.50/$1.00 USD) - 2025/01/18 11:18:34 WET [2025/01/18 6:18:34 ET]
Table 'Drakonia III' 6-max Seat #2 is the button
Seat 1: Aescul@pius ($134.10 in chips) is sitting out
Seat 5: Kima1011 ($0 in chips) is sitting out
Seat 2: Pon4uk.ua ($126.44 in chips) 
Seat 3: Kristo 914 ($100 in chips) 
Seat 4: EAroca ($124.99 in chips) 
Seat 6: B1GBankroll ($100 in chips) 
Kristo 914: posts small blind $0.50
EAroca: posts big blind $1
*** HOLE CARDS ***
B1GBankroll: folds 
Pon4uk.ua: raises $1.50 to $2.50
Kristo 914: folds 
Kima1011 is disconnected 
EAroca: folds 
Uncalled bet ($1.50) returned to Pon4uk.ua
Pon4uk.ua collected $2.50 from pot
Pon4uk.ua: doesn't show hand 
*** SUMMARY ***
Total pot $2.50 | Rake $0 
Seat 1: Aescul@pius
Seat 5: Kima1011
Seat 2: Pon4uk.ua (button) collected ($2.50)
Seat 3: Kristo 914 (small blind) folded before Flop
Seat 4: EAroca (big blind) folded before Flop
Seat 6: B1GBankroll folded before Flop (didn't bet)



PokerStars Hand #254429466984:  Hold'em No Limit ($0.50/$1.00 USD) - 2025/01/18 11:18:55 WET [2025/01/18 6:18:55 ET]
Table 'Drakonia III' 6-max Seat #3 is the button
Seat 1: Aescul@pius ($134.10 in chips) is sitting out
Seat 5: Kima1011 ($0 in chips) is sitting out
Seat 2: Pon4uk.ua ($127.94 in chips) 
Seat 3: Kristo 914 ($100 in chips) 
Seat 4: EAroca ($123.99 in chips) 
Seat 6: B1GBankroll ($100 in chips) 
EAroca: posts small blind $0.50
B1GBankroll: posts big blind $1
*** HOLE CARDS ***
Pon4uk.ua: folds 
Kristo 914: folds 
EAroca: raises $2 to $3
B1GBankroll: calls $2
*** FLOP *** [Jc Kc Ac]
EAroca: checks 
B1GBankroll: checks 
*** TURN *** [Jc Kc Ac] [7c]
EAroca: checks 
B1GBankroll: checks 
*** RIVER *** [Jc Kc Ac 7c] [2s]
EAroca: bets $3.76
B1GBankroll: calls $3.76
*** SHOW DOWN ***
EAroca: shows [Ah 8c] (a flush, Ace high)
B1GBankroll: mucks hand 
EAroca collected $12.84 from pot
*** SUMMARY ***
Total pot $13.52 | Rake $0.68 
Board [Jc Kc Ac 7c 2s]
Seat 1: Aescul@pius
Seat 5: Kima1011
Seat 2: Pon4uk.ua folded before Flop (didn't bet)
Seat 3: Kristo 914 (button) folded before Flop (didn't bet)
Seat 4: EAroca (small blind) showed [Ah 8c] and won ($12.84) with a flush, Ace high
Seat 6: B1GBankroll (big blind) mucked



PokerStars Hand #254429477509:  Hold'em No Limit ($0.50/$1.00 USD) - 2025/01/18 11:20:13 WET [2025/01/18 6:20:13 ET]
Table 'Drakonia III' 6-max Seat #4 is the button
Seat 5: Kima1011 ($0 in chips) is sitting out
Seat 1: Aescul@pius ($134.10 in chips) 
Seat 2: Pon4uk.ua ($127.94 in chips) 
Seat 3: Kristo 914 ($100 in chips) 
Seat 4: EAroca ($130.07 in chips) 
Seat 6: B1GBankroll ($100 in chips) 
B1GBankroll: posts small blind $0.50
Aescul@pius: posts big blind $1
*** HOLE CARDS ***
Pon4uk.ua: folds 
Kristo 914: folds 
EAroca: folds 
B1GBankroll: folds 
Uncalled bet ($0.50) returned to Aescul@pius
Aescul@pius collected $1 from pot
Aescul@pius: doesn't show hand 
*** SUMMARY ***
Total pot $1 | Rake $0 
Seat 5: Kima1011
Seat 1: Aescul@pius (big blind) collected ($1)
Seat 2: Pon4uk.ua folded before Flop (didn't bet)
Seat 3: Kristo 914 folded before Flop (didn't bet)
Seat 4: EAroca (button) folded before Flop (didn't bet)
Seat 6: B1GBankroll (small blind) folded before Flop



PokerStars Hand #254429480084:  Hold'em No Limit ($0.50/$1.00 USD) - 2025/01/18 11:20:31 WET [2025/01/18 6:20:31 ET]
Table 'Drakonia III' 6-max Seat #6 is the button
Seat 2: Pon4uk.ua ($127.94 in chips) is sitting out
Seat 5: Kima1011 ($0 in chips) is sitting out
Seat 1: Aescul@pius ($134.60 in chips) 
Seat 3: Kristo 914 ($100 in chips) 
Seat 4: EAroca ($130.07 in chips) 
Seat 6: B1GBankroll ($100 in chips) 
Aescul@pius: posts small blind $0.50
Pon4uk.ua: is sitting out 
Kristo 914: posts big blind $1
*** HOLE CARDS ***
EAroca: raises $1.30 to $2.30
B1GBankroll: folds 
Aescul@pius: folds 
Kristo 914: folds 
Uncalled bet ($1.30) returned to EAroca
EAroca collected $2.50 from pot
EAroca: doesn't show hand 
*** SUMMARY ***
Total pot $2.50 | Rake $0 
Seat 2: Pon4uk.ua
Seat 5: Kima1011
Seat 1: Aescul@pius (small blind) folded before Flop
Seat 3: Kristo 914 (big blind) folded before Flop
Seat 4: EAroca collected ($2.50)
Seat 6: B1GBankroll (button) folded before Flop (didn't bet)



PokerStars Hand #254429485717:  Hold'em No Limit ($0.50/$1.00 USD) - 2025/01/18 11:21:13 WET [2025/01/18 6:21:13 ET]
Table 'Drakonia III' 6-max Seat #1 is the button
Seat 2: Pon4uk.ua ($127.94 in chips) is sitting out
Seat 5: Kima1011 ($0 in chips) is sitting out
Seat 1: Aescul@pius ($134.10 in chips) 
Seat 3: Kristo 914 ($100 in chips) 
Seat 4: EAroca ($131.57 in chips) 
Seat 6: B1GBankroll ($100 in chips) 
Kristo 914: posts small blind $0.50
EAroca: posts big blind $1
*** HOLE CARDS ***
Pon4uk.ua leaves the table
B1GBankroll: folds 
Aescul@pius: raises $1.50 to $2.50
Kristo 914: raises $8.50 to $11
EAroca: folds 
Aescul@pius: folds 
Uncalled bet ($8.50) returned to Kristo 914
Kristo 914 collected $6 from pot
Kristo 914: doesn't show hand 
*** SUMMARY ***
Total pot $6 | Rake $0 
Seat 2: Pon4uk.ua
Seat 5: Kima1011
Seat 1: Aescul@pius (button) folded before Flop
Seat 3: Kristo 914 (small blind) collected ($6)
Seat 4: EAroca (big blind) folded before Flop
Seat 6: B1GBankroll folded before Flop (didn't bet)



PokerStars Hand #254429489164:  Hold'em No Limit ($0.50/$1.00 USD) - 2025/01/18 11:21:39 WET [2025/01/18 6:21:39 ET]
Table 'Drakonia III' 6-max Seat #3 is the button
Seat 5: Kima1011 ($0 in chips) is sitting out
Seat 1: Aescul@pius ($131.60 in chips) 
Seat 3: Kristo 914 ($103.50 in chips) 
Seat 4: EAroca ($130.57 in chips) 
Seat 6: B1GBankroll ($100 in chips) 
EAroca: posts small blind $0.50
B1GBankroll: posts big blind $1
*** HOLE CARDS ***
Aescul@pius: folds 
Kristo 914: folds 
EAroca: folds 
Uncalled bet ($0.50) returned to B1GBankroll
B1GBankroll collected $1 from pot
B1GBankroll: doesn't show hand 
*** SUMMARY ***
Total pot $1 | Rake $0 
Seat 5: Kima1011
Seat 1: Aescul@pius folded before Flop (didn't bet)
Seat 3: Kristo 914 (button) folded before Flop (didn't bet)
Seat 4: EAroca (small blind) folded before Flop
Seat 6: B1GBankroll (big blind) collected ($1)



PokerStars Hand #254429490957:  Hold'em No Limit ($0.50/$1.00 USD) - 2025/01/18 11:21:53 WET [2025/01/18 6:21:53 ET]
Table 'Drakonia III' 6-max Seat #4 is the button
Seat 5: Kima1011 ($0 in chips) is sitting out
Seat 1: Aescul@pius ($131.60 in chips) 
Seat 3: Kristo 914 ($103.50 in chips) 
Seat 4: EAroca ($130.07 in chips) 
Seat 6: B1GBankroll ($100.50 in chips) 
B1GBankroll: posts small blind $0.50
Aescul@pius: posts big blind $1
*** HOLE CARDS ***
Kristo 914: folds 
EAroca: folds 
B1GBankroll: folds 
Uncalled bet ($0.50) returned to Aescul@pius
Aescul@pius collected $1 from pot
Aescul@pius: doesn't show hand 
*** SUMMARY ***
Total pot $1 | Rake $0 
Seat 5: Kima1011
Seat 1: Aescul@pius (big blind) collected ($1)
Seat 3: Kristo 914 folded before Flop (didn't bet)
Seat 4: EAroca (button) folded before Flop (didn't bet)
Seat 6: B1GBankroll (small blind) folded before Flop



PokerStars Hand #254429493574:  Hold'em No Limit ($0.50/$1.00 USD) - 2025/01/18 11:22:12 WET [2025/01/18 6:22:12 ET]
Table 'Drakonia III' 6-max Seat #6 is the button
Seat 5: Kima1011 ($0 in chips) is sitting out
Seat 1: Aescul@pius ($132.10 in chips) 
Seat 3: Kristo 914 ($103.50 in chips) 
Seat 4: EAroca ($130.07 in chips) 
Seat 6: B1GBankroll ($100 in chips) 
Aescul@pius: posts small blind $0.50
Kristo 914: posts big blind $1
*** HOLE CARDS ***
EAroca: folds 
B1GBankroll: folds 
Aescul@pius: folds 
Uncalled bet ($0.50) returned to Kristo 914
Kristo 914 collected $1 from pot
Kristo 914: doesn't show hand 
*** SUMMARY ***
Total pot $1 | Rake $0 
Seat 5: Kima1011
Seat 1: Aescul@pius (small blind) folded before Flop
Seat 3: Kristo 914 (big blind) collected ($1)
Seat 4: EAroca folded before Flop (didn't bet)
Seat 6: B1GBankroll (button) folded before Flop (didn't bet)



PokerStars Hand #254429495582:  Hold'em No Limit ($0.50/$1.00 USD) - 2025/01/18 11:22:28 WET [2025/01/18 6:22:28 ET]
Table 'Drakonia III' 6-max Seat #1 is the button
Seat 5: Kima1011 ($0 in chips) is sitting out
Seat 1: Aescul@pius ($131.60 in chips) 
Seat 3: Kristo 914 ($104 in chips) 
Seat 4: EAroca ($130.07 in chips) 
Seat 6: B1GBankroll ($100 in chips) 
Kristo 914: posts small blind $0.50
EAroca: posts big blind $1
*** HOLE CARDS ***
B1GBankroll: raises $1.50 to $2.50
Aescul@pius: folds 
Kristo 914: folds 
EAroca: calls $1.50
*** FLOP *** [2d As Qh]
EAroca: checks 
B1GBankroll: bets $2.56
EAroca: calls $2.56
*** TURN *** [2d As Qh] [Jc]
EAroca: checks 
B1GBankroll: checks 
*** RIVER *** [2d As Qh Jc] [9h]
EAroca: bets $15.14
B1GBankroll: folds 
Uncalled bet ($15.14) returned to EAroca
EAroca collected $10.09 from pot
EAroca: doesn't show hand 
*** SUMMARY ***
Total pot $10.62 | Rake $0.53 
Board [2d As Qh Jc 9h]
Seat 5: Kima1011
Seat 1: Aescul@pius (button) folded before Flop (didn't bet)
Seat 3: Kristo 914 (small blind) folded before Flop
Seat 4: EAroca (big blind) collected ($10.09)
Seat 6: B1GBankroll folded on the River



PokerStars Hand #254429511567:  Hold'em No Limit ($0.50/$1.00 USD) - 2025/01/18 11:24:27 WET [2025/01/18 6:24:27 ET]
Table 'Drakonia III' 6-max Seat #3 is the button
Seat 5: Kima1011 ($0 in chips) is sitting out
Seat 1: Aescul@pius ($131.60 in chips) 
Seat 3: Kristo 914 ($103.50 in chips) 
Seat 4: EAroca ($135.10 in chips) 
Seat 6: B1GBankroll ($100 in chips) 
EAroca: posts small blind $0.50
B1GBankroll: posts big blind $1
*** HOLE CARDS ***
Pon4uk.ua joins the table at seat #2 
Aescul@pius: raises $1.20 to $2.20
Kristo 914: folds 
EAroca: folds 
B1GBankroll: folds 
Uncalled bet ($1.20) returned to Aescul@pius
Aescul@pius collected $2.50 from pot
Aescul@pius: doesn't show hand 
*** SUMMARY ***
Total pot $2.50 | Rake $0 
Seat 5: Kima1011
Seat 1: Aescul@pius collected ($2.50)
Seat 3: Kristo 914 (button) folded before Flop (didn't bet)
Seat 4: EAroca (small blind) folded before Flop
Seat 6: B1GBankroll (big blind) folded before Flop



PokerStars Hand #254429514925:  Hold'em No Limit ($0.50/$1.00 USD) - 2025/01/18 11:24:51 WET [2025/01/18 6:24:51 ET]
Table 'Drakonia III' 6-max Seat #4 is the button
Seat 2: Pon4uk.ua ($127.94 in chips) is sitting out
Seat 5: Kima1011 ($0 in chips) is sitting out
Seat 1: Aescul@pius ($133.10 in chips) 
Seat 3: Kristo 914 ($103.50 in chips) 
Seat 4: EAroca ($134.60 in chips) 
Seat 6: B1GBankroll ($100 in chips) 
B1GBankroll: posts small blind $0.50
Aescul@pius: posts big blind $1
Pon4uk.ua: sits out 
*** HOLE CARDS ***
Kristo 914: folds 
EAroca: raises $1.50 to $2.50
B1GBankroll: folds 
Aescul@pius: calls $1.50
*** FLOP *** [Th 8c 3s]
Aescul@pius: checks 
EAroca: bets $3.45
Aescul@pius: raises $7.45 to $10.90
EAroca: folds 
Uncalled bet ($7.45) returned to Aescul@pius
Aescul@pius collected $11.78 from pot
Aescul@pius: doesn't show hand 
*** SUMMARY ***
Total pot $12.40 | Rake $0.62 
Board [Th 8c 3s]
Seat 2: Pon4uk.ua
Seat 5: Kima1011
Seat 1: Aescul@pius (big blind) collected ($11.78)
Seat 3: Kristo 914 folded before Flop (didn't bet)
Seat 4: EAroca (button) folded on the Flop
Seat 6: B1GBankroll (small blind) folded before Flop



PokerStars Hand #254429523747:  Hold'em No Limit ($0.50/$1.00 USD) - 2025/01/18 11:25:57 WET [2025/01/18 6:25:57 ET]
Table 'Drakonia III' 6-max Seat #6 is the button
Seat 5: Kima1011 ($0 in chips) is sitting out
Seat 1: Aescul@pius ($138.93 in chips) 
Seat 2: Pon4uk.ua ($127.94 in chips) 
Seat 3: Kristo 914 ($103.50 in chips) 
Seat 4: EAroca ($128.65 in chips) 
Seat 6: B1GBankroll ($100 in chips) 
Aescul@pius: posts small blind $0.50
Pon4uk.ua: posts big blind $1
*** HOLE CARDS ***
Kristo 914: folds 
EAroca: folds 
B1GBankroll: folds 
Aescul@pius: folds 
Uncalled bet ($0.50) returned to Pon4uk.ua
Pon4uk.ua collected $1 from pot
Pon4uk.ua: doesn't show hand 
*** SUMMARY ***
Total pot $1 | Rake $0 
Seat 5: Kima1011
Seat 1: Aescul@pius (small blind) folded before Flop
Seat 2: Pon4uk.ua (big blind) collected ($1)
Seat 3: Kristo 914 folded before Flop (didn't bet)
Seat 4: EAroca folded before Flop (didn't bet)
Seat 6: B1GBankroll (button) folded before Flop (didn't bet)



PokerStars Hand #254429525268:  Hold'em No Limit ($0.50/$1.00 USD) - 2025/01/18 11:26:09 WET [2025/01/18 6:26:09 ET]
Table 'Drakonia III' 6-max Seat #1 is the button
Seat 5: Kima1011 ($0 in chips) is sitting out
Seat 1: Aescul@pius ($138.43 in chips) 
Seat 2: Pon4uk.ua ($128.44 in chips) 
Seat 3: Kristo 914 ($103.50 in chips) 
Seat 4: EAroca ($128.65 in chips) 
Seat 6: B1GBankroll ($100 in chips) 
Pon4uk.ua: posts small blind $0.50
Kristo 914: posts big blind $1
*** HOLE CARDS ***
EAroca: raises $1.10 to $2.10
B1GBankroll: folds 
Aescul@pius: folds 
Pon4uk.ua: folds 
Kristo 914: folds 
Uncalled bet ($1.10) returned to EAroca
EAroca collected $2.50 from pot
EAroca: doesn't show hand 
*** SUMMARY ***
Total pot $2.50 | Rake $0 
Seat 5: Kima1011
Seat 1: Aescul@pius (button) folded before Flop (didn't bet)
Seat 2: Pon4uk.ua (small blind) folded before Flop
Seat 3: Kristo 914 (big blind) folded before Flop
Seat 4: EAroca collected ($2.50)
Seat 6: B1GBankroll folded before Flop (didn't bet)



PokerStars Hand #254429527471:  Hold'em No Limit ($0.50/$1.00 USD) - 2025/01/18 11:26:25 WET [2025/01/18 6:26:25 ET]
Table 'Drakonia III' 6-max Seat #2 is the button
Seat 5: Kima1011 ($0 in chips) is sitting out
Seat 1: Aescul@pius ($138.43 in chips) 
Seat 2: Pon4uk.ua ($127.94 in chips) 
Seat 3: Kristo 914 ($102.50 in chips) 
Seat 4: EAroca ($130.15 in chips) 
Seat 6: B1GBankroll ($100 in chips) 
Kristo 914: posts small blind $0.50
EAroca: posts big blind $1
*** HOLE CARDS ***
B1GBankroll: folds 
Aescul@pius: raises $1.20 to $2.20
Pon4uk.ua: raises $5.30 to $7.50
Kristo 914: folds 
EAroca: folds 
Aescul@pius: folds 
Uncalled bet ($5.30) returned to Pon4uk.ua
Pon4uk.ua collected $5.90 from pot
Pon4uk.ua: doesn't show hand 
*** SUMMARY ***
Total pot $5.90 | Rake $0 
Seat 5: Kima1011
Seat 1: Aescul@pius folded before Flop
Seat 2: Pon4uk.ua (button) collected ($5.90)
Seat 3: Kristo 914 (small blind) folded before Flop
Seat 4: EAroca (big blind) folded before Flop
Seat 6: B1GBankroll folded before Flop (didn't bet)



PokerStars Hand #254429533197:  Hold'em No Limit ($0.50/$1.00 USD) - 2025/01/18 11:27:07 WET [2025/01/18 6:27:07 ET]
Table 'Drakonia III' 6-max Seat #3 is the button
Seat 5: Kima1011 ($0 in chips) is sitting out
Seat 6: B1GBankroll ($100 in chips) is sitting out
Seat 1: Aescul@pius ($136.23 in chips) 
Seat 2: Pon4uk.ua ($131.64 in chips) 
Seat 3: Kristo 914 ($102 in chips) 
Seat 4: EAroca ($129.15 in chips) 
EAroca: posts small blind $0.50
B1GBankroll: is sitting out 
Aescul@pius: posts big blind $1
*** HOLE CARDS ***
Pon4uk.ua: raises $1 to $2
B1GBankroll leaves the table
Kristo 914: folds 
EAroca: folds 
Aescul@pius: calls $1
*** FLOP *** [Ad 8s As]
Aescul@pius: checks 
Pon4uk.ua: bets $2
Aescul@pius: calls $2
*** TURN *** [Ad 8s As] [9c]
AK2021697 joins the table at seat #6 
AK2021697 is disconnected 
Aescul@pius: checks 
Pon4uk.ua: bets $6.06
Aescul@pius: calls $6.06
*** RIVER *** [Ad 8s As 9c] [9s]
Aescul@pius: bets $13.52
Pon4uk.ua: calls $13.52
*** SHOW DOWN ***
Aescul@pius: shows [Ac 7h] (a full house, Aces full of Nines)
Pon4uk.ua: shows [Td Ah] (a full house, Aces full of Nines)
Aescul@pius collected $23.33 from pot
Pon4uk.ua collected $23.33 from pot
Kima1011 leaves the table
*** SUMMARY ***
Total pot $47.66 | Rake $1 
Board [Ad 8s As 9c 9s]
Seat 5: Kima1011
Seat 6: B1GBankroll
Seat 1: Aescul@pius (big blind) showed [Ac 7h] and won ($23.33) with a full house, Aces full of Nines
Seat 2: Pon4uk.ua showed [Td Ah] and won ($23.33) with a full house, Aces full of Nines
Seat 3: Kristo 914 (button) folded before Flop (didn't bet)
Seat 4: EAroca (small blind) folded before Flop



PokerStars Hand #254429565857:  Hold'em No Limit ($0.50/$1.00 USD) - 2025/01/18 11:31:08 WET [2025/01/18 6:31:08 ET]
Table 'Drakonia III' 6-max Seat #3 is the button
Seat 1: Aescul@pius ($116.47 in chips) 
Seat 2: Pon4uk.ua ($140.40 in chips) 
Seat 3: Kristo 914 ($114 in chips) 
Seat 4: EAroca ($127.65 in chips) 
Seat 5: blistein ($100 in chips) 
Seat 6: AK2021697 ($48.32 in chips) 
EAroca: posts small blind $0.50
blistein: posts big blind $1
*** HOLE CARDS ***
AK2021697: folds 
Aescul@pius: raises $1 to $2
Pon4uk.ua: folds 
Kristo 914: folds 
EAroca: folds 
blistein: folds 
Uncalled bet ($1) returned to Aescul@pius
Aescul@pius collected $2.50 from pot
Aescul@pius: doesn't show hand 
*** SUMMARY ***
Total pot $2.50 | Rake $0 
Seat 1: Aescul@pius collected ($2.50)
Seat 2: Pon4uk.ua folded before Flop (didn't bet)
Seat 3: Kristo 914 (button) folded before Flop (didn't bet)
Seat 4: EAroca (small blind) folded before Flop
Seat 5: blistein (big blind) folded before Flop
Seat 6: AK2021697 folded before Flop (didn't bet)



PokerStars Hand #254429568662:  Hold'em No Limit ($0.50/$1.00 USD) - 2025/01/18 11:31:29 WET [2025/01/18 6:31:29 ET]
Table 'Drakonia III' 6-max Seat #4 is the button
Seat 1: Aescul@pius ($117.97 in chips) 
Seat 2: Pon4uk.ua ($140.40 in chips) 
Seat 3: Kristo 914 ($114 in chips) 
Seat 4: EAroca ($127.15 in chips) 
Seat 5: blistein ($100 in chips) 
Seat 6: AK2021697 ($48.32 in chips) 
blistein: posts small blind $0.50
AK2021697: posts big blind $1
*** HOLE CARDS ***
Aescul@pius: folds 
Pon4uk.ua: folds 
Kristo 914: folds 
EAroca: folds 
blistein: raises $2 to $3
AK2021697: calls $2
*** FLOP *** [Kc 3c 9d]
blistein: checks 
AK2021697: checks 
*** TURN *** [Kc 3c 9d] [Ah]
blistein: bets $4.28
AK2021697: calls $4.28
*** RIVER *** [Kc 3c 9d Ah] [9h]
blistein: checks 
AK2021697: checks 
*** SHOW DOWN ***
blistein: shows [As Js] (two pair, Aces and Nines)
AK2021697: mucks hand 
blistein collected $13.83 from pot
*** SUMMARY ***
Total pot $14.56 | Rake $0.73 
Board [Kc 3c 9d Ah 9h]
Seat 1: Aescul@pius folded before Flop (didn't bet)
Seat 2: Pon4uk.ua folded before Flop (didn't bet)
Seat 3: Kristo 914 folded before Flop (didn't bet)
Seat 4: EAroca (button) folded before Flop (didn't bet)
Seat 5: blistein (small blind) showed [As Js] and won ($13.83) with two pair, Aces and Nines
Seat 6: AK2021697 (big blind) mucked



PokerStars Hand #254429576329:  Hold'em No Limit ($0.50/$1.00 USD) - 2025/01/18 11:32:25 WET [2025/01/18 6:32:25 ET]
Table 'Drakonia III' 6-max Seat #5 is the button
Seat 1: Aescul@pius ($117.97 in chips) 
Seat 2: Pon4uk.ua ($140.40 in chips) 
Seat 3: Kristo 914 ($114 in chips) 
Seat 4: EAroca ($127.15 in chips) 
Seat 5: blistein ($106.55 in chips) 
Seat 6: AK2021697 ($41.04 in chips) 
AK2021697: posts small blind $0.50
Aescul@pius: posts big blind $1
*** HOLE CARDS ***
Pon4uk.ua: folds 
Kristo 914: folds 
EAroca: folds 
blistein: raises $1.50 to $2.50
AK2021697: calls $2
Aescul@pius: folds 
*** FLOP *** [6d 5s 9h]
AK2021697: checks 
blistein: bets $1.94
AK2021697: calls $1.94
*** TURN *** [6d 5s 9h] [7c]
AK2021697: checks 
blistein: checks 
*** RIVER *** [6d 5s 9h 7c] [As]
AK2021697: bets $9.39
blistein is disconnected 
blistein is connected 
blistein: folds 
Uncalled bet ($9.39) returned to AK2021697
AK2021697 collected $9.39 from pot
*** SUMMARY ***
Total pot $9.88 | Rake $0.49 
Board [6d 5s 9h 7c As]
Seat 1: Aescul@pius (big blind) folded before Flop
Seat 2: Pon4uk.ua folded before Flop (didn't bet)
Seat 3: Kristo 914 folded before Flop (didn't bet)
Seat 4: EAroca folded before Flop (didn't bet)
Seat 5: blistein (button) folded on the River
Seat 6: AK2021697 (small blind) collected ($9.39)



PokerStars Hand #254429587088:  Hold'em No Limit ($0.50/$1.00 USD) - 2025/01/18 11:33:43 WET [2025/01/18 6:33:43 ET]
Table 'Drakonia III' 6-max Seat #6 is the button
Seat 1: Aescul@pius ($116.97 in chips) 
Seat 2: Pon4uk.ua ($140.40 in chips) 
Seat 3: Kristo 914 ($114 in chips) 
Seat 4: EAroca ($127.15 in chips) 
Seat 5: blistein ($102.11 in chips) 
Seat 6: AK2021697 ($45.99 in chips) 
Aescul@pius: posts small blind $0.50
Pon4uk.ua: posts big blind $1
*** HOLE CARDS ***
Kristo 914: folds 
EAroca: folds 
blistein: raises $1.30 to $2.30
AK2021697: folds 
Aescul@pius: raises $8.20 to $10.50
Pon4uk.ua: folds 
blistein: calls $8.20
*** FLOP *** [Jh 2c 4h]
Aescul@pius: checks 
blistein: bets $7.11
Aescul@pius: calls $7.11
*** TURN *** [Jh 2c 4h] [Kh]
Aescul@pius: checks 
blistein: checks 
*** RIVER *** [Jh 2c 4h Kh] [4c]
Aescul@pius: checks 
blistein: bets $34.41
Aescul@pius: folds 
Uncalled bet ($34.41) returned to blistein
blistein collected $34.41 from pot
blistein: doesn't show hand 
*** SUMMARY ***
Total pot $36.22 | Rake $1.81 
Board [Jh 2c 4h Kh 4c]
Seat 1: Aescul@pius (small blind) folded on the River
Seat 2: Pon4uk.ua (big blind) folded before Flop
Seat 3: Kristo 914 folded before Flop (didn't bet)
Seat 4: EAroca folded before Flop (didn't bet)
Seat 5: blistein collected ($34.41)
Seat 6: AK2021697 (button) folded before Flop (didn't bet)



PokerStars Hand #254429605839:  Hold'em No Limit ($0.50/$1.00 USD) - 2025/01/18 11:35:57 WET [2025/01/18 6:35:57 ET]
Table 'Drakonia III' 6-max Seat #1 is the button
Seat 1: Aescul@pius ($100 in chips) 
Seat 2: Pon4uk.ua ($139.40 in chips) 
Seat 3: Kristo 914 ($114 in chips) 
Seat 4: EAroca ($127.15 in chips) 
Seat 5: blistein ($118.91 in chips) 
Seat 6: AK2021697 ($45.99 in chips) 
Pon4uk.ua: posts small blind $0.50
Kristo 914: posts big blind $1
*** HOLE CARDS ***
EAroca: folds 
blistein: folds 
EAroca leaves the table
AK2021697: folds 
Aescul@pius: folds 
Pon4uk.ua: folds 
Uncalled bet ($0.50) returned to Kristo 914
Kristo 914 collected $1 from pot
Kristo 914: doesn't show hand 
*** SUMMARY ***
Total pot $1 | Rake $0 
Seat 1: Aescul@pius (button) folded before Flop (didn't bet)
Seat 2: Pon4uk.ua (small blind) folded before Flop
Seat 3: Kristo 914 (big blind) collected ($1)
Seat 4: EAroca folded before Flop (didn't bet)
Seat 5: blistein folded before Flop (didn't bet)
Seat 6: AK2021697 folded before Flop (didn't bet)



PokerStars Hand #254429610365:  Hold'em No Limit ($0.50/$1.00 USD) - 2025/01/18 11:36:29 WET [2025/01/18 6:36:29 ET]
Table 'Drakonia III' 6-max Seat #2 is the button
Seat 1: Aescul@pius ($100 in chips) 
Seat 2: Pon4uk.ua ($138.90 in chips) 
Seat 3: Kristo 914 ($114.50 in chips) 
Seat 5: blistein ($118.91 in chips) 
Seat 6: AK2021697 ($45.99 in chips) 
Kristo 914: posts small blind $0.50
blistein: posts big blind $1
*** HOLE CARDS ***
AK2021697: raises $2 to $3
Aescul@pius: folds 
Pon4uk.ua: folds 
Kristo 914: folds 
blistein: folds 
Uncalled bet ($2) returned to AK2021697
AK2021697 collected $2.50 from pot
*** SUMMARY ***
Total pot $2.50 | Rake $0 
Seat 1: Aescul@pius folded before Flop (didn't bet)
Seat 2: Pon4uk.ua (button) folded before Flop (didn't bet)
Seat 3: Kristo 914 (small blind) folded before Flop
Seat 5: blistein (big blind) folded before Flop
Seat 6: AK2021697 collected ($2.50)



PokerStars Hand #254429612289:  Hold'em No Limit ($0.50/$1.00 USD) - 2025/01/18 11:36:43 WET [2025/01/18 6:36:43 ET]
Table 'Drakonia III' 6-max Seat #3 is the button
Seat 1: Aescul@pius ($100 in chips) 
Seat 2: Pon4uk.ua ($138.90 in chips) 
Seat 3: Kristo 914 ($114 in chips) 
Seat 5: blistein ($117.91 in chips) 
Seat 6: AK2021697 ($47.49 in chips) 
blistein: posts small blind $0.50
AK2021697: posts big blind $1
*** HOLE CARDS ***
Aescul@pius: folds 
Pon4uk.ua: folds 
Kristo 914: folds 
blistein: raises $2 to $3
AK2021697: folds 
Uncalled bet ($2) returned to blistein
blistein collected $2 from pot
blistein: doesn't show hand 
*** SUMMARY ***
Total pot $2 | Rake $0 
Seat 1: Aescul@pius folded before Flop (didn't bet)
Seat 2: Pon4uk.ua folded before Flop (didn't bet)
Seat 3: Kristo 914 (button) folded before Flop (didn't bet)
Seat 5: blistein (small blind) collected ($2)
Seat 6: AK2021697 (big blind) folded before Flop



PokerStars Hand #254429615235:  Hold'em No Limit ($0.50/$1.00 USD) - 2025/01/18 11:37:03 WET [2025/01/18 6:37:03 ET]
Table 'Drakonia III' 6-max Seat #5 is the button
Seat 1: Aescul@pius ($100 in chips) 
Seat 2: Pon4uk.ua ($138.90 in chips) 
Seat 3: Kristo 914 ($114 in chips) 
Seat 5: blistein ($118.91 in chips) 
Seat 6: AK2021697 ($46.49 in chips) 
AK2021697: posts small blind $0.50
Aescul@pius: posts big blind $1
*** HOLE CARDS ***
Pon4uk.ua: folds 
Kristo 914: folds 
blistein: folds 
AK2021697: calls $0.50
Aescul@pius: checks 
*** FLOP *** [Qh 3d 4h]
AK2021697: bets $1
Aescul@pius: folds 
Uncalled bet ($1) returned to AK2021697
vadjkeee joins the table at seat #4 
AK2021697 collected $1.90 from pot
*** SUMMARY ***
Total pot $2 | Rake $0.10 
Board [Qh 3d 4h]
Seat 1: Aescul@pius (big blind) folded on the Flop
Seat 2: Pon4uk.ua folded before Flop (didn't bet)
Seat 3: Kristo 914 folded before Flop (didn't bet)
Seat 5: blistein (button) folded before Flop (didn't bet)
Seat 6: AK2021697 (small blind) collected ($1.90)



PokerStars Hand #254429619200:  Hold'em No Limit ($0.50/$1.00 USD) - 2025/01/18 11:37:31 WET [2025/01/18 6:37:31 ET]
Table 'Drakonia III' 6-max Seat #6 is the button
Seat 4: vadjkeee ($100 in chips) is sitting out
Seat 1: Aescul@pius ($100 in chips) 
Seat 2: Pon4uk.ua ($138.90 in chips) 
Seat 3: Kristo 914 ($114 in chips) 
Seat 5: blistein ($118.91 in chips) 
Seat 6: AK2021697 ($47.39 in chips) 
Aescul@pius: posts small blind $0.50
Pon4uk.ua: posts big blind $1
vadjkeee: sits out 
*** HOLE CARDS ***
Kristo 914: raises $1.40 to $2.40
blistein: folds 
AK2021697: calls $2.40
Aescul@pius: folds 
Pon4uk.ua: folds 
*** FLOP *** [8s 2c 6s]
Kristo 914: checks 
AK2021697: bets $2.99
Kristo 914: calls $2.99
*** TURN *** [8s 2c 6s] [Qs]
Kristo 914: checks 
AK2021697: bets $2
Kristo 914: folds 
Uncalled bet ($2) returned to AK2021697
AK2021697 collected $11.67 from pot
*** SUMMARY ***
Total pot $12.28 | Rake $0.61 
Board [8s 2c 6s Qs]
Seat 4: vadjkeee
Seat 1: Aescul@pius (small blind) folded before Flop
Seat 2: Pon4uk.ua (big blind) folded before Flop
Seat 3: Kristo 914 folded on the Turn
Seat 5: blistein folded before Flop (didn't bet)
Seat 6: AK2021697 (button) collected ($11.67)



PokerStars Hand #254429623724:  Hold'em No Limit ($0.50/$1.00 USD) - 2025/01/18 11:38:04 WET [2025/01/18 6:38:04 ET]
Table 'Drakonia III' 6-max Seat #1 is the button
Seat 4: vadjkeee ($100 in chips) is sitting out
Seat 1: Aescul@pius ($100 in chips) 
Seat 2: Pon4uk.ua ($137.90 in chips) 
Seat 3: Kristo 914 ($108.61 in chips) 
Seat 5: blistein ($118.91 in chips) 
Seat 6: AK2021697 ($53.67 in chips) 
Pon4uk.ua: posts small blind $0.50
Kristo 914: posts big blind $1
vadjkeee: sits out 
*** HOLE CARDS ***
blistein: folds 
AK2021697: folds 
Aescul@pius: raises $1.50 to $2.50
Pon4uk.ua: folds 
Kristo 914: folds 
Uncalled bet ($1.50) returned to Aescul@pius
Aescul@pius collected $2.50 from pot
Aescul@pius: doesn't show hand 
*** SUMMARY ***
Total pot $2.50 | Rake $0 
Seat 4: vadjkeee
Seat 1: Aescul@pius (button) collected ($2.50)
Seat 2: Pon4uk.ua (small blind) folded before Flop
Seat 3: Kristo 914 (big blind) folded before Flop
Seat 5: blistein folded before Flop (didn't bet)
Seat 6: AK2021697 folded before Flop (didn't bet)



PokerStars Hand #254429626324:  Hold'em No Limit ($0.50/$1.00 USD) - 2025/01/18 11:38:22 WET [2025/01/18 6:38:22 ET]
Table 'Drakonia III' 6-max Seat #2 is the button
Seat 1: Aescul@pius ($101.50 in chips) 
Seat 2: Pon4uk.ua ($137.40 in chips) 
Seat 3: Kristo 914 ($107.61 in chips) 
Seat 4: vadjkeee ($100 in chips) 
Seat 5: blistein ($118.91 in chips) 
Seat 6: AK2021697 ($53.67 in chips) 
Kristo 914: posts small blind $0.50
vadjkeee: posts big blind $1
*** HOLE CARDS ***
blistein: raises $1.20 to $2.20
AK2021697: calls $2.20
Aescul@pius: folds 
Pon4uk.ua: folds 
Kristo 914: folds 
vadjkeee: folds 
*** FLOP *** [5h 3s 4d]
blistein: bets $1.90
AK2021697: calls $1.90
*** TURN *** [5h 3s 4d] [9c]
blistein: bets $3.13
AK2021697: raises $3.13 to $6.26
blistein: calls $3.13
*** RIVER *** [5h 3s 4d 9c] [7s]
blistein: checks 
AK2021697: bets $10.56
blistein: folds 
Uncalled bet ($10.56) returned to AK2021697
AK2021697 collected $21.11 from pot
*** SUMMARY ***
Total pot $22.22 | Rake $1.11 
Board [5h 3s 4d 9c 7s]
Seat 1: Aescul@pius folded before Flop (didn't bet)
Seat 2: Pon4uk.ua (button) folded before Flop (didn't bet)
Seat 3: Kristo 914 (small blind) folded before Flop
Seat 4: vadjkeee (big blind) folded before Flop
Seat 5: blistein folded on the River
Seat 6: AK2021697 collected ($21.11)



PokerStars Hand #254429634293:  Hold'em No Limit ($0.50/$1.00 USD) - 2025/01/18 11:39:18 WET [2025/01/18 6:39:18 ET]
Table 'Drakonia III' 6-max Seat #3 is the button
Seat 1: Aescul@pius ($101.50 in chips) 
Seat 2: Pon4uk.ua ($137.40 in chips) 
Seat 3: Kristo 914 ($107.11 in chips) 
Seat 4: vadjkeee ($100 in chips) 
Seat 5: blistein ($108.55 in chips) 
Seat 6: AK2021697 ($64.42 in chips) 
vadjkeee: posts small blind $0.50
blistein: posts big blind $1
*** HOLE CARDS ***
AK2021697: folds 
Aescul@pius: folds 
Pon4uk.ua: folds 
Kristo 914: folds 
vadjkeee: folds 
Uncalled bet ($0.50) returned to blistein
blistein collected $1 from pot
blistein: doesn't show hand 
*** SUMMARY ***
Total pot $1 | Rake $0 
Seat 1: Aescul@pius folded before Flop (didn't bet)
Seat 2: Pon4uk.ua folded before Flop (didn't bet)
Seat 3: Kristo 914 (button) folded before Flop (didn't bet)
Seat 4: vadjkeee (small blind) folded before Flop
Seat 5: blistein (big blind) collected ($1)
Seat 6: AK2021697 folded before Flop (didn't bet)



PokerStars Hand #254429637263:  Hold'em No Limit ($0.50/$1.00 USD) - 2025/01/18 11:39:39 WET [2025/01/18 6:39:39 ET]
Table 'Drakonia III' 6-max Seat #4 is the button
Seat 1: Aescul@pius ($101.50 in chips) 
Seat 2: Pon4uk.ua ($137.40 in chips) 
Seat 3: Kristo 914 ($107.11 in chips) 
Seat 4: vadjkeee ($100 in chips) 
Seat 5: blistein ($109.05 in chips) 
Seat 6: AK2021697 ($64.42 in chips) 
blistein: posts small blind $0.50
AK2021697: posts big blind $1
*** HOLE CARDS ***
Aescul@pius: folds 
Pon4uk.ua: raises $1 to $2
Kristo 914: folds 
vadjkeee: folds 
blistein: folds 
AK2021697: folds 
Uncalled bet ($1) returned to Pon4uk.ua
Pon4uk.ua collected $2.50 from pot
Pon4uk.ua: doesn't show hand 
*** SUMMARY ***
Total pot $2.50 | Rake $0 
Seat 1: Aescul@pius folded before Flop (didn't bet)
Seat 2: Pon4uk.ua collected ($2.50)
Seat 3: Kristo 914 folded before Flop (didn't bet)
Seat 4: vadjkeee (button) folded before Flop (didn't bet)
Seat 5: blistein (small blind) folded before Flop
Seat 6: AK2021697 (big blind) folded before Flop



PokerStars Hand #254429640120:  Hold'em No Limit ($0.50/$1.00 USD) - 2025/01/18 11:40:00 WET [2025/01/18 6:40:00 ET]
Table 'Drakonia III' 6-max Seat #5 is the button
Seat 1: Aescul@pius ($101.50 in chips) 
Seat 2: Pon4uk.ua ($138.90 in chips) 
Seat 3: Kristo 914 ($107.11 in chips) 
Seat 4: vadjkeee ($100 in chips) 
Seat 5: blistein ($108.55 in chips) 
Seat 6: AK2021697 ($63.42 in chips) 
AK2021697: posts small blind $0.50
Aescul@pius: posts big blind $1
*** HOLE CARDS ***
Pon4uk.ua: folds 
Kristo 914: raises $1.40 to $2.40
vadjkeee: folds 
blistein: folds 
AK2021697: folds 
Aescul@pius: folds 
Uncalled bet ($1.40) returned to Kristo 914
Kristo 914 collected $2.50 from pot
Kristo 914: doesn't show hand 
*** SUMMARY ***
Total pot $2.50 | Rake $0 
Seat 1: Aescul@pius (big blind) folded before Flop
Seat 2: Pon4uk.ua folded before Flop (didn't bet)
Seat 3: Kristo 914 collected ($2.50)
Seat 4: vadjkeee folded before Flop (didn't bet)
Seat 5: blistein (button) folded before Flop (didn't bet)
Seat 6: AK2021697 (small blind) folded before Flop



PokerStars Hand #254429642446:  Hold'em No Limit ($0.50/$1.00 USD) - 2025/01/18 11:40:16 WET [2025/01/18 6:40:16 ET]
Table 'Drakonia III' 6-max Seat #6 is the button
Seat 1: Aescul@pius ($100.50 in chips) 
Seat 2: Pon4uk.ua ($138.90 in chips) 
Seat 3: Kristo 914 ($108.61 in chips) 
Seat 4: vadjkeee ($100 in chips) 
Seat 5: blistein ($108.55 in chips) 
Seat 6: AK2021697 ($62.92 in chips) 
Aescul@pius: posts small blind $0.50
Pon4uk.ua: posts big blind $1
*** HOLE CARDS ***
Kristo 914: folds 
vadjkeee: folds 
blistein: folds 
AK2021697: raises $2 to $3
Aescul@pius: folds 
Pon4uk.ua: folds 
Uncalled bet ($2) returned to AK2021697
AK2021697 collected $2.50 from pot
*** SUMMARY ***
Total pot $2.50 | Rake $0 
Seat 1: Aescul@pius (small blind) folded before Flop
Seat 2: Pon4uk.ua (big blind) folded before Flop
Seat 3: Kristo 914 folded before Flop (didn't bet)
Seat 4: vadjkeee folded before Flop (didn't bet)
Seat 5: blistein folded before Flop (didn't bet)
Seat 6: AK2021697 (button) collected ($2.50)



PokerStars Hand #254429646158:  Hold'em No Limit ($0.50/$1.00 USD) - 2025/01/18 11:40:43 WET [2025/01/18 6:40:43 ET]
Table 'Drakonia III' 6-max Seat #1 is the button
Seat 1: Aescul@pius ($100 in chips) 
Seat 2: Pon4uk.ua ($137.90 in chips) 
Seat 3: Kristo 914 ($108.61 in chips) 
Seat 4: vadjkeee ($100 in chips) 
Seat 5: blistein ($108.55 in chips) 
Seat 6: AK2021697 ($64.42 in chips) 
Pon4uk.ua: posts small blind $0.50
Kristo 914: posts big blind $1
*** HOLE CARDS ***
vadjkeee: folds 
blistein: raises $1.20 to $2.20
AK2021697: folds 
Aescul@pius: folds 
Pon4uk.ua: folds 
Kristo 914: folds 
Uncalled bet ($1.20) returned to blistein
blistein collected $2.50 from pot
blistein: doesn't show hand 
*** SUMMARY ***
Total pot $2.50 | Rake $0 
Seat 1: Aescul@pius (button) folded before Flop (didn't bet)
Seat 2: Pon4uk.ua (small blind) folded before Flop
Seat 3: Kristo 914 (big blind) folded before Flop
Seat 4: vadjkeee folded before Flop (didn't bet)
Seat 5: blistein collected ($2.50)
Seat 6: AK2021697 folded before Flop (didn't bet)



PokerStars Hand #254429649811:  Hold'em No Limit ($0.50/$1.00 USD) - 2025/01/18 11:41:08 WET [2025/01/18 6:41:08 ET]
Table 'Drakonia III' 6-max Seat #2 is the button
Seat 1: Aescul@pius ($100 in chips) 
Seat 2: Pon4uk.ua ($137.40 in chips) 
Seat 3: Kristo 914 ($107.61 in chips) 
Seat 4: vadjkeee ($100 in chips) 
Seat 5: blistein ($110.05 in chips) 
Seat 6: AK2021697 ($64.42 in chips) 
Kristo 914: posts small blind $0.50
vadjkeee: posts big blind $1
*** HOLE CARDS ***
blistein: folds 
AK2021697: raises $2 to $3
Aescul@pius: folds 
Pon4uk.ua: folds 
Kristo 914: folds 
vadjkeee: folds 
Uncalled bet ($2) returned to AK2021697
AK2021697 collected $2.50 from pot
*** SUMMARY ***
Total pot $2.50 | Rake $0 
Seat 1: Aescul@pius folded before Flop (didn't bet)
Seat 2: Pon4uk.ua (button) folded before Flop (didn't bet)
Seat 3: Kristo 914 (small blind) folded before Flop
Seat 4: vadjkeee (big blind) folded before Flop
Seat 5: blistein folded before Flop (didn't bet)
Seat 6: AK2021697 collected ($2.50)



PokerStars Hand #254429652429:  Hold'em No Limit ($0.50/$1.00 USD) - 2025/01/18 11:41:27 WET [2025/01/18 6:41:27 ET]
Table 'Drakonia III' 6-max Seat #3 is the button
Seat 1: Aescul@pius ($100 in chips) 
Seat 2: Pon4uk.ua ($137.40 in chips) 
Seat 3: Kristo 914 ($107.11 in chips) 
Seat 4: vadjkeee ($100 in chips) 
Seat 5: blistein ($110.05 in chips) 
Seat 6: AK2021697 ($65.92 in chips) 
vadjkeee: posts small blind $0.50
blistein: posts big blind $1
*** HOLE CARDS ***
AK2021697: folds 
Aescul@pius: folds 
Pon4uk.ua: raises $1.50 to $2.50
Kristo 914: folds 
vadjkeee: folds 
blistein: folds 
Uncalled bet ($1.50) returned to Pon4uk.ua
Pon4uk.ua collected $2.50 from pot
Pon4uk.ua: doesn't show hand 
*** SUMMARY ***
Total pot $2.50 | Rake $0 
Seat 1: Aescul@pius folded before Flop (didn't bet)
Seat 2: Pon4uk.ua collected ($2.50)
Seat 3: Kristo 914 (button) folded before Flop (didn't bet)
Seat 4: vadjkeee (small blind) folded before Flop
Seat 5: blistein (big blind) folded before Flop
Seat 6: AK2021697 folded before Flop (didn't bet)



PokerStars Hand #254429654887:  Hold'em No Limit ($0.50/$1.00 USD) - 2025/01/18 11:41:44 WET [2025/01/18 6:41:44 ET]
Table 'Drakonia III' 6-max Seat #4 is the button
Seat 1: Aescul@pius ($100 in chips) 
Seat 2: Pon4uk.ua ($138.90 in chips) 
Seat 3: Kristo 914 ($107.11 in chips) 
Seat 4: vadjkeee ($100 in chips) 
Seat 5: blistein ($109.05 in chips) 
Seat 6: AK2021697 ($65.92 in chips) 
blistein: posts small blind $0.50
AK2021697: posts big blind $1
*** HOLE CARDS ***
Aescul@pius: folds 
Pon4uk.ua: folds 
Kristo 914: folds 
vadjkeee: folds 
blistein: folds 
Uncalled bet ($0.50) returned to AK2021697
AK2021697 collected $1 from pot
*** SUMMARY ***
Total pot $1 | Rake $0 
Seat 1: Aescul@pius folded before Flop (didn't bet)
Seat 2: Pon4uk.ua folded before Flop (didn't bet)
Seat 3: Kristo 914 folded before Flop (didn't bet)
Seat 4: vadjkeee (button) folded before Flop (didn't bet)
Seat 5: blistein (small blind) folded before Flop
Seat 6: AK2021697 (big blind) collected ($1)



PokerStars Hand #254429657603:  Hold'em No Limit ($0.50/$1.00 USD) - 2025/01/18 11:42:04 WET [2025/01/18 6:42:04 ET]
Table 'Drakonia III' 6-max Seat #5 is the button
Seat 1: Aescul@pius ($100 in chips) 
Seat 2: Pon4uk.ua ($138.90 in chips) 
Seat 3: Kristo 914 ($107.11 in chips) 
Seat 4: vadjkeee ($100 in chips) 
Seat 5: blistein ($108.55 in chips) 
Seat 6: AK2021697 ($66.42 in chips) 
AK2021697: posts small blind $0.50
Aescul@pius: posts big blind $1
*** HOLE CARDS ***
Pon4uk.ua: folds 
Kristo 914: folds 
vadjkeee: folds 
blistein: folds 
AK2021697: raises $2 to $3
Aescul@pius: calls $2
*** FLOP *** [9h 2d Kc]
AK2021697: bets $2.85
Aescul@pius: calls $2.85
*** TURN *** [9h 2d Kc] [6c]
AK2021697: checks 
Aescul@pius: bets $7.51
AK2021697: folds 
Uncalled bet ($7.51) returned to Aescul@pius
Aescul@pius collected $11.12 from pot
Aescul@pius: doesn't show hand 
*** SUMMARY ***
Total pot $11.70 | Rake $0.58 
Board [9h 2d Kc 6c]
Seat 1: Aescul@pius (big blind) collected ($11.12)
Seat 2: Pon4uk.ua folded before Flop (didn't bet)
Seat 3: Kristo 914 folded before Flop (didn't bet)
Seat 4: vadjkeee folded before Flop (didn't bet)
Seat 5: blistein (button) folded before Flop (didn't bet)
Seat 6: AK2021697 (small blind) folded on the Turn



PokerStars Hand #254429666145:  Hold'em No Limit ($0.50/$1.00 USD) - 2025/01/18 11:43:03 WET [2025/01/18 6:43:03 ET]
Table 'Drakonia III' 6-max Seat #6 is the button
Seat 1: Aescul@pius ($105.27 in chips) 
Seat 2: Pon4uk.ua ($138.90 in chips) 
Seat 3: Kristo 914 ($107.11 in chips) 
Seat 4: vadjkeee ($100 in chips) 
Seat 5: blistein ($108.55 in chips) 
Seat 6: AK2021697 ($60.57 in chips) 
Aescul@pius: posts small blind $0.50
Pon4uk.ua: posts big blind $1
*** HOLE CARDS ***
Kristo 914: folds 
vadjkeee: folds 
blistein: folds 
AK2021697: folds 
Aescul@pius: raises $2 to $3
Pon4uk.ua: raises $6 to $9
Aescul@pius: calls $6
*** FLOP *** [As 6s Qd]
Aescul@pius: checks 
Pon4uk.ua: bets $5.64
Aescul@pius: calls $5.64
*** TURN *** [As 6s Qd] [Ks]
Aescul@pius: bets $18.36
Pon4uk.ua: folds 
Uncalled bet ($18.36) returned to Aescul@pius
Aescul@pius collected $27.82 from pot
Aescul@pius: doesn't show hand 
*** SUMMARY ***
Total pot $29.28 | Rake $1.46 
Board [As 6s Qd Ks]
Seat 1: Aescul@pius (small blind) collected ($27.82)
Seat 2: Pon4uk.ua (big blind) folded on the Turn
Seat 3: Kristo 914 folded before Flop (didn't bet)
Seat 4: vadjkeee folded before Flop (didn't bet)
Seat 5: blistein folded before Flop (didn't bet)
Seat 6: AK2021697 (button) folded before Flop (didn't bet)



PokerStars Hand #254429677832:  Hold'em No Limit ($0.50/$1.00 USD) - 2025/01/18 11:44:25 WET [2025/01/18 6:44:25 ET]
Table 'Drakonia III' 6-max Seat #1 is the button
Seat 1: Aescul@pius ($118.45 in chips) 
Seat 2: Pon4uk.ua ($124.26 in chips) 
Seat 3: Kristo 914 ($107.11 in chips) 
Seat 4: vadjkeee ($100 in chips) 
Seat 5: blistein ($108.55 in chips) 
Seat 6: AK2021697 ($60.57 in chips) 
Pon4uk.ua: posts small blind $0.50
Kristo 914: posts big blind $1
*** HOLE CARDS ***
vadjkeee: folds 
blistein: folds 
AK2021697: folds 
Aescul@pius: folds 
Pon4uk.ua: raises $1.75 to $2.75
Kristo 914: folds 
Uncalled bet ($1.75) returned to Pon4uk.ua
Pon4uk.ua collected $2 from pot
Pon4uk.ua: doesn't show hand 
*** SUMMARY ***
Total pot $2 | Rake $0 
Seat 1: Aescul@pius (button) folded before Flop (didn't bet)
Seat 2: Pon4uk.ua (small blind) collected ($2)
Seat 3: Kristo 914 (big blind) folded before Flop
Seat 4: vadjkeee folded before Flop (didn't bet)
Seat 5: blistein folded before Flop (didn't bet)
Seat 6: AK2021697 folded before Flop (didn't bet)



PokerStars Hand #254429681275:  Hold'em No Limit ($0.50/$1.00 USD) - 2025/01/18 11:44:49 WET [2025/01/18 6:44:49 ET]
Table 'Drakonia III' 6-max Seat #2 is the button
Seat 1: Aescul@pius ($118.45 in chips) 
Seat 2: Pon4uk.ua ($125.26 in chips) 
Seat 3: Kristo 914 ($106.11 in chips) 
Seat 4: vadjkeee ($100 in chips) 
Seat 5: blistein ($108.55 in chips) 
Seat 6: AK2021697 ($60.57 in chips) 
Kristo 914: posts small blind $0.50
vadjkeee: posts big blind $1
*** HOLE CARDS ***
blistein: folds 
AK2021697: folds 
Aescul@pius: folds 
Pon4uk.ua: folds 
Kristo 914: folds 
Uncalled bet ($0.50) returned to vadjkeee
vadjkeee collected $1 from pot
vadjkeee: doesn't show hand 
*** SUMMARY ***
Total pot $1 | Rake $0 
Seat 1: Aescul@pius folded before Flop (didn't bet)
Seat 2: Pon4uk.ua (button) folded before Flop (didn't bet)
Seat 3: Kristo 914 (small blind) folded before Flop
Seat 4: vadjkeee (big blind) collected ($1)
Seat 5: blistein folded before Flop (didn't bet)
Seat 6: AK2021697 folded before Flop (didn't bet)



PokerStars Hand #254429683297:  Hold'em No Limit ($0.50/$1.00 USD) - 2025/01/18 11:45:03 WET [2025/01/18 6:45:03 ET]
Table 'Drakonia III' 6-max Seat #3 is the button
Seat 1: Aescul@pius ($118.45 in chips) 
Seat 2: Pon4uk.ua ($125.26 in chips) 
Seat 3: Kristo 914 ($105.61 in chips) 
Seat 4: vadjkeee ($100.50 in chips) 
Seat 5: blistein ($108.55 in chips) 
Seat 6: AK2021697 ($60.57 in chips) 
vadjkeee: posts small blind $0.50
blistein: posts big blind $1
*** HOLE CARDS ***
AK2021697: folds 
Aescul@pius: raises $1 to $2
Pon4uk.ua: folds 
Kristo 914: folds 
vadjkeee: folds 
blistein: folds 
Uncalled bet ($1) returned to Aescul@pius
Aescul@pius collected $2.50 from pot
Aescul@pius: doesn't show hand 
*** SUMMARY ***
Total pot $2.50 | Rake $0 
Seat 1: Aescul@pius collected ($2.50)
Seat 2: Pon4uk.ua folded before Flop (didn't bet)
Seat 3: Kristo 914 (button) folded before Flop (didn't bet)
Seat 4: vadjkeee (small blind) folded before Flop
Seat 5: blistein (big blind) folded before Flop
Seat 6: AK2021697 folded before Flop (didn't bet)



PokerStars Hand #254429686573:  Hold'em No Limit ($0.50/$1.00 USD) - 2025/01/18 11:45:26 WET [2025/01/18 6:45:26 ET]
Table 'Drakonia III' 6-max Seat #4 is the button
Seat 1: Aescul@pius ($119.95 in chips) 
Seat 2: Pon4uk.ua ($125.26 in chips) 
Seat 3: Kristo 914 ($105.61 in chips) 
Seat 4: vadjkeee ($100 in chips) 
Seat 5: blistein ($107.55 in chips) 
Seat 6: AK2021697 ($60.57 in chips) 
blistein: posts small blind $0.50
AK2021697: posts big blind $1
*** HOLE CARDS ***
Aescul@pius: raises $1 to $2
Pon4uk.ua: folds 
Kristo 914: folds 
vadjkeee: folds 
blistein: folds 
AK2021697: calls $1
*** FLOP *** [3c Th As]
AK2021697: checks 
Aescul@pius: bets $1.41
AK2021697: folds 
Uncalled bet ($1.41) returned to Aescul@pius
Aescul@pius collected $4.28 from pot
Aescul@pius: doesn't show hand 
*** SUMMARY ***
Total pot $4.50 | Rake $0.22 
Board [3c Th As]
Seat 1: Aescul@pius collected ($4.28)
Seat 2: Pon4uk.ua folded before Flop (didn't bet)
Seat 3: Kristo 914 folded before Flop (didn't bet)
Seat 4: vadjkeee (button) folded before Flop (didn't bet)
Seat 5: blistein (small blind) folded before Flop
Seat 6: AK2021697 (big blind) folded on the Flop



PokerStars Hand #254429689916:  Hold'em No Limit ($0.50/$1.00 USD) - 2025/01/18 11:45:50 WET [2025/01/18 6:45:50 ET]
Table 'Drakonia III' 6-max Seat #5 is the button
Seat 1: Aescul@pius ($122.23 in chips) 
Seat 2: Pon4uk.ua ($125.26 in chips) 
Seat 3: Kristo 914 ($105.61 in chips) 
Seat 4: vadjkeee ($100 in chips) 
Seat 5: blistein ($107.05 in chips) 
Seat 6: AK2021697 ($58.57 in chips) 
AK2021697: posts small blind $0.50
Aescul@pius: posts big blind $1
*** HOLE CARDS ***
Pon4uk.ua: folds 
Kristo 914: folds 
vadjkeee: folds 
blistein: raises $1.50 to $2.50
AK2021697: raises $2.50 to $5
Aescul@pius: folds 
blistein: calls $2.50
*** FLOP *** [Ah 4d 7c]
AK2021697: bets $5.23
blistein: folds 
Uncalled bet ($5.23) returned to AK2021697
AK2021697 collected $10.45 from pot
*** SUMMARY ***
Total pot $11 | Rake $0.55 
Board [Ah 4d 7c]
Seat 1: Aescul@pius (big blind) folded before Flop
Seat 2: Pon4uk.ua folded before Flop (didn't bet)
Seat 3: Kristo 914 folded before Flop (didn't bet)
Seat 4: vadjkeee folded before Flop (didn't bet)
Seat 5: blistein (button) folded on the Flop
Seat 6: AK2021697 (small blind) collected ($10.45)



PokerStars Hand #254429696119:  Hold'em No Limit ($0.50/$1.00 USD) - 2025/01/18 11:46:33 WET [2025/01/18 6:46:33 ET]
Table 'Drakonia III' 6-max Seat #6 is the button
Seat 1: Aescul@pius ($121.23 in chips) 
Seat 2: Pon4uk.ua ($125.26 in chips) 
Seat 3: Kristo 914 ($105.61 in chips) 
Seat 4: vadjkeee ($100 in chips) 
Seat 5: blistein ($102.05 in chips) 
Seat 6: AK2021697 ($64.02 in chips) 
Aescul@pius: posts small blind $0.50
Pon4uk.ua: posts big blind $1
*** HOLE CARDS ***
Kristo 914: folds 
vadjkeee: folds 
blistein: folds 
AK2021697: raises $2 to $3
Aescul@pius: folds 
Pon4uk.ua: calls $2
*** FLOP *** [6d 2h 8c]
Pon4uk.ua: checks 
AK2021697: bets $3.09
Pon4uk.ua: folds 
Uncalled bet ($3.09) returned to AK2021697
AK2021697 collected $6.18 from pot
*** SUMMARY ***
Total pot $6.50 | Rake $0.32 
Board [6d 2h 8c]
Seat 1: Aescul@pius (small blind) folded before Flop
Seat 2: Pon4uk.ua (big blind) folded on the Flop
Seat 3: Kristo 914 folded before Flop (didn't bet)
Seat 4: vadjkeee folded before Flop (didn't bet)
Seat 5: blistein folded before Flop (didn't bet)
Seat 6: AK2021697 (button) collected ($6.18)



PokerStars Hand #254429701479:  Hold'em No Limit ($0.50/$1.00 USD) - 2025/01/18 11:47:10 WET [2025/01/18 6:47:10 ET]
Table 'Drakonia III' 6-max Seat #1 is the button
Seat 1: Aescul@pius ($120.73 in chips) 
Seat 2: Pon4uk.ua ($122.26 in chips) 
Seat 3: Kristo 914 ($105.61 in chips) 
Seat 4: vadjkeee ($100 in chips) 
Seat 5: blistein ($102.05 in chips) 
Seat 6: AK2021697 ($67.20 in chips) 
Pon4uk.ua: posts small blind $0.50
Kristo 914: posts big blind $1
*** HOLE CARDS ***
vadjkeee: raises $1.50 to $2.50
blistein: folds 
AK2021697: folds 
Aescul@pius: folds 
Pon4uk.ua: calls $2
Kristo 914: folds 
*** FLOP *** [4c 6h 2s]
Pon4uk.ua: checks 
vadjkeee: checks 
*** TURN *** [4c 6h 2s] [2c]
Pon4uk.ua: bets $4.28
vadjkeee: raises $10.22 to $14.50
Pon4uk.ua: calls $10.22
*** RIVER *** [4c 6h 2s 2c] [3d]
Pon4uk.ua: checks 
vadjkeee: bets $42
Pon4uk.ua: folds 
Uncalled bet ($42) returned to vadjkeee
vadjkeee collected $33.25 from pot
vadjkeee: doesn't show hand 
*** SUMMARY ***
Total pot $35 | Rake $1.75 
Board [4c 6h 2s 2c 3d]
Seat 1: Aescul@pius (button) folded before Flop (didn't bet)
Seat 2: Pon4uk.ua (small blind) folded on the River
Seat 3: Kristo 914 (big blind) folded before Flop
Seat 4: vadjkeee collected ($33.25)
Seat 5: blistein folded before Flop (didn't bet)
Seat 6: AK2021697 folded before Flop (didn't bet)



PokerStars Hand #254429714121:  Hold'em No Limit ($0.50/$1.00 USD) - 2025/01/18 11:48:39 WET [2025/01/18 6:48:39 ET]
Table 'Drakonia III' 6-max Seat #2 is the button
Seat 1: Aescul@pius ($120.73 in chips) 
Seat 2: Pon4uk.ua ($105.26 in chips) 
Seat 3: Kristo 914 ($104.61 in chips) 
Seat 4: vadjkeee ($116.25 in chips) 
Seat 5: blistein ($102.05 in chips) 
Seat 6: AK2021697 ($67.20 in chips) 
Kristo 914: posts small blind $0.50
vadjkeee: posts big blind $1
*** HOLE CARDS ***
blistein: folds 
AK2021697: folds 
Aescul@pius: folds 
Pon4uk.ua: folds 
Kristo 914: folds 
Uncalled bet ($0.50) returned to vadjkeee
vadjkeee collected $1 from pot
vadjkeee: doesn't show hand 
*** SUMMARY ***
Total pot $1 | Rake $0 
Seat 1: Aescul@pius folded before Flop (didn't bet)
Seat 2: Pon4uk.ua (button) folded before Flop (didn't bet)
Seat 3: Kristo 914 (small blind) folded before Flop
Seat 4: vadjkeee (big blind) collected ($1)
Seat 5: blistein folded before Flop (didn't bet)
Seat 6: AK2021697 folded before Flop (didn't bet)



PokerStars Hand #254429716685:  Hold'em No Limit ($0.50/$1.00 USD) - 2025/01/18 11:48:57 WET [2025/01/18 6:48:57 ET]
Table 'Drakonia III' 6-max Seat #3 is the button
Seat 1: Aescul@pius ($120.73 in chips) 
Seat 2: Pon4uk.ua ($105.26 in chips) 
Seat 3: Kristo 914 ($104.11 in chips) 
Seat 4: vadjkeee ($116.75 in chips) 
Seat 5: blistein ($102.05 in chips) 
Seat 6: AK2021697 ($67.20 in chips) 
vadjkeee: posts small blind $0.50
blistein: posts big blind $1
*** HOLE CARDS ***
AK2021697: folds 
Aescul@pius: folds 
Pon4uk.ua: folds 
Kristo 914: folds 
vadjkeee: raises $2 to $3
blistein: folds 
Uncalled bet ($2) returned to vadjkeee
vadjkeee collected $2 from pot
vadjkeee: doesn't show hand 
*** SUMMARY ***
Total pot $2 | Rake $0 
Seat 1: Aescul@pius folded before Flop (didn't bet)
Seat 2: Pon4uk.ua folded before Flop (didn't bet)
Seat 3: Kristo 914 (button) folded before Flop (didn't bet)
Seat 4: vadjkeee (small blind) collected ($2)
Seat 5: blistein (big blind) folded before Flop
Seat 6: AK2021697 folded before Flop (didn't bet)



PokerStars Hand #254429719750:  Hold'em No Limit ($0.50/$1.00 USD) - 2025/01/18 11:49:18 WET [2025/01/18 6:49:18 ET]
Table 'Drakonia III' 6-max Seat #4 is the button
Seat 1: Aescul@pius ($120.73 in chips) 
Seat 2: Pon4uk.ua ($105.26 in chips) 
Seat 3: Kristo 914 ($104.11 in chips) 
Seat 4: vadjkeee ($117.75 in chips) 
Seat 5: blistein ($101.05 in chips) 
Seat 6: AK2021697 ($67.20 in chips) 
blistein: posts small blind $0.50
AK2021697: posts big blind $1
*** HOLE CARDS ***
Aescul@pius: folds 
Pon4uk.ua: folds 
Kristo 914: raises $1.40 to $2.40
vadjkeee: folds 
blistein: folds 
AK2021697: folds 
Uncalled bet ($1.40) returned to Kristo 914
Kristo 914 collected $2.50 from pot
Kristo 914: doesn't show hand 
*** SUMMARY ***
Total pot $2.50 | Rake $0 
Seat 1: Aescul@pius folded before Flop (didn't bet)
Seat 2: Pon4uk.ua folded before Flop (didn't bet)
Seat 3: Kristo 914 collected ($2.50)
Seat 4: vadjkeee (button) folded before Flop (didn't bet)
Seat 5: blistein (small blind) folded before Flop
Seat 6: AK2021697 (big blind) folded before Flop



PokerStars Hand #254429724417:  Hold'em No Limit ($0.50/$1.00 USD) - 2025/01/18 11:49:50 WET [2025/01/18 6:49:50 ET]
Table 'Drakonia III' 6-max Seat #5 is the button
Seat 1: Aescul@pius ($120.73 in chips) 
Seat 2: Pon4uk.ua ($105.26 in chips) 
Seat 3: Kristo 914 ($105.61 in chips) 
Seat 4: vadjkeee ($117.75 in chips) 
Seat 5: blistein ($100.55 in chips) 
Seat 6: AK2021697 ($66.20 in chips) 
AK2021697: posts small blind $0.50
Aescul@pius: posts big blind $1
*** HOLE CARDS ***
Pon4uk.ua: folds 
Kristo 914: raises $1.40 to $2.40
vadjkeee: folds 
blistein: folds 
AK2021697: calls $1.90
Aescul@pius: folds 
*** FLOP *** [Ts 2s 3d]
AK2021697: checks 
Kristo 914: bets $4.19
AK2021697: calls $4.19
*** TURN *** [Ts 2s 3d] [7s]
AK2021697: checks 
Kristo 914: checks 
*** RIVER *** [Ts 2s 3d 7s] [6h]
AK2021697: checks 
Kristo 914: checks 
*** SHOW DOWN ***
AK2021697: shows [9s 9d] (a pair of Nines)
Kristo 914: mucks hand 
AK2021697 collected $13.47 from pot
*** SUMMARY ***
Total pot $14.18 | Rake $0.71 
Board [Ts 2s 3d 7s 6h]
Seat 1: Aescul@pius (big blind) folded before Flop
Seat 2: Pon4uk.ua folded before Flop (didn't bet)
Seat 3: Kristo 914 mucked
Seat 4: vadjkeee folded before Flop (didn't bet)
Seat 5: blistein (button) folded before Flop (didn't bet)
Seat 6: AK2021697 (small blind) showed [9s 9d] and won ($13.47) with a pair of Nines



PokerStars Hand #254429734216:  Hold'em No Limit ($0.50/$1.00 USD) - 2025/01/18 11:51:00 WET [2025/01/18 6:51:00 ET]
Table 'Drakonia III' 6-max Seat #6 is the button
Seat 1: Aescul@pius ($119.73 in chips) 
Seat 2: Pon4uk.ua ($105.26 in chips) 
Seat 3: Kristo 914 ($100 in chips) 
Seat 4: vadjkeee ($117.75 in chips) 
Seat 5: blistein ($100.55 in chips) 
Seat 6: AK2021697 ($73.08 in chips) 
Aescul@pius: posts small blind $0.50
Pon4uk.ua: posts big blind $1
*** HOLE CARDS ***
Kristo 914: folds 
vadjkeee: folds 
blistein: folds 
AK2021697: folds 
Aescul@pius: folds 
Uncalled bet ($0.50) returned to Pon4uk.ua
Pon4uk.ua collected $1 from pot
Pon4uk.ua: doesn't show hand 
*** SUMMARY ***
Total pot $1 | Rake $0 
Seat 1: Aescul@pius (small blind) folded before Flop
Seat 2: Pon4uk.ua (big blind) collected ($1)
Seat 3: Kristo 914 folded before Flop (didn't bet)
Seat 4: vadjkeee folded before Flop (didn't bet)
Seat 5: blistein folded before Flop (didn't bet)
Seat 6: AK2021697 (button) folded before Flop (didn't bet)



PokerStars Hand #254429736436:  Hold'em No Limit ($0.50/$1.00 USD) - 2025/01/18 11:51:15 WET [2025/01/18 6:51:15 ET]
Table 'Drakonia III' 6-max Seat #1 is the button
Seat 1: Aescul@pius ($119.23 in chips) 
Seat 2: Pon4uk.ua ($105.76 in chips) 
Seat 3: Kristo 914 ($100 in chips) 
Seat 4: vadjkeee ($117.75 in chips) 
Seat 5: blistein ($100.55 in chips) 
Seat 6: AK2021697 ($73.08 in chips) 
Pon4uk.ua: posts small blind $0.50
Kristo 914: posts big blind $1
*** HOLE CARDS ***
vadjkeee: raises $1.50 to $2.50
blistein: folds 
AK2021697: folds 
Aescul@pius: folds 
Pon4uk.ua: folds 
Kristo 914: folds 
Uncalled bet ($1.50) returned to vadjkeee
vadjkeee collected $2.50 from pot
vadjkeee: doesn't show hand 
*** SUMMARY ***
Total pot $2.50 | Rake $0 
Seat 1: Aescul@pius (button) folded before Flop (didn't bet)
Seat 2: Pon4uk.ua (small blind) folded before Flop
Seat 3: Kristo 914 (big blind) folded before Flop
Seat 4: vadjkeee collected ($2.50)
Seat 5: blistein folded before Flop (didn't bet)
Seat 6: AK2021697 folded before Flop (didn't bet)



PokerStars Hand #254429738450:  Hold'em No Limit ($0.50/$1.00 USD) - 2025/01/18 11:51:30 WET [2025/01/18 6:51:30 ET]
Table 'Drakonia III' 6-max Seat #2 is the button
Seat 1: Aescul@pius ($119.23 in chips) 
Seat 2: Pon4uk.ua ($105.26 in chips) 
Seat 3: Kristo 914 ($100 in chips) 
Seat 4: vadjkeee ($119.25 in chips) 
Seat 5: blistein ($100.55 in chips) 
Seat 6: AK2021697 ($73.08 in chips) 
Kristo 914: posts small blind $0.50
vadjkeee: posts big blind $1
*** HOLE CARDS ***
blistein: folds 
AK2021697: raises $2 to $3
Aescul@pius: folds 
Pon4uk.ua: folds 
Kristo 914: folds 
vadjkeee: calls $2
*** FLOP *** [Qd 7d 6c]
vadjkeee: checks 
AK2021697: bets $3.09
vadjkeee: calls $3.09
*** TURN *** [Qd 7d 6c] [Th]
vadjkeee: checks 
AK2021697: checks 
*** RIVER *** [Qd 7d 6c Th] [9c]
vadjkeee: checks 
AK2021697: checks 
*** SHOW DOWN ***
vadjkeee: shows [Jc Ad] (high card Ace)
AK2021697: shows [4c 4h] (a pair of Fours)
AK2021697 collected $12.05 from pot
*** SUMMARY ***
Total pot $12.68 | Rake $0.63 
Board [Qd 7d 6c Th 9c]
Seat 1: Aescul@pius folded before Flop (didn't bet)
Seat 2: Pon4uk.ua (button) folded before Flop (didn't bet)
Seat 3: Kristo 914 (small blind) folded before Flop
Seat 4: vadjkeee (big blind) showed [Jc Ad] and lost with high card Ace
Seat 5: blistein folded before Flop (didn't bet)
Seat 6: AK2021697 showed [4c 4h] and won ($12.05) with a pair of Fours



PokerStars Hand #254429746279:  Hold'em No Limit ($0.50/$1.00 USD) - 2025/01/18 11:52:25 WET [2025/01/18 6:52:25 ET]
Table 'Drakonia III' 6-max Seat #3 is the button
Seat 1: Aescul@pius ($119.23 in chips) 
Seat 2: Pon4uk.ua ($105.26 in chips) 
Seat 3: Kristo 914 ($100 in chips) 
Seat 4: vadjkeee ($113.16 in chips) 
Seat 5: blistein ($100.55 in chips) 
Seat 6: AK2021697 ($79.04 in chips) 
vadjkeee: posts small blind $0.50
blistein: posts big blind $1
*** HOLE CARDS ***
AK2021697: raises $2 to $3
Aescul@pius: folds 
Pon4uk.ua: folds 
Kristo 914: folds 
vadjkeee: folds 
blistein: calls $2
*** FLOP *** [8s 4s Tc]
blistein: checks 
AK2021697: bets $3.09
blistein: folds 
Uncalled bet ($3.09) returned to AK2021697
AK2021697 collected $6.18 from pot
*** SUMMARY ***
Total pot $6.50 | Rake $0.32 
Board [8s 4s Tc]
Seat 1: Aescul@pius folded before Flop (didn't bet)
Seat 2: Pon4uk.ua folded before Flop (didn't bet)
Seat 3: Kristo 914 (button) folded before Flop (didn't bet)
Seat 4: vadjkeee (small blind) folded before Flop
Seat 5: blistein (big blind) folded on the Flop
Seat 6: AK2021697 collected ($6.18)



PokerStars Hand #254429752882:  Hold'em No Limit ($0.50/$1.00 USD) - 2025/01/18 11:53:12 WET [2025/01/18 6:53:12 ET]
Table 'Drakonia III' 6-max Seat #4 is the button
Seat 1: Aescul@pius ($119.23 in chips) 
Seat 2: Pon4uk.ua ($105.26 in chips) 
Seat 3: Kristo 914 ($100 in chips) 
Seat 4: vadjkeee ($112.66 in chips) 
Seat 5: blistein ($100 in chips) 
Seat 6: AK2021697 ($82.22 in chips) 
blistein: posts small blind $0.50
AK2021697: posts big blind $1
*** HOLE CARDS ***
Aescul@pius: folds 
Pon4uk.ua: folds 
Kristo 914: folds 
Kristo 914 leaves the table
vadjkeee: folds 
blistein: folds 
Uncalled bet ($0.50) returned to AK2021697
AK2021697 collected $1 from pot
*** SUMMARY ***
Total pot $1 | Rake $0 
Seat 1: Aescul@pius folded before Flop (didn't bet)
Seat 2: Pon4uk.ua folded before Flop (didn't bet)
Seat 3: Kristo 914 folded before Flop (didn't bet)
Seat 4: vadjkeee (button) folded before Flop (didn't bet)
Seat 5: blistein (small blind) folded before Flop
Seat 6: AK2021697 (big blind) collected ($1)



PokerStars Hand #254429755547:  Hold'em No Limit ($0.50/$1.00 USD) - 2025/01/18 11:53:31 WET [2025/01/18 6:53:31 ET]
Table 'Drakonia III' 6-max Seat #5 is the button
Seat 1: Aescul@pius ($119.23 in chips) 
Seat 2: Pon4uk.ua ($105.26 in chips) 
Seat 4: vadjkeee ($112.66 in chips) 
Seat 5: blistein ($100 in chips) 
Seat 6: AK2021697 ($82.72 in chips) 
AK2021697: posts small blind $0.50
Aescul@pius: posts big blind $1
*** HOLE CARDS ***
Pon4uk.ua: folds 
vadjkeee: folds 
blistein: folds 
AK2021697: folds 
Uncalled bet ($0.50) returned to Aescul@pius
fobot21 joins the table at seat #3 
Aescul@pius collected $1 from pot
Aescul@pius: doesn't show hand 
*** SUMMARY ***
Total pot $1 | Rake $0 
Seat 1: Aescul@pius (big blind) collected ($1)
Seat 2: Pon4uk.ua folded before Flop (didn't bet)
Seat 4: vadjkeee folded before Flop (didn't bet)
Seat 5: blistein (button) folded before Flop (didn't bet)
Seat 6: AK2021697 (small blind) folded before Flop



PokerStars Hand #254429757656:  Hold'em No Limit ($0.50/$1.00 USD) - 2025/01/18 11:53:46 WET [2025/01/18 6:53:46 ET]
Table 'Drakonia III' 6-max Seat #6 is the button
Seat 3: fobot21 ($100 in chips) is sitting out
Seat 1: Aescul@pius ($119.73 in chips) 
Seat 2: Pon4uk.ua ($105.26 in chips) 
Seat 4: vadjkeee ($112.66 in chips) 
Seat 5: blistein ($100 in chips) 
Seat 6: AK2021697 ($82.22 in chips) 
Aescul@pius: posts small blind $0.50
Pon4uk.ua: posts big blind $1
fobot21: sits out 
*** HOLE CARDS ***
vadjkeee: raises $1.50 to $2.50
blistein: folds 
AK2021697: folds 
Aescul@pius: folds 
Pon4uk.ua: folds 
Uncalled bet ($1.50) returned to vadjkeee
vadjkeee collected $2.50 from pot
vadjkeee: doesn't show hand 
*** SUMMARY ***
Total pot $2.50 | Rake $0 
Seat 3: fobot21
Seat 1: Aescul@pius (small blind) folded before Flop
Seat 2: Pon4uk.ua (big blind) folded before Flop
Seat 4: vadjkeee collected ($2.50)
Seat 5: blistein folded before Flop (didn't bet)
Seat 6: AK2021697 (button) folded before Flop (didn't bet)



PokerStars Hand #254429759838:  Hold'em No Limit ($0.50/$1.00 USD) - 2025/01/18 11:54:02 WET [2025/01/18 6:54:02 ET]
Table 'Drakonia III' 6-max Seat #1 is the button
Seat 1: Aescul@pius ($119.23 in chips) 
Seat 2: Pon4uk.ua ($104.26 in chips) 
Seat 3: fobot21 ($100 in chips) 
Seat 4: vadjkeee ($114.16 in chips) 
Seat 5: blistein ($100 in chips) 
Seat 6: AK2021697 ($82.22 in chips) 
Pon4uk.ua: posts small blind $0.50
fobot21: posts big blind $1
*** HOLE CARDS ***
vadjkeee: folds 
blistein: folds 
AK2021697: raises $2 to $3
Aescul@pius: folds 
Pon4uk.ua: folds 
fobot21: folds 
Uncalled bet ($2) returned to AK2021697
AK2021697 collected $2.50 from pot
*** SUMMARY ***
Total pot $2.50 | Rake $0 
Seat 1: Aescul@pius (button) folded before Flop (didn't bet)
Seat 2: Pon4uk.ua (small blind) folded before Flop
Seat 3: fobot21 (big blind) folded before Flop
Seat 4: vadjkeee folded before Flop (didn't bet)
Seat 5: blistein folded before Flop (didn't bet)
Seat 6: AK2021697 collected ($2.50)



PokerStars Hand #254429763087:  Hold'em No Limit ($0.50/$1.00 USD) - 2025/01/18 11:54:25 WET [2025/01/18 6:54:25 ET]
Table 'Drakonia III' 6-max Seat #2 is the button
Seat 1: Aescul@pius ($119.23 in chips) 
Seat 2: Pon4uk.ua ($103.76 in chips) 
Seat 3: fobot21 ($100 in chips) 
Seat 4: vadjkeee ($114.16 in chips) 
Seat 5: blistein ($100 in chips) 
Seat 6: AK2021697 ($83.72 in chips) 
fobot21: posts small blind $0.50
vadjkeee: posts big blind $1
*** HOLE CARDS ***
blistein: raises $1.20 to $2.20
AK2021697: folds 
Aescul@pius: folds 
Pon4uk.ua: folds 
fobot21: folds 
vadjkeee: folds 
Uncalled bet ($1.20) returned to blistein
blistein collected $2.50 from pot
blistein: doesn't show hand 
*** SUMMARY ***
Total pot $2.50 | Rake $0 
Seat 1: Aescul@pius folded before Flop (didn't bet)
Seat 2: Pon4uk.ua (button) folded before Flop (didn't bet)
Seat 3: fobot21 (small blind) folded before Flop
Seat 4: vadjkeee (big blind) folded before Flop
Seat 5: blistein collected ($2.50)
Seat 6: AK2021697 folded before Flop (didn't bet)



PokerStars Hand #254429764862:  Hold'em No Limit ($0.50/$1.00 USD) - 2025/01/18 11:54:38 WET [2025/01/18 6:54:38 ET]
Table 'Drakonia III' 6-max Seat #3 is the button
Seat 1: Aescul@pius ($119.23 in chips) 
Seat 2: Pon4uk.ua ($103.76 in chips) 
Seat 3: fobot21 ($100 in chips) 
Seat 4: vadjkeee ($113.16 in chips) 
Seat 5: blistein ($101.50 in chips) 
Seat 6: AK2021697 ($83.72 in chips) 
vadjkeee: posts small blind $0.50
blistein: posts big blind $1
*** HOLE CARDS ***
AK2021697: folds 
Aescul@pius: folds 
Pon4uk.ua: folds 
fobot21: raises $1.50 to $2.50
vadjkeee: raises $9.50 to $12
blistein: folds 
fobot21: calls $9.50
*** FLOP *** [Ad 6h Tc]
vadjkeee: bets $5.94
fobot21: raises $15.56 to $21.50
vadjkeee: folds 
Uncalled bet ($15.56) returned to fobot21
fobot21 collected $35.04 from pot
fobot21: doesn't show hand 
*** SUMMARY ***
Total pot $36.88 | Rake $1.84 
Board [Ad 6h Tc]
Seat 1: Aescul@pius folded before Flop (didn't bet)
Seat 2: Pon4uk.ua folded before Flop (didn't bet)
Seat 3: fobot21 (button) collected ($35.04)
Seat 4: vadjkeee (small blind) folded on the Flop
Seat 5: blistein (big blind) folded before Flop
Seat 6: AK2021697 folded before Flop (didn't bet)



PokerStars Hand #254429772118:  Hold'em No Limit ($0.50/$1.00 USD) - 2025/01/18 11:55:35 WET [2025/01/18 6:55:35 ET]
Table 'Drakonia III' 6-max Seat #4 is the button
Seat 1: Aescul@pius ($119.23 in chips) 
Seat 2: Pon4uk.ua ($103.76 in chips) 
Seat 3: fobot21 ($117.10 in chips) 
Seat 4: vadjkeee ($100 in chips) 
Seat 5: blistein ($100.50 in chips) 
Seat 6: AK2021697 ($83.72 in chips) 
blistein: posts small blind $0.50
AK2021697: posts big blind $1
*** HOLE CARDS ***
Aescul@pius: folds 
Pon4uk.ua: folds 
fobot21: raises $1.50 to $2.50
vadjkeee: raises $5 to $7.50
blistein: folds 
AK2021697: folds 
fobot21: folds 
Uncalled bet ($5) returned to vadjkeee
vadjkeee collected $6.50 from pot
vadjkeee: doesn't show hand 
*** SUMMARY ***
Total pot $6.50 | Rake $0 
Seat 1: Aescul@pius folded before Flop (didn't bet)
Seat 2: Pon4uk.ua folded before Flop (didn't bet)
Seat 3: fobot21 folded before Flop
Seat 4: vadjkeee (button) collected ($6.50)
Seat 5: blistein (small blind) folded before Flop
Seat 6: AK2021697 (big blind) folded before Flop



PokerStars Hand #254429776498:  Hold'em No Limit ($0.50/$1.00 USD) - 2025/01/18 11:56:13 WET [2025/01/18 6:56:13 ET]
Table 'Drakonia III' 6-max Seat #5 is the button
Seat 1: Aescul@pius ($119.23 in chips) 
Seat 2: Pon4uk.ua ($103.76 in chips) 
Seat 3: fobot21 ($114.60 in chips) 
Seat 4: vadjkeee ($104 in chips) 
Seat 5: blistein ($100 in chips) 
Seat 6: AK2021697 ($82.72 in chips) 
AK2021697: posts small blind $0.50
Aescul@pius: posts big blind $1
*** HOLE CARDS ***
Pon4uk.ua: raises $1 to $2
fobot21: folds 
vadjkeee: folds 
blistein: folds 
AK2021697: folds 
Aescul@pius: folds 
Uncalled bet ($1) returned to Pon4uk.ua
Pon4uk.ua collected $2.50 from pot
Pon4uk.ua: doesn't show hand 
*** SUMMARY ***
Total pot $2.50 | Rake $0 
Seat 1: Aescul@pius (big blind) folded before Flop
Seat 2: Pon4uk.ua collected ($2.50)
Seat 3: fobot21 folded before Flop (didn't bet)
Seat 4: vadjkeee folded before Flop (didn't bet)
Seat 5: blistein (button) folded before Flop (didn't bet)
Seat 6: AK2021697 (small blind) folded before Flop



PokerStars Hand #254429778161:  Hold'em No Limit ($0.50/$1.00 USD) - 2025/01/18 11:56:28 WET [2025/01/18 6:56:28 ET]
Table 'Drakonia III' 6-max Seat #6 is the button
Seat 1: Aescul@pius ($118.23 in chips) 
Seat 2: Pon4uk.ua ($105.26 in chips) 
Seat 3: fobot21 ($114.60 in chips) 
Seat 4: vadjkeee ($104 in chips) 
Seat 5: blistein ($100 in chips) 
Seat 6: AK2021697 ($82.22 in chips) 
Aescul@pius: posts small blind $0.50
Pon4uk.ua: posts big blind $1
*** HOLE CARDS ***
fobot21: folds 
vadjkeee: raises $1.50 to $2.50
blistein: folds 
AK2021697: calls $2.50
Aescul@pius: folds 
Pon4uk.ua: folds 
*** FLOP *** [6s 9c 2c]
vadjkeee: checks 
AK2021697: checks 
*** TURN *** [6s 9c 2c] [4d]
vadjkeee: bets $4.14
AK2021697: calls $4.14
*** RIVER *** [6s 9c 2c 4d] [6d]
vadjkeee: bets $4.63
AK2021697: folds 
Uncalled bet ($4.63) returned to vadjkeee
vadjkeee collected $14.04 from pot
vadjkeee: doesn't show hand 
*** SUMMARY ***
Total pot $14.78 | Rake $0.74 
Board [6s 9c 2c 4d 6d]
Seat 1: Aescul@pius (small blind) folded before Flop
Seat 2: Pon4uk.ua (big blind) folded before Flop
Seat 3: fobot21 folded before Flop (didn't bet)
Seat 4: vadjkeee collected ($14.04)
Seat 5: blistein folded before Flop (didn't bet)
Seat 6: AK2021697 (button) folded on the River



PokerStars Hand #254429785812:  Hold'em No Limit ($0.50/$1.00 USD) - 2025/01/18 11:57:32 WET [2025/01/18 6:57:32 ET]
Table 'Drakonia III' 6-max Seat #1 is the button
Seat 1: Aescul@pius ($117.73 in chips) 
Seat 2: Pon4uk.ua ($104.26 in chips) 
Seat 3: fobot21 ($114.60 in chips) 
Seat 4: vadjkeee ($111.40 in chips) 
Seat 5: blistein ($100 in chips) 
Seat 6: AK2021697 ($75.58 in chips) 
Pon4uk.ua: posts small blind $0.50
fobot21: posts big blind $1
*** HOLE CARDS ***
vadjkeee: raises $1.50 to $2.50
blistein: raises $5 to $7.50
AK2021697: folds 
Aescul@pius: folds 
Pon4uk.ua: folds 
fobot21: folds 
vadjkeee: folds 
Uncalled bet ($5) returned to blistein
blistein collected $6.50 from pot
blistein: doesn't show hand 
*** SUMMARY ***
Total pot $6.50 | Rake $0 
Seat 1: Aescul@pius (button) folded before Flop (didn't bet)
Seat 2: Pon4uk.ua (small blind) folded before Flop
Seat 3: fobot21 (big blind) folded before Flop
Seat 4: vadjkeee folded before Flop
Seat 5: blistein collected ($6.50)
Seat 6: AK2021697 folded before Flop (didn't bet)



PokerStars Hand #254429789477:  Hold'em No Limit ($0.50/$1.00 USD) - 2025/01/18 11:58:04 WET [2025/01/18 6:58:04 ET]
Table 'Drakonia III' 6-max Seat #2 is the button
Seat 1: Aescul@pius ($117.73 in chips) 
Seat 2: Pon4uk.ua ($103.76 in chips) 
Seat 3: fobot21 ($113.60 in chips) 
Seat 4: vadjkeee ($108.90 in chips) 
Seat 5: blistein ($104 in chips) 
Seat 6: AK2021697 ($75.58 in chips) 
fobot21: posts small blind $0.50
vadjkeee: posts big blind $1
*** HOLE CARDS ***
blistein: folds 
AK2021697: folds 
Aescul@pius: folds 
Pon4uk.ua: folds 
fobot21: raises $1.90 to $2.90
vadjkeee: calls $1.90
*** FLOP *** [7d Jc Ad]
fobot21: bets $4.19
vadjkeee: folds 
Uncalled bet ($4.19) returned to fobot21
fobot21 collected $5.51 from pot
fobot21: doesn't show hand 
*** SUMMARY ***
Total pot $5.80 | Rake $0.29 
Board [7d Jc Ad]
Seat 1: Aescul@pius folded before Flop (didn't bet)
Seat 2: Pon4uk.ua (button) folded before Flop (didn't bet)
Seat 3: fobot21 (small blind) collected ($5.51)
Seat 4: vadjkeee (big blind) folded on the Flop
Seat 5: blistein folded before Flop (didn't bet)
Seat 6: AK2021697 folded before Flop (didn't bet)



PokerStars Hand #254429794293:  Hold'em No Limit ($0.50/$1.00 USD) - 2025/01/18 11:58:44 WET [2025/01/18 6:58:44 ET]
Table 'Drakonia III' 6-max Seat #3 is the button
Seat 1: Aescul@pius ($117.73 in chips) 
Seat 2: Pon4uk.ua ($103.76 in chips) 
Seat 3: fobot21 ($116.21 in chips) 
Seat 4: vadjkeee ($106 in chips) 
Seat 5: blistein ($104 in chips) 
Seat 6: AK2021697 ($75.58 in chips) 
vadjkeee: posts small blind $0.50
blistein: posts big blind $1
*** HOLE CARDS ***
AK2021697: folds 
Aescul@pius: raises $1 to $2
Pon4uk.ua: folds 
fobot21: folds 
vadjkeee: folds 
blistein: folds 
Uncalled bet ($1) returned to Aescul@pius
Aescul@pius collected $2.50 from pot
Aescul@pius: doesn't show hand 
*** SUMMARY ***
Total pot $2.50 | Rake $0 
Seat 1: Aescul@pius collected ($2.50)
Seat 2: Pon4uk.ua folded before Flop (didn't bet)
Seat 3: fobot21 (button) folded before Flop (didn't bet)
Seat 4: vadjkeee (small blind) folded before Flop
Seat 5: blistein (big blind) folded before Flop
Seat 6: AK2021697 folded before Flop (didn't bet)



PokerStars Hand #254429796331:  Hold'em No Limit ($0.50/$1.00 USD) - 2025/01/18 11:59:02 WET [2025/01/18 6:59:02 ET]
Table 'Drakonia III' 6-max Seat #4 is the button
Seat 1: Aescul@pius ($119.23 in chips) 
Seat 2: Pon4uk.ua ($103.76 in chips) 
Seat 3: fobot21 ($116.21 in chips) 
Seat 4: vadjkeee ($105.50 in chips) 
Seat 5: blistein ($103 in chips) 
Seat 6: AK2021697 ($75.58 in chips) 
blistein: posts small blind $0.50
AK2021697: posts big blind $1
*** HOLE CARDS ***
Aescul@pius: folds 
Pon4uk.ua: folds 
fobot21: folds 
vadjkeee: folds 
blistein: folds 
Uncalled bet ($0.50) returned to AK2021697
AK2021697 collected $1 from pot
*** SUMMARY ***
Total pot $1 | Rake $0 
Seat 1: Aescul@pius folded before Flop (didn't bet)
Seat 2: Pon4uk.ua folded before Flop (didn't bet)
Seat 3: fobot21 folded before Flop (didn't bet)
Seat 4: vadjkeee (button) folded before Flop (didn't bet)
Seat 5: blistein (small blind) folded before Flop
Seat 6: AK2021697 (big blind) collected ($1)



PokerStars Hand #254429797909:  Hold'em No Limit ($0.50/$1.00 USD) - 2025/01/18 11:59:15 WET [2025/01/18 6:59:15 ET]
Table 'Drakonia III' 6-max Seat #5 is the button
Seat 1: Aescul@pius ($119.23 in chips) 
Seat 2: Pon4uk.ua ($103.76 in chips) 
Seat 3: fobot21 ($116.21 in chips) 
Seat 4: vadjkeee ($105.50 in chips) 
Seat 5: blistein ($102.50 in chips) 
Seat 6: AK2021697 ($76.08 in chips) 
AK2021697: posts small blind $0.50
Aescul@pius: posts big blind $1
*** HOLE CARDS ***
Pon4uk.ua: raises $1 to $2
fobot21: folds 
vadjkeee: folds 
blistein: folds 
AK2021697: calls $1.50
Aescul@pius: folds 
*** FLOP *** [Ad 9s Jd]
AK2021697: checks 
Pon4uk.ua: bets $3.56
AK2021697: folds 
Uncalled bet ($3.56) returned to Pon4uk.ua
Pon4uk.ua collected $4.75 from pot
Pon4uk.ua: doesn't show hand 
*** SUMMARY ***
Total pot $5 | Rake $0.25 
Board [Ad 9s Jd]
Seat 1: Aescul@pius (big blind) folded before Flop
Seat 2: Pon4uk.ua collected ($4.75)
Seat 3: fobot21 folded before Flop (didn't bet)
Seat 4: vadjkeee folded before Flop (didn't bet)
Seat 5: blistein (button) folded before Flop (didn't bet)
Seat 6: AK2021697 (small blind) folded on the Flop



PokerStars Hand #254429801797:  Hold'em No Limit ($0.50/$1.00 USD) - 2025/01/18 11:59:47 WET [2025/01/18 6:59:47 ET]
Table 'Drakonia III' 6-max Seat #6 is the button
Seat 1: Aescul@pius ($118.23 in chips) 
Seat 2: Pon4uk.ua ($106.51 in chips) 
Seat 3: fobot21 ($116.21 in chips) 
Seat 4: vadjkeee ($105.50 in chips) 
Seat 5: blistein ($102.50 in chips) 
Seat 6: AK2021697 ($74.08 in chips) 
Aescul@pius: posts small blind $0.50
Pon4uk.ua: posts big blind $1
*** HOLE CARDS ***
fobot21: folds 
vadjkeee: folds 
blistein: folds 
AK2021697: raises $2 to $3
Aescul@pius: raises $8 to $11
Pon4uk.ua: folds 
AK2021697: calls $8
*** FLOP *** [9c 7s 8h]
Aescul@pius: checks 
AK2021697: checks 
*** TURN *** [9c 7s 8h] [Jh]
Aescul@pius: checks 
AK2021697: bets $10.93
Aescul@pius: raises $21.30 to $32.23
AK2021697: raises $30.85 to $63.08 and is all-in
Aescul@pius: calls $30.85
*** RIVER *** [9c 7s 8h Jh] [Ac]
*** SHOW DOWN ***
Aescul@pius: shows [Qd Td] (a straight, Eight to Queen)
AK2021697: shows [9s Ts] (a straight, Seven to Jack)
Aescul@pius collected $146.66 from pot
*** SUMMARY ***
Total pot $149.16 | Rake $2.50 
Board [9c 7s 8h Jh Ac]
Seat 1: Aescul@pius (small blind) showed [Qd Td] and won ($146.66) with a straight, Eight to Queen
Seat 2: Pon4uk.ua (big blind) folded before Flop
Seat 3: fobot21 folded before Flop (didn't bet)
Seat 4: vadjkeee folded before Flop (didn't bet)
Seat 5: blistein folded before Flop (didn't bet)
Seat 6: AK2021697 (button) showed [9s Ts] and lost with a straight, Seven to Jack



PokerStars Hand #254429810184:  Hold'em No Limit ($0.50/$1.00 USD) - 2025/01/18 12:00:54 WET [2025/01/18 7:00:54 ET]
Table 'Drakonia III' 6-max Seat #1 is the button
Seat 6: AK2021697 ($0 in chips) is sitting out
Seat 1: Aescul@pius ($190.81 in chips) 
Seat 2: Pon4uk.ua ($105.51 in chips) 
Seat 3: fobot21 ($116.21 in chips) 
Seat 4: vadjkeee ($105.50 in chips) 
Seat 5: blistein ($102.50 in chips) 
Pon4uk.ua: posts small blind $0.50
fobot21: posts big blind $1
*** HOLE CARDS ***
vadjkeee: folds 
blistein: folds 
Aescul@pius: raises $1.50 to $2.50
Pon4uk.ua: raises $8.50 to $11
fobot21: folds 
Aescul@pius: folds 
Uncalled bet ($8.50) returned to Pon4uk.ua
Pon4uk.ua collected $6 from pot
Pon4uk.ua: doesn't show hand 
*** SUMMARY ***
Total pot $6 | Rake $0 
Seat 6: AK2021697
Seat 1: Aescul@pius (button) folded before Flop
Seat 2: Pon4uk.ua (small blind) collected ($6)
Seat 3: fobot21 (big blind) folded before Flop
Seat 4: vadjkeee folded before Flop (didn't bet)
Seat 5: blistein folded before Flop (didn't bet)



PokerStars Hand #254429814530:  Hold'em No Limit ($0.50/$1.00 USD) - 2025/01/18 12:01:26 WET [2025/01/18 7:01:26 ET]
Table 'Drakonia III' 6-max Seat #2 is the button
Seat 6: AK2021697 ($0 in chips) is sitting out
Seat 1: Aescul@pius ($188.31 in chips) 
Seat 2: Pon4uk.ua ($109.01 in chips) 
Seat 3: fobot21 ($115.21 in chips) 
Seat 4: vadjkeee ($105.50 in chips) 
Seat 5: blistein ($102.50 in chips) 
fobot21: posts small blind $0.50
vadjkeee: posts big blind $1
*** HOLE CARDS ***
blistein: folds 
Aescul@pius: folds 
Pon4uk.ua: folds 
AK2021697 leaves the table
fobot21: raises $1.90 to $2.90
vadjkeee: raises $6.10 to $9
fobot21: folds 
Uncalled bet ($6.10) returned to vadjkeee
vadjkeee collected $5.80 from pot
vadjkeee: doesn't show hand 
*** SUMMARY ***
Total pot $5.80 | Rake $0 
Seat 6: AK2021697
Seat 1: Aescul@pius folded before Flop (didn't bet)
Seat 2: Pon4uk.ua (button) folded before Flop (didn't bet)
Seat 3: fobot21 (small blind) folded before Flop
Seat 4: vadjkeee (big blind) collected ($5.80)
Seat 5: blistein folded before Flop (didn't bet)



PokerStars Hand #254429817814:  Hold'em No Limit ($0.50/$1.00 USD) - 2025/01/18 12:01:49 WET [2025/01/18 7:01:49 ET]
Table 'Drakonia III' 6-max Seat #3 is the button
Seat 5: blistein ($102.50 in chips) is sitting out
Seat 1: Aescul@pius ($188.31 in chips) 
Seat 2: Pon4uk.ua ($109.01 in chips) 
Seat 3: fobot21 ($112.31 in chips) 
Seat 4: vadjkeee ($108.40 in chips) 
vadjkeee: posts small blind $0.50
blistein: is sitting out 
Aescul@pius: posts big blind $1
*** HOLE CARDS ***
Pacifistas joins the table at seat #6 
blistein leaves the table
Pon4uk.ua: folds 
fobot21: folds 
vadjkeee: folds 
Uncalled bet ($0.50) returned to Aescul@pius
Aescul@pius collected $1 from pot
Aescul@pius: doesn't show hand 
*** SUMMARY ***
Total pot $1 | Rake $0 
Seat 5: blistein
Seat 1: Aescul@pius (big blind) collected ($1)
Seat 2: Pon4uk.ua folded before Flop (didn't bet)
Seat 3: fobot21 (button) folded before Flop (didn't bet)
Seat 4: vadjkeee (small blind) folded before Flop



