PokerStars Hand #254438396239:  Hold'em No Limit ($0.50/$1.00 USD) - 2025/01/18 21:52:58 WET [2025/01/18 16:52:58 ET]
Table 'Ute IV' 6-max Seat #4 is the button
Seat 1: XneferX ($100 in chips) 
Seat 4: ptolejmus ($10.90 in chips) 
Seat 6: Sadyhov V.V. ($100 in chips) 
Sadyhov V.V.: posts small blind $0.50
XneferX: posts big blind $1
*** HOLE CARDS ***
ptolejmus: folds 
Sadyhov V.V.: calls $0.50
XneferX: checks 
*** FLOP *** [6h Ad 8h]
Sadyhov V.V.: bets $2
XneferX: calls $2
*** TURN *** [6h Ad 8h] [Kc]
Sadyhov V.V.: bets $5
XneferX: folds 
Uncalled bet ($5) returned to Sadyhov V.V.
Sadyhov V.V. collected $5.70 from pot
Sadyhov V.V.: doesn't show hand 
*** SUMMARY ***
Total pot $6 | Rake $0.30 
Board [6h Ad 8h Kc]
Seat 1: XneferX (big blind) folded on the Turn
Seat 4: ptolejmus (button) folded before Flop (didn't bet)
Seat 6: Sadyhov V.V. (small blind) collected ($5.70)



PokerStars Hand #254438412376:  Hold'em No Limit ($0.50/$1.00 USD) - 2025/01/18 21:53:54 WET [2025/01/18 16:53:54 ET]
Table 'Ute IV' 6-max Seat #6 is the button
Seat 1: XneferX ($100 in chips) 
Seat 4: ptolejmus ($10.90 in chips) 
Seat 6: Sadyhov V.V. ($102.70 in chips) 
XneferX: posts small blind $0.50
ptolejmus: posts big blind $1
*** HOLE CARDS ***
Sadyhov V.V.: raises $1.50 to $2.50
XneferX: folds 
ptolejmus: raises $8.40 to $10.90 and is all-in
Sadyhov V.V.: folds 
Uncalled bet ($8.40) returned to ptolejmus
ptolejmus collected $5.50 from pot
*** SUMMARY ***
Total pot $5.50 | Rake $0 
Seat 1: XneferX (small blind) folded before Flop
Seat 4: ptolejmus (big blind) collected ($5.50)
Seat 6: Sadyhov V.V. (button) folded before Flop



PokerStars Hand #254438422475:  Hold'em No Limit ($0.50/$1.00 USD) - 2025/01/18 21:54:29 WET [2025/01/18 16:54:29 ET]
Table 'Ute IV' 6-max Seat #4 is the button
Seat 6: Sadyhov V.V. ($100.20 in chips) is sitting out
Seat 1: XneferX ($100 in chips) 
Seat 4: ptolejmus ($13.90 in chips) 
ptolejmus: posts small blind $0.50
Sadyhov V.V.: is sitting out 
XneferX: posts big blind $1
*** HOLE CARDS ***
ptolejmus: calls $0.50
XneferX: checks 
*** FLOP *** [4d 7d 2h]
XneferX: checks 
ptolejmus: bets $1
XneferX: calls $1
*** TURN *** [4d 7d 2h] [8s]
XneferX: checks 
ptolejmus: bets $3.80
XneferX: folds 
Uncalled bet ($3.80) returned to ptolejmus
ptolejmus collected $3.80 from pot
*** SUMMARY ***
Total pot $4 | Rake $0.20 
Board [4d 7d 2h 8s]
Seat 6: Sadyhov V.V.
Seat 1: XneferX (big blind) folded on the Turn
Seat 4: ptolejmus (button) (small blind) collected ($3.80)



PokerStars Hand #254438488700:  Hold'em No Limit ($0.50/$1.00 USD) - 2025/01/18 21:59:37 WET [2025/01/18 16:59:37 ET]
Table 'Ute IV' 6-max Seat #1 is the button
Seat 6: Sadyhov V.V. ($100.20 in chips) is sitting out
Seat 1: XneferX ($100 in chips) 
Seat 4: nikalas22 ($100 in chips) 
XneferX: posts small blind $0.50
nikalas22: posts big blind $1
*** HOLE CARDS ***
XneferX: folds 
Uncalled bet ($0.50) returned to nikalas22
nikalas22 collected $1 from pot
nikalas22: doesn't show hand 
*** SUMMARY ***
Total pot $1 | Rake $0 
Seat 6: Sadyhov V.V.
Seat 1: XneferX (button) (small blind) folded before Flop
Seat 4: nikalas22 (big blind) collected ($1)



PokerStars Hand #254438492149:  Hold'em No Limit ($0.50/$1.00 USD) - 2025/01/18 21:59:53 WET [2025/01/18 16:59:53 ET]
Table 'Ute IV' 6-max Seat #4 is the button
Seat 6: Sadyhov V.V. ($100.20 in chips) is sitting out
Seat 1: XneferX ($100 in chips) 
Seat 4: nikalas22 ($100.50 in chips) 
nikalas22: posts small blind $0.50
XneferX: posts big blind $1
*** HOLE CARDS ***
nikalas22: raises $1.50 to $2.50
XneferX: folds 
Uncalled bet ($1.50) returned to nikalas22
nikalas22 collected $2 from pot
nikalas22: doesn't show hand 
*** SUMMARY ***
Total pot $2 | Rake $0 
Seat 6: Sadyhov V.V.
Seat 1: XneferX (big blind) folded before Flop
Seat 4: nikalas22 (button) (small blind) collected ($2)



PokerStars Hand #254438538021:  Hold'em No Limit ($0.50/$1.00 USD) - 2025/01/18 22:02:52 WET [2025/01/18 17:02:52 ET]
Table 'Ute IV' 6-max Seat #2 is the button
Seat 6: Sadyhov V.V. ($100.20 in chips) is sitting out
Seat 2: XneferX ($100 in chips) 
Seat 4: nikalas22 ($101.50 in chips) 
XneferX: posts small blind $0.50
nikalas22: posts big blind $1
*** HOLE CARDS ***
XneferX: raises $2 to $3
nikalas22: folds 
Uncalled bet ($2) returned to XneferX
XneferX collected $2 from pot
XneferX: doesn't show hand 
*** SUMMARY ***
Total pot $2 | Rake $0 
Seat 6: Sadyhov V.V.
Seat 2: XneferX (button) (small blind) collected ($2)
Seat 4: nikalas22 (big blind) folded before Flop



PokerStars Hand #254438545092:  Hold'em No Limit ($0.50/$1.00 USD) - 2025/01/18 22:03:15 WET [2025/01/18 17:03:15 ET]
Table 'Ute IV' 6-max Seat #4 is the button
Seat 6: Sadyhov V.V. ($100.20 in chips) is sitting out
Seat 2: XneferX ($101 in chips) 
Seat 4: nikalas22 ($100.50 in chips) 
nikalas22: posts small blind $0.50
XneferX: posts big blind $1
*** HOLE CARDS ***
nikalas22: folds 
Uncalled bet ($0.50) returned to XneferX
XneferX collected $1 from pot
XneferX: doesn't show hand 
*** SUMMARY ***
Total pot $1 | Rake $0 
Seat 6: Sadyhov V.V.
Seat 2: XneferX (big blind) collected ($1)
Seat 4: nikalas22 (button) (small blind) folded before Flop



PokerStars Hand #254438546960:  Hold'em No Limit ($0.50/$1.00 USD) - 2025/01/18 22:03:22 WET [2025/01/18 17:03:22 ET]
Table 'Ute IV' 6-max Seat #2 is the button
Seat 6: Sadyhov V.V. ($100.20 in chips) is sitting out
Seat 2: XneferX ($101.50 in chips) 
Seat 4: nikalas22 ($100 in chips) 
XneferX: posts small blind $0.50
nikalas22: posts big blind $1
*** HOLE CARDS ***
XneferX: raises $2 to $3
nikalas22: folds 
Uncalled bet ($2) returned to XneferX
XneferX collected $2 from pot
XneferX: doesn't show hand 
*** SUMMARY ***
Total pot $2 | Rake $0 
Seat 6: Sadyhov V.V.
Seat 2: XneferX (button) (small blind) collected ($2)
Seat 4: nikalas22 (big blind) folded before Flop



PokerStars Hand #254438550524:  Hold'em No Limit ($0.50/$1.00 USD) - 2025/01/18 22:03:34 WET [2025/01/18 17:03:34 ET]
Table 'Ute IV' 6-max Seat #4 is the button
Seat 6: Sadyhov V.V. ($100.20 in chips) is sitting out
Seat 2: XneferX ($102.50 in chips) 
Seat 4: nikalas22 ($100 in chips) 
nikalas22: posts small blind $0.50
XneferX: posts big blind $1
*** HOLE CARDS ***
nikalas22: raises $1.50 to $2.50
XneferX: folds 
Uncalled bet ($1.50) returned to nikalas22
nikalas22 collected $2 from pot
nikalas22: doesn't show hand 
*** SUMMARY ***
Total pot $2 | Rake $0 
Seat 6: Sadyhov V.V.
Seat 2: XneferX (big blind) folded before Flop
Seat 4: nikalas22 (button) (small blind) collected ($2)



PokerStars Hand #254438653935:  Hold'em No Limit ($0.50/$1.00 USD) - 2025/01/18 22:09:24 WET [2025/01/18 17:09:24 ET]
Table 'Ute IV' 6-max Seat #5 is the button
Seat 6: Sadyhov V.V. ($100.20 in chips) is sitting out
Seat 1: easy_sarcasm ($100 in chips) 
Seat 2: itaba ($10 in chips) 
Seat 3: Poker9803 ($100 in chips) 
Seat 4: nikalas22 ($101 in chips) 
Seat 5: Sarabe nab ($70.38 in chips) 
easy_sarcasm: posts small blind $0.50
itaba: posts big blind $1
*** HOLE CARDS ***
Poker9803: folds 
nikalas22: folds 
Sarabe nab: calls $1
easy_sarcasm: folds 
itaba: raises $9 to $10 and is all-in
Sarabe nab: calls $9
*** FLOP *** [9s 2d 2h]
*** TURN *** [9s 2d 2h] [6c]
*** RIVER *** [9s 2d 2h 6c] [6h]
*** SHOW DOWN ***
itaba: shows [5d Ah] (two pair, Sixes and Deuces)
Sarabe nab: shows [8d 9c] (two pair, Nines and Sixes)
Sarabe nab collected $19.48 from pot
*** SUMMARY ***
Total pot $20.50 | Rake $1.02 
Board [9s 2d 2h 6c 6h]
Seat 6: Sadyhov V.V.
Seat 1: easy_sarcasm (small blind) folded before Flop
Seat 2: itaba (big blind) showed [5d Ah] and lost with two pair, Sixes and Deuces
Seat 3: Poker9803 folded before Flop (didn't bet)
Seat 4: nikalas22 folded before Flop (didn't bet)
Seat 5: Sarabe nab (button) showed [8d 9c] and won ($19.48) with two pair, Nines and Sixes



PokerStars Hand #254438662686:  Hold'em No Limit ($0.50/$1.00 USD) - 2025/01/18 22:09:53 WET [2025/01/18 17:09:53 ET]
Table 'Ute IV' 6-max Seat #1 is the button
Seat 6: Sadyhov V.V. ($100.20 in chips) is sitting out
Seat 1: easy_sarcasm ($100 in chips) 
Seat 2: itaba ($10 in chips) 
Seat 3: Poker9803 ($100 in chips) 
Seat 4: nikalas22 ($101 in chips) 
Seat 5: Sarabe nab ($79.86 in chips) 
itaba: posts small blind $0.50
Poker9803: posts big blind $1
Sadyhov V.V.: sits out 
*** HOLE CARDS ***
nikalas22: folds 
Sarabe nab: calls $1
easy_sarcasm: raises $3.50 to $4.50
itaba: folds 
Poker9803: folds 
Sarabe nab: calls $3.50
*** FLOP *** [3h Kh 3c]
Sarabe nab: checks 
easy_sarcasm: bets $4.50
Sarabe nab: calls $4.50
*** TURN *** [3h Kh 3c] [7s]
Sarabe nab: checks 
easy_sarcasm: checks 
*** RIVER *** [3h Kh 3c 7s] [Td]
Sarabe nab: checks 
easy_sarcasm: checks 
*** SHOW DOWN ***
Sarabe nab: shows [Qs Ks] (two pair, Kings and Threes)
easy_sarcasm: mucks hand 
Sarabe nab collected $18.52 from pot
*** SUMMARY ***
Total pot $19.50 | Rake $0.98 
Board [3h Kh 3c 7s Td]
Seat 6: Sadyhov V.V.
Seat 1: easy_sarcasm (button) mucked
Seat 2: itaba (small blind) folded before Flop
Seat 3: Poker9803 (big blind) folded before Flop
Seat 4: nikalas22 folded before Flop (didn't bet)
Seat 5: Sarabe nab showed [Qs Ks] and won ($18.52) with two pair, Kings and Threes



PokerStars Hand #254438673000:  Hold'em No Limit ($0.50/$1.00 USD) - 2025/01/18 22:10:29 WET [2025/01/18 17:10:29 ET]
Table 'Ute IV' 6-max Seat #2 is the button
Seat 6: Sadyhov V.V. ($100.20 in chips) is sitting out
Seat 1: easy_sarcasm ($100 in chips) 
Seat 2: itaba ($9.50 in chips) 
Seat 3: Poker9803 ($100 in chips) 
Seat 4: nikalas22 ($101 in chips) 
Seat 5: Sarabe nab ($89.38 in chips) 
Poker9803: posts small blind $0.50
nikalas22: posts big blind $1
Sadyhov V.V.: sits out 
*** HOLE CARDS ***
Sarabe nab: folds 
easy_sarcasm: raises $2 to $3
itaba: folds 
Poker9803: raises $10.80 to $13.80
nikalas22: folds 
easy_sarcasm: calls $10.80
*** FLOP *** [4d 2c 8c]
Poker9803: bets $8.97
easy_sarcasm: calls $8.97
*** TURN *** [4d 2c 8c] [Qs]
Poker9803: bets $22.11
easy_sarcasm: calls $22.11
*** RIVER *** [4d 2c 8c Qs] [3h]
Poker9803: bets $55.12 and is all-in
easy_sarcasm: calls $55.12 and is all-in
*** SHOW DOWN ***
Poker9803: shows [Qc Ac] (a pair of Queens)
easy_sarcasm: shows [8h 7h] (a pair of Eights)
Poker9803 collected $198.50 from pot
*** SUMMARY ***
Total pot $201 | Rake $2.50 
Board [4d 2c 8c Qs 3h]
Seat 6: Sadyhov V.V.
Seat 1: easy_sarcasm showed [8h 7h] and lost with a pair of Eights
Seat 2: itaba (button) folded before Flop (didn't bet)
Seat 3: Poker9803 (small blind) showed [Qc Ac] and won ($198.50) with a pair of Queens
Seat 4: nikalas22 (big blind) folded before Flop
Seat 5: Sarabe nab folded before Flop (didn't bet)



PokerStars Hand #254438695478:  Hold'em No Limit ($0.50/$1.00 USD) - 2025/01/18 22:11:45 WET [2025/01/18 17:11:45 ET]
Table 'Ute IV' 6-max Seat #3 is the button
Seat 6: Sadyhov V.V. ($100.20 in chips) is sitting out
Seat 1: easy_sarcasm ($100 in chips) 
Seat 2: itaba ($29.50 in chips) 
Seat 3: Poker9803 ($198.50 in chips) 
Seat 4: nikalas22 ($100 in chips) 
Seat 5: Sarabe nab ($89.38 in chips) 
nikalas22: posts small blind $0.50
Sarabe nab: posts big blind $1
Sadyhov V.V.: sits out 
*** HOLE CARDS ***
easy_sarcasm: folds 
itaba: folds 
Poker9803: raises $1.50 to $2.50
nikalas22: folds 
Sarabe nab: calls $1.50
*** FLOP *** [Jd 3s 8c]
Sarabe nab: bets $1
Poker9803: folds 
Uncalled bet ($1) returned to Sarabe nab
Sarabe nab collected $5.22 from pot
Sarabe nab: doesn't show hand 
*** SUMMARY ***
Total pot $5.50 | Rake $0.28 
Board [Jd 3s 8c]
Seat 6: Sadyhov V.V.
Seat 1: easy_sarcasm folded before Flop (didn't bet)
Seat 2: itaba folded before Flop (didn't bet)
Seat 3: Poker9803 (button) folded on the Flop
Seat 4: nikalas22 (small blind) folded before Flop
Seat 5: Sarabe nab (big blind) collected ($5.22)



PokerStars Hand #254438704706:  Hold'em No Limit ($0.50/$1.00 USD) - 2025/01/18 22:12:17 WET [2025/01/18 17:12:17 ET]
Table 'Ute IV' 6-max Seat #4 is the button
Seat 1: easy_sarcasm ($100 in chips) 
Seat 2: itaba ($29.50 in chips) 
Seat 3: Poker9803 ($196 in chips) 
Seat 4: nikalas22 ($100 in chips) 
Seat 5: Sarabe nab ($92.10 in chips) 
Seat 6: Sadyhov V.V. ($100.20 in chips) 
Sarabe nab: posts small blind $0.50
Sadyhov V.V.: posts big blind $1
*** HOLE CARDS ***
easy_sarcasm: folds 
itaba: folds 
Poker9803: folds 
nikalas22: folds 
Sarabe nab: calls $0.50
Sadyhov V.V.: checks 
*** FLOP *** [Ad Ac Ah]
Sarabe nab: bets $1
Sadyhov V.V.: folds 
Uncalled bet ($1) returned to Sarabe nab
Sarabe nab collected $1.90 from pot
Sarabe nab: doesn't show hand 
*** SUMMARY ***
Total pot $2 | Rake $0.10 
Board [Ad Ac Ah]
Seat 1: easy_sarcasm folded before Flop (didn't bet)
Seat 2: itaba folded before Flop (didn't bet)
Seat 3: Poker9803 folded before Flop (didn't bet)
Seat 4: nikalas22 (button) folded before Flop (didn't bet)
Seat 5: Sarabe nab (small blind) collected ($1.90)
Seat 6: Sadyhov V.V. (big blind) folded on the Flop



PokerStars Hand #254438712535:  Hold'em No Limit ($0.50/$1.00 USD) - 2025/01/18 22:12:43 WET [2025/01/18 17:12:43 ET]
Table 'Ute IV' 6-max Seat #5 is the button
Seat 1: easy_sarcasm ($100 in chips) 
Seat 2: itaba ($29.50 in chips) 
Seat 3: Poker9803 ($196 in chips) 
Seat 4: nikalas22 ($100 in chips) 
Seat 5: Sarabe nab ($93 in chips) 
Seat 6: Sadyhov V.V. ($100 in chips) 
Sadyhov V.V.: posts small blind $0.50
easy_sarcasm: posts big blind $1
*** HOLE CARDS ***
itaba: folds 
Poker9803: folds 
nikalas22: folds 
Sarabe nab: folds 
Sadyhov V.V.: folds 
Uncalled bet ($0.50) returned to easy_sarcasm
easy_sarcasm collected $1 from pot
*** SUMMARY ***
Total pot $1 | Rake $0 
Seat 1: easy_sarcasm (big blind) collected ($1)
Seat 2: itaba folded before Flop (didn't bet)
Seat 3: Poker9803 folded before Flop (didn't bet)
Seat 4: nikalas22 folded before Flop (didn't bet)
Seat 5: Sarabe nab (button) folded before Flop (didn't bet)
Seat 6: Sadyhov V.V. (small blind) folded before Flop



PokerStars Hand #254438717874:  Hold'em No Limit ($0.50/$1.00 USD) - 2025/01/18 22:13:02 WET [2025/01/18 17:13:02 ET]
Table 'Ute IV' 6-max Seat #6 is the button
Seat 1: easy_sarcasm ($100.50 in chips) 
Seat 2: itaba ($29.50 in chips) 
Seat 3: Poker9803 ($196 in chips) 
Seat 4: nikalas22 ($100 in chips) 
Seat 5: Sarabe nab ($93 in chips) 
Seat 6: Sadyhov V.V. ($100 in chips) 
easy_sarcasm: posts small blind $0.50
itaba: posts big blind $1
*** HOLE CARDS ***
Poker9803: folds 
nikalas22: folds 
Sarabe nab: calls $1
Sadyhov V.V.: folds 
easy_sarcasm: folds 
itaba: checks 
*** FLOP *** [9h 6s 2d]
itaba: checks 
Sarabe nab: checks 
*** TURN *** [9h 6s 2d] [4s]
itaba: checks 
Sarabe nab: bets $1
itaba: folds 
Uncalled bet ($1) returned to Sarabe nab
Sarabe nab collected $2.38 from pot
Sarabe nab: doesn't show hand 
*** SUMMARY ***
Total pot $2.50 | Rake $0.12 
Board [9h 6s 2d 4s]
Seat 1: easy_sarcasm (small blind) folded before Flop
Seat 2: itaba (big blind) folded on the Turn
Seat 3: Poker9803 folded before Flop (didn't bet)
Seat 4: nikalas22 folded before Flop (didn't bet)
Seat 5: Sarabe nab collected ($2.38)
Seat 6: Sadyhov V.V. (button) folded before Flop (didn't bet)



PokerStars Hand #254438732184:  Hold'em No Limit ($0.50/$1.00 USD) - 2025/01/18 22:13:51 WET [2025/01/18 17:13:51 ET]
Table 'Ute IV' 6-max Seat #1 is the button
Seat 1: easy_sarcasm ($100 in chips) 
Seat 2: itaba ($28.50 in chips) 
Seat 3: Poker9803 ($196 in chips) 
Seat 4: nikalas22 ($100 in chips) 
Seat 5: Sarabe nab ($94.38 in chips) 
Seat 6: Sadyhov V.V. ($100 in chips) 
itaba: posts small blind $0.50
Poker9803: posts big blind $1
*** HOLE CARDS ***
nikalas22: folds 
Sarabe nab: calls $1
Sadyhov V.V.: folds 
easy_sarcasm: folds 
itaba: folds 
Poker9803: checks 
*** FLOP *** [Jc 4h Qd]
Poker9803: checks 
Sarabe nab: checks 
*** TURN *** [Jc 4h Qd] [5d]
Poker9803: checks 
Sarabe nab: checks 
*** RIVER *** [Jc 4h Qd 5d] [5c]
Poker9803: checks 
Sarabe nab: checks 
*** SHOW DOWN ***
Poker9803: shows [3d Ks] (a pair of Fives)
Sarabe nab: shows [9h 9d] (two pair, Nines and Fives)
Sarabe nab collected $2.38 from pot
*** SUMMARY ***
Total pot $2.50 | Rake $0.12 
Board [Jc 4h Qd 5d 5c]
Seat 1: easy_sarcasm (button) folded before Flop (didn't bet)
Seat 2: itaba (small blind) folded before Flop
Seat 3: Poker9803 (big blind) showed [3d Ks] and lost with a pair of Fives
Seat 4: nikalas22 folded before Flop (didn't bet)
Seat 5: Sarabe nab showed [9h 9d] and won ($2.38) with two pair, Nines and Fives
Seat 6: Sadyhov V.V. folded before Flop (didn't bet)



PokerStars Hand #254438742520:  Hold'em No Limit ($0.50/$1.00 USD) - 2025/01/18 22:14:26 WET [2025/01/18 17:14:26 ET]
Table 'Ute IV' 6-max Seat #2 is the button
Seat 1: easy_sarcasm ($100 in chips) 
Seat 2: itaba ($28 in chips) 
Seat 3: Poker9803 ($195 in chips) 
Seat 4: nikalas22 ($100 in chips) 
Seat 5: Sarabe nab ($95.76 in chips) 
Seat 6: Sadyhov V.V. ($100 in chips) 
Poker9803: posts small blind $0.50
nikalas22: posts big blind $1
*** HOLE CARDS ***
Sarabe nab: calls $1
Sadyhov V.V.: folds 
easy_sarcasm: folds 
itaba: raises $2 to $3
Poker9803: folds 
nikalas22: calls $2
Sarabe nab: calls $2
*** FLOP *** [5c 8d 8s]
nikalas22: checks 
Sarabe nab: checks 
itaba: checks 
*** TURN *** [5c 8d 8s] [4d]
nikalas22: checks 
Sarabe nab: checks 
itaba: checks 
*** RIVER *** [5c 8d 8s 4d] [8h]
nikalas22: checks 
Sarabe nab: checks 
itaba: checks 
*** SHOW DOWN ***
nikalas22: shows [Th Qh] (three of a kind, Eights)
Sarabe nab: mucks hand 
itaba: shows [Ac Td] (three of a kind, Eights - Ace kicker)
itaba collected $9.02 from pot
*** SUMMARY ***
Total pot $9.50 | Rake $0.48 
Board [5c 8d 8s 4d 8h]
Seat 1: easy_sarcasm folded before Flop (didn't bet)
Seat 2: itaba (button) showed [Ac Td] and won ($9.02) with three of a kind, Eights
Seat 3: Poker9803 (small blind) folded before Flop
Seat 4: nikalas22 (big blind) showed [Th Qh] and lost with three of a kind, Eights
Seat 5: Sarabe nab mucked
Seat 6: Sadyhov V.V. folded before Flop (didn't bet)



PokerStars Hand #254438758881:  Hold'em No Limit ($0.50/$1.00 USD) - 2025/01/18 22:15:22 WET [2025/01/18 17:15:22 ET]
Table 'Ute IV' 6-max Seat #3 is the button
Seat 1: easy_sarcasm ($100 in chips) 
Seat 2: itaba ($34.02 in chips) 
Seat 3: Poker9803 ($194.50 in chips) 
Seat 4: nikalas22 ($100 in chips) 
Seat 5: Sarabe nab ($92.76 in chips) 
Seat 6: Sadyhov V.V. ($100 in chips) 
nikalas22: posts small blind $0.50
Sarabe nab: posts big blind $1
*** HOLE CARDS ***
Sadyhov V.V.: folds 
easy_sarcasm: folds 
itaba: folds 
Poker9803: raises $1.50 to $2.50
nikalas22: folds 
Sarabe nab: calls $1.50
*** FLOP *** [5c Qc Qd]
Sarabe nab: checks 
Poker9803: bets $1.30
Sarabe nab: raises $1.30 to $2.60
Poker9803: raises $4.40 to $7
Sarabe nab: folds 
Uncalled bet ($4.40) returned to Poker9803
Poker9803 collected $10.16 from pot
Poker9803: doesn't show hand 
*** SUMMARY ***
Total pot $10.70 | Rake $0.54 
Board [5c Qc Qd]
Seat 1: easy_sarcasm folded before Flop (didn't bet)
Seat 2: itaba folded before Flop (didn't bet)
Seat 3: Poker9803 (button) collected ($10.16)
Seat 4: nikalas22 (small blind) folded before Flop
Seat 5: Sarabe nab (big blind) folded on the Flop
Seat 6: Sadyhov V.V. folded before Flop (didn't bet)



PokerStars Hand #254438770941:  Hold'em No Limit ($0.50/$1.00 USD) - 2025/01/18 22:16:03 WET [2025/01/18 17:16:03 ET]
Table 'Ute IV' 6-max Seat #4 is the button
Seat 1: easy_sarcasm ($100 in chips) 
Seat 2: itaba ($34.02 in chips) 
Seat 3: Poker9803 ($199.56 in chips) 
Seat 4: nikalas22 ($100 in chips) 
Seat 5: Sarabe nab ($87.66 in chips) 
Seat 6: Sadyhov V.V. ($100 in chips) 
Sarabe nab: posts small blind $0.50
Sadyhov V.V.: posts big blind $1
*** HOLE CARDS ***
easy_sarcasm: folds 
itaba: folds 
Poker9803: folds 
nikalas22: raises $1.50 to $2.50
Sarabe nab: calls $2
Sadyhov V.V.: folds 
*** FLOP *** [6c 8d 6h]
Sarabe nab: checks 
nikalas22: bets $1.71
Sarabe nab: calls $1.71
*** TURN *** [6c 8d 6h] [Jc]
Sarabe nab: checks 
nikalas22: bets $6.71
Sarabe nab: calls $6.71
*** RIVER *** [6c 8d 6h Jc] [Kd]
Sarabe nab: checks 
nikalas22: bets $16.28
Sarabe nab: folds 
Uncalled bet ($16.28) returned to nikalas22
nikalas22 collected $21.70 from pot
nikalas22: doesn't show hand 
*** SUMMARY ***
Total pot $22.84 | Rake $1.14 
Board [6c 8d 6h Jc Kd]
Seat 1: easy_sarcasm folded before Flop (didn't bet)
Seat 2: itaba folded before Flop (didn't bet)
Seat 3: Poker9803 folded before Flop (didn't bet)
Seat 4: nikalas22 (button) collected ($21.70)
Seat 5: Sarabe nab (small blind) folded on the River
Seat 6: Sadyhov V.V. (big blind) folded before Flop



PokerStars Hand #254438788187:  Hold'em No Limit ($0.50/$1.00 USD) - 2025/01/18 22:17:01 WET [2025/01/18 17:17:01 ET]
Table 'Ute IV' 6-max Seat #5 is the button
Seat 1: easy_sarcasm ($100 in chips) 
Seat 2: itaba ($34.02 in chips) 
Seat 3: Poker9803 ($199.56 in chips) 
Seat 4: nikalas22 ($110.78 in chips) 
Seat 5: Sarabe nab ($76.74 in chips) 
Seat 6: Sadyhov V.V. ($100 in chips) 
Sadyhov V.V.: posts small blind $0.50
easy_sarcasm: posts big blind $1
*** HOLE CARDS ***
itaba: folds 
Poker9803: folds 
nikalas22: folds 
Sarabe nab: raises $1 to $2
Sadyhov V.V.: calls $1.50
easy_sarcasm: calls $1
*** FLOP *** [As Qc Jc]
Sadyhov V.V.: checks 
easy_sarcasm: checks 
Sarabe nab: checks 
*** TURN *** [As Qc Jc] [9s]
Sadyhov V.V.: bets $3.14
easy_sarcasm: raises $7.86 to $11
Sarabe nab: folds 
Sadyhov V.V.: folds 
Uncalled bet ($7.86) returned to easy_sarcasm
easy_sarcasm collected $11.67 from pot
*** SUMMARY ***
Total pot $12.28 | Rake $0.61 
Board [As Qc Jc 9s]
Seat 1: easy_sarcasm (big blind) collected ($11.67)
Seat 2: itaba folded before Flop (didn't bet)
Seat 3: Poker9803 folded before Flop (didn't bet)
Seat 4: nikalas22 folded before Flop (didn't bet)
Seat 5: Sarabe nab (button) folded on the Turn
Seat 6: Sadyhov V.V. (small blind) folded on the Turn



PokerStars Hand #254438803449:  Hold'em No Limit ($0.50/$1.00 USD) - 2025/01/18 22:17:53 WET [2025/01/18 17:17:53 ET]
Table 'Ute IV' 6-max Seat #6 is the button
Seat 1: easy_sarcasm ($106.53 in chips) 
Seat 2: itaba ($34.02 in chips) 
Seat 3: Poker9803 ($199.56 in chips) 
Seat 4: nikalas22 ($110.78 in chips) 
Seat 5: Sarabe nab ($74.74 in chips) 
Seat 6: Sadyhov V.V. ($100 in chips) 
easy_sarcasm: posts small blind $0.50
itaba: posts big blind $1
*** HOLE CARDS ***
Poker9803: folds 
nikalas22: folds 
Sarabe nab: raises $2.50 to $3.50
Sadyhov V.V.: calls $3.50
easy_sarcasm: folds 
itaba: folds 
*** FLOP *** [3d 6h 6c]
Sarabe nab: checks 
Sadyhov V.V.: bets $4.44
Sarabe nab: raises $4.44 to $8.88
Sadyhov V.V.: calls $4.44
*** TURN *** [3d 6h 6c] [Jh]
Sarabe nab: checks 
Sadyhov V.V.: bets $8.23
Sarabe nab: raises $54.13 to $62.36 and is all-in
Sadyhov V.V.: folds 
Uncalled bet ($54.13) returned to Sarabe nab
Sarabe nab collected $40.58 from pot
Sarabe nab: doesn't show hand 
*** SUMMARY ***
Total pot $42.72 | Rake $2.14 
Board [3d 6h 6c Jh]
Seat 1: easy_sarcasm (small blind) folded before Flop
Seat 2: itaba (big blind) folded before Flop
Seat 3: Poker9803 folded before Flop (didn't bet)
Seat 4: nikalas22 folded before Flop (didn't bet)
Seat 5: Sarabe nab collected ($40.58)
Seat 6: Sadyhov V.V. (button) folded on the Turn



PokerStars Hand #254438823475:  Hold'em No Limit ($0.50/$1.00 USD) - 2025/01/18 22:19:02 WET [2025/01/18 17:19:02 ET]
Table 'Ute IV' 6-max Seat #1 is the button
Seat 1: easy_sarcasm ($106.03 in chips) 
Seat 2: itaba ($33.02 in chips) 
Seat 3: Poker9803 ($199.56 in chips) 
Seat 4: nikalas22 ($110.78 in chips) 
Seat 5: Sarabe nab ($94.71 in chips) 
Seat 6: Sadyhov V.V. ($100 in chips) 
itaba: posts small blind $0.50
Poker9803: posts big blind $1
*** HOLE CARDS ***
nikalas22: folds 
Sarabe nab: folds 
Sadyhov V.V.: folds 
easy_sarcasm: raises $1.20 to $2.20
itaba: folds 
Poker9803: folds 
Uncalled bet ($1.20) returned to easy_sarcasm
easy_sarcasm collected $2.50 from pot
*** SUMMARY ***
Total pot $2.50 | Rake $0 
Seat 1: easy_sarcasm (button) collected ($2.50)
Seat 2: itaba (small blind) folded before Flop
Seat 3: Poker9803 (big blind) folded before Flop
Seat 4: nikalas22 folded before Flop (didn't bet)
Seat 5: Sarabe nab folded before Flop (didn't bet)
Seat 6: Sadyhov V.V. folded before Flop (didn't bet)



PokerStars Hand #254438828430:  Hold'em No Limit ($0.50/$1.00 USD) - 2025/01/18 22:19:19 WET [2025/01/18 17:19:19 ET]
Table 'Ute IV' 6-max Seat #2 is the button
Seat 1: easy_sarcasm ($107.53 in chips) 
Seat 2: itaba ($32.52 in chips) 
Seat 3: Poker9803 ($198.56 in chips) 
Seat 4: nikalas22 ($110.78 in chips) 
Seat 5: Sarabe nab ($94.71 in chips) 
Seat 6: Sadyhov V.V. ($100 in chips) 
Poker9803: posts small blind $0.50
nikalas22: posts big blind $1
*** HOLE CARDS ***
Sarabe nab: folds 
Sadyhov V.V.: folds 
easy_sarcasm: folds 
itaba: folds 
Poker9803: raises $2.50 to $3.50
nikalas22: raises $7 to $10.50
Poker9803: calls $7
*** FLOP *** [2c Jc Ad]
Poker9803: checks 
nikalas22: bets $5.99
Poker9803: calls $5.99
*** TURN *** [2c Jc Ad] [Kc]
Poker9803: checks 
nikalas22: checks 
*** RIVER *** [2c Jc Ad Kc] [Tc]
Poker9803: bets $23.50
nikalas22: folds 
Uncalled bet ($23.50) returned to Poker9803
Poker9803 collected $31.33 from pot
Poker9803: doesn't show hand 
*** SUMMARY ***
Total pot $32.98 | Rake $1.65 
Board [2c Jc Ad Kc Tc]
Seat 1: easy_sarcasm folded before Flop (didn't bet)
Seat 2: itaba (button) folded before Flop (didn't bet)
Seat 3: Poker9803 (small blind) collected ($31.33)
Seat 4: nikalas22 (big blind) folded on the River
Seat 5: Sarabe nab folded before Flop (didn't bet)
Seat 6: Sadyhov V.V. folded before Flop (didn't bet)



PokerStars Hand #254438850002:  Hold'em No Limit ($0.50/$1.00 USD) - 2025/01/18 22:20:33 WET [2025/01/18 17:20:33 ET]
Table 'Ute IV' 6-max Seat #3 is the button
Seat 1: easy_sarcasm ($107.53 in chips) 
Seat 2: itaba ($32.52 in chips) 
Seat 3: Poker9803 ($213.40 in chips) 
Seat 4: nikalas22 ($100 in chips) 
Seat 5: Sarabe nab ($94.71 in chips) 
Seat 6: Sadyhov V.V. ($100 in chips) 
nikalas22: posts small blind $0.50
Sarabe nab: posts big blind $1
*** HOLE CARDS ***
Sadyhov V.V.: folds 
easy_sarcasm: folds 
itaba: folds 
Poker9803: raises $1.50 to $2.50
nikalas22: folds 
Sarabe nab: calls $1.50
*** FLOP *** [7d 9c 2s]
Sarabe nab: checks 
Poker9803: bets $1.72
Sarabe nab: calls $1.72
*** TURN *** [7d 9c 2s] [9s]
Sarabe nab: checks 
Poker9803: bets $6.37
Sarabe nab: folds 
Uncalled bet ($6.37) returned to Poker9803
Poker9803 collected $8.49 from pot
Poker9803: doesn't show hand 
*** SUMMARY ***
Total pot $8.94 | Rake $0.45 
Board [7d 9c 2s 9s]
Seat 1: easy_sarcasm folded before Flop (didn't bet)
Seat 2: itaba folded before Flop (didn't bet)
Seat 3: Poker9803 (button) collected ($8.49)
Seat 4: nikalas22 (small blind) folded before Flop
Seat 5: Sarabe nab (big blind) folded on the Turn
Seat 6: Sadyhov V.V. folded before Flop (didn't bet)



PokerStars Hand #254438862897:  Hold'em No Limit ($0.50/$1.00 USD) - 2025/01/18 22:21:17 WET [2025/01/18 17:21:17 ET]
Table 'Ute IV' 6-max Seat #4 is the button
Seat 1: easy_sarcasm ($107.53 in chips) 
Seat 2: itaba ($32.52 in chips) 
Seat 3: Poker9803 ($217.67 in chips) 
Seat 4: nikalas22 ($100 in chips) 
Seat 5: Sarabe nab ($90.49 in chips) 
Seat 6: Sadyhov V.V. ($100 in chips) 
Sarabe nab: posts small blind $0.50
Sadyhov V.V.: posts big blind $1
*** HOLE CARDS ***
easy_sarcasm: folds 
itaba: folds 
Poker9803: folds 
nikalas22: folds 
Sarabe nab: calls $0.50
Sadyhov V.V.: checks 
*** FLOP *** [Kh Js 8h]
Sarabe nab: bets $1
Sadyhov V.V.: folds 
Uncalled bet ($1) returned to Sarabe nab
Sarabe nab collected $1.90 from pot
Sarabe nab: doesn't show hand 
*** SUMMARY ***
Total pot $2 | Rake $0.10 
Board [Kh Js 8h]
Seat 1: easy_sarcasm folded before Flop (didn't bet)
Seat 2: itaba folded before Flop (didn't bet)
Seat 3: Poker9803 folded before Flop (didn't bet)
Seat 4: nikalas22 (button) folded before Flop (didn't bet)
Seat 5: Sarabe nab (small blind) collected ($1.90)
Seat 6: Sadyhov V.V. (big blind) folded on the Flop



PokerStars Hand #254438871326:  Hold'em No Limit ($0.50/$1.00 USD) - 2025/01/18 22:21:46 WET [2025/01/18 17:21:46 ET]
Table 'Ute IV' 6-max Seat #5 is the button
Seat 1: easy_sarcasm ($107.53 in chips) 
Seat 2: itaba ($32.52 in chips) 
Seat 3: Poker9803 ($217.67 in chips) 
Seat 4: nikalas22 ($100 in chips) 
Seat 5: Sarabe nab ($91.39 in chips) 
Seat 6: Sadyhov V.V. ($100 in chips) 
Sadyhov V.V.: posts small blind $0.50
easy_sarcasm: posts big blind $1
*** HOLE CARDS ***
itaba: raises $1.50 to $2.50
Poker9803: folds 
nikalas22: folds 
Sarabe nab: folds 
Sadyhov V.V.: folds 
easy_sarcasm: calls $1.50
*** FLOP *** [8h Kd 2h]
easy_sarcasm: checks 
itaba: bets $1.72
easy_sarcasm: calls $1.72
*** TURN *** [8h Kd 2h] [4c]
easy_sarcasm: checks 
itaba: bets $6.37
easy_sarcasm: folds 
Uncalled bet ($6.37) returned to itaba
itaba collected $8.49 from pot
itaba: doesn't show hand 
*** SUMMARY ***
Total pot $8.94 | Rake $0.45 
Board [8h Kd 2h 4c]
Seat 1: easy_sarcasm (big blind) folded on the Turn
Seat 2: itaba collected ($8.49)
Seat 3: Poker9803 folded before Flop (didn't bet)
Seat 4: nikalas22 folded before Flop (didn't bet)
Seat 5: Sarabe nab (button) folded before Flop (didn't bet)
Seat 6: Sadyhov V.V. (small blind) folded before Flop



PokerStars Hand #254438893061:  Hold'em No Limit ($0.50/$1.00 USD) - 2025/01/18 22:23:00 WET [2025/01/18 17:23:00 ET]
Table 'Ute IV' 6-max Seat #6 is the button
Seat 1: easy_sarcasm ($103.31 in chips) 
Seat 2: itaba ($36.79 in chips) 
Seat 3: Poker9803 ($217.67 in chips) 
Seat 4: nikalas22 ($100 in chips) 
Seat 5: Sarabe nab ($91.39 in chips) 
Seat 6: Sadyhov V.V. ($100 in chips) 
easy_sarcasm: posts small blind $0.50
itaba: posts big blind $1
*** HOLE CARDS ***
Poker9803: folds 
nikalas22: raises $1.50 to $2.50
Sarabe nab: folds 
Sadyhov V.V.: folds 
easy_sarcasm: raises $8.50 to $11
itaba: folds 
nikalas22: folds 
Uncalled bet ($8.50) returned to easy_sarcasm
easy_sarcasm collected $6 from pot
*** SUMMARY ***
Total pot $6 | Rake $0 
Seat 1: easy_sarcasm (small blind) collected ($6)
Seat 2: itaba (big blind) folded before Flop
Seat 3: Poker9803 folded before Flop (didn't bet)
Seat 4: nikalas22 folded before Flop
Seat 5: Sarabe nab folded before Flop (didn't bet)
Seat 6: Sadyhov V.V. (button) folded before Flop (didn't bet)



PokerStars Hand #254438901057:  Hold'em No Limit ($0.50/$1.00 USD) - 2025/01/18 22:23:28 WET [2025/01/18 17:23:28 ET]
Table 'Ute IV' 6-max Seat #1 is the button
Seat 1: easy_sarcasm ($106.81 in chips) 
Seat 2: itaba ($35.79 in chips) 
Seat 3: Poker9803 ($217.67 in chips) 
Seat 4: nikalas22 ($100 in chips) 
Seat 5: Sarabe nab ($91.39 in chips) 
Seat 6: Sadyhov V.V. ($100 in chips) 
itaba: posts small blind $0.50
Poker9803: posts big blind $1
*** HOLE CARDS ***
nikalas22: folds 
Sarabe nab: folds 
Sadyhov V.V.: folds 
easy_sarcasm: folds 
itaba: raises $1.50 to $2.50
Poker9803: calls $1.50
*** FLOP *** [9c 7h 6c]
itaba: checks 
Poker9803: checks 
*** TURN *** [9c 7h 6c] [3s]
itaba: checks 
Poker9803: checks 
*** RIVER *** [9c 7h 6c 3s] [Qh]
itaba: bets $2.38
Poker9803: folds 
Uncalled bet ($2.38) returned to itaba
itaba collected $4.75 from pot
itaba: doesn't show hand 
*** SUMMARY ***
Total pot $5 | Rake $0.25 
Board [9c 7h 6c 3s Qh]
Seat 1: easy_sarcasm (button) folded before Flop (didn't bet)
Seat 2: itaba (small blind) collected ($4.75)
Seat 3: Poker9803 (big blind) folded on the River
Seat 4: nikalas22 folded before Flop (didn't bet)
Seat 5: Sarabe nab folded before Flop (didn't bet)
Seat 6: Sadyhov V.V. folded before Flop (didn't bet)



PokerStars Hand #254438925042:  Hold'em No Limit ($0.50/$1.00 USD) - 2025/01/18 22:24:51 WET [2025/01/18 17:24:51 ET]
Table 'Ute IV' 6-max Seat #2 is the button
Seat 1: easy_sarcasm ($106.81 in chips) 
Seat 2: itaba ($38.04 in chips) 
Seat 3: Poker9803 ($215.17 in chips) 
Seat 4: nikalas22 ($100 in chips) 
Seat 5: Sarabe nab ($91.39 in chips) 
Seat 6: Sadyhov V.V. ($100 in chips) 
Poker9803: posts small blind $0.50
nikalas22: posts big blind $1
*** HOLE CARDS ***
Sarabe nab: calls $1
Sadyhov V.V.: folds 
easy_sarcasm: folds 
itaba: folds 
Poker9803: folds 
nikalas22: checks 
*** FLOP *** [Ad Jc 5s]
nikalas22: checks 
Sarabe nab: bets $1.19
nikalas22: folds 
Uncalled bet ($1.19) returned to Sarabe nab
Sarabe nab collected $2.38 from pot
Sarabe nab: doesn't show hand 
*** SUMMARY ***
Total pot $2.50 | Rake $0.12 
Board [Ad Jc 5s]
Seat 1: easy_sarcasm folded before Flop (didn't bet)
Seat 2: itaba (button) folded before Flop (didn't bet)
Seat 3: Poker9803 (small blind) folded before Flop
Seat 4: nikalas22 (big blind) folded on the Flop
Seat 5: Sarabe nab collected ($2.38)
Seat 6: Sadyhov V.V. folded before Flop (didn't bet)



PokerStars Hand #254438933194:  Hold'em No Limit ($0.50/$1.00 USD) - 2025/01/18 22:25:19 WET [2025/01/18 17:25:19 ET]
Table 'Ute IV' 6-max Seat #3 is the button
Seat 1: easy_sarcasm ($106.81 in chips) 
Seat 2: itaba ($38.04 in chips) 
Seat 3: Poker9803 ($214.67 in chips) 
Seat 4: nikalas22 ($100 in chips) 
Seat 5: Sarabe nab ($92.77 in chips) 
Seat 6: Sadyhov V.V. ($100 in chips) 
nikalas22: posts small blind $0.50
Sarabe nab: posts big blind $1
*** HOLE CARDS ***
Sadyhov V.V.: folds 
easy_sarcasm: folds 
itaba: folds 
Poker9803: folds 
nikalas22: folds 
Uncalled bet ($0.50) returned to Sarabe nab
Sarabe nab collected $1 from pot
Sarabe nab: doesn't show hand 
*** SUMMARY ***
Total pot $1 | Rake $0 
Seat 1: easy_sarcasm folded before Flop (didn't bet)
Seat 2: itaba folded before Flop (didn't bet)
Seat 3: Poker9803 (button) folded before Flop (didn't bet)
Seat 4: nikalas22 (small blind) folded before Flop
Seat 5: Sarabe nab (big blind) collected ($1)
Seat 6: Sadyhov V.V. folded before Flop (didn't bet)



PokerStars Hand #254438939229:  Hold'em No Limit ($0.50/$1.00 USD) - 2025/01/18 22:25:39 WET [2025/01/18 17:25:39 ET]
Table 'Ute IV' 6-max Seat #4 is the button
Seat 1: easy_sarcasm ($106.81 in chips) 
Seat 2: itaba ($38.04 in chips) 
Seat 3: Poker9803 ($214.67 in chips) 
Seat 4: nikalas22 ($100 in chips) 
Seat 5: Sarabe nab ($93.27 in chips) 
Seat 6: Sadyhov V.V. ($100 in chips) 
Sarabe nab: posts small blind $0.50
Sadyhov V.V.: posts big blind $1
*** HOLE CARDS ***
easy_sarcasm: raises $2 to $3
itaba: folds 
Poker9803: folds 
nikalas22: folds 
Sarabe nab: calls $2.50
Sadyhov V.V.: folds 
*** FLOP *** [Qs Ks 7s]
Sarabe nab: checks 
easy_sarcasm: bets $3.33
Sarabe nab: folds 
Uncalled bet ($3.33) returned to easy_sarcasm
easy_sarcasm collected $6.65 from pot
*** SUMMARY ***
Total pot $7 | Rake $0.35 
Board [Qs Ks 7s]
Seat 1: easy_sarcasm collected ($6.65)
Seat 2: itaba folded before Flop (didn't bet)
Seat 3: Poker9803 folded before Flop (didn't bet)
Seat 4: nikalas22 (button) folded before Flop (didn't bet)
Seat 5: Sarabe nab (small blind) folded on the Flop
Seat 6: Sadyhov V.V. (big blind) folded before Flop



PokerStars Hand #254438947811:  Hold'em No Limit ($0.50/$1.00 USD) - 2025/01/18 22:26:09 WET [2025/01/18 17:26:09 ET]
Table 'Ute IV' 6-max Seat #5 is the button
Seat 1: easy_sarcasm ($110.46 in chips) 
Seat 2: itaba ($38.04 in chips) 
Seat 3: Poker9803 ($214.67 in chips) 
Seat 4: nikalas22 ($100 in chips) 
Seat 5: Sarabe nab ($90.27 in chips) 
Seat 6: Sadyhov V.V. ($100 in chips) 
Sadyhov V.V.: posts small blind $0.50
easy_sarcasm: posts big blind $1
*** HOLE CARDS ***
itaba: folds 
Poker9803: folds 
nikalas22: raises $1.50 to $2.50
Sarabe nab: calls $2.50
Sadyhov V.V.: folds 
easy_sarcasm: folds 
*** FLOP *** [6h 3h 7c]
nikalas22: checks 
Sarabe nab: checks 
*** TURN *** [6h 3h 7c] [9s]
nikalas22: bets $1.85
Sarabe nab: calls $1.85
*** RIVER *** [6h 3h 7c 9s] [9h]
nikalas22: checks 
Sarabe nab: bets $4.85
nikalas22: calls $4.85
*** SHOW DOWN ***
Sarabe nab: shows [Tc Qc] (a pair of Nines)
nikalas22: shows [5h 5d] (two pair, Nines and Fives)
nikalas22 collected $18.90 from pot
*** SUMMARY ***
Total pot $19.90 | Rake $1 
Board [6h 3h 7c 9s 9h]
Seat 1: easy_sarcasm (big blind) folded before Flop
Seat 2: itaba folded before Flop (didn't bet)
Seat 3: Poker9803 folded before Flop (didn't bet)
Seat 4: nikalas22 showed [5h 5d] and won ($18.90) with two pair, Nines and Fives
Seat 5: Sarabe nab (button) showed [Tc Qc] and lost with a pair of Nines
Seat 6: Sadyhov V.V. (small blind) folded before Flop



PokerStars Hand #254438958566:  Hold'em No Limit ($0.50/$1.00 USD) - 2025/01/18 22:26:46 WET [2025/01/18 17:26:46 ET]
Table 'Ute IV' 6-max Seat #6 is the button
Seat 2: itaba ($38.04 in chips) is sitting out
Seat 1: easy_sarcasm ($109.46 in chips) 
Seat 3: Poker9803 ($214.67 in chips) 
Seat 4: nikalas22 ($109.70 in chips) 
Seat 5: Sarabe nab ($81.07 in chips) 
Seat 6: Sadyhov V.V. ($100 in chips) 
easy_sarcasm: posts small blind $0.50
itaba: is sitting out 
Poker9803: posts big blind $1
*** HOLE CARDS ***
nikalas22: folds 
Sarabe nab: calls $1
Sadyhov V.V.: folds 
easy_sarcasm: calls $0.50
Poker9803: checks 
*** FLOP *** [2d 5h 3s]
easy_sarcasm: bets $1.45
Poker9803: folds 
Sarabe nab: calls $1.45
*** TURN *** [2d 5h 3s] [Jh]
easy_sarcasm: bets $2.80
Sarabe nab: raises $11.20 to $14
easy_sarcasm: folds 
Uncalled bet ($11.20) returned to Sarabe nab
Sarabe nab collected $10.92 from pot
Sarabe nab: doesn't show hand 
*** SUMMARY ***
Total pot $11.50 | Rake $0.58 
Board [2d 5h 3s Jh]
Seat 2: itaba
Seat 1: easy_sarcasm (small blind) folded on the Turn
Seat 3: Poker9803 (big blind) folded on the Flop
Seat 4: nikalas22 folded before Flop (didn't bet)
Seat 5: Sarabe nab collected ($10.92)
Seat 6: Sadyhov V.V. (button) folded before Flop (didn't bet)



PokerStars Hand #254438970791:  Hold'em No Limit ($0.50/$1.00 USD) - 2025/01/18 22:27:27 WET [2025/01/18 17:27:27 ET]
Table 'Ute IV' 6-max Seat #1 is the button
Seat 2: itaba ($38.04 in chips) is sitting out
Seat 1: easy_sarcasm ($104.21 in chips) 
Seat 3: Poker9803 ($213.67 in chips) 
Seat 4: nikalas22 ($109.70 in chips) 
Seat 5: Sarabe nab ($86.74 in chips) 
Seat 6: Sadyhov V.V. ($100 in chips) 
Poker9803: posts small blind $0.50
nikalas22: posts big blind $1
*** HOLE CARDS ***
Sarabe nab: folds 
Sadyhov V.V.: folds 
easy_sarcasm: folds 
Poker9803: folds 
Uncalled bet ($0.50) returned to nikalas22
nikalas22 collected $1 from pot
nikalas22: doesn't show hand 
*** SUMMARY ***
Total pot $1 | Rake $0 
Seat 2: itaba
Seat 1: easy_sarcasm (button) folded before Flop (didn't bet)
Seat 3: Poker9803 (small blind) folded before Flop
Seat 4: nikalas22 (big blind) collected ($1)
Seat 5: Sarabe nab folded before Flop (didn't bet)
Seat 6: Sadyhov V.V. folded before Flop (didn't bet)



PokerStars Hand #254438973715:  Hold'em No Limit ($0.50/$1.00 USD) - 2025/01/18 22:27:37 WET [2025/01/18 17:27:37 ET]
Table 'Ute IV' 6-max Seat #3 is the button
Seat 2: itaba ($38.04 in chips) is sitting out
Seat 1: easy_sarcasm ($104.21 in chips) 
Seat 3: Poker9803 ($213.17 in chips) 
Seat 4: nikalas22 ($110.20 in chips) 
Seat 5: Sarabe nab ($86.74 in chips) 
Seat 6: Sadyhov V.V. ($100 in chips) 
nikalas22: posts small blind $0.50
Sarabe nab: posts big blind $1
*** HOLE CARDS ***
Sadyhov V.V.: folds 
easy_sarcasm: folds 
Poker9803: folds 
nikalas22: raises $2 to $3
Sarabe nab: calls $2
*** FLOP *** [Kc 8h 9h]
nikalas22: bets $1.71
Sarabe nab: folds 
Uncalled bet ($1.71) returned to nikalas22
nikalas22 collected $5.70 from pot
nikalas22: doesn't show hand 
*** SUMMARY ***
Total pot $6 | Rake $0.30 
Board [Kc 8h 9h]
Seat 2: itaba
Seat 1: easy_sarcasm folded before Flop (didn't bet)
Seat 3: Poker9803 (button) folded before Flop (didn't bet)
Seat 4: nikalas22 (small blind) collected ($5.70)
Seat 5: Sarabe nab (big blind) folded on the Flop
Seat 6: Sadyhov V.V. folded before Flop (didn't bet)



PokerStars Hand #254438980711:  Hold'em No Limit ($0.50/$1.00 USD) - 2025/01/18 22:28:01 WET [2025/01/18 17:28:01 ET]
Table 'Ute IV' 6-max Seat #4 is the button
Seat 2: itaba ($38.04 in chips) is sitting out
Seat 1: easy_sarcasm ($104.21 in chips) 
Seat 3: Poker9803 ($213.17 in chips) 
Seat 4: nikalas22 ($112.90 in chips) 
Seat 5: Sarabe nab ($83.74 in chips) 
Seat 6: Sadyhov V.V. ($100 in chips) 
Sarabe nab: posts small blind $0.50
Sadyhov V.V.: posts big blind $1
*** HOLE CARDS ***
easy_sarcasm: folds 
Poker9803: raises $1.50 to $2.50
nikalas22: folds 
Sarabe nab: calls $2
Sadyhov V.V.: calls $1.50
*** FLOP *** [5s 8h 5c]
Sarabe nab: checks 
Sadyhov V.V.: checks 
Poker9803: checks 
*** TURN *** [5s 8h 5c] [4s]
Sarabe nab: bets $1
Sadyhov V.V.: raises $7.02 to $8.02
Poker9803: folds 
Sarabe nab: folds 
Uncalled bet ($7.02) returned to Sadyhov V.V.
Sadyhov V.V. collected $9.02 from pot
Sadyhov V.V.: doesn't show hand 
*** SUMMARY ***
Total pot $9.50 | Rake $0.48 
Board [5s 8h 5c 4s]
Seat 2: itaba
Seat 1: easy_sarcasm folded before Flop (didn't bet)
Seat 3: Poker9803 folded on the Turn
Seat 4: nikalas22 (button) folded before Flop (didn't bet)
Seat 5: Sarabe nab (small blind) folded on the Turn
Seat 6: Sadyhov V.V. (big blind) collected ($9.02)



PokerStars Hand #254438997560:  Hold'em No Limit ($0.50/$1.00 USD) - 2025/01/18 22:28:59 WET [2025/01/18 17:28:59 ET]
Table 'Ute IV' 6-max Seat #5 is the button
Seat 2: itaba ($38.04 in chips) is sitting out
Seat 1: easy_sarcasm ($104.21 in chips) 
Seat 3: Poker9803 ($210.67 in chips) 
Seat 4: nikalas22 ($112.90 in chips) 
Seat 5: Sarabe nab ($80.24 in chips) 
Seat 6: Sadyhov V.V. ($105.52 in chips) 
Sadyhov V.V.: posts small blind $0.50
easy_sarcasm: posts big blind $1
*** HOLE CARDS ***
Poker9803: raises $1.50 to $2.50
nikalas22: folds 
Sarabe nab: calls $2.50
Sadyhov V.V.: folds 
easy_sarcasm: folds 
*** FLOP *** [As 4d 2d]
Poker9803: checks 
Sarabe nab: checks 
*** TURN *** [As 4d 2d] [Ks]
Poker9803: bets $4.64
Sarabe nab: calls $4.64
*** RIVER *** [As 4d 2d Ks] [6d]
Poker9803: bets $11.24
Sarabe nab: folds 
Uncalled bet ($11.24) returned to Poker9803
Poker9803 collected $14.99 from pot
Poker9803: doesn't show hand 
*** SUMMARY ***
Total pot $15.78 | Rake $0.79 
Board [As 4d 2d Ks 6d]
Seat 2: itaba
Seat 1: easy_sarcasm (big blind) folded before Flop
Seat 3: Poker9803 collected ($14.99)
Seat 4: nikalas22 folded before Flop (didn't bet)
Seat 5: Sarabe nab (button) folded on the River
Seat 6: Sadyhov V.V. (small blind) folded before Flop



PokerStars Hand #254439013246:  Hold'em No Limit ($0.50/$1.00 USD) - 2025/01/18 22:29:53 WET [2025/01/18 17:29:53 ET]
Table 'Ute IV' 6-max Seat #6 is the button
Seat 2: itaba ($38.04 in chips) is sitting out
Seat 1: easy_sarcasm ($103.21 in chips) 
Seat 3: Poker9803 ($218.52 in chips) 
Seat 4: nikalas22 ($112.90 in chips) 
Seat 5: Sarabe nab ($73.10 in chips) 
Seat 6: Sadyhov V.V. ($105.02 in chips) 
easy_sarcasm: posts small blind $0.50
Poker9803: posts big blind $1
*** HOLE CARDS ***
nikalas22: raises $1.50 to $2.50
Sarabe nab: folds 
Sadyhov V.V.: folds 
easy_sarcasm: folds 
Poker9803: folds 
Uncalled bet ($1.50) returned to nikalas22
nikalas22 collected $2.50 from pot
nikalas22: doesn't show hand 
*** SUMMARY ***
Total pot $2.50 | Rake $0 
Seat 2: itaba
Seat 1: easy_sarcasm (small blind) folded before Flop
Seat 3: Poker9803 (big blind) folded before Flop
Seat 4: nikalas22 collected ($2.50)
Seat 5: Sarabe nab folded before Flop (didn't bet)
Seat 6: Sadyhov V.V. (button) folded before Flop (didn't bet)



PokerStars Hand #254439018825:  Hold'em No Limit ($0.50/$1.00 USD) - 2025/01/18 22:30:13 WET [2025/01/18 17:30:13 ET]
Table 'Ute IV' 6-max Seat #1 is the button
Seat 2: itaba ($38.04 in chips) is sitting out
Seat 1: easy_sarcasm ($102.71 in chips) 
Seat 3: Poker9803 ($217.52 in chips) 
Seat 4: nikalas22 ($114.40 in chips) 
Seat 5: Sarabe nab ($73.10 in chips) 
Seat 6: Sadyhov V.V. ($105.02 in chips) 
Poker9803: posts small blind $0.50
nikalas22: posts big blind $1
*** HOLE CARDS ***
Sarabe nab: folds 
Sadyhov V.V.: folds 
easy_sarcasm: folds 
Poker9803: folds 
Uncalled bet ($0.50) returned to nikalas22
nikalas22 collected $1 from pot
nikalas22: doesn't show hand 
*** SUMMARY ***
Total pot $1 | Rake $0 
Seat 2: itaba
Seat 1: easy_sarcasm (button) folded before Flop (didn't bet)
Seat 3: Poker9803 (small blind) folded before Flop
Seat 4: nikalas22 (big blind) collected ($1)
Seat 5: Sarabe nab folded before Flop (didn't bet)
Seat 6: Sadyhov V.V. folded before Flop (didn't bet)



PokerStars Hand #254439021914:  Hold'em No Limit ($0.50/$1.00 USD) - 2025/01/18 22:30:23 WET [2025/01/18 17:30:23 ET]
Table 'Ute IV' 6-max Seat #3 is the button
Seat 2: itaba ($38.04 in chips) is sitting out
Seat 1: easy_sarcasm ($102.71 in chips) 
Seat 3: Poker9803 ($217.02 in chips) 
Seat 4: nikalas22 ($114.90 in chips) 
Seat 5: Sarabe nab ($73.10 in chips) 
Seat 6: Sadyhov V.V. ($105.02 in chips) 
nikalas22: posts small blind $0.50
Sarabe nab: posts big blind $1
*** HOLE CARDS ***
Sadyhov V.V.: raises $1.50 to $2.50
easy_sarcasm: folds 
Poker9803: folds 
nikalas22: folds 
Sarabe nab: calls $1.50
*** FLOP *** [4s Jh Ac]
Sarabe nab: checks 
Sadyhov V.V.: bets $4.02
Sarabe nab: calls $4.02
*** TURN *** [4s Jh Ac] [As]
Sarabe nab: checks 
Sadyhov V.V.: checks 
*** RIVER *** [4s Jh Ac As] [6h]
Sarabe nab: checks 
Sadyhov V.V.: checks 
*** SHOW DOWN ***
Sarabe nab: shows [7s Jd] (two pair, Aces and Jacks)
Sadyhov V.V.: mucks hand 
Sarabe nab collected $12.86 from pot
*** SUMMARY ***
Total pot $13.54 | Rake $0.68 
Board [4s Jh Ac As 6h]
Seat 2: itaba
Seat 1: easy_sarcasm folded before Flop (didn't bet)
Seat 3: Poker9803 (button) folded before Flop (didn't bet)
Seat 4: nikalas22 (small blind) folded before Flop
Seat 5: Sarabe nab (big blind) showed [7s Jd] and won ($12.86) with two pair, Aces and Jacks
Seat 6: Sadyhov V.V. mucked



PokerStars Hand #254439036409:  Hold'em No Limit ($0.50/$1.00 USD) - 2025/01/18 22:31:13 WET [2025/01/18 17:31:13 ET]
Table 'Ute IV' 6-max Seat #4 is the button
Seat 2: itaba ($38.04 in chips) is sitting out
Seat 1: easy_sarcasm ($102.71 in chips) 
Seat 3: Poker9803 ($217.02 in chips) 
Seat 4: nikalas22 ($114.40 in chips) 
Seat 5: Sarabe nab ($79.44 in chips) 
Seat 6: Sadyhov V.V. ($100 in chips) 
Sarabe nab: posts small blind $0.50
Sadyhov V.V.: posts big blind $1
*** HOLE CARDS ***
easy_sarcasm: folds 
Poker9803: folds 
nikalas22: raises $1.50 to $2.50
Sarabe nab: calls $2
Sadyhov V.V.: folds 
*** FLOP *** [Kd 8c Qs]
Sarabe nab: checks 
nikalas22: checks 
*** TURN *** [Kd 8c Qs] [7d]
Sarabe nab: bets $1
nikalas22: calls $1
*** RIVER *** [Kd 8c Qs 7d] [Th]
Sarabe nab: bets $3.80
nikalas22: folds 
Uncalled bet ($3.80) returned to Sarabe nab
Sarabe nab collected $7.60 from pot
Sarabe nab: doesn't show hand 
*** SUMMARY ***
Total pot $8 | Rake $0.40 
Board [Kd 8c Qs 7d Th]
Seat 2: itaba
Seat 1: easy_sarcasm folded before Flop (didn't bet)
Seat 3: Poker9803 folded before Flop (didn't bet)
Seat 4: nikalas22 (button) folded on the River
Seat 5: Sarabe nab (small blind) collected ($7.60)
Seat 6: Sadyhov V.V. (big blind) folded before Flop



PokerStars Hand #254439049190:  Hold'em No Limit ($0.50/$1.00 USD) - 2025/01/18 22:31:57 WET [2025/01/18 17:31:57 ET]
Table 'Ute IV' 6-max Seat #5 is the button
Seat 2: itaba ($38.04 in chips) is sitting out
Seat 1: easy_sarcasm ($102.71 in chips) 
Seat 3: Poker9803 ($217.02 in chips) 
Seat 4: nikalas22 ($110.90 in chips) 
Seat 5: Sarabe nab ($83.54 in chips) 
Seat 6: Sadyhov V.V. ($100 in chips) 
Sadyhov V.V.: posts small blind $0.50
easy_sarcasm: posts big blind $1
*** HOLE CARDS ***
Poker9803: raises $1.50 to $2.50
nikalas22: folds 
Sarabe nab: folds 
Sadyhov V.V.: folds 
easy_sarcasm: calls $1.50
*** FLOP *** [7s 9h 5c]
easy_sarcasm: checks 
Poker9803: bets $1.72
easy_sarcasm: folds 
Uncalled bet ($1.72) returned to Poker9803
Poker9803 collected $5.22 from pot
Poker9803: doesn't show hand 
*** SUMMARY ***
Total pot $5.50 | Rake $0.28 
Board [7s 9h 5c]
Seat 2: itaba
Seat 1: easy_sarcasm (big blind) folded on the Flop
Seat 3: Poker9803 collected ($5.22)
Seat 4: nikalas22 folded before Flop (didn't bet)
Seat 5: Sarabe nab (button) folded before Flop (didn't bet)
Seat 6: Sadyhov V.V. (small blind) folded before Flop



PokerStars Hand #254439057028:  Hold'em No Limit ($0.50/$1.00 USD) - 2025/01/18 22:32:24 WET [2025/01/18 17:32:24 ET]
Table 'Ute IV' 6-max Seat #6 is the button
Seat 2: itaba ($38.04 in chips) is sitting out
Seat 1: easy_sarcasm ($100.21 in chips) 
Seat 3: Poker9803 ($219.74 in chips) 
Seat 4: nikalas22 ($110.90 in chips) 
Seat 5: Sarabe nab ($83.54 in chips) 
Seat 6: Sadyhov V.V. ($100 in chips) 
easy_sarcasm: posts small blind $0.50
Poker9803: posts big blind $1
*** HOLE CARDS ***
nikalas22: folds 
Sarabe nab: calls $1
Sadyhov V.V.: folds 
easy_sarcasm: calls $0.50
Poker9803: raises $4.50 to $5.50
Sarabe nab: folds 
easy_sarcasm: folds 
Uncalled bet ($4.50) returned to Poker9803
Poker9803 collected $3 from pot
Poker9803: doesn't show hand 
*** SUMMARY ***
Total pot $3 | Rake $0 
Seat 2: itaba
Seat 1: easy_sarcasm (small blind) folded before Flop
Seat 3: Poker9803 (big blind) collected ($3)
Seat 4: nikalas22 folded before Flop (didn't bet)
Seat 5: Sarabe nab folded before Flop
Seat 6: Sadyhov V.V. (button) folded before Flop (didn't bet)



PokerStars Hand #254439067150:  Hold'em No Limit ($0.50/$1.00 USD) - 2025/01/18 22:32:58 WET [2025/01/18 17:32:58 ET]
Table 'Ute IV' 6-max Seat #1 is the button
Seat 2: itaba ($38.04 in chips) is sitting out
Seat 1: easy_sarcasm ($100 in chips) 
Seat 3: Poker9803 ($221.74 in chips) 
Seat 4: nikalas22 ($110.90 in chips) 
Seat 5: Sarabe nab ($82.54 in chips) 
Seat 6: Sadyhov V.V. ($100 in chips) 
Poker9803: posts small blind $0.50
nikalas22: posts big blind $1
*** HOLE CARDS ***
Sarabe nab: calls $1
Sadyhov V.V.: raises $3 to $4
easy_sarcasm: folds 
Poker9803: folds 
nikalas22: calls $3
Sarabe nab: calls $3
*** FLOP *** [7c 8c 3h]
nikalas22: checks 
Sarabe nab: checks 
Sadyhov V.V.: checks 
*** TURN *** [7c 8c 3h] [Td]
nikalas22: bets $3.56
Sarabe nab: calls $3.56
Sadyhov V.V.: calls $3.56
*** RIVER *** [7c 8c 3h Td] [7d]
nikalas22: checks 
Sarabe nab: checks 
Sadyhov V.V.: checks 
*** SHOW DOWN ***
nikalas22: shows [Jd Kd] (a pair of Sevens)
Sarabe nab: shows [2c 3c] (two pair, Sevens and Threes)
Sadyhov V.V.: mucks hand 
Sarabe nab collected $22.02 from pot
*** SUMMARY ***
Total pot $23.18 | Rake $1.16 
Board [7c 8c 3h Td 7d]
Seat 2: itaba
Seat 1: easy_sarcasm (button) folded before Flop (didn't bet)
Seat 3: Poker9803 (small blind) folded before Flop
Seat 4: nikalas22 (big blind) showed [Jd Kd] and lost with a pair of Sevens
Seat 5: Sarabe nab showed [2c 3c] and won ($22.02) with two pair, Sevens and Threes
Seat 6: Sadyhov V.V. mucked



PokerStars Hand #254439081985:  Hold'em No Limit ($0.50/$1.00 USD) - 2025/01/18 22:33:49 WET [2025/01/18 17:33:49 ET]
Table 'Ute IV' 6-max Seat #3 is the button
Seat 2: itaba ($38.04 in chips) is sitting out
Seat 1: easy_sarcasm ($100 in chips) 
Seat 3: Poker9803 ($221.24 in chips) 
Seat 4: nikalas22 ($103.34 in chips) 
Seat 5: Sarabe nab ($97 in chips) 
Seat 6: Sadyhov V.V. ($100 in chips) 
nikalas22: posts small blind $0.50
Sarabe nab: posts big blind $1
*** HOLE CARDS ***
Sadyhov V.V.: folds 
easy_sarcasm: folds 
Poker9803: folds 
nikalas22: raises $2 to $3
Sarabe nab: calls $2
*** FLOP *** [3d 7h 3s]
nikalas22: checks 
Sarabe nab: checks 
*** TURN *** [3d 7h 3s] [Qd]
nikalas22: bets $4.28
Sarabe nab: folds 
Uncalled bet ($4.28) returned to nikalas22
nikalas22 collected $5.70 from pot
nikalas22: doesn't show hand 
*** SUMMARY ***
Total pot $6 | Rake $0.30 
Board [3d 7h 3s Qd]
Seat 2: itaba
Seat 1: easy_sarcasm folded before Flop (didn't bet)
Seat 3: Poker9803 (button) folded before Flop (didn't bet)
Seat 4: nikalas22 (small blind) collected ($5.70)
Seat 5: Sarabe nab (big blind) folded on the Turn
Seat 6: Sadyhov V.V. folded before Flop (didn't bet)



PokerStars Hand #254439090134:  Hold'em No Limit ($0.50/$1.00 USD) - 2025/01/18 22:34:16 WET [2025/01/18 17:34:16 ET]
Table 'Ute IV' 6-max Seat #4 is the button
Seat 2: itaba ($38.04 in chips) is sitting out
Seat 1: easy_sarcasm ($100 in chips) 
Seat 3: Poker9803 ($221.24 in chips) 
Seat 4: nikalas22 ($106.04 in chips) 
Seat 5: Sarabe nab ($94 in chips) 
Seat 6: Sadyhov V.V. ($100 in chips) 
Sarabe nab: posts small blind $0.50
Sadyhov V.V.: posts big blind $1
itaba: sits out 
*** HOLE CARDS ***
easy_sarcasm: folds 
Poker9803: folds 
nikalas22: raises $1.50 to $2.50
Sarabe nab: calls $2
Sadyhov V.V.: folds 
*** FLOP *** [8h Qh 4d]
Sarabe nab: checks 
nikalas22: checks 
*** TURN *** [8h Qh 4d] [Tc]
Sarabe nab: checks 
nikalas22: bets $4.28
Sarabe nab: calls $4.28
*** RIVER *** [8h Qh 4d Tc] [4s]
Sarabe nab: checks 
nikalas22: bets $10.37
Sarabe nab: folds 
Uncalled bet ($10.37) returned to nikalas22
nikalas22 collected $13.83 from pot
nikalas22: doesn't show hand 
*** SUMMARY ***
Total pot $14.56 | Rake $0.73 
Board [8h Qh 4d Tc 4s]
Seat 2: itaba
Seat 1: easy_sarcasm folded before Flop (didn't bet)
Seat 3: Poker9803 folded before Flop (didn't bet)
Seat 4: nikalas22 (button) collected ($13.83)
Seat 5: Sarabe nab (small blind) folded on the River
Seat 6: Sadyhov V.V. (big blind) folded before Flop



PokerStars Hand #254439104848:  Hold'em No Limit ($0.50/$1.00 USD) - 2025/01/18 22:35:07 WET [2025/01/18 17:35:07 ET]
Table 'Ute IV' 6-max Seat #5 is the button
Seat 2: itaba ($38.04 in chips) is sitting out
Seat 1: easy_sarcasm ($100 in chips) 
Seat 3: Poker9803 ($221.24 in chips) 
Seat 4: nikalas22 ($113.09 in chips) 
Seat 5: Sarabe nab ($87.22 in chips) 
Seat 6: Sadyhov V.V. ($100 in chips) 
Sadyhov V.V.: posts small blind $0.50
easy_sarcasm: posts big blind $1
itaba: sits out 
*** HOLE CARDS ***
Poker9803: folds 
nikalas22: folds 
Sarabe nab: calls $1
Sadyhov V.V.: folds 
easy_sarcasm: raises $3.50 to $4.50
Sarabe nab: calls $3.50
*** FLOP *** [9h 2h Jh]
easy_sarcasm: checks 
Sarabe nab: checks 
*** TURN *** [9h 2h Jh] [Jd]
easy_sarcasm: bets $4.51
Sarabe nab: folds 
Uncalled bet ($4.51) returned to easy_sarcasm
easy_sarcasm collected $9.02 from pot
*** SUMMARY ***
Total pot $9.50 | Rake $0.48 
Board [9h 2h Jh Jd]
Seat 2: itaba
Seat 1: easy_sarcasm (big blind) collected ($9.02)
Seat 3: Poker9803 folded before Flop (didn't bet)
Seat 4: nikalas22 folded before Flop (didn't bet)
Seat 5: Sarabe nab (button) folded on the Turn
Seat 6: Sadyhov V.V. (small blind) folded before Flop



PokerStars Hand #254439111975:  Hold'em No Limit ($0.50/$1.00 USD) - 2025/01/18 22:35:31 WET [2025/01/18 17:35:31 ET]
Table 'Ute IV' 6-max Seat #6 is the button
Seat 1: easy_sarcasm ($104.52 in chips) 
Seat 2: itaba ($38.04 in chips) 
Seat 3: Poker9803 ($221.24 in chips) 
Seat 4: nikalas22 ($113.09 in chips) 
Seat 5: Sarabe nab ($82.72 in chips) 
Seat 6: Sadyhov V.V. ($100 in chips) 
easy_sarcasm: posts small blind $0.50
itaba: posts big blind $1
*** HOLE CARDS ***
Poker9803: folds 
nikalas22: folds 
Sarabe nab: calls $1
Sadyhov V.V.: folds 
easy_sarcasm: raises $4.50 to $5.50
itaba: folds 
Sarabe nab: calls $4.50
*** FLOP *** [2c 7s 9s]
easy_sarcasm: bets $4.50
Sarabe nab: calls $4.50
*** TURN *** [2c 7s 9s] [Th]
easy_sarcasm: checks 
Sarabe nab: checks 
*** RIVER *** [2c 7s 9s Th] [6s]
easy_sarcasm: bets $12.50
Sarabe nab: folds 
Uncalled bet ($12.50) returned to easy_sarcasm
easy_sarcasm collected $19.95 from pot
*** SUMMARY ***
Total pot $21 | Rake $1.05 
Board [2c 7s 9s Th 6s]
Seat 1: easy_sarcasm (small blind) collected ($19.95)
Seat 2: itaba (big blind) folded before Flop
Seat 3: Poker9803 folded before Flop (didn't bet)
Seat 4: nikalas22 folded before Flop (didn't bet)
Seat 5: Sarabe nab folded on the River
Seat 6: Sadyhov V.V. (button) folded before Flop (didn't bet)



PokerStars Hand #254439121615:  Hold'em No Limit ($0.50/$1.00 USD) - 2025/01/18 22:36:04 WET [2025/01/18 17:36:04 ET]
Table 'Ute IV' 6-max Seat #1 is the button
Seat 1: easy_sarcasm ($114.47 in chips) 
Seat 2: itaba ($37.04 in chips) 
Seat 3: Poker9803 ($221.24 in chips) 
Seat 4: nikalas22 ($113.09 in chips) 
Seat 5: Sarabe nab ($72.72 in chips) 
Seat 6: Sadyhov V.V. ($100 in chips) 
itaba: posts small blind $0.50
Poker9803: posts big blind $1
*** HOLE CARDS ***
nikalas22: folds 
Sarabe nab: calls $1
Sadyhov V.V.: raises $3 to $4
easy_sarcasm: folds 
itaba: folds 
Poker9803: folds 
Sarabe nab: calls $3
*** FLOP *** [8s 3s 6s]
Sarabe nab: checks 
Sadyhov V.V.: bets $1.98
Sarabe nab: calls $1.98
*** TURN *** [8s 3s 6s] [Th]
Sarabe nab: checks 
Sadyhov V.V.: checks 
*** RIVER *** [8s 3s 6s Th] [Jc]
Sarabe nab: bets $66.74 and is all-in
Sadyhov V.V.: folds 
Uncalled bet ($66.74) returned to Sarabe nab
Sarabe nab collected $12.79 from pot
Sarabe nab: doesn't show hand 
*** SUMMARY ***
Total pot $13.46 | Rake $0.67 
Board [8s 3s 6s Th Jc]
Seat 1: easy_sarcasm (button) folded before Flop (didn't bet)
Seat 2: itaba (small blind) folded before Flop
Seat 3: Poker9803 (big blind) folded before Flop
Seat 4: nikalas22 folded before Flop (didn't bet)
Seat 5: Sarabe nab collected ($12.79)
Seat 6: Sadyhov V.V. folded on the River



PokerStars Hand #254439136344:  Hold'em No Limit ($0.50/$1.00 USD) - 2025/01/18 22:36:56 WET [2025/01/18 17:36:56 ET]
Table 'Ute IV' 6-max Seat #2 is the button
Seat 1: easy_sarcasm ($114.47 in chips) 
Seat 2: itaba ($36.54 in chips) 
Seat 3: Poker9803 ($220.24 in chips) 
Seat 4: nikalas22 ($113.09 in chips) 
Seat 5: Sarabe nab ($79.53 in chips) 
Seat 6: Sadyhov V.V. ($100 in chips) 
Poker9803: posts small blind $0.50
nikalas22: posts big blind $1
*** HOLE CARDS ***
Sarabe nab: folds 
Sadyhov V.V.: folds 
easy_sarcasm: folds 
itaba: folds 
Poker9803: raises $2.50 to $3.50
nikalas22: folds 
Uncalled bet ($2.50) returned to Poker9803
Poker9803 collected $2 from pot
Poker9803: doesn't show hand 
*** SUMMARY ***
Total pot $2 | Rake $0 
Seat 1: easy_sarcasm folded before Flop (didn't bet)
Seat 2: itaba (button) folded before Flop (didn't bet)
Seat 3: Poker9803 (small blind) collected ($2)
Seat 4: nikalas22 (big blind) folded before Flop
Seat 5: Sarabe nab folded before Flop (didn't bet)
Seat 6: Sadyhov V.V. folded before Flop (didn't bet)



PokerStars Hand #254439141754:  Hold'em No Limit ($0.50/$1.00 USD) - 2025/01/18 22:37:15 WET [2025/01/18 17:37:15 ET]
Table 'Ute IV' 6-max Seat #3 is the button
Seat 1: easy_sarcasm ($114.47 in chips) 
Seat 2: itaba ($36.54 in chips) 
Seat 3: Poker9803 ($221.24 in chips) 
Seat 4: nikalas22 ($112.09 in chips) 
Seat 5: Sarabe nab ($79.53 in chips) 
Seat 6: Sadyhov V.V. ($100 in chips) 
nikalas22: posts small blind $0.50
Sarabe nab: posts big blind $1
*** HOLE CARDS ***
Sadyhov V.V.: folds 
easy_sarcasm: folds 
itaba: folds 
Poker9803: folds 
nikalas22: folds 
Uncalled bet ($0.50) returned to Sarabe nab
Sarabe nab collected $1 from pot
Sarabe nab: doesn't show hand 
*** SUMMARY ***
Total pot $1 | Rake $0 
Seat 1: easy_sarcasm folded before Flop (didn't bet)
Seat 2: itaba folded before Flop (didn't bet)
Seat 3: Poker9803 (button) folded before Flop (didn't bet)
Seat 4: nikalas22 (small blind) folded before Flop
Seat 5: Sarabe nab (big blind) collected ($1)
Seat 6: Sadyhov V.V. folded before Flop (didn't bet)



PokerStars Hand #254439146740:  Hold'em No Limit ($0.50/$1.00 USD) - 2025/01/18 22:37:32 WET [2025/01/18 17:37:32 ET]
Table 'Ute IV' 6-max Seat #4 is the button
Seat 1: easy_sarcasm ($114.47 in chips) 
Seat 2: itaba ($36.54 in chips) 
Seat 3: Poker9803 ($221.24 in chips) 
Seat 4: nikalas22 ($111.59 in chips) 
Seat 5: Sarabe nab ($80.03 in chips) 
Seat 6: Sadyhov V.V. ($100 in chips) 
Sarabe nab: posts small blind $0.50
Sadyhov V.V.: posts big blind $1
*** HOLE CARDS ***
easy_sarcasm: folds 
itaba: folds 
Poker9803: folds 
nikalas22: folds 
Sarabe nab: calls $0.50
Sadyhov V.V.: checks 
*** FLOP *** [6h 7h 2s]
Sarabe nab: bets $1.90
Sadyhov V.V.: folds 
Uncalled bet ($1.90) returned to Sarabe nab
Sarabe nab collected $1.90 from pot
Sarabe nab: doesn't show hand 
*** SUMMARY ***
Total pot $2 | Rake $0.10 
Board [6h 7h 2s]
Seat 1: easy_sarcasm folded before Flop (didn't bet)
Seat 2: itaba folded before Flop (didn't bet)
Seat 3: Poker9803 folded before Flop (didn't bet)
Seat 4: nikalas22 (button) folded before Flop (didn't bet)
Seat 5: Sarabe nab (small blind) collected ($1.90)
Seat 6: Sadyhov V.V. (big blind) folded on the Flop



PokerStars Hand #254439155712:  Hold'em No Limit ($0.50/$1.00 USD) - 2025/01/18 22:38:03 WET [2025/01/18 17:38:03 ET]
Table 'Ute IV' 6-max Seat #5 is the button
Seat 1: easy_sarcasm ($114.47 in chips) 
Seat 2: itaba ($36.54 in chips) 
Seat 3: Poker9803 ($221.24 in chips) 
Seat 4: nikalas22 ($111.59 in chips) 
Seat 5: Sarabe nab ($80.93 in chips) 
Seat 6: Sadyhov V.V. ($100 in chips) 
Sadyhov V.V.: posts small blind $0.50
easy_sarcasm: posts big blind $1
*** HOLE CARDS ***
itaba: folds 
Poker9803: folds 
nikalas22: folds 
Sarabe nab: raises $1 to $2
Sadyhov V.V.: folds 
easy_sarcasm: folds 
Uncalled bet ($1) returned to Sarabe nab
Sarabe nab collected $2.50 from pot
Sarabe nab: doesn't show hand 
*** SUMMARY ***
Total pot $2.50 | Rake $0 
Seat 1: easy_sarcasm (big blind) folded before Flop
Seat 2: itaba folded before Flop (didn't bet)
Seat 3: Poker9803 folded before Flop (didn't bet)
Seat 4: nikalas22 folded before Flop (didn't bet)
Seat 5: Sarabe nab (button) collected ($2.50)
Seat 6: Sadyhov V.V. (small blind) folded before Flop



PokerStars Hand #254439161173:  Hold'em No Limit ($0.50/$1.00 USD) - 2025/01/18 22:38:22 WET [2025/01/18 17:38:22 ET]
Table 'Ute IV' 6-max Seat #6 is the button
Seat 1: easy_sarcasm ($113.47 in chips) 
Seat 2: itaba ($36.54 in chips) 
Seat 3: Poker9803 ($221.24 in chips) 
Seat 4: nikalas22 ($111.59 in chips) 
Seat 5: Sarabe nab ($82.43 in chips) 
Seat 6: Sadyhov V.V. ($100 in chips) 
easy_sarcasm: posts small blind $0.50
itaba: posts big blind $1
*** HOLE CARDS ***
Poker9803: raises $1.50 to $2.50
nikalas22: folds 
Sarabe nab: calls $2.50
Sadyhov V.V.: folds 
easy_sarcasm: raises $10.50 to $13
itaba: folds 
Poker9803: calls $10.50
Sarabe nab: calls $10.50
*** FLOP *** [9d 6s 5h]
easy_sarcasm: checks 
Poker9803: checks 
Sarabe nab: checks 
*** TURN *** [9d 6s 5h] [Ad]
easy_sarcasm: bets $19
Poker9803: folds 
Sarabe nab: calls $19
*** RIVER *** [9d 6s 5h Ad] [3d]
easy_sarcasm: bets $75.50
Sarabe nab: folds 
Uncalled bet ($75.50) returned to easy_sarcasm
easy_sarcasm collected $75.50 from pot
*** SUMMARY ***
Total pot $78 | Rake $2.50 
Board [9d 6s 5h Ad 3d]
Seat 1: easy_sarcasm (small blind) collected ($75.50)
Seat 2: itaba (big blind) folded before Flop
Seat 3: Poker9803 folded on the Turn
Seat 4: nikalas22 folded before Flop (didn't bet)
Seat 5: Sarabe nab folded on the River
Seat 6: Sadyhov V.V. (button) folded before Flop (didn't bet)



PokerStars Hand #254439183155:  Hold'em No Limit ($0.50/$1.00 USD) - 2025/01/18 22:39:38 WET [2025/01/18 17:39:38 ET]
Table 'Ute IV' 6-max Seat #1 is the button
Seat 1: easy_sarcasm ($156.97 in chips) 
Seat 2: itaba ($35.54 in chips) 
Seat 3: Poker9803 ($208.24 in chips) 
Seat 4: nikalas22 ($111.59 in chips) 
Seat 5: Sarabe nab ($50.43 in chips) 
Seat 6: Sadyhov V.V. ($100 in chips) 
itaba: posts small blind $0.50
Poker9803: posts big blind $1
*** HOLE CARDS ***
nikalas22: folds 
Sarabe nab: raises $2.50 to $3.50
Sadyhov V.V.: folds 
easy_sarcasm: folds 
itaba: folds 
Poker9803: folds 
Uncalled bet ($2.50) returned to Sarabe nab
Sarabe nab collected $2.50 from pot
Sarabe nab: doesn't show hand 
*** SUMMARY ***
Total pot $2.50 | Rake $0 
Seat 1: easy_sarcasm (button) folded before Flop (didn't bet)
Seat 2: itaba (small blind) folded before Flop
Seat 3: Poker9803 (big blind) folded before Flop
Seat 4: nikalas22 folded before Flop (didn't bet)
Seat 5: Sarabe nab collected ($2.50)
Seat 6: Sadyhov V.V. folded before Flop (didn't bet)



PokerStars Hand #254439189913:  Hold'em No Limit ($0.50/$1.00 USD) - 2025/01/18 22:40:02 WET [2025/01/18 17:40:02 ET]
Table 'Ute IV' 6-max Seat #2 is the button
Seat 1: easy_sarcasm ($156.97 in chips) 
Seat 2: itaba ($35.04 in chips) 
Seat 3: Poker9803 ($207.24 in chips) 
Seat 4: nikalas22 ($111.59 in chips) 
Seat 5: Sarabe nab ($51.93 in chips) 
Seat 6: Sadyhov V.V. ($100 in chips) 
Poker9803: posts small blind $0.50
nikalas22: posts big blind $1
*** HOLE CARDS ***
Sarabe nab: raises $2.50 to $3.50
Sadyhov V.V.: folds 
easy_sarcasm: folds 
itaba: folds 
Poker9803: folds 
nikalas22: folds 
Uncalled bet ($2.50) returned to Sarabe nab
Sarabe nab collected $2.50 from pot
Sarabe nab: doesn't show hand 
*** SUMMARY ***
Total pot $2.50 | Rake $0 
Seat 1: easy_sarcasm folded before Flop (didn't bet)
Seat 2: itaba (button) folded before Flop (didn't bet)
Seat 3: Poker9803 (small blind) folded before Flop
Seat 4: nikalas22 (big blind) folded before Flop
Seat 5: Sarabe nab collected ($2.50)
Seat 6: Sadyhov V.V. folded before Flop (didn't bet)



PokerStars Hand #254439197286:  Hold'em No Limit ($0.50/$1.00 USD) - 2025/01/18 22:40:28 WET [2025/01/18 17:40:28 ET]
Table 'Ute IV' 6-max Seat #3 is the button
Seat 1: easy_sarcasm ($156.97 in chips) 
Seat 2: itaba ($35.04 in chips) 
Seat 3: Poker9803 ($206.74 in chips) 
Seat 4: nikalas22 ($110.59 in chips) 
Seat 5: Sarabe nab ($53.43 in chips) 
Seat 6: Sadyhov V.V. ($100 in chips) 
nikalas22: posts small blind $0.50
Sarabe nab: posts big blind $1
*** HOLE CARDS ***
Sadyhov V.V.: raises $1.50 to $2.50
easy_sarcasm: folds 
itaba: folds 
Poker9803: folds 
nikalas22: folds 
Sarabe nab: calls $1.50
*** FLOP *** [9d 9c 7s]
Sarabe nab: checks 
Sadyhov V.V.: bets $1.72
Sarabe nab: calls $1.72
*** TURN *** [9d 9c 7s] [Qc]
Sarabe nab: checks 
Sadyhov V.V.: checks 
*** RIVER *** [9d 9c 7s Qc] [4d]
Sarabe nab: checks 
Sadyhov V.V.: bets $4.67
Sarabe nab: calls $4.67
*** SHOW DOWN ***
Sadyhov V.V.: shows [Kh Qh] (two pair, Queens and Nines)
Sarabe nab: mucks hand 
Sadyhov V.V. collected $17.37 from pot
*** SUMMARY ***
Total pot $18.28 | Rake $0.91 
Board [9d 9c 7s Qc 4d]
Seat 1: easy_sarcasm folded before Flop (didn't bet)
Seat 2: itaba folded before Flop (didn't bet)
Seat 3: Poker9803 (button) folded before Flop (didn't bet)
Seat 4: nikalas22 (small blind) folded before Flop
Seat 5: Sarabe nab (big blind) mucked
Seat 6: Sadyhov V.V. showed [Kh Qh] and won ($17.37) with two pair, Queens and Nines



PokerStars Hand #254439217322:  Hold'em No Limit ($0.50/$1.00 USD) - 2025/01/18 22:41:38 WET [2025/01/18 17:41:38 ET]
Table 'Ute IV' 6-max Seat #4 is the button
Seat 1: easy_sarcasm ($156.97 in chips) 
Seat 2: itaba ($35.04 in chips) 
Seat 3: Poker9803 ($206.74 in chips) 
Seat 4: nikalas22 ($110.09 in chips) 
Seat 5: Sarabe nab ($44.54 in chips) 
Seat 6: Sadyhov V.V. ($108.48 in chips) 
Sarabe nab: posts small blind $0.50
Sadyhov V.V.: posts big blind $1
*** HOLE CARDS ***
easy_sarcasm: folds 
itaba: folds 
Poker9803: folds 
nikalas22: folds 
Sarabe nab: raises $2 to $3
Sadyhov V.V.: folds 
Uncalled bet ($2) returned to Sarabe nab
Sarabe nab collected $2 from pot
Sarabe nab: doesn't show hand 
*** SUMMARY ***
Total pot $2 | Rake $0 
Seat 1: easy_sarcasm folded before Flop (didn't bet)
Seat 2: itaba folded before Flop (didn't bet)
Seat 3: Poker9803 folded before Flop (didn't bet)
Seat 4: nikalas22 (button) folded before Flop (didn't bet)
Seat 5: Sarabe nab (small blind) collected ($2)
Seat 6: Sadyhov V.V. (big blind) folded before Flop



PokerStars Hand #254439220829:  Hold'em No Limit ($0.50/$1.00 USD) - 2025/01/18 22:41:50 WET [2025/01/18 17:41:50 ET]
Table 'Ute IV' 6-max Seat #5 is the button
Seat 1: easy_sarcasm ($156.97 in chips) 
Seat 2: itaba ($35.04 in chips) 
Seat 3: Poker9803 ($206.74 in chips) 
Seat 4: nikalas22 ($110.09 in chips) 
Seat 5: Sarabe nab ($45.54 in chips) 
Seat 6: Sadyhov V.V. ($107.48 in chips) 
Sadyhov V.V.: posts small blind $0.50
easy_sarcasm: posts big blind $1
*** HOLE CARDS ***
itaba: folds 
Poker9803: folds 
nikalas22: folds 
Sarabe nab: folds 
Sadyhov V.V.: folds 
Uncalled bet ($0.50) returned to easy_sarcasm
easy_sarcasm collected $1 from pot
*** SUMMARY ***
Total pot $1 | Rake $0 
Seat 1: easy_sarcasm (big blind) collected ($1)
Seat 2: itaba folded before Flop (didn't bet)
Seat 3: Poker9803 folded before Flop (didn't bet)
Seat 4: nikalas22 folded before Flop (didn't bet)
Seat 5: Sarabe nab (button) folded before Flop (didn't bet)
Seat 6: Sadyhov V.V. (small blind) folded before Flop



PokerStars Hand #254439224584:  Hold'em No Limit ($0.50/$1.00 USD) - 2025/01/18 22:42:03 WET [2025/01/18 17:42:03 ET]
Table 'Ute IV' 6-max Seat #6 is the button
Seat 1: easy_sarcasm ($157.47 in chips) 
Seat 2: itaba ($35.04 in chips) 
Seat 3: Poker9803 ($206.74 in chips) 
Seat 4: nikalas22 ($110.09 in chips) 
Seat 5: Sarabe nab ($45.54 in chips) 
Seat 6: Sadyhov V.V. ($106.98 in chips) 
easy_sarcasm: posts small blind $0.50
itaba: posts big blind $1
*** HOLE CARDS ***
Poker9803: folds 
nikalas22: folds 
Sarabe nab: calls $1
Sadyhov V.V.: raises $3 to $4
easy_sarcasm: raises $8.50 to $12.50
itaba: raises $22.54 to $35.04 and is all-in
Sarabe nab: folds 
Sadyhov V.V.: folds 
easy_sarcasm: calls $22.54
*** FLOP *** [Tc 9s Ks]
*** TURN *** [Tc 9s Ks] [4h]
*** RIVER *** [Tc 9s Ks 4h] [3s]
*** SHOW DOWN ***
easy_sarcasm: shows [As Qh] (high card Ace)
itaba: shows [Ad Kh] (a pair of Kings)
itaba collected $72.58 from pot
*** SUMMARY ***
Total pot $75.08 | Rake $2.50 
Board [Tc 9s Ks 4h 3s]
Seat 1: easy_sarcasm (small blind) showed [As Qh] and lost with high card Ace
Seat 2: itaba (big blind) showed [Ad Kh] and won ($72.58) with a pair of Kings
Seat 3: Poker9803 folded before Flop (didn't bet)
Seat 4: nikalas22 folded before Flop (didn't bet)
Seat 5: Sarabe nab folded before Flop
Seat 6: Sadyhov V.V. (button) folded before Flop



PokerStars Hand #254439237652:  Hold'em No Limit ($0.50/$1.00 USD) - 2025/01/18 22:42:48 WET [2025/01/18 17:42:48 ET]
Table 'Ute IV' 6-max Seat #1 is the button
Seat 1: easy_sarcasm ($122.43 in chips) 
Seat 2: itaba ($72.58 in chips) 
Seat 3: Poker9803 ($206.74 in chips) 
Seat 4: nikalas22 ($110.09 in chips) 
Seat 5: Sarabe nab ($44.54 in chips) 
Seat 6: Sadyhov V.V. ($102.98 in chips) 
itaba: posts small blind $0.50
Poker9803: posts big blind $1
*** HOLE CARDS ***
nikalas22: folds 
Sarabe nab: folds 
Sadyhov V.V.: folds 
easy_sarcasm: raises $1.20 to $2.20
itaba: folds 
Poker9803: folds 
Uncalled bet ($1.20) returned to easy_sarcasm
easy_sarcasm collected $2.50 from pot
*** SUMMARY ***
Total pot $2.50 | Rake $0 
Seat 1: easy_sarcasm (button) collected ($2.50)
Seat 2: itaba (small blind) folded before Flop
Seat 3: Poker9803 (big blind) folded before Flop
Seat 4: nikalas22 folded before Flop (didn't bet)
Seat 5: Sarabe nab folded before Flop (didn't bet)
Seat 6: Sadyhov V.V. folded before Flop (didn't bet)



PokerStars Hand #254439244016:  Hold'em No Limit ($0.50/$1.00 USD) - 2025/01/18 22:43:11 WET [2025/01/18 17:43:11 ET]
Table 'Ute IV' 6-max Seat #2 is the button
Seat 1: easy_sarcasm ($123.93 in chips) 
Seat 2: itaba ($72.08 in chips) 
Seat 3: Poker9803 ($205.74 in chips) 
Seat 4: nikalas22 ($110.09 in chips) 
Seat 5: Sarabe nab ($44.54 in chips) 
Seat 6: Sadyhov V.V. ($102.98 in chips) 
Poker9803: posts small blind $0.50
nikalas22: posts big blind $1
*** HOLE CARDS ***
Sarabe nab: raises $2.50 to $3.50
Sadyhov V.V.: folds 
easy_sarcasm: folds 
itaba: calls $3.50
Poker9803: folds 
nikalas22: folds 
*** FLOP *** [7c Tc 4s]
Sarabe nab: bets $41.04 and is all-in
itaba: folds 
Uncalled bet ($41.04) returned to Sarabe nab
Sarabe nab collected $8.08 from pot
Sarabe nab: doesn't show hand 
*** SUMMARY ***
Total pot $8.50 | Rake $0.42 
Board [7c Tc 4s]
Seat 1: easy_sarcasm folded before Flop (didn't bet)
Seat 2: itaba (button) folded on the Flop
Seat 3: Poker9803 (small blind) folded before Flop
Seat 4: nikalas22 (big blind) folded before Flop
Seat 5: Sarabe nab collected ($8.08)
Seat 6: Sadyhov V.V. folded before Flop (didn't bet)



PokerStars Hand #254439253015:  Hold'em No Limit ($0.50/$1.00 USD) - 2025/01/18 22:43:42 WET [2025/01/18 17:43:42 ET]
Table 'Ute IV' 6-max Seat #3 is the button
Seat 1: easy_sarcasm ($123.93 in chips) 
Seat 2: itaba ($68.58 in chips) 
Seat 3: Poker9803 ($205.24 in chips) 
Seat 4: nikalas22 ($109.09 in chips) 
Seat 5: Sarabe nab ($49.12 in chips) 
Seat 6: Sadyhov V.V. ($102.98 in chips) 
nikalas22: posts small blind $0.50
Sarabe nab: posts big blind $1
*** HOLE CARDS ***
Sadyhov V.V.: folds 
easy_sarcasm: folds 
itaba: folds 
Poker9803: folds 
nikalas22: folds 
Uncalled bet ($0.50) returned to Sarabe nab
Sarabe nab collected $1 from pot
Sarabe nab: doesn't show hand 
*** SUMMARY ***
Total pot $1 | Rake $0 
Seat 1: easy_sarcasm folded before Flop (didn't bet)
Seat 2: itaba folded before Flop (didn't bet)
Seat 3: Poker9803 (button) folded before Flop (didn't bet)
Seat 4: nikalas22 (small blind) folded before Flop
Seat 5: Sarabe nab (big blind) collected ($1)
Seat 6: Sadyhov V.V. folded before Flop (didn't bet)



PokerStars Hand #254439256339:  Hold'em No Limit ($0.50/$1.00 USD) - 2025/01/18 22:43:54 WET [2025/01/18 17:43:54 ET]
Table 'Ute IV' 6-max Seat #4 is the button
Seat 1: easy_sarcasm ($123.93 in chips) 
Seat 2: itaba ($68.58 in chips) 
Seat 3: Poker9803 ($205.24 in chips) 
Seat 4: nikalas22 ($108.59 in chips) 
Seat 5: Sarabe nab ($49.62 in chips) 
Seat 6: Sadyhov V.V. ($102.98 in chips) 
Sarabe nab: posts small blind $0.50
Sadyhov V.V.: posts big blind $1
*** HOLE CARDS ***
easy_sarcasm: folds 
itaba: folds 
Poker9803: folds 
nikalas22: folds 
Sarabe nab: calls $0.50
Sadyhov V.V.: checks 
*** FLOP *** [Jd 4c Ad]
Sarabe nab: bets $1.90
Sadyhov V.V.: folds 
Uncalled bet ($1.90) returned to Sarabe nab
Sarabe nab collected $1.90 from pot
Sarabe nab: doesn't show hand 
*** SUMMARY ***
Total pot $2 | Rake $0.10 
Board [Jd 4c Ad]
Seat 1: easy_sarcasm folded before Flop (didn't bet)
Seat 2: itaba folded before Flop (didn't bet)
Seat 3: Poker9803 folded before Flop (didn't bet)
Seat 4: nikalas22 (button) folded before Flop (didn't bet)
Seat 5: Sarabe nab (small blind) collected ($1.90)
Seat 6: Sadyhov V.V. (big blind) folded on the Flop



PokerStars Hand #254439262656:  Hold'em No Limit ($0.50/$1.00 USD) - 2025/01/18 22:44:17 WET [2025/01/18 17:44:17 ET]
Table 'Ute IV' 6-max Seat #5 is the button
Seat 1: easy_sarcasm ($123.93 in chips) 
Seat 2: itaba ($68.58 in chips) 
Seat 3: Poker9803 ($205.24 in chips) 
Seat 4: nikalas22 ($108.59 in chips) 
Seat 5: Sarabe nab ($50.52 in chips) 
Seat 6: Sadyhov V.V. ($101.98 in chips) 
Sadyhov V.V.: posts small blind $0.50
easy_sarcasm: posts big blind $1
*** HOLE CARDS ***
itaba: raises $1.20 to $2.20
Poker9803: folds 
nikalas22: folds 
Sarabe nab: folds 
Sadyhov V.V.: folds 
easy_sarcasm: folds 
Uncalled bet ($1.20) returned to itaba
itaba collected $2.50 from pot
itaba: doesn't show hand 
*** SUMMARY ***
Total pot $2.50 | Rake $0 
Seat 1: easy_sarcasm (big blind) folded before Flop
Seat 2: itaba collected ($2.50)
Seat 3: Poker9803 folded before Flop (didn't bet)
Seat 4: nikalas22 folded before Flop (didn't bet)
Seat 5: Sarabe nab (button) folded before Flop (didn't bet)
Seat 6: Sadyhov V.V. (small blind) folded before Flop



PokerStars Hand #254439267969:  Hold'em No Limit ($0.50/$1.00 USD) - 2025/01/18 22:44:35 WET [2025/01/18 17:44:35 ET]
Table 'Ute IV' 6-max Seat #6 is the button
Seat 2: itaba ($70.08 in chips) is sitting out
Seat 1: easy_sarcasm ($122.93 in chips) 
Seat 3: Poker9803 ($205.24 in chips) 
Seat 4: nikalas22 ($108.59 in chips) 
Seat 5: Sarabe nab ($50.52 in chips) 
Seat 6: Sadyhov V.V. ($101.48 in chips) 
easy_sarcasm: posts small blind $0.50
itaba: is sitting out 
Poker9803: posts big blind $1
*** HOLE CARDS ***
nikalas22: raises $1.50 to $2.50
Sarabe nab: folds 
Sadyhov V.V.: raises $5.50 to $8
easy_sarcasm: folds 
Poker9803: folds 
nikalas22: folds 
Uncalled bet ($5.50) returned to Sadyhov V.V.
Sadyhov V.V. collected $6.50 from pot
Sadyhov V.V.: doesn't show hand 
*** SUMMARY ***
Total pot $6.50 | Rake $0 
Seat 2: itaba
Seat 1: easy_sarcasm (small blind) folded before Flop
Seat 3: Poker9803 (big blind) folded before Flop
Seat 4: nikalas22 folded before Flop
Seat 5: Sarabe nab folded before Flop (didn't bet)
Seat 6: Sadyhov V.V. (button) collected ($6.50)



PokerStars Hand #254439275249:  Hold'em No Limit ($0.50/$1.00 USD) - 2025/01/18 22:45:01 WET [2025/01/18 17:45:01 ET]
Table 'Ute IV' 6-max Seat #1 is the button
Seat 2: itaba ($70.08 in chips) is sitting out
Seat 1: easy_sarcasm ($122.43 in chips) 
Seat 3: Poker9803 ($204.24 in chips) 
Seat 4: nikalas22 ($106.09 in chips) 
Seat 5: Sarabe nab ($50.52 in chips) 
Seat 6: Sadyhov V.V. ($105.48 in chips) 
Poker9803: posts small blind $0.50
nikalas22: posts big blind $1
*** HOLE CARDS ***
Sarabe nab: calls $1
Sadyhov V.V.: folds 
easy_sarcasm: raises $3.50 to $4.50
Poker9803: folds 
nikalas22: folds 
Sarabe nab: calls $3.50
*** FLOP *** [Qh Ah 2d]
Sarabe nab: checks 
easy_sarcasm: checks 
*** TURN *** [Qh Ah 2d] [7s]
Sarabe nab: bets $4.99
easy_sarcasm: calls $4.99
*** RIVER *** [Qh Ah 2d 7s] [Kh]
Sarabe nab: bets $5
easy_sarcasm: folds 
Uncalled bet ($5) returned to Sarabe nab
Sarabe nab collected $19.46 from pot
itaba leaves the table
Sarabe nab: doesn't show hand 
*** SUMMARY ***
Total pot $20.48 | Rake $1.02 
Board [Qh Ah 2d 7s Kh]
Seat 2: itaba
Seat 1: easy_sarcasm (button) folded on the River
Seat 3: Poker9803 (small blind) folded before Flop
Seat 4: nikalas22 (big blind) folded before Flop
Seat 5: Sarabe nab collected ($19.46)
Seat 6: Sadyhov V.V. folded before Flop (didn't bet)



PokerStars Hand #254439290192:  Hold'em No Limit ($0.50/$1.00 USD) - 2025/01/18 22:45:54 WET [2025/01/18 17:45:54 ET]
Table 'Ute IV' 6-max Seat #3 is the button
Seat 1: easy_sarcasm ($112.94 in chips) 
Seat 3: Poker9803 ($203.74 in chips) 
Seat 4: nikalas22 ($105.09 in chips) 
Seat 5: Sarabe nab ($60.49 in chips) 
Seat 6: Sadyhov V.V. ($105.48 in chips) 
nikalas22: posts small blind $0.50
Sarabe nab: posts big blind $1
*** HOLE CARDS ***
Sadyhov V.V.: folds 
easy_sarcasm: raises $2 to $3
Poker9803: folds 
nikalas22: folds 
Sarabe nab: calls $2
*** FLOP *** [Jh 9c Th]
Sarabe nab: bets $57.49 and is all-in
easy_sarcasm: folds 
Uncalled bet ($57.49) returned to Sarabe nab
Sarabe nab collected $6.18 from pot
Sarabe nab: doesn't show hand 
*** SUMMARY ***
Total pot $6.50 | Rake $0.32 
Board [Jh 9c Th]
Seat 1: easy_sarcasm folded on the Flop
Seat 3: Poker9803 (button) folded before Flop (didn't bet)
Seat 4: nikalas22 (small blind) folded before Flop
Seat 5: Sarabe nab (big blind) collected ($6.18)
Seat 6: Sadyhov V.V. folded before Flop (didn't bet)



PokerStars Hand #254439299937:  Hold'em No Limit ($0.50/$1.00 USD) - 2025/01/18 22:46:28 WET [2025/01/18 17:46:28 ET]
Table 'Ute IV' 6-max Seat #4 is the button
Seat 1: easy_sarcasm ($109.94 in chips) 
Seat 3: Poker9803 ($203.74 in chips) 
Seat 4: nikalas22 ($104.59 in chips) 
Seat 5: Sarabe nab ($63.67 in chips) 
Seat 6: Sadyhov V.V. ($105.48 in chips) 
Sarabe nab: posts small blind $0.50
Sadyhov V.V.: posts big blind $1
*** HOLE CARDS ***
easy_sarcasm: folds 
Poker9803: folds 
nikalas22: raises $1.50 to $2.50
Sarabe nab: folds 
Sadyhov V.V.: calls $1.50
*** FLOP *** [3c 5s 2h]
Sadyhov V.V.: checks 
nikalas22: checks 
*** TURN *** [3c 5s 2h] [7h]
shootingGRID joins the table at seat #2 
Sadyhov V.V.: bets $2.87
nikalas22: folds 
Uncalled bet ($2.87) returned to Sadyhov V.V.
Sadyhov V.V. collected $5.22 from pot
Sadyhov V.V.: doesn't show hand 
*** SUMMARY ***
Total pot $5.50 | Rake $0.28 
Board [3c 5s 2h 7h]
Seat 1: easy_sarcasm folded before Flop (didn't bet)
Seat 3: Poker9803 folded before Flop (didn't bet)
Seat 4: nikalas22 (button) folded on the Turn
Seat 5: Sarabe nab (small blind) folded before Flop
Seat 6: Sadyhov V.V. (big blind) collected ($5.22)



PokerStars Hand #254439313961:  Hold'em No Limit ($0.50/$1.00 USD) - 2025/01/18 22:47:17 WET [2025/01/18 17:47:17 ET]
Table 'Ute IV' 6-max Seat #5 is the button
Seat 2: shootingGRID ($100 in chips) is sitting out
Seat 1: easy_sarcasm ($109.94 in chips) 
Seat 3: Poker9803 ($203.74 in chips) 
Seat 4: nikalas22 ($102.09 in chips) 
Seat 5: Sarabe nab ($63.17 in chips) 
Seat 6: Sadyhov V.V. ($108.20 in chips) 
Sadyhov V.V.: posts small blind $0.50
easy_sarcasm: posts big blind $1
shootingGRID: sits out 
*** HOLE CARDS ***
Poker9803: folds 
nikalas22: folds 
Sarabe nab: folds 
Sadyhov V.V.: folds 
Uncalled bet ($0.50) returned to easy_sarcasm
easy_sarcasm collected $1 from pot
*** SUMMARY ***
Total pot $1 | Rake $0 
Seat 2: shootingGRID
Seat 1: easy_sarcasm (big blind) collected ($1)
Seat 3: Poker9803 folded before Flop (didn't bet)
Seat 4: nikalas22 folded before Flop (didn't bet)
Seat 5: Sarabe nab (button) folded before Flop (didn't bet)
Seat 6: Sadyhov V.V. (small blind) folded before Flop



PokerStars Hand #254439320316:  Hold'em No Limit ($0.50/$1.00 USD) - 2025/01/18 22:47:38 WET [2025/01/18 17:47:38 ET]
Table 'Ute IV' 6-max Seat #6 is the button
Seat 1: easy_sarcasm ($110.44 in chips) 
Seat 2: shootingGRID ($100 in chips) 
Seat 3: Poker9803 ($203.74 in chips) 
Seat 4: nikalas22 ($102.09 in chips) 
Seat 5: Sarabe nab ($63.17 in chips) 
Seat 6: Sadyhov V.V. ($107.70 in chips) 
easy_sarcasm: posts small blind $0.50
shootingGRID: posts big blind $1
*** HOLE CARDS ***
Poker9803: folds 
nikalas22: folds 
Sarabe nab: calls $1
Sadyhov V.V.: folds 
easy_sarcasm: calls $0.50
shootingGRID: checks 
*** FLOP *** [6c Jd 5c]
easy_sarcasm: checks 
shootingGRID: checks 
Sarabe nab: checks 
*** TURN *** [6c Jd 5c] [9h]
easy_sarcasm: checks 
shootingGRID: checks 
Sarabe nab: bets $1
easy_sarcasm: folds 
shootingGRID: folds 
Uncalled bet ($1) returned to Sarabe nab
Sarabe nab collected $2.85 from pot
Sarabe nab: doesn't show hand 
*** SUMMARY ***
Total pot $3 | Rake $0.15 
Board [6c Jd 5c 9h]
Seat 1: easy_sarcasm (small blind) folded on the Turn
Seat 2: shootingGRID (big blind) folded on the Turn
Seat 3: Poker9803 folded before Flop (didn't bet)
Seat 4: nikalas22 folded before Flop (didn't bet)
Seat 5: Sarabe nab collected ($2.85)
Seat 6: Sadyhov V.V. (button) folded before Flop (didn't bet)



PokerStars Hand #254439338483:  Hold'em No Limit ($0.50/$1.00 USD) - 2025/01/18 22:48:42 WET [2025/01/18 17:48:42 ET]
Table 'Ute IV' 6-max Seat #1 is the button
Seat 1: easy_sarcasm ($109.44 in chips) 
Seat 2: shootingGRID ($100 in chips) 
Seat 3: Poker9803 ($203.74 in chips) 
Seat 4: nikalas22 ($102.09 in chips) 
Seat 5: Sarabe nab ($65.02 in chips) 
Seat 6: Sadyhov V.V. ($107.70 in chips) 
shootingGRID: posts small blind $0.50
Poker9803: posts big blind $1
*** HOLE CARDS ***
nikalas22: folds 
Sarabe nab: folds 
Sadyhov V.V.: folds 
easy_sarcasm: raises $1.20 to $2.20
shootingGRID: folds 
Poker9803: folds 
Uncalled bet ($1.20) returned to easy_sarcasm
easy_sarcasm collected $2.50 from pot
*** SUMMARY ***
Total pot $2.50 | Rake $0 
Seat 1: easy_sarcasm (button) collected ($2.50)
Seat 2: shootingGRID (small blind) folded before Flop
Seat 3: Poker9803 (big blind) folded before Flop
Seat 4: nikalas22 folded before Flop (didn't bet)
Seat 5: Sarabe nab folded before Flop (didn't bet)
Seat 6: Sadyhov V.V. folded before Flop (didn't bet)



PokerStars Hand #254439345485:  Hold'em No Limit ($0.50/$1.00 USD) - 2025/01/18 22:49:06 WET [2025/01/18 17:49:06 ET]
Table 'Ute IV' 6-max Seat #2 is the button
Seat 1: easy_sarcasm ($110.94 in chips) 
Seat 2: shootingGRID ($100 in chips) 
Seat 3: Poker9803 ($202.74 in chips) 
Seat 4: nikalas22 ($102.09 in chips) 
Seat 5: Sarabe nab ($65.02 in chips) 
Seat 6: Sadyhov V.V. ($107.70 in chips) 
Poker9803: posts small blind $0.50
nikalas22: posts big blind $1
*** HOLE CARDS ***
Sarabe nab: calls $1
Sadyhov V.V.: folds 
easy_sarcasm: raises $3.50 to $4.50
shootingGRID: folds 
Poker9803: folds 
nikalas22: folds 
Sarabe nab: calls $3.50
*** FLOP *** [7s Tc Jc]
Sarabe nab: checks 
easy_sarcasm: bets $5.50
Sarabe nab: folds 
Uncalled bet ($5.50) returned to easy_sarcasm
easy_sarcasm collected $9.98 from pot
*** SUMMARY ***
Total pot $10.50 | Rake $0.52 
Board [7s Tc Jc]
Seat 1: easy_sarcasm collected ($9.98)
Seat 2: shootingGRID (button) folded before Flop (didn't bet)
Seat 3: Poker9803 (small blind) folded before Flop
Seat 4: nikalas22 (big blind) folded before Flop
Seat 5: Sarabe nab folded on the Flop
Seat 6: Sadyhov V.V. folded before Flop (didn't bet)



PokerStars Hand #254439356990:  Hold'em No Limit ($0.50/$1.00 USD) - 2025/01/18 22:49:48 WET [2025/01/18 17:49:48 ET]
Table 'Ute IV' 6-max Seat #3 is the button
Seat 1: easy_sarcasm ($116.42 in chips) 
Seat 2: shootingGRID ($100 in chips) 
Seat 3: Poker9803 ($202.24 in chips) 
Seat 4: nikalas22 ($101.09 in chips) 
Seat 5: Sarabe nab ($60.52 in chips) 
Seat 6: Sadyhov V.V. ($107.70 in chips) 
nikalas22: posts small blind $0.50
Sarabe nab: posts big blind $1
*** HOLE CARDS ***
Sadyhov V.V.: raises $1.50 to $2.50
easy_sarcasm: calls $2.50
shootingGRID: folds 
Poker9803: folds 
nikalas22: folds 
Sarabe nab: calls $1.50
*** FLOP *** [Qh Ts Ks]
Sarabe nab: checks 
Sadyhov V.V.: checks 
easy_sarcasm: checks 
*** TURN *** [Qh Ts Ks] [6s]
Sarabe nab: bets $1
Sadyhov V.V.: calls $1
easy_sarcasm: folds 
*** RIVER *** [Qh Ts Ks 6s] [Jh]
Sarabe nab: checks 
Sadyhov V.V.: checks 
*** SHOW DOWN ***
Sarabe nab: shows [4d Qd] (a pair of Queens)
Sadyhov V.V.: shows [9s 9c] (a straight, Nine to King)
Sadyhov V.V. collected $9.50 from pot
*** SUMMARY ***
Total pot $10 | Rake $0.50 
Board [Qh Ts Ks 6s Jh]
Seat 1: easy_sarcasm folded on the Turn
Seat 2: shootingGRID folded before Flop (didn't bet)
Seat 3: Poker9803 (button) folded before Flop (didn't bet)
Seat 4: nikalas22 (small blind) folded before Flop
Seat 5: Sarabe nab (big blind) showed [4d Qd] and lost with a pair of Queens
Seat 6: Sadyhov V.V. showed [9s 9c] and won ($9.50) with a straight, Nine to King



PokerStars Hand #254439373756:  Hold'em No Limit ($0.50/$1.00 USD) - 2025/01/18 22:50:47 WET [2025/01/18 17:50:47 ET]
Table 'Ute IV' 6-max Seat #4 is the button
Seat 1: easy_sarcasm ($113.92 in chips) 
Seat 2: shootingGRID ($100 in chips) 
Seat 3: Poker9803 ($202.24 in chips) 
Seat 4: nikalas22 ($100.59 in chips) 
Seat 5: Sarabe nab ($57.02 in chips) 
Seat 6: Sadyhov V.V. ($113.70 in chips) 
Sarabe nab: posts small blind $0.50
Sadyhov V.V.: posts big blind $1
*** HOLE CARDS ***
easy_sarcasm: folds 
shootingGRID: folds 
Poker9803: raises $1 to $2
nikalas22: folds 
Sarabe nab: calls $1.50
Sadyhov V.V.: folds 
*** FLOP *** [Qd 8d 4h]
Sarabe nab: checks 
Poker9803: checks 
*** TURN *** [Qd 8d 4h] [2c]
Sarabe nab: bets $1
Poker9803: calls $1
*** RIVER *** [Qd 8d 4h 2c] [3h]
Sarabe nab: bets $3.33
Poker9803: calls $3.33
*** SHOW DOWN ***
Sarabe nab: shows [4d 6c] (a pair of Fours)
Poker9803: shows [8s Ts] (a pair of Eights)
Poker9803 collected $12.98 from pot
*** SUMMARY ***
Total pot $13.66 | Rake $0.68 
Board [Qd 8d 4h 2c 3h]
Seat 1: easy_sarcasm folded before Flop (didn't bet)
Seat 2: shootingGRID folded before Flop (didn't bet)
Seat 3: Poker9803 showed [8s Ts] and won ($12.98) with a pair of Eights
Seat 4: nikalas22 (button) folded before Flop (didn't bet)
Seat 5: Sarabe nab (small blind) showed [4d 6c] and lost with a pair of Fours
Seat 6: Sadyhov V.V. (big blind) folded before Flop



PokerStars Hand #254439390310:  Hold'em No Limit ($0.50/$1.00 USD) - 2025/01/18 22:51:46 WET [2025/01/18 17:51:46 ET]
Table 'Ute IV' 6-max Seat #5 is the button
Seat 1: easy_sarcasm ($113.92 in chips) 
Seat 2: shootingGRID ($100 in chips) 
Seat 3: Poker9803 ($208.89 in chips) 
Seat 4: nikalas22 ($100.59 in chips) 
Seat 5: Sarabe nab ($50.69 in chips) 
Seat 6: Sadyhov V.V. ($112.70 in chips) 
Sadyhov V.V.: posts small blind $0.50
easy_sarcasm: posts big blind $1
*** HOLE CARDS ***
shootingGRID: folds 
Poker9803: folds 
nikalas22: folds 
Sarabe nab: folds 
Sadyhov V.V.: folds 
Uncalled bet ($0.50) returned to easy_sarcasm
easy_sarcasm collected $1 from pot
*** SUMMARY ***
Total pot $1 | Rake $0 
Seat 1: easy_sarcasm (big blind) collected ($1)
Seat 2: shootingGRID folded before Flop (didn't bet)
Seat 3: Poker9803 folded before Flop (didn't bet)
Seat 4: nikalas22 folded before Flop (didn't bet)
Seat 5: Sarabe nab (button) folded before Flop (didn't bet)
Seat 6: Sadyhov V.V. (small blind) folded before Flop



PokerStars Hand #254439393442:  Hold'em No Limit ($0.50/$1.00 USD) - 2025/01/18 22:51:57 WET [2025/01/18 17:51:57 ET]
Table 'Ute IV' 6-max Seat #6 is the button
Seat 1: easy_sarcasm ($114.42 in chips) 
Seat 2: shootingGRID ($100 in chips) 
Seat 3: Poker9803 ($208.89 in chips) 
Seat 4: nikalas22 ($100.59 in chips) 
Seat 5: Sarabe nab ($50.69 in chips) 
Seat 6: Sadyhov V.V. ($112.20 in chips) 
easy_sarcasm: posts small blind $0.50
shootingGRID: posts big blind $1
*** HOLE CARDS ***
Poker9803: raises $1 to $2
nikalas22: folds 
Sarabe nab: calls $2
Sadyhov V.V.: folds 
easy_sarcasm: folds 
shootingGRID: folds 
*** FLOP *** [9d Tc 7d]
Poker9803: bets $2.61
Sarabe nab: calls $2.61
*** TURN *** [9d Tc 7d] [6h]
Poker9803: checks 
Sarabe nab: checks 
*** RIVER *** [9d Tc 7d 6h] [6s]
Poker9803: bets $10.18
Sarabe nab: folds 
Uncalled bet ($10.18) returned to Poker9803
Poker9803 collected $10.18 from pot
Poker9803: doesn't show hand 
*** SUMMARY ***
Total pot $10.72 | Rake $0.54 
Board [9d Tc 7d 6h 6s]
Seat 1: easy_sarcasm (small blind) folded before Flop
Seat 2: shootingGRID (big blind) folded before Flop
Seat 3: Poker9803 collected ($10.18)
Seat 4: nikalas22 folded before Flop (didn't bet)
Seat 5: Sarabe nab folded on the River
Seat 6: Sadyhov V.V. (button) folded before Flop (didn't bet)



PokerStars Hand #254439404476:  Hold'em No Limit ($0.50/$1.00 USD) - 2025/01/18 22:52:37 WET [2025/01/18 17:52:37 ET]
Table 'Ute IV' 6-max Seat #1 is the button
Seat 1: easy_sarcasm ($113.92 in chips) 
Seat 2: shootingGRID ($100 in chips) 
Seat 3: Poker9803 ($214.46 in chips) 
Seat 4: nikalas22 ($100.59 in chips) 
Seat 5: Sarabe nab ($46.08 in chips) 
Seat 6: Sadyhov V.V. ($112.20 in chips) 
shootingGRID: posts small blind $0.50
Poker9803: posts big blind $1
*** HOLE CARDS ***
nikalas22: folds 
Sarabe nab: folds 
Sarabe nab leaves the table
Sadyhov V.V.: raises $1.50 to $2.50
easy_sarcasm: folds 
shootingGRID: folds 
Poker9803: folds 
Uncalled bet ($1.50) returned to Sadyhov V.V.
Sadyhov V.V. collected $2.50 from pot
Sadyhov V.V.: doesn't show hand 
*** SUMMARY ***
Total pot $2.50 | Rake $0 
Seat 1: easy_sarcasm (button) folded before Flop (didn't bet)
Seat 2: shootingGRID (small blind) folded before Flop
Seat 3: Poker9803 (big blind) folded before Flop
Seat 4: nikalas22 folded before Flop (didn't bet)
Seat 5: Sarabe nab folded before Flop (didn't bet)
Seat 6: Sadyhov V.V. collected ($2.50)



PokerStars Hand #254439411426:  Hold'em No Limit ($0.50/$1.00 USD) - 2025/01/18 22:53:02 WET [2025/01/18 17:53:02 ET]
Table 'Ute IV' 6-max Seat #2 is the button
Seat 1: easy_sarcasm ($113.92 in chips) 
Seat 2: shootingGRID ($100 in chips) 
Seat 3: Poker9803 ($213.46 in chips) 
Seat 4: nikalas22 ($100.59 in chips) 
Seat 6: Sadyhov V.V. ($113.70 in chips) 
Poker9803: posts small blind $0.50
nikalas22: posts big blind $1
*** HOLE CARDS ***
kars0n joins the table at seat #5 
Sadyhov V.V.: folds 
easy_sarcasm: folds 
shootingGRID: folds 
shootingGRID leaves the table
Poker9803: folds 
Uncalled bet ($0.50) returned to nikalas22
nikalas22 collected $1 from pot
nikalas22: doesn't show hand 
*** SUMMARY ***
Total pot $1 | Rake $0 
Seat 1: easy_sarcasm folded before Flop (didn't bet)
Seat 2: shootingGRID (button) folded before Flop (didn't bet)
Seat 3: Poker9803 (small blind) folded before Flop
Seat 4: nikalas22 (big blind) collected ($1)
Seat 6: Sadyhov V.V. folded before Flop (didn't bet)



