PokerStars Hand #254435950006:  Hold'em No Limit ($0.50/$1.00 USD) - 2025/01/18 19:35:20 WET [2025/01/18 14:35:20 ET]
Table 'Echepolos IV' 6-max Seat #2 is the button
Seat 2: EasyGamerrr ($101.50 in chips) 
Seat 4: EvilReality ($100 in chips) 
Seat 5: blackclan7 ($100 in chips) 
EvilReality: posts small blind $0.50
blackclan7: posts big blind $1
*** HOLE CARDS ***
EasyGamerrr: folds 
EvilReality: folds 
Uncalled bet ($0.50) returned to blackclan7
blackclan7 collected $1 from pot
blackclan7: doesn't show hand 
*** SUMMARY ***
Total pot $1 | Rake $0 
Seat 2: EasyGamerrr (button) folded before Flop (didn't bet)
Seat 4: EvilReality (small blind) folded before Flop
Seat 5: blackclan7 (big blind) collected ($1)



PokerStars Hand #254435952330:  Hold'em No Limit ($0.50/$1.00 USD) - 2025/01/18 19:35:27 WET [2025/01/18 14:35:27 ET]
Table 'Echepolos IV' 6-max Seat #4 is the button
Seat 2: EasyGamerrr ($101.50 in chips) 
Seat 4: EvilReality ($100 in chips) 
Seat 5: blackclan7 ($100.50 in chips) 
blackclan7: posts small blind $0.50
EasyGamerrr: posts big blind $1
*** HOLE CARDS ***
EvilReality: raises $1.50 to $2.50
blackclan7: folds 
EasyGamerrr: folds 
Uncalled bet ($1.50) returned to EvilReality
EvilReality collected $2.50 from pot
EvilReality: doesn't show hand 
*** SUMMARY ***
Total pot $2.50 | Rake $0 
Seat 2: EasyGamerrr (big blind) folded before Flop
Seat 4: EvilReality (button) collected ($2.50)
Seat 5: blackclan7 (small blind) folded before Flop



PokerStars Hand #254435954917:  Hold'em No Limit ($0.50/$1.00 USD) - 2025/01/18 19:35:36 WET [2025/01/18 14:35:36 ET]
Table 'Echepolos IV' 6-max Seat #5 is the button
Seat 2: EasyGamerrr ($100.50 in chips) 
Seat 4: EvilReality ($101.50 in chips) 
Seat 5: blackclan7 ($100 in chips) 
EasyGamerrr: posts small blind $0.50
EvilReality: posts big blind $1
*** HOLE CARDS ***
blackclan7: raises $1.50 to $2.50
EasyGamerrr: folds 
EvilReality: folds 
Uncalled bet ($1.50) returned to blackclan7
blackclan7 collected $2.50 from pot
blackclan7: doesn't show hand 
*** SUMMARY ***
Total pot $2.50 | Rake $0 
Seat 2: EasyGamerrr (small blind) folded before Flop
Seat 4: EvilReality (big blind) folded before Flop
Seat 5: blackclan7 (button) collected ($2.50)



PokerStars Hand #254435959171:  Hold'em No Limit ($0.50/$1.00 USD) - 2025/01/18 19:35:50 WET [2025/01/18 14:35:50 ET]
Table 'Echepolos IV' 6-max Seat #4 is the button
Seat 2: EasyGamerrr ($100 in chips) 
Seat 4: EvilReality ($100.50 in chips) 
EvilReality: posts small blind $0.50
EasyGamerrr: posts big blind $1
*** HOLE CARDS ***
EvilReality: raises $1.50 to $2.50
EasyGamerrr: folds 
Uncalled bet ($1.50) returned to EvilReality
EvilReality collected $2 from pot
EvilReality: doesn't show hand 
*** SUMMARY ***
Total pot $2 | Rake $0 
Seat 2: EasyGamerrr (big blind) folded before Flop
Seat 4: EvilReality (button) (small blind) collected ($2)



PokerStars Hand #254436014918:  Hold'em No Limit ($0.50/$1.00 USD) - 2025/01/18 19:38:58 WET [2025/01/18 14:38:58 ET]
Table 'Echepolos IV' 6-max Seat #5 is the button
Seat 2: EasyGamerrr ($100 in chips) 
Seat 5: AigarsK ($10 in chips) 
Seat 6: Joker007r ($100 in chips) 
Joker007r: posts small blind $0.50
EasyGamerrr: posts big blind $1
*** HOLE CARDS ***
blackclan7 joins the table at seat #3 
AigarsK: folds 
Joker007r: raises $2 to $3
EasyGamerrr: calls $2
*** FLOP *** [Kd 5s 3d]
Joker007r: bets $9.01
EasyGamerrr: folds 
Uncalled bet ($9.01) returned to Joker007r
Joker007r collected $5.70 from pot
Joker007r: doesn't show hand 
*** SUMMARY ***
Total pot $6 | Rake $0.30 
Board [Kd 5s 3d]
Seat 2: EasyGamerrr (big blind) folded on the Flop
Seat 5: AigarsK (button) folded before Flop (didn't bet)
Seat 6: Joker007r (small blind) collected ($5.70)



PokerStars Hand #254436023222:  Hold'em No Limit ($0.50/$1.00 USD) - 2025/01/18 19:39:26 WET [2025/01/18 14:39:26 ET]
Table 'Echepolos IV' 6-max Seat #6 is the button
Seat 2: EasyGamerrr ($100 in chips) 
Seat 3: blackclan7 ($101.50 in chips) 
Seat 5: AigarsK ($10 in chips) 
Seat 6: Joker007r ($102.70 in chips) 
EasyGamerrr: posts small blind $0.50
blackclan7: posts big blind $1
*** HOLE CARDS ***
AigarsK: folds 
Joker007r: folds 
EasyGamerrr: folds 
Uncalled bet ($0.50) returned to blackclan7
blackclan7 collected $1 from pot
blackclan7: doesn't show hand 
*** SUMMARY ***
Total pot $1 | Rake $0 
Seat 2: EasyGamerrr (small blind) folded before Flop
Seat 3: blackclan7 (big blind) collected ($1)
Seat 5: AigarsK folded before Flop (didn't bet)
Seat 6: Joker007r (button) folded before Flop (didn't bet)



PokerStars Hand #254436027726:  Hold'em No Limit ($0.50/$1.00 USD) - 2025/01/18 19:39:40 WET [2025/01/18 14:39:40 ET]
Table 'Echepolos IV' 6-max Seat #2 is the button
Seat 2: EasyGamerrr ($100 in chips) 
Seat 3: blackclan7 ($102 in chips) 
Seat 5: AigarsK ($10 in chips) 
Seat 6: Joker007r ($102.70 in chips) 
blackclan7: posts small blind $0.50
AigarsK: posts big blind $1
*** HOLE CARDS ***
Joker007r: raises $1.50 to $2.50
franbasualdo10 joins the table at seat #4 
franbasualdo10 is disconnected 
EasyGamerrr: folds 
blackclan7: folds 
AigarsK: folds 
Uncalled bet ($1.50) returned to Joker007r
Joker007r collected $2.50 from pot
Joker007r: doesn't show hand 
*** SUMMARY ***
Total pot $2.50 | Rake $0 
Seat 2: EasyGamerrr (button) folded before Flop (didn't bet)
Seat 3: blackclan7 (small blind) folded before Flop
Seat 5: AigarsK (big blind) folded before Flop
Seat 6: Joker007r collected ($2.50)



PokerStars Hand #254436034701:  Hold'em No Limit ($0.50/$1.00 USD) - 2025/01/18 19:40:04 WET [2025/01/18 14:40:04 ET]
Table 'Echepolos IV' 6-max Seat #3 is the button
Seat 4: franbasualdo10 ($44.71 in chips) is sitting out
Seat 2: EasyGamerrr ($100 in chips) 
Seat 3: blackclan7 ($101.50 in chips) 
Seat 5: AigarsK ($9 in chips) 
Seat 6: Joker007r ($104.20 in chips) 
AigarsK: posts small blind $0.50
Joker007r: posts big blind $1
*** HOLE CARDS ***
EasyGamerrr: folds 
blackclan7: raises $1.50 to $2.50
AigarsK: folds 
Joker007r: raises $8.50 to $11
blackclan7: folds 
Uncalled bet ($8.50) returned to Joker007r
Joker007r collected $5.50 from pot
Joker007r: doesn't show hand 
*** SUMMARY ***
Total pot $5.50 | Rake $0 
Seat 4: franbasualdo10
Seat 2: EasyGamerrr folded before Flop (didn't bet)
Seat 3: blackclan7 (button) folded before Flop
Seat 5: AigarsK (small blind) folded before Flop
Seat 6: Joker007r (big blind) collected ($5.50)



PokerStars Hand #254436048189:  Hold'em No Limit ($0.50/$1.00 USD) - 2025/01/18 19:40:49 WET [2025/01/18 14:40:49 ET]
Table 'Echepolos IV' 6-max Seat #5 is the button
Seat 2: EasyGamerrr ($100 in chips) 
Seat 3: blackclan7 ($100 in chips) 
Seat 4: franbasualdo10 ($44.71 in chips) 
Seat 5: AigarsK ($11.50 in chips) 
Seat 6: Joker007r ($107.20 in chips) 
Joker007r: posts small blind $0.50
EasyGamerrr: posts big blind $1
franbasualdo10: posts big blind $1
*** HOLE CARDS ***
blackclan7: folds 
franbasualdo10: checks 
AigarsK: folds 
AigarsK leaves the table
Joker007r: folds 
Diamondplaces joins the table at seat #1 
Diamondplaces is disconnected 
EasyGamerrr: checks 
*** FLOP *** [As 3h Ts]
derek5858 joins the table at seat #5 
EasyGamerrr: checks 
franbasualdo10: bets $1
EasyGamerrr: folds 
Uncalled bet ($1) returned to franbasualdo10
franbasualdo10 collected $2.38 from pot
*** SUMMARY ***
Total pot $2.50 | Rake $0.12 
Board [As 3h Ts]
Seat 2: EasyGamerrr (big blind) folded on the Flop
Seat 3: blackclan7 folded before Flop (didn't bet)
Seat 4: franbasualdo10 collected ($2.38)
Seat 5: AigarsK (button) folded before Flop (didn't bet)
Seat 6: Joker007r (small blind) folded before Flop



PokerStars Hand #254436056908:  Hold'em No Limit ($0.50/$1.00 USD) - 2025/01/18 19:41:18 WET [2025/01/18 14:41:18 ET]
Table 'Echepolos IV' 6-max Seat #6 is the button
Seat 1: Diamondplaces ($23.95 in chips) is sitting out
Seat 3: blackclan7 ($100 in chips) is sitting out
Seat 5: derek5858 ($100 in chips) is sitting out
Seat 2: EasyGamerrr ($100 in chips) 
Seat 4: franbasualdo10 ($46.09 in chips) 
Seat 6: Joker007r ($106.70 in chips) 
EasyGamerrr: posts small blind $0.50
blackclan7: is sitting out 
franbasualdo10: posts big blind $1
derek5858: sits out 
*** HOLE CARDS ***
Joker007r: raises $1.50 to $2.50
EasyGamerrr: folds 
franbasualdo10: calls $1.50
*** FLOP *** [9s 2c 6h]
franbasualdo10: bets $3
Joker007r: folds 
Uncalled bet ($3) returned to franbasualdo10
franbasualdo10 collected $5.22 from pot
*** SUMMARY ***
Total pot $5.50 | Rake $0.28 
Board [9s 2c 6h]
Seat 1: Diamondplaces
Seat 3: blackclan7
Seat 5: derek5858
Seat 2: EasyGamerrr (small blind) folded before Flop
Seat 4: franbasualdo10 (big blind) collected ($5.22)
Seat 6: Joker007r (button) folded on the Flop



PokerStars Hand #254436063183:  Hold'em No Limit ($0.50/$1.00 USD) - 2025/01/18 19:41:39 WET [2025/01/18 14:41:39 ET]
Table 'Echepolos IV' 6-max Seat #2 is the button
Seat 3: blackclan7 ($100 in chips) is sitting out
Seat 1: Diamondplaces ($23.95 in chips) 
Seat 2: EasyGamerrr ($100 in chips) 
Seat 4: franbasualdo10 ($48.81 in chips) 
Seat 5: derek5858 ($100 in chips) 
Seat 6: Joker007r ($104.20 in chips) 
franbasualdo10: posts small blind $0.50
derek5858: posts big blind $1
Diamondplaces: posts big blind $1
*** HOLE CARDS ***
Joker007r: folds 
Diamondplaces: checks 
EasyGamerrr: folds 
franbasualdo10: folds 
blackclan7 leaves the table
derek5858: checks 
*** FLOP *** [Qh 4h 5c]
derek5858: checks 
Diamondplaces: checks 
*** TURN *** [Qh 4h 5c] [6h]
derek5858: checks 
Diamondplaces: checks 
*** RIVER *** [Qh 4h 5c 6h] [7s]
derek5858: checks 
Xenicide joins the table at seat #3 
Diamondplaces: checks 
*** SHOW DOWN ***
derek5858: shows [4d Ad] (a pair of Fours)
Diamondplaces: shows [5h Kc] (a pair of Fives)
Diamondplaces collected $2.38 from pot
*** SUMMARY ***
Total pot $2.50 | Rake $0.12 
Board [Qh 4h 5c 6h 7s]
Seat 3: blackclan7
Seat 1: Diamondplaces showed [5h Kc] and won ($2.38) with a pair of Fives
Seat 2: EasyGamerrr (button) folded before Flop (didn't bet)
Seat 4: franbasualdo10 (small blind) folded before Flop
Seat 5: derek5858 (big blind) showed [4d Ad] and lost with a pair of Fours
Seat 6: Joker007r folded before Flop (didn't bet)



PokerStars Hand #254436074046:  Hold'em No Limit ($0.50/$1.00 USD) - 2025/01/18 19:42:15 WET [2025/01/18 14:42:15 ET]
Table 'Echepolos IV' 6-max Seat #4 is the button
Seat 3: Xenicide ($100 in chips) is sitting out
Seat 1: Diamondplaces ($25.33 in chips) 
Seat 2: EasyGamerrr ($100 in chips) 
Seat 4: franbasualdo10 ($48.31 in chips) 
Seat 5: derek5858 ($100 in chips) 
Seat 6: Joker007r ($104.20 in chips) 
derek5858: posts small blind $0.50
Joker007r: posts big blind $1
Xenicide: sits out 
*** HOLE CARDS ***
Diamondplaces: folds 
EasyGamerrr: folds 
franbasualdo10: folds 
derek5858: raises $2 to $3
Joker007r: folds 
Uncalled bet ($2) returned to derek5858
derek5858 collected $2 from pot
*** SUMMARY ***
Total pot $2 | Rake $0 
Seat 3: Xenicide
Seat 1: Diamondplaces folded before Flop (didn't bet)
Seat 2: EasyGamerrr folded before Flop (didn't bet)
Seat 4: franbasualdo10 (button) folded before Flop (didn't bet)
Seat 5: derek5858 (small blind) collected ($2)
Seat 6: Joker007r (big blind) folded before Flop



PokerStars Hand #254436078934:  Hold'em No Limit ($0.50/$1.00 USD) - 2025/01/18 19:42:32 WET [2025/01/18 14:42:32 ET]
Table 'Echepolos IV' 6-max Seat #5 is the button
Seat 3: Xenicide ($100 in chips) is sitting out
Seat 1: Diamondplaces ($25.33 in chips) 
Seat 2: EasyGamerrr ($100 in chips) 
Seat 4: franbasualdo10 ($48.31 in chips) 
Seat 5: derek5858 ($101 in chips) 
Seat 6: Joker007r ($103.20 in chips) 
Joker007r: posts small blind $0.50
Diamondplaces: posts big blind $1
Xenicide: sits out 
*** HOLE CARDS ***
EasyGamerrr: folds 
franbasualdo10: folds 
derek5858: raises $1.50 to $2.50
Joker007r: folds 
Diamondplaces: calls $1.50
*** FLOP *** [2c Jd 8d]
Diamondplaces: checks 
derek5858: bets $2.09
Diamondplaces: folds 
Uncalled bet ($2.09) returned to derek5858
derek5858 collected $5.22 from pot
*** SUMMARY ***
Total pot $5.50 | Rake $0.28 
Board [2c Jd 8d]
Seat 3: Xenicide
Seat 1: Diamondplaces (big blind) folded on the Flop
Seat 2: EasyGamerrr folded before Flop (didn't bet)
Seat 4: franbasualdo10 folded before Flop (didn't bet)
Seat 5: derek5858 (button) collected ($5.22)
Seat 6: Joker007r (small blind) folded before Flop



PokerStars Hand #254436085165:  Hold'em No Limit ($0.50/$1.00 USD) - 2025/01/18 19:42:53 WET [2025/01/18 14:42:53 ET]
Table 'Echepolos IV' 6-max Seat #6 is the button
Seat 2: EasyGamerrr ($100 in chips) is sitting out
Seat 1: Diamondplaces ($22.83 in chips) 
Seat 3: Xenicide ($100 in chips) 
Seat 4: franbasualdo10 ($48.31 in chips) 
Seat 5: derek5858 ($103.72 in chips) 
Seat 6: Joker007r ($102.70 in chips) 
Diamondplaces: posts small blind $0.50
EasyGamerrr: is sitting out 
Xenicide: posts big blind $1
*** HOLE CARDS ***
EasyGamerrr leaves the table
franbasualdo10: folds 
derek5858: folds 
Joker007r: raises $1.50 to $2.50
Diamondplaces: folds 
Xenicide: calls $1.50
*** FLOP *** [Js 2d 4s]
Xenicide: checks 
Joker007r: bets $3.48
Joe_Li7 joins the table at seat #2 
Xenicide: folds 
Uncalled bet ($3.48) returned to Joker007r
Joker007r collected $5.22 from pot
Joker007r: doesn't show hand 
*** SUMMARY ***
Total pot $5.50 | Rake $0.28 
Board [Js 2d 4s]
Seat 2: EasyGamerrr
Seat 1: Diamondplaces (small blind) folded before Flop
Seat 3: Xenicide (big blind) folded on the Flop
Seat 4: franbasualdo10 folded before Flop (didn't bet)
Seat 5: derek5858 folded before Flop (didn't bet)
Seat 6: Joker007r (button) collected ($5.22)



PokerStars Hand #254436099242:  Hold'em No Limit ($0.50/$1.00 USD) - 2025/01/18 19:43:40 WET [2025/01/18 14:43:40 ET]
Table 'Echepolos IV' 6-max Seat #1 is the button
Seat 2: Joe_Li7 ($100 in chips) is sitting out
Seat 1: Diamondplaces ($22.33 in chips) 
Seat 3: Xenicide ($100 in chips) 
Seat 4: franbasualdo10 ($48.31 in chips) 
Seat 5: derek5858 ($103.72 in chips) 
Seat 6: Joker007r ($105.42 in chips) 
Xenicide: posts small blind $0.50
franbasualdo10: posts big blind $1
*** HOLE CARDS ***
derek5858: raises $1 to $2
Joker007r: folds 
Diamondplaces: folds 
Xenicide: folds 
franbasualdo10: folds 
Uncalled bet ($1) returned to derek5858
derek5858 collected $2.50 from pot
*** SUMMARY ***
Total pot $2.50 | Rake $0 
Seat 2: Joe_Li7
Seat 1: Diamondplaces (button) folded before Flop (didn't bet)
Seat 3: Xenicide (small blind) folded before Flop
Seat 4: franbasualdo10 (big blind) folded before Flop
Seat 5: derek5858 collected ($2.50)
Seat 6: Joker007r folded before Flop (didn't bet)



PokerStars Hand #254436104895:  Hold'em No Limit ($0.50/$1.00 USD) - 2025/01/18 19:43:59 WET [2025/01/18 14:43:59 ET]
Table 'Echepolos IV' 6-max Seat #3 is the button
Seat 2: Joe_Li7 ($100 in chips) is sitting out
Seat 1: Diamondplaces ($22.33 in chips) 
Seat 3: Xenicide ($100 in chips) 
Seat 4: franbasualdo10 ($47.31 in chips) 
Seat 5: derek5858 ($105.22 in chips) 
Seat 6: Joker007r ($105.42 in chips) 
franbasualdo10: posts small blind $0.50
derek5858: posts big blind $1
Joe_Li7: sits out 
*** HOLE CARDS ***
Joker007r: folds 
Diamondplaces: calls $1
Xenicide: folds 
franbasualdo10: folds 
derek5858: checks 
*** FLOP *** [8c Ks 8s]
derek5858: checks 
Diamondplaces: bets $1
derek5858: calls $1
*** TURN *** [8c Ks 8s] [Qs]
derek5858: checks 
Diamondplaces: bets $1
derek5858: folds 
Uncalled bet ($1) returned to Diamondplaces
Diamondplaces collected $4.28 from pot
*** SUMMARY ***
Total pot $4.50 | Rake $0.22 
Board [8c Ks 8s Qs]
Seat 2: Joe_Li7
Seat 1: Diamondplaces collected ($4.28)
Seat 3: Xenicide (button) folded before Flop (didn't bet)
Seat 4: franbasualdo10 (small blind) folded before Flop
Seat 5: derek5858 (big blind) folded on the Turn
Seat 6: Joker007r folded before Flop (didn't bet)



PokerStars Hand #254436118411:  Hold'em No Limit ($0.50/$1.00 USD) - 2025/01/18 19:44:45 WET [2025/01/18 14:44:45 ET]
Table 'Echepolos IV' 6-max Seat #4 is the button
Seat 2: Joe_Li7 ($100 in chips) is sitting out
Seat 1: Diamondplaces ($24.61 in chips) 
Seat 3: Xenicide ($100 in chips) 
Seat 4: franbasualdo10 ($46.81 in chips) 
Seat 5: derek5858 ($103.22 in chips) 
Seat 6: Joker007r ($105.42 in chips) 
derek5858: posts small blind $0.50
Joker007r: posts big blind $1
Joe_Li7: sits out 
*** HOLE CARDS ***
Diamondplaces: folds 
Xenicide: folds 
franbasualdo10: raises $3 to $4
derek5858: folds 
Joker007r: folds 
Uncalled bet ($3) returned to franbasualdo10
franbasualdo10 collected $2.50 from pot
*** SUMMARY ***
Total pot $2.50 | Rake $0 
Seat 2: Joe_Li7
Seat 1: Diamondplaces folded before Flop (didn't bet)
Seat 3: Xenicide folded before Flop (didn't bet)
Seat 4: franbasualdo10 (button) collected ($2.50)
Seat 5: derek5858 (small blind) folded before Flop
Seat 6: Joker007r (big blind) folded before Flop



PokerStars Hand #254436123808:  Hold'em No Limit ($0.50/$1.00 USD) - 2025/01/18 19:45:02 WET [2025/01/18 14:45:02 ET]
Table 'Echepolos IV' 6-max Seat #5 is the button
Seat 2: Joe_Li7 ($100 in chips) is sitting out
Seat 1: Diamondplaces ($24.61 in chips) 
Seat 3: Xenicide ($100 in chips) 
Seat 4: franbasualdo10 ($48.31 in chips) 
Seat 5: derek5858 ($102.72 in chips) 
Seat 6: Joker007r ($104.42 in chips) 
Joker007r: posts small blind $0.50
Diamondplaces: posts big blind $1
Joe_Li7: sits out 
*** HOLE CARDS ***
Xenicide: folds 
franbasualdo10: folds 
derek5858: folds 
Joker007r: folds 
Uncalled bet ($0.50) returned to Diamondplaces
Diamondplaces collected $1 from pot
*** SUMMARY ***
Total pot $1 | Rake $0 
Seat 2: Joe_Li7
Seat 1: Diamondplaces (big blind) collected ($1)
Seat 3: Xenicide folded before Flop (didn't bet)
Seat 4: franbasualdo10 folded before Flop (didn't bet)
Seat 5: derek5858 (button) folded before Flop (didn't bet)
Seat 6: Joker007r (small blind) folded before Flop



PokerStars Hand #254436127360:  Hold'em No Limit ($0.50/$1.00 USD) - 2025/01/18 19:45:14 WET [2025/01/18 14:45:14 ET]
Table 'Echepolos IV' 6-max Seat #6 is the button
Seat 1: Diamondplaces ($25.11 in chips) 
Seat 2: Joe_Li7 ($100 in chips) 
Seat 3: Xenicide ($100 in chips) 
Seat 4: franbasualdo10 ($48.31 in chips) 
Seat 5: derek5858 ($102.72 in chips) 
Seat 6: Joker007r ($103.92 in chips) 
Diamondplaces: posts small blind $0.50
Joe_Li7: posts big blind $1
*** HOLE CARDS ***
Xenicide: folds 
franbasualdo10: calls $1
derek5858: folds 
Joker007r: raises $2.50 to $3.50
Diamondplaces: folds 
Joe_Li7: folds 
franbasualdo10: folds 
Uncalled bet ($2.50) returned to Joker007r
Joker007r collected $3.50 from pot
Joker007r: doesn't show hand 
*** SUMMARY ***
Total pot $3.50 | Rake $0 
Seat 1: Diamondplaces (small blind) folded before Flop
Seat 2: Joe_Li7 (big blind) folded before Flop
Seat 3: Xenicide folded before Flop (didn't bet)
Seat 4: franbasualdo10 folded before Flop
Seat 5: derek5858 folded before Flop (didn't bet)
Seat 6: Joker007r (button) collected ($3.50)



PokerStars Hand #254436134439:  Hold'em No Limit ($0.50/$1.00 USD) - 2025/01/18 19:45:39 WET [2025/01/18 14:45:39 ET]
Table 'Echepolos IV' 6-max Seat #1 is the button
Seat 1: Diamondplaces ($24.61 in chips) 
Seat 2: Joe_Li7 ($100 in chips) 
Seat 3: Xenicide ($100 in chips) 
Seat 4: franbasualdo10 ($47.31 in chips) 
Seat 5: derek5858 ($102.72 in chips) 
Seat 6: Joker007r ($106.42 in chips) 
Joe_Li7: posts small blind $0.50
Xenicide: posts big blind $1
*** HOLE CARDS ***
franbasualdo10: calls $1
derek5858: folds 
Joker007r: folds 
Diamondplaces: raises $23.61 to $24.61 and is all-in
Joe_Li7: folds 
Xenicide: folds 
franbasualdo10: folds 
Uncalled bet ($23.61) returned to Diamondplaces
Diamondplaces collected $3.50 from pot
*** SUMMARY ***
Total pot $3.50 | Rake $0 
Seat 1: Diamondplaces (button) collected ($3.50)
Seat 2: Joe_Li7 (small blind) folded before Flop
Seat 3: Xenicide (big blind) folded before Flop
Seat 4: franbasualdo10 folded before Flop
Seat 5: derek5858 folded before Flop (didn't bet)
Seat 6: Joker007r folded before Flop (didn't bet)



PokerStars Hand #254436141749:  Hold'em No Limit ($0.50/$1.00 USD) - 2025/01/18 19:46:03 WET [2025/01/18 14:46:03 ET]
Table 'Echepolos IV' 6-max Seat #2 is the button
Seat 1: Diamondplaces ($27.11 in chips) 
Seat 2: Joe_Li7 ($100 in chips) 
Seat 3: Xenicide ($100 in chips) 
Seat 4: franbasualdo10 ($46.31 in chips) 
Seat 5: derek5858 ($102.72 in chips) 
Seat 6: Joker007r ($106.42 in chips) 
Xenicide: posts small blind $0.50
franbasualdo10: posts big blind $1
*** HOLE CARDS ***
derek5858: folds 
Joker007r: raises $2 to $3
Diamondplaces: folds 
Joe_Li7: folds 
Xenicide: folds 
franbasualdo10: folds 
Uncalled bet ($2) returned to Joker007r
Joker007r collected $2.50 from pot
Joker007r: doesn't show hand 
*** SUMMARY ***
Total pot $2.50 | Rake $0 
Seat 1: Diamondplaces folded before Flop (didn't bet)
Seat 2: Joe_Li7 (button) folded before Flop (didn't bet)
Seat 3: Xenicide (small blind) folded before Flop
Seat 4: franbasualdo10 (big blind) folded before Flop
Seat 5: derek5858 folded before Flop (didn't bet)
Seat 6: Joker007r collected ($2.50)



PokerStars Hand #254436147429:  Hold'em No Limit ($0.50/$1.00 USD) - 2025/01/18 19:46:22 WET [2025/01/18 14:46:22 ET]
Table 'Echepolos IV' 6-max Seat #3 is the button
Seat 1: Diamondplaces ($27.11 in chips) 
Seat 2: Joe_Li7 ($100 in chips) 
Seat 3: Xenicide ($100 in chips) 
Seat 4: franbasualdo10 ($45.31 in chips) 
Seat 5: derek5858 ($102.72 in chips) 
Seat 6: Joker007r ($107.92 in chips) 
franbasualdo10: posts small blind $0.50
derek5858: posts big blind $1
*** HOLE CARDS ***
Joker007r: folds 
Diamondplaces: raises $1 to $2
Joe_Li7: folds 
Xenicide: folds 
franbasualdo10: calls $1.50
derek5858: raises $12 to $14
Diamondplaces: folds 
franbasualdo10: folds 
Uncalled bet ($12) returned to derek5858
derek5858 collected $6 from pot
*** SUMMARY ***
Total pot $6 | Rake $0 
Seat 1: Diamondplaces folded before Flop
Seat 2: Joe_Li7 folded before Flop (didn't bet)
Seat 3: Xenicide (button) folded before Flop (didn't bet)
Seat 4: franbasualdo10 (small blind) folded before Flop
Seat 5: derek5858 (big blind) collected ($6)
Seat 6: Joker007r folded before Flop (didn't bet)



PokerStars Hand #254436154640:  Hold'em No Limit ($0.50/$1.00 USD) - 2025/01/18 19:46:46 WET [2025/01/18 14:46:46 ET]
Table 'Echepolos IV' 6-max Seat #4 is the button
Seat 1: Diamondplaces ($25.11 in chips) 
Seat 2: Joe_Li7 ($100 in chips) 
Seat 3: Xenicide ($100 in chips) 
Seat 4: franbasualdo10 ($43.31 in chips) 
Seat 5: derek5858 ($106.72 in chips) 
Seat 6: Joker007r ($107.92 in chips) 
derek5858: posts small blind $0.50
Joker007r: posts big blind $1
*** HOLE CARDS ***
Diamondplaces: folds 
Joe_Li7: raises $1.20 to $2.20
Xenicide: folds 
franbasualdo10: calls $2.20
derek5858: folds 
Joker007r: calls $1.20
*** FLOP *** [2c 8c 7d]
Joker007r: checks 
Joe_Li7: bets $4.52
franbasualdo10: folds 
Joker007r: calls $4.52
*** TURN *** [2c 8c 7d] [6h]
Joker007r: checks 
Joe_Li7: checks 
*** RIVER *** [2c 8c 7d 6h] [5s]
Joker007r: bets $24.22
Joe_Li7: calls $24.22
*** SHOW DOWN ***
Joker007r: shows [5c Qc] (a pair of Fives)
Joe_Li7: shows [9s 9d] (a straight, Five to Nine)
Joe_Li7 collected $62.08 from pot
*** SUMMARY ***
Total pot $64.58 | Rake $2.50 
Board [2c 8c 7d 6h 5s]
Seat 1: Diamondplaces folded before Flop (didn't bet)
Seat 2: Joe_Li7 showed [9s 9d] and won ($62.08) with a straight, Five to Nine
Seat 3: Xenicide folded before Flop (didn't bet)
Seat 4: franbasualdo10 (button) folded on the Flop
Seat 5: derek5858 (small blind) folded before Flop
Seat 6: Joker007r (big blind) showed [5c Qc] and lost with a pair of Fives



PokerStars Hand #254436178158:  Hold'em No Limit ($0.50/$1.00 USD) - 2025/01/18 19:48:06 WET [2025/01/18 14:48:06 ET]
Table 'Echepolos IV' 6-max Seat #5 is the button
Seat 1: Diamondplaces ($25.11 in chips) 
Seat 2: Joe_Li7 ($131.14 in chips) 
Seat 3: Xenicide ($100 in chips) 
Seat 4: franbasualdo10 ($41.11 in chips) 
Seat 5: derek5858 ($106.22 in chips) 
Seat 6: Joker007r ($100 in chips) 
Joker007r: posts small blind $0.50
Diamondplaces: posts big blind $1
*** HOLE CARDS ***
Joe_Li7: raises $1.20 to $2.20
Xenicide: folds 
franbasualdo10: folds 
derek5858: folds 
Joker007r: folds 
Diamondplaces: folds 
Uncalled bet ($1.20) returned to Joe_Li7
Joe_Li7 collected $2.50 from pot
*** SUMMARY ***
Total pot $2.50 | Rake $0 
Seat 1: Diamondplaces (big blind) folded before Flop
Seat 2: Joe_Li7 collected ($2.50)
Seat 3: Xenicide folded before Flop (didn't bet)
Seat 4: franbasualdo10 folded before Flop (didn't bet)
Seat 5: derek5858 (button) folded before Flop (didn't bet)
Seat 6: Joker007r (small blind) folded before Flop



PokerStars Hand #254436183363:  Hold'em No Limit ($0.50/$1.00 USD) - 2025/01/18 19:48:23 WET [2025/01/18 14:48:23 ET]
Table 'Echepolos IV' 6-max Seat #6 is the button
Seat 1: Diamondplaces ($24.11 in chips) 
Seat 2: Joe_Li7 ($132.64 in chips) 
Seat 3: Xenicide ($100 in chips) 
Seat 4: franbasualdo10 ($41.11 in chips) 
Seat 5: derek5858 ($106.22 in chips) 
Seat 6: Joker007r ($100 in chips) 
Diamondplaces: posts small blind $0.50
Joe_Li7: posts big blind $1
*** HOLE CARDS ***
Xenicide: raises $1 to $2
franbasualdo10: raises $2 to $4
derek5858: folds 
Joker007r: folds 
Diamondplaces: folds 
Joe_Li7: folds 
Xenicide: calls $2
*** FLOP *** [Qc 4s 9h]
Xenicide: checks 
franbasualdo10: bets $6
Xenicide: folds 
Uncalled bet ($6) returned to franbasualdo10
franbasualdo10 collected $9.02 from pot
*** SUMMARY ***
Total pot $9.50 | Rake $0.48 
Board [Qc 4s 9h]
Seat 1: Diamondplaces (small blind) folded before Flop
Seat 2: Joe_Li7 (big blind) folded before Flop
Seat 3: Xenicide folded on the Flop
Seat 4: franbasualdo10 collected ($9.02)
Seat 5: derek5858 folded before Flop (didn't bet)
Seat 6: Joker007r (button) folded before Flop (didn't bet)



PokerStars Hand #254436203966:  Hold'em No Limit ($0.50/$1.00 USD) - 2025/01/18 19:49:33 WET [2025/01/18 14:49:33 ET]
Table 'Echepolos IV' 6-max Seat #1 is the button
Seat 1: Diamondplaces ($23.61 in chips) 
Seat 2: Joe_Li7 ($131.64 in chips) 
Seat 3: Xenicide ($100 in chips) 
Seat 4: franbasualdo10 ($46.13 in chips) 
Seat 5: derek5858 ($106.22 in chips) 
Seat 6: Joker007r ($100 in chips) 
Joe_Li7: posts small blind $0.50
Xenicide: posts big blind $1
*** HOLE CARDS ***
franbasualdo10: folds 
derek5858: folds 
Joker007r: folds 
Diamondplaces: raises $1 to $2
Joe_Li7: folds 
Xenicide: calls $1
*** FLOP *** [9d 2c Js]
Xenicide: checks 
Diamondplaces: bets $4.28
Xenicide: calls $4.28
*** TURN *** [9d 2c Js] [3s]
Xenicide: checks 
Diamondplaces: bets $17.33 and is all-in
Xenicide: calls $17.33
*** RIVER *** [9d 2c Js 3s] [8d]
*** SHOW DOWN ***
Xenicide: shows [9s Ah] (a pair of Nines)
Diamondplaces: shows [Ks Kc] (a pair of Kings)
Diamondplaces cashed out the hand for $39.37 | Cash Out Fee $0.80
*** SUMMARY ***
Total pot $47.72 | Rake $2.39 
Board [9d 2c Js 3s 8d]
Seat 1: Diamondplaces (button) showed [Ks Kc] and won ($45.33) with a pair of Kings (pot not awarded as player cashed out)
Seat 2: Joe_Li7 (small blind) folded before Flop
Seat 3: Xenicide (big blind) showed [9s Ah] and lost with a pair of Nines
Seat 4: franbasualdo10 folded before Flop (didn't bet)
Seat 5: derek5858 folded before Flop (didn't bet)
Seat 6: Joker007r folded before Flop (didn't bet)



PokerStars Hand #254436230362:  Hold'em No Limit ($0.50/$1.00 USD) - 2025/01/18 19:51:03 WET [2025/01/18 14:51:03 ET]
Table 'Echepolos IV' 6-max Seat #2 is the button
Seat 1: Diamondplaces ($39.37 in chips) 
Seat 2: Joe_Li7 ($131.14 in chips) 
Seat 3: Xenicide ($100 in chips) 
Seat 4: franbasualdo10 ($46.13 in chips) 
Seat 5: derek5858 ($106.22 in chips) 
Seat 6: Joker007r ($100 in chips) 
Xenicide: posts small blind $0.50
franbasualdo10: posts big blind $1
*** HOLE CARDS ***
derek5858: folds 
Joker007r: folds 
Diamondplaces: folds 
Joe_Li7: raises $1.50 to $2.50
Xenicide: folds 
franbasualdo10: raises $4.50 to $7
Joe_Li7: folds 
Uncalled bet ($4.50) returned to franbasualdo10
franbasualdo10 collected $5.50 from pot
*** SUMMARY ***
Total pot $5.50 | Rake $0 
Seat 1: Diamondplaces folded before Flop (didn't bet)
Seat 2: Joe_Li7 (button) folded before Flop
Seat 3: Xenicide (small blind) folded before Flop
Seat 4: franbasualdo10 (big blind) collected ($5.50)
Seat 5: derek5858 folded before Flop (didn't bet)
Seat 6: Joker007r folded before Flop (didn't bet)



PokerStars Hand #254436235821:  Hold'em No Limit ($0.50/$1.00 USD) - 2025/01/18 19:51:22 WET [2025/01/18 14:51:22 ET]
Table 'Echepolos IV' 6-max Seat #3 is the button
Seat 1: Diamondplaces ($39.37 in chips) 
Seat 2: Joe_Li7 ($128.64 in chips) 
Seat 3: Xenicide ($100 in chips) 
Seat 4: franbasualdo10 ($49.13 in chips) 
Seat 5: derek5858 ($106.22 in chips) 
Seat 6: Joker007r ($100 in chips) 
franbasualdo10: posts small blind $0.50
derek5858: posts big blind $1
*** HOLE CARDS ***
Joker007r: folds 
Diamondplaces: calls $1
Joe_Li7: folds 
Xenicide: folds 
franbasualdo10: calls $0.50
derek5858: checks 
*** FLOP *** [Qs 3h Ah]
franbasualdo10: bets $2
derek5858: folds 
Diamondplaces: folds 
Uncalled bet ($2) returned to franbasualdo10
franbasualdo10 collected $2.85 from pot
*** SUMMARY ***
Total pot $3 | Rake $0.15 
Board [Qs 3h Ah]
Seat 1: Diamondplaces folded on the Flop
Seat 2: Joe_Li7 folded before Flop (didn't bet)
Seat 3: Xenicide (button) folded before Flop (didn't bet)
Seat 4: franbasualdo10 (small blind) collected ($2.85)
Seat 5: derek5858 (big blind) folded on the Flop
Seat 6: Joker007r folded before Flop (didn't bet)



PokerStars Hand #254436247294:  Hold'em No Limit ($0.50/$1.00 USD) - 2025/01/18 19:52:00 WET [2025/01/18 14:52:00 ET]
Table 'Echepolos IV' 6-max Seat #4 is the button
Seat 1: Diamondplaces ($38.37 in chips) 
Seat 2: Joe_Li7 ($128.64 in chips) 
Seat 3: Xenicide ($100 in chips) 
Seat 4: franbasualdo10 ($50.98 in chips) 
Seat 5: derek5858 ($105.22 in chips) 
Seat 6: Joker007r ($100 in chips) 
derek5858: posts small blind $0.50
Joker007r: posts big blind $1
*** HOLE CARDS ***
Diamondplaces: raises $1 to $2
Joe_Li7: folds 
Xenicide: folds 
franbasualdo10: folds 
derek5858: folds 
Joker007r: folds 
Uncalled bet ($1) returned to Diamondplaces
Diamondplaces collected $2.50 from pot
*** SUMMARY ***
Total pot $2.50 | Rake $0 
Seat 1: Diamondplaces collected ($2.50)
Seat 2: Joe_Li7 folded before Flop (didn't bet)
Seat 3: Xenicide folded before Flop (didn't bet)
Seat 4: franbasualdo10 (button) folded before Flop (didn't bet)
Seat 5: derek5858 (small blind) folded before Flop
Seat 6: Joker007r (big blind) folded before Flop



PokerStars Hand #254436254416:  Hold'em No Limit ($0.50/$1.00 USD) - 2025/01/18 19:52:25 WET [2025/01/18 14:52:25 ET]
Table 'Echepolos IV' 6-max Seat #5 is the button
Seat 1: Diamondplaces ($39.87 in chips) 
Seat 2: Joe_Li7 ($128.64 in chips) 
Seat 3: Xenicide ($100 in chips) 
Seat 4: franbasualdo10 ($50.98 in chips) 
Seat 5: derek5858 ($104.72 in chips) 
Seat 6: Joker007r ($100 in chips) 
Joker007r: posts small blind $0.50
Diamondplaces: posts big blind $1
*** HOLE CARDS ***
Joe_Li7: folds 
Xenicide: folds 
franbasualdo10: folds 
derek5858: folds 
Joker007r: folds 
Uncalled bet ($0.50) returned to Diamondplaces
Diamondplaces collected $1 from pot
*** SUMMARY ***
Total pot $1 | Rake $0 
Seat 1: Diamondplaces (big blind) collected ($1)
Seat 2: Joe_Li7 folded before Flop (didn't bet)
Seat 3: Xenicide folded before Flop (didn't bet)
Seat 4: franbasualdo10 folded before Flop (didn't bet)
Seat 5: derek5858 (button) folded before Flop (didn't bet)
Seat 6: Joker007r (small blind) folded before Flop



PokerStars Hand #254436257840:  Hold'em No Limit ($0.50/$1.00 USD) - 2025/01/18 19:52:36 WET [2025/01/18 14:52:36 ET]
Table 'Echepolos IV' 6-max Seat #6 is the button
Seat 1: Diamondplaces ($40.37 in chips) 
Seat 2: Joe_Li7 ($128.64 in chips) 
Seat 3: Xenicide ($100 in chips) 
Seat 4: franbasualdo10 ($50.98 in chips) 
Seat 5: derek5858 ($104.72 in chips) 
Seat 6: Joker007r ($100 in chips) 
Diamondplaces: posts small blind $0.50
Joe_Li7: posts big blind $1
*** HOLE CARDS ***
Xenicide: folds 
franbasualdo10: calls $1
derek5858: folds 
Joker007r: folds 
Diamondplaces: calls $0.50
Joe_Li7: checks 
*** FLOP *** [Td As 5d]
Diamondplaces: checks 
Joe_Li7: checks 
franbasualdo10: bets $1
Diamondplaces: calls $1
Joe_Li7: folds 
*** TURN *** [Td As 5d] [4h]
Diamondplaces: bets $1
franbasualdo10: raises $1 to $2
Diamondplaces: calls $1
*** RIVER *** [Td As 5d 4h] [Tc]
Diamondplaces: bets $8.55
franbasualdo10: calls $8.55
*** SHOW DOWN ***
Diamondplaces: shows [3h 4d] (two pair, Tens and Fours)
franbasualdo10: shows [Ah 3s] (two pair, Aces and Tens)
franbasualdo10 collected $24.80 from pot
*** SUMMARY ***
Total pot $26.10 | Rake $1.30 
Board [Td As 5d 4h Tc]
Seat 1: Diamondplaces (small blind) showed [3h 4d] and lost with two pair, Tens and Fours
Seat 2: Joe_Li7 (big blind) folded on the Flop
Seat 3: Xenicide folded before Flop (didn't bet)
Seat 4: franbasualdo10 showed [Ah 3s] and won ($24.80) with two pair, Aces and Tens
Seat 5: derek5858 folded before Flop (didn't bet)
Seat 6: Joker007r (button) folded before Flop (didn't bet)



PokerStars Hand #254436281679:  Hold'em No Limit ($0.50/$1.00 USD) - 2025/01/18 19:53:57 WET [2025/01/18 14:53:57 ET]
Table 'Echepolos IV' 6-max Seat #1 is the button
Seat 1: Diamondplaces ($27.82 in chips) 
Seat 2: Joe_Li7 ($127.64 in chips) 
Seat 3: Xenicide ($100 in chips) 
Seat 4: franbasualdo10 ($63.23 in chips) 
Seat 5: derek5858 ($104.72 in chips) 
Seat 6: Joker007r ($100 in chips) 
Joe_Li7: posts small blind $0.50
Xenicide: posts big blind $1
*** HOLE CARDS ***
franbasualdo10: folds 
derek5858: folds 
Joker007r: folds 
Diamondplaces: folds 
franbasualdo10 leaves the table
Joe_Li7: raises $2 to $3
Xenicide: folds 
Uncalled bet ($2) returned to Joe_Li7
Joe_Li7 collected $2 from pot
*** SUMMARY ***
Total pot $2 | Rake $0 
Seat 1: Diamondplaces (button) folded before Flop (didn't bet)
Seat 2: Joe_Li7 (small blind) collected ($2)
Seat 3: Xenicide (big blind) folded before Flop
Seat 4: franbasualdo10 folded before Flop (didn't bet)
Seat 5: derek5858 folded before Flop (didn't bet)
Seat 6: Joker007r folded before Flop (didn't bet)



PokerStars Hand #254436289071:  Hold'em No Limit ($0.50/$1.00 USD) - 2025/01/18 19:54:22 WET [2025/01/18 14:54:22 ET]
Table 'Echepolos IV' 6-max Seat #2 is the button
Seat 1: Diamondplaces ($27.82 in chips) 
Seat 2: Joe_Li7 ($128.64 in chips) 
Seat 3: Xenicide ($100 in chips) 
Seat 5: derek5858 ($104.72 in chips) 
Seat 6: Joker007r ($100 in chips) 
Xenicide: posts small blind $0.50
derek5858: posts big blind $1
*** HOLE CARDS ***
Joker007r: folds 
Diamondplaces: calls $1
Joe_Li7: folds 
Xenicide: raises $8 to $9
derek5858: folds 
Diamondplaces: folds 
Uncalled bet ($8) returned to Xenicide
Xenicide collected $3 from pot
*** SUMMARY ***
Total pot $3 | Rake $0 
Seat 1: Diamondplaces folded before Flop
Seat 2: Joe_Li7 (button) folded before Flop (didn't bet)
Seat 3: Xenicide (small blind) collected ($3)
Seat 5: derek5858 (big blind) folded before Flop
Seat 6: Joker007r folded before Flop (didn't bet)



PokerStars Hand #254436298937:  Hold'em No Limit ($0.50/$1.00 USD) - 2025/01/18 19:54:55 WET [2025/01/18 14:54:55 ET]
Table 'Echepolos IV' 6-max Seat #3 is the button
Seat 1: Diamondplaces ($26.82 in chips) 
Seat 2: Joe_Li7 ($128.64 in chips) 
Seat 3: Xenicide ($102 in chips) 
Seat 5: derek5858 ($103.72 in chips) 
Seat 6: Joker007r ($100 in chips) 
derek5858: posts small blind $0.50
Joker007r: posts big blind $1
*** HOLE CARDS ***
Diamondplaces: folds 
Joe_Li7: folds 
Xenicide: folds 
derek5858: raises $2 to $3
Joker007r: calls $2
*** FLOP *** [7h 8h 6d]
derek5858: checks 
Joker007r: checks 
*** TURN *** [7h 8h 6d] [Qh]
derek5858: checks 
UgurcanBroke joins the table at seat #4 
UgurcanBroke is disconnected 
Joker007r: checks 
*** RIVER *** [7h 8h 6d Qh] [3d]
derek5858: checks 
Joker007r: checks 
*** SHOW DOWN ***
derek5858: shows [Th As] (high card Ace)
Joker007r: shows [Ts 8c] (a pair of Eights)
Joker007r collected $5.70 from pot
*** SUMMARY ***
Total pot $6 | Rake $0.30 
Board [7h 8h 6d Qh 3d]
Seat 1: Diamondplaces folded before Flop (didn't bet)
Seat 2: Joe_Li7 folded before Flop (didn't bet)
Seat 3: Xenicide (button) folded before Flop (didn't bet)
Seat 5: derek5858 (small blind) showed [Th As] and lost with high card Ace
Seat 6: Joker007r (big blind) showed [Ts 8c] and won ($5.70) with a pair of Eights



PokerStars Hand #254436315618:  Hold'em No Limit ($0.50/$1.00 USD) - 2025/01/18 19:56:15 WET [2025/01/18 14:56:15 ET]
Table 'Echepolos IV' 6-max Seat #5 is the button
Seat 1: Diamondplaces ($26.82 in chips) 
Seat 2: Joe_Li7 ($128.64 in chips) 
Seat 3: Xenicide ($102 in chips) 
Seat 4: UgurcanBroke ($10 in chips) 
Seat 5: derek5858 ($100.72 in chips) 
Seat 6: Joker007r ($102.70 in chips) 
Joker007r: posts small blind $0.50
Diamondplaces: posts big blind $1
UgurcanBroke: posts big blind $1
*** HOLE CARDS ***
Joe_Li7: folds 
Xenicide: folds 
UgurcanBroke: checks 
derek5858: folds 
Joker007r: folds 
Diamondplaces: checks 
*** FLOP *** [Qs 5s Qd]
Diamondplaces: bets $25.82 and is all-in
UgurcanBroke: folds 
Uncalled bet ($25.82) returned to Diamondplaces
Diamondplaces collected $2.38 from pot
*** SUMMARY ***
Total pot $2.50 | Rake $0.12 
Board [Qs 5s Qd]
Seat 1: Diamondplaces (big blind) collected ($2.38)
Seat 2: Joe_Li7 folded before Flop (didn't bet)
Seat 3: Xenicide folded before Flop (didn't bet)
Seat 4: UgurcanBroke folded on the Flop (didn't bet)
Seat 5: derek5858 (button) folded before Flop (didn't bet)
Seat 6: Joker007r (small blind) folded before Flop



PokerStars Hand #254436324488:  Hold'em No Limit ($0.50/$1.00 USD) - 2025/01/18 19:56:59 WET [2025/01/18 14:56:59 ET]
Table 'Echepolos IV' 6-max Seat #6 is the button
Seat 2: Joe_Li7 ($128.64 in chips) is sitting out
Seat 1: Diamondplaces ($28.20 in chips) 
Seat 3: Xenicide ($102 in chips) 
Seat 4: UgurcanBroke ($9 in chips) 
Seat 5: derek5858 ($100.72 in chips) 
Seat 6: Joker007r ($102.20 in chips) 
Diamondplaces: posts small blind $0.50
Joe_Li7: is sitting out 
Xenicide: posts big blind $1
*** HOLE CARDS ***
UgurcanBroke: folds 
Joe_Li7 leaves the table
derek5858: folds 
Joker007r: raises $1.50 to $2.50
Diamondplaces: folds 
Xenicide: folds 
Uncalled bet ($1.50) returned to Joker007r
Joker007r collected $2.50 from pot
Joker007r: doesn't show hand 
*** SUMMARY ***
Total pot $2.50 | Rake $0 
Seat 2: Joe_Li7
Seat 1: Diamondplaces (small blind) folded before Flop
Seat 3: Xenicide (big blind) folded before Flop
Seat 4: UgurcanBroke folded before Flop (didn't bet)
Seat 5: derek5858 folded before Flop (didn't bet)
Seat 6: Joker007r (button) collected ($2.50)



PokerStars Hand #254436327343:  Hold'em No Limit ($0.50/$1.00 USD) - 2025/01/18 19:57:13 WET [2025/01/18 14:57:13 ET]
Table 'Echepolos IV' 6-max Seat #1 is the button
Seat 1: Diamondplaces ($27.70 in chips) 
Seat 3: Xenicide ($101 in chips) 
Seat 4: UgurcanBroke ($9 in chips) 
Seat 5: derek5858 ($100.72 in chips) 
Seat 6: Joker007r ($103.70 in chips) 
Xenicide: posts small blind $0.50
UgurcanBroke: posts big blind $1
*** HOLE CARDS ***
derek5858: folds 
Joker007r: folds 
Diamondplaces: calls $1
Twix033 joins the table at seat #2 
Xenicide: raises $4.50 to $5.50
UgurcanBroke: folds 
Diamondplaces: folds 
Uncalled bet ($4.50) returned to Xenicide
Xenicide collected $3 from pot
*** SUMMARY ***
Total pot $3 | Rake $0 
Seat 1: Diamondplaces (button) folded before Flop
Seat 3: Xenicide (small blind) collected ($3)
Seat 4: UgurcanBroke (big blind) folded before Flop
Seat 5: derek5858 folded before Flop (didn't bet)
Seat 6: Joker007r folded before Flop (didn't bet)



PokerStars Hand #254436334998:  Hold'em No Limit ($0.50/$1.00 USD) - 2025/01/18 19:57:50 WET [2025/01/18 14:57:50 ET]
Table 'Echepolos IV' 6-max Seat #3 is the button
Seat 2: Twix033 ($10 in chips) is sitting out
Seat 1: Diamondplaces ($26.70 in chips) 
Seat 3: Xenicide ($103 in chips) 
Seat 4: UgurcanBroke ($8 in chips) 
Seat 5: derek5858 ($100.72 in chips) 
Seat 6: Joker007r ($103.70 in chips) 
UgurcanBroke: posts small blind $0.50
derek5858: posts big blind $1
Twix033: sits out 
*** HOLE CARDS ***
Joker007r: folds 
Diamondplaces: raises $1 to $2
Xenicide: folds 
UgurcanBroke: folds 
derek5858: folds 
Uncalled bet ($1) returned to Diamondplaces
UgurcanBroke leaves the table
Diamondplaces collected $2.50 from pot
*** SUMMARY ***
Total pot $2.50 | Rake $0 
Seat 2: Twix033
Seat 1: Diamondplaces collected ($2.50)
Seat 3: Xenicide (button) folded before Flop (didn't bet)
Seat 4: UgurcanBroke (small blind) folded before Flop
Seat 5: derek5858 (big blind) folded before Flop
Seat 6: Joker007r folded before Flop (didn't bet)



PokerStars Hand #254436337790:  Hold'em No Limit ($0.50/$1.00 USD) - 2025/01/18 19:58:04 WET [2025/01/18 14:58:04 ET]
Table 'Echepolos IV' 6-max Seat #5 is the button
Seat 2: Twix033 ($10 in chips) is sitting out
Seat 1: Diamondplaces ($28.20 in chips) 
Seat 3: Xenicide ($103 in chips) 
Seat 5: derek5858 ($100 in chips) 
Seat 6: Joker007r ($103.70 in chips) 
Joker007r: posts small blind $0.50
Diamondplaces: posts big blind $1
Twix033: sits out 
*** HOLE CARDS ***
Xenicide: raises $1 to $2
derek5858: folds 
Joker007r: raises $8 to $10
Diamondplaces: folds 
sta$igk joins the table at seat #4 
Xenicide: folds 
Uncalled bet ($8) returned to Joker007r
Joker007r collected $5 from pot
Joker007r: doesn't show hand 
*** SUMMARY ***
Total pot $5 | Rake $0 
Seat 2: Twix033
Seat 1: Diamondplaces (big blind) folded before Flop
Seat 3: Xenicide folded before Flop
Seat 5: derek5858 (button) folded before Flop (didn't bet)
Seat 6: Joker007r (small blind) collected ($5)



PokerStars Hand #254436345047:  Hold'em No Limit ($0.50/$1.00 USD) - 2025/01/18 19:58:39 WET [2025/01/18 14:58:39 ET]
Table 'Echepolos IV' 6-max Seat #6 is the button
Seat 4: sta$igk ($100 in chips) is sitting out
Seat 1: Diamondplaces ($27.20 in chips) 
Seat 2: Twix033 ($10 in chips) 
Seat 3: Xenicide ($101 in chips) 
Seat 5: derek5858 ($100 in chips) 
Seat 6: Joker007r ($106.70 in chips) 
Diamondplaces: posts small blind $0.50
Twix033: posts big blind $1
sta$igk: sits out 
*** HOLE CARDS ***
Xenicide: folds 
derek5858: raises $1 to $2
Joker007r: folds 
Diamondplaces: raises $5 to $7
Twix033: calls $6
derek5858: folds 
*** FLOP *** [9h 8d Ad]
Diamondplaces: bets $15.20
Twix033: folds 
Uncalled bet ($15.20) returned to Diamondplaces
Diamondplaces collected $15.20 from pot
*** SUMMARY ***
Total pot $16 | Rake $0.80 
Board [9h 8d Ad]
Seat 4: sta$igk
Seat 1: Diamondplaces (small blind) collected ($15.20)
Seat 2: Twix033 (big blind) folded on the Flop
Seat 3: Xenicide folded before Flop (didn't bet)
Seat 5: derek5858 folded before Flop
Seat 6: Joker007r (button) folded before Flop (didn't bet)



PokerStars Hand #254436354216:  Hold'em No Limit ($0.50/$1.00 USD) - 2025/01/18 19:59:23 WET [2025/01/18 14:59:23 ET]
Table 'Echepolos IV' 6-max Seat #1 is the button
Seat 4: sta$igk ($100 in chips) is sitting out
Seat 1: Diamondplaces ($35.40 in chips) 
Seat 2: Twix033 ($3 in chips) 
Seat 3: Xenicide ($101 in chips) 
Seat 5: derek5858 ($100 in chips) 
Seat 6: Joker007r ($106.70 in chips) 
Twix033: posts small blind $0.50
Xenicide: posts big blind $1
sta$igk: sits out 
*** HOLE CARDS ***
derek5858: folds 
Joker007r: folds 
Diamondplaces: folds 
Twix033: raises $1 to $2
Xenicide: calls $1
*** FLOP *** [Ah 2s As]
Twix033: bets $1 and is all-in
Xenicide: calls $1
*** TURN *** [Ah 2s As] [2h]
*** RIVER *** [Ah 2s As 2h] [9d]
*** SHOW DOWN ***
Twix033: shows [Kc Qs] (two pair, Aces and Deuces)
Xenicide: shows [5c 3c] (two pair, Aces and Deuces - lower kicker)
Twix033 collected $5.62 from pot
*** SUMMARY ***
Total pot $6 | Rake $0.38 
Board [Ah 2s As 2h 9d]
Seat 4: sta$igk
Seat 1: Diamondplaces (button) folded before Flop (didn't bet)
Seat 2: Twix033 (small blind) showed [Kc Qs] and won ($5.62) with two pair, Aces and Deuces
Seat 3: Xenicide (big blind) showed [5c 3c] and lost with two pair, Aces and Deuces
Seat 5: derek5858 folded before Flop (didn't bet)
Seat 6: Joker007r folded before Flop (didn't bet)



PokerStars Hand #254436365493:  Hold'em No Limit ($0.50/$1.00 USD) - 2025/01/18 20:00:15 WET [2025/01/18 15:00:15 ET]
Table 'Echepolos IV' 6-max Seat #2 is the button
Seat 1: Diamondplaces ($35.40 in chips) 
Seat 2: Twix033 ($5.62 in chips) 
Seat 3: Xenicide ($100 in chips) 
Seat 4: sta$igk ($100 in chips) 
Seat 5: derek5858 ($100 in chips) 
Seat 6: Joker007r ($106.70 in chips) 
Xenicide: posts small blind $0.50
sta$igk: posts big blind $1
*** HOLE CARDS ***
derek5858: raises $1 to $2
Joker007r: raises $4 to $6
Diamondplaces: folds 
Twix033: calls $5.62 and is all-in
Xenicide: folds 
sta$igk: folds 
derek5858: folds 
Uncalled bet ($0.38) returned to Joker007r
*** FLOP *** [2h 2c Kc]
*** TURN *** [2h 2c Kc] [4h]
*** RIVER *** [2h 2c Kc 4h] [Jd]
*** SHOW DOWN ***
Joker007r: shows [Ac 7c] (a pair of Deuces)
Twix033: shows [5c 6s] (a pair of Deuces - lower kicker)
Joker007r collected $14 from pot
*** SUMMARY ***
Total pot $14.74 | Rake $0.74 
Board [2h 2c Kc 4h Jd]
Seat 1: Diamondplaces folded before Flop (didn't bet)
Seat 2: Twix033 (button) showed [5c 6s] and lost with a pair of Deuces
Seat 3: Xenicide (small blind) folded before Flop
Seat 4: sta$igk (big blind) folded before Flop
Seat 5: derek5858 folded before Flop
Seat 6: Joker007r showed [Ac 7c] and won ($14) with a pair of Deuces



PokerStars Hand #254436374906:  Hold'em No Limit ($0.50/$1.00 USD) - 2025/01/18 20:00:56 WET [2025/01/18 15:00:56 ET]
Table 'Echepolos IV' 6-max Seat #3 is the button
Seat 2: Twix033 ($0 in chips) is sitting out
Seat 1: Diamondplaces ($35.40 in chips) 
Seat 3: Xenicide ($100 in chips) 
Seat 4: sta$igk ($100 in chips) 
Seat 5: derek5858 ($100 in chips) 
Seat 6: Joker007r ($115.08 in chips) 
sta$igk: posts small blind $0.50
derek5858: posts big blind $1
*** HOLE CARDS ***
Joker007r: raises $2 to $3
Diamondplaces: calls $3
Xenicide: folds 
sta$igk: folds 
derek5858: folds 
*** FLOP *** [5c Ah 2c]
Joker007r: checks 
Diamondplaces: checks 
*** TURN *** [5c Ah 2c] [Jh]
Joker007r: checks 
Diamondplaces: checks 
*** RIVER *** [5c Ah 2c Jh] [7s]
Joker007r: checks 
Diamondplaces: checks 
*** SHOW DOWN ***
Joker007r: shows [6h 6s] (a pair of Sixes)
Diamondplaces: mucks hand 
Joker007r collected $7.12 from pot
*** SUMMARY ***
Total pot $7.50 | Rake $0.38 
Board [5c Ah 2c Jh 7s]
Seat 2: Twix033
Seat 1: Diamondplaces mucked
Seat 3: Xenicide (button) folded before Flop (didn't bet)
Seat 4: sta$igk (small blind) folded before Flop
Seat 5: derek5858 (big blind) folded before Flop
Seat 6: Joker007r showed [6h 6s] and won ($7.12) with a pair of Sixes



PokerStars Hand #254436386931:  Hold'em No Limit ($0.50/$1.00 USD) - 2025/01/18 20:01:42 WET [2025/01/18 15:01:42 ET]
Table 'Echepolos IV' 6-max Seat #4 is the button
Seat 1: Diamondplaces ($32.40 in chips) 
Seat 2: Twix033 ($10.53 in chips) 
Seat 3: Xenicide ($100 in chips) 
Seat 4: sta$igk ($100 in chips) 
Seat 5: derek5858 ($100 in chips) 
Seat 6: Joker007r ($119.20 in chips) 
derek5858: posts small blind $0.50
Joker007r: posts big blind $1
*** HOLE CARDS ***
Diamondplaces: raises $1 to $2
Twix033: calls $2
Xenicide: folds 
sta$igk: folds 
derek5858: folds 
Joker007r: folds 
*** FLOP *** [9s 3h 7c]
Diamondplaces: bets $1
Twix033: calls $1
*** TURN *** [9s 3h 7c] [Td]
Diamondplaces: bets $1
Twix033: calls $1
*** RIVER *** [9s 3h 7c Td] [4d]
Diamondplaces: checks 
Twix033: checks 
*** SHOW DOWN ***
Diamondplaces: shows [8c Ah] (high card Ace)
Twix033: shows [9c Qd] (a pair of Nines)
Twix033 collected $8.90 from pot
*** SUMMARY ***
Total pot $9.50 | Rake $0.60 
Board [9s 3h 7c Td 4d]
Seat 1: Diamondplaces showed [8c Ah] and lost with high card Ace
Seat 2: Twix033 showed [9c Qd] and won ($8.90) with a pair of Nines
Seat 3: Xenicide folded before Flop (didn't bet)
Seat 4: sta$igk (button) folded before Flop (didn't bet)
Seat 5: derek5858 (small blind) folded before Flop
Seat 6: Joker007r (big blind) folded before Flop



PokerStars Hand #254436398665:  Hold'em No Limit ($0.50/$1.00 USD) - 2025/01/18 20:02:23 WET [2025/01/18 15:02:23 ET]
Table 'Echepolos IV' 6-max Seat #5 is the button
Seat 1: Diamondplaces ($28.40 in chips) 
Seat 2: Twix033 ($15.43 in chips) 
Seat 3: Xenicide ($100 in chips) 
Seat 4: sta$igk ($100 in chips) 
Seat 5: derek5858 ($100 in chips) 
Seat 6: Joker007r ($118.20 in chips) 
Joker007r: posts small blind $0.50
Diamondplaces: posts big blind $1
*** HOLE CARDS ***
Twix033: raises $1 to $2
Xenicide: folds 
sta$igk: folds 
derek5858: raises $3 to $5
Joker007r: folds 
Diamondplaces: folds 
Twix033: raises $5 to $10
derek5858: raises $6 to $16
Twix033: calls $5.43 and is all-in
Uncalled bet ($0.57) returned to derek5858
*** FLOP *** [Kh 6c 7d]
*** TURN *** [Kh 6c 7d] [8c]
*** RIVER *** [Kh 6c 7d 8c] [8h]
*** SHOW DOWN ***
Twix033: shows [Ks As] (two pair, Kings and Eights)
derek5858: shows [Ac 5c] (a pair of Eights)
Twix033 collected $30.34 from pot
*** SUMMARY ***
Total pot $32.36 | Rake $2.02 
Board [Kh 6c 7d 8c 8h]
Seat 1: Diamondplaces (big blind) folded before Flop
Seat 2: Twix033 showed [Ks As] and won ($30.34) with two pair, Kings and Eights
Seat 3: Xenicide folded before Flop (didn't bet)
Seat 4: sta$igk folded before Flop (didn't bet)
Seat 5: derek5858 (button) showed [Ac 5c] and lost with a pair of Eights
Seat 6: Joker007r (small blind) folded before Flop



PokerStars Hand #254436412473:  Hold'em No Limit ($0.50/$1.00 USD) - 2025/01/18 20:03:08 WET [2025/01/18 15:03:08 ET]
Table 'Echepolos IV' 6-max Seat #6 is the button
Seat 1: Diamondplaces ($27.40 in chips) 
Seat 2: Twix033 ($30.34 in chips) 
Seat 3: Xenicide ($100 in chips) 
Seat 4: sta$igk ($100 in chips) 
Seat 5: derek5858 ($100 in chips) 
Seat 6: Joker007r ($117.70 in chips) 
Diamondplaces: posts small blind $0.50
Twix033: posts big blind $1
*** HOLE CARDS ***
Xenicide: folds 
sta$igk: raises $1.50 to $2.50
derek5858: folds 
Joker007r: folds 
Diamondplaces: folds 
Twix033: calls $1.50
*** FLOP *** [3d 2h Jc]
Twix033: checks 
sta$igk: bets $1.72
Twix033: calls $1.72
*** TURN *** [3d 2h Jc] [3c]
Twix033: checks 
sta$igk: bets $4.25
Twix033: folds 
Uncalled bet ($4.25) returned to sta$igk
sta$igk collected $8.49 from pot
sta$igk: doesn't show hand 
*** SUMMARY ***
Total pot $8.94 | Rake $0.45 
Board [3d 2h Jc 3c]
Seat 1: Diamondplaces (small blind) folded before Flop
Seat 2: Twix033 (big blind) folded on the Turn
Seat 3: Xenicide folded before Flop (didn't bet)
Seat 4: sta$igk collected ($8.49)
Seat 5: derek5858 folded before Flop (didn't bet)
Seat 6: Joker007r (button) folded before Flop (didn't bet)



PokerStars Hand #254436426083:  Hold'em No Limit ($0.50/$1.00 USD) - 2025/01/18 20:03:53 WET [2025/01/18 15:03:53 ET]
Table 'Echepolos IV' 6-max Seat #1 is the button
Seat 1: Diamondplaces ($26.90 in chips) 
Seat 2: Twix033 ($26.12 in chips) 
Seat 3: Xenicide ($100 in chips) 
Seat 4: sta$igk ($104.27 in chips) 
Seat 5: derek5858 ($100 in chips) 
Seat 6: Joker007r ($117.70 in chips) 
Twix033: posts small blind $0.50
Xenicide: posts big blind $1
*** HOLE CARDS ***
sta$igk: folds 
derek5858: folds 
Joker007r: folds 
Diamondplaces: folds 
Twix033: calls $0.50
Xenicide: checks 
*** FLOP *** [3h 7s 4s]
Twix033: checks 
Xenicide: checks 
*** TURN *** [3h 7s 4s] [Tc]
Twix033: checks 
Xenicide: bets $1
Twix033: calls $1
*** RIVER *** [3h 7s 4s Tc] [Qc]
Twix033: checks 
Xenicide: checks 
*** SHOW DOWN ***
Twix033: shows [Ad 2c] (high card Ace)
Xenicide: shows [4c Kd] (a pair of Fours)
Xenicide collected $3.80 from pot
*** SUMMARY ***
Total pot $4 | Rake $0.20 
Board [3h 7s 4s Tc Qc]
Seat 1: Diamondplaces (button) folded before Flop (didn't bet)
Seat 2: Twix033 (small blind) showed [Ad 2c] and lost with high card Ace
Seat 3: Xenicide (big blind) showed [4c Kd] and won ($3.80) with a pair of Fours
Seat 4: sta$igk folded before Flop (didn't bet)
Seat 5: derek5858 folded before Flop (didn't bet)
Seat 6: Joker007r folded before Flop (didn't bet)



PokerStars Hand #254436437229:  Hold'em No Limit ($0.50/$1.00 USD) - 2025/01/18 20:04:31 WET [2025/01/18 15:04:31 ET]
Table 'Echepolos IV' 6-max Seat #2 is the button
Seat 1: Diamondplaces ($26.90 in chips) 
Seat 2: Twix033 ($24.12 in chips) 
Seat 3: Xenicide ($101.80 in chips) 
Seat 4: sta$igk ($104.27 in chips) 
Seat 5: derek5858 ($100 in chips) 
Seat 6: Joker007r ($117.70 in chips) 
Xenicide: posts small blind $0.50
sta$igk: posts big blind $1
*** HOLE CARDS ***
derek5858: folds 
Joker007r: folds 
Diamondplaces: folds 
Twix033: calls $1
Xenicide: folds 
sta$igk: checks 
*** FLOP *** [Jh Kh Ks]
sta$igk: checks 
Twix033: bets $1
sta$igk: folds 
Uncalled bet ($1) returned to Twix033
Twix033 collected $2.35 from pot
Twix033: doesn't show hand 
*** SUMMARY ***
Total pot $2.50 | Rake $0.15 
Board [Jh Kh Ks]
Seat 1: Diamondplaces folded before Flop (didn't bet)
Seat 2: Twix033 (button) collected ($2.35)
Seat 3: Xenicide (small blind) folded before Flop
Seat 4: sta$igk (big blind) folded on the Flop
Seat 5: derek5858 folded before Flop (didn't bet)
Seat 6: Joker007r folded before Flop (didn't bet)



PokerStars Hand #254436445673:  Hold'em No Limit ($0.50/$1.00 USD) - 2025/01/18 20:04:58 WET [2025/01/18 15:04:58 ET]
Table 'Echepolos IV' 6-max Seat #3 is the button
Seat 1: Diamondplaces ($26.90 in chips) 
Seat 2: Twix033 ($25.47 in chips) 
Seat 3: Xenicide ($101.30 in chips) 
Seat 4: sta$igk ($103.27 in chips) 
Seat 5: derek5858 ($100 in chips) 
Seat 6: Joker007r ($117.70 in chips) 
sta$igk: posts small blind $0.50
derek5858: posts big blind $1
*** HOLE CARDS ***
Joker007r: folds 
Diamondplaces: folds 
Twix033: raises $1 to $2
Xenicide: folds 
sta$igk: folds 
derek5858: calls $1
*** FLOP *** [Qc 4h Tc]
derek5858: checks 
Twix033: bets $3
derek5858: calls $3
*** TURN *** [Qc 4h Tc] [4c]
derek5858: checks 
Twix033: bets $3
derek5858: calls $3
*** RIVER *** [Qc 4h Tc 4c] [8d]
derek5858: bets $3.14
Twix033: raises $7.14 to $10.28
derek5858: calls $7.14
*** SHOW DOWN ***
Twix033: shows [9c Jh] (a straight, Eight to Queen)
derek5858: mucks hand 
Twix033 collected $34.75 from pot
*** SUMMARY ***
Total pot $37.06 | Rake $2.31 
Board [Qc 4h Tc 4c 8d]
Seat 1: Diamondplaces folded before Flop (didn't bet)
Seat 2: Twix033 showed [9c Jh] and won ($34.75) with a straight, Eight to Queen
Seat 3: Xenicide (button) folded before Flop (didn't bet)
Seat 4: sta$igk (small blind) folded before Flop
Seat 5: derek5858 (big blind) mucked
Seat 6: Joker007r folded before Flop (didn't bet)



PokerStars Hand #254436469673:  Hold'em No Limit ($0.50/$1.00 USD) - 2025/01/18 20:06:17 WET [2025/01/18 15:06:17 ET]
Table 'Echepolos IV' 6-max Seat #4 is the button
Seat 1: Diamondplaces ($26.90 in chips) 
Seat 2: Twix033 ($41.94 in chips) 
Seat 3: Xenicide ($101.30 in chips) 
Seat 4: sta$igk ($102.77 in chips) 
Seat 5: derek5858 ($100 in chips) 
Seat 6: Joker007r ($117.70 in chips) 
derek5858: posts small blind $0.50
Joker007r: posts big blind $1
*** HOLE CARDS ***
Diamondplaces: folds 
Twix033: calls $1
Xenicide: folds 
sta$igk: raises $3 to $4
derek5858: raises $10 to $14
Joker007r: folds 
Twix033: folds 
sta$igk: raises $15 to $29
derek5858: calls $15
*** FLOP *** [3s 4d 7h]
derek5858: checks 
sta$igk: bets $11.50
derek5858: folds 
Uncalled bet ($11.50) returned to sta$igk
sta$igk collected $57.50 from pot
sta$igk: doesn't show hand 
*** SUMMARY ***
Total pot $60 | Rake $2.50 
Board [3s 4d 7h]
Seat 1: Diamondplaces folded before Flop (didn't bet)
Seat 2: Twix033 folded before Flop
Seat 3: Xenicide folded before Flop (didn't bet)
Seat 4: sta$igk (button) collected ($57.50)
Seat 5: derek5858 (small blind) folded on the Flop
Seat 6: Joker007r (big blind) folded before Flop



PokerStars Hand #254436490688:  Hold'em No Limit ($0.50/$1.00 USD) - 2025/01/18 20:07:25 WET [2025/01/18 15:07:25 ET]
Table 'Echepolos IV' 6-max Seat #5 is the button
Seat 1: Diamondplaces ($26.90 in chips) 
Seat 2: Twix033 ($40.94 in chips) 
Seat 3: Xenicide ($101.30 in chips) 
Seat 4: sta$igk ($131.27 in chips) 
Seat 5: derek5858 ($100 in chips) 
Seat 6: Joker007r ($116.70 in chips) 
Joker007r: posts small blind $0.50
Diamondplaces: posts big blind $1
*** HOLE CARDS ***
Twix033: calls $1
Xenicide: folds 
sta$igk: folds 
derek5858: folds 
Joker007r: folds 
Diamondplaces: checks 
*** FLOP *** [7s 9s 9d]
Diamondplaces: checks 
Twix033: checks 
*** TURN *** [7s 9s 9d] [2h]
Diamondplaces: checks 
Twix033: checks 
*** RIVER *** [7s 9s 9d 2h] [Ts]
Diamondplaces: bets $2.38
Twix033: raises $2.38 to $4.76
Diamondplaces: raises $2.38 to $7.14
Twix033: calls $2.38
*** SHOW DOWN ***
Diamondplaces: shows [Ks 4s] (a flush, King high)
Twix033: mucks hand 
Diamondplaces collected $15.94 from pot
*** SUMMARY ***
Total pot $16.78 | Rake $0.84 
Board [7s 9s 9d 2h Ts]
Seat 1: Diamondplaces (big blind) showed [Ks 4s] and won ($15.94) with a flush, King high
Seat 2: Twix033 mucked
Seat 3: Xenicide folded before Flop (didn't bet)
Seat 4: sta$igk folded before Flop (didn't bet)
Seat 5: derek5858 (button) folded before Flop (didn't bet)
Seat 6: Joker007r (small blind) folded before Flop



PokerStars Hand #254436504158:  Hold'em No Limit ($0.50/$1.00 USD) - 2025/01/18 20:08:08 WET [2025/01/18 15:08:08 ET]
Table 'Echepolos IV' 6-max Seat #6 is the button
Seat 1: Diamondplaces ($34.70 in chips) 
Seat 2: Twix033 ($32.80 in chips) 
Seat 3: Xenicide ($101.30 in chips) 
Seat 4: sta$igk ($131.27 in chips) 
Seat 5: derek5858 ($100 in chips) 
Seat 6: Joker007r ($116.20 in chips) 
Diamondplaces: posts small blind $0.50
Twix033: posts big blind $1
*** HOLE CARDS ***
Xenicide: raises $1 to $2
sta$igk: folds 
derek5858: raises $3.85 to $5.85
Joker007r: folds 
Diamondplaces: folds 
Twix033: folds 
Xenicide: raises $12.15 to $18
derek5858: calls $12.15
*** FLOP *** [Kc 8s Ad]
Xenicide: bets $8.90
derek5858: folds 
Uncalled bet ($8.90) returned to Xenicide
Xenicide collected $35.62 from pot
Xenicide: doesn't show hand 
*** SUMMARY ***
Total pot $37.50 | Rake $1.88 
Board [Kc 8s Ad]
Seat 1: Diamondplaces (small blind) folded before Flop
Seat 2: Twix033 (big blind) folded before Flop
Seat 3: Xenicide collected ($35.62)
Seat 4: sta$igk folded before Flop (didn't bet)
Seat 5: derek5858 folded on the Flop
Seat 6: Joker007r (button) folded before Flop (didn't bet)



PokerStars Hand #254436528960:  Hold'em No Limit ($0.50/$1.00 USD) - 2025/01/18 20:09:28 WET [2025/01/18 15:09:28 ET]
Table 'Echepolos IV' 6-max Seat #1 is the button
Seat 1: Diamondplaces ($34.20 in chips) 
Seat 2: Twix033 ($31.80 in chips) 
Seat 3: Xenicide ($118.92 in chips) 
Seat 4: sta$igk ($131.27 in chips) 
Seat 5: derek5858 ($100 in chips) 
Seat 6: Joker007r ($116.20 in chips) 
Twix033: posts small blind $0.50
Xenicide: posts big blind $1
*** HOLE CARDS ***
sta$igk: raises $1.50 to $2.50
derek5858: folds 
Joker007r: folds 
Diamondplaces: folds 
Twix033: calls $2
Xenicide: folds 
*** FLOP *** [8h 2h Ac]
Twix033: checks 
sta$igk: bets $1.88
Twix033: calls $1.88
*** TURN *** [8h 2h Ac] [9s]
Twix033: checks 
sta$igk: bets $6.95
Twix033: folds 
Uncalled bet ($6.95) returned to sta$igk
sta$igk collected $9.27 from pot
sta$igk: doesn't show hand 
*** SUMMARY ***
Total pot $9.76 | Rake $0.49 
Board [8h 2h Ac 9s]
Seat 1: Diamondplaces (button) folded before Flop (didn't bet)
Seat 2: Twix033 (small blind) folded on the Turn
Seat 3: Xenicide (big blind) folded before Flop
Seat 4: sta$igk collected ($9.27)
Seat 5: derek5858 folded before Flop (didn't bet)
Seat 6: Joker007r folded before Flop (didn't bet)



PokerStars Hand #254436545092:  Hold'em No Limit ($0.50/$1.00 USD) - 2025/01/18 20:10:20 WET [2025/01/18 15:10:20 ET]
Table 'Echepolos IV' 6-max Seat #2 is the button
Seat 1: Diamondplaces ($34.20 in chips) 
Seat 2: Twix033 ($27.42 in chips) 
Seat 3: Xenicide ($117.92 in chips) 
Seat 4: sta$igk ($136.16 in chips) 
Seat 5: derek5858 ($100 in chips) 
Seat 6: Joker007r ($116.20 in chips) 
Xenicide: posts small blind $0.50
sta$igk: posts big blind $1
*** HOLE CARDS ***
derek5858: folds 
Joker007r: folds 
Diamondplaces: folds 
Twix033: calls $1
Xenicide: raises $4.50 to $5.50
sta$igk: folds 
Twix033: calls $4.50
*** FLOP *** [9s Ac 4c]
Xenicide: checks 
Twix033: checks 
*** TURN *** [9s Ac 4c] [6s]
Xenicide: checks 
Twix033: checks 
*** RIVER *** [9s Ac 4c 6s] [8d]
Xenicide: bets $6.27
Twix033: calls $6.27
*** SHOW DOWN ***
Xenicide: shows [7s Ah] (a pair of Aces)
Twix033: mucks hand 
Xenicide collected $23.31 from pot
*** SUMMARY ***
Total pot $24.54 | Rake $1.23 
Board [9s Ac 4c 6s 8d]
Seat 1: Diamondplaces folded before Flop (didn't bet)
Seat 2: Twix033 (button) mucked
Seat 3: Xenicide (small blind) showed [7s Ah] and won ($23.31) with a pair of Aces
Seat 4: sta$igk (big blind) folded before Flop
Seat 5: derek5858 folded before Flop (didn't bet)
Seat 6: Joker007r folded before Flop (didn't bet)



PokerStars Hand #254436564456:  Hold'em No Limit ($0.50/$1.00 USD) - 2025/01/18 20:11:22 WET [2025/01/18 15:11:22 ET]
Table 'Echepolos IV' 6-max Seat #3 is the button
Seat 1: Diamondplaces ($34.20 in chips) 
Seat 2: Twix033 ($15.65 in chips) 
Seat 3: Xenicide ($129.46 in chips) 
Seat 4: sta$igk ($135.16 in chips) 
Seat 5: derek5858 ($100 in chips) 
Seat 6: Joker007r ($116.20 in chips) 
sta$igk: posts small blind $0.50
derek5858: posts big blind $1
*** HOLE CARDS ***
Joker007r: folds 
Diamondplaces: folds 
Twix033: calls $1
Xenicide: folds 
sta$igk: folds 
derek5858: checks 
*** FLOP *** [Ts 3s Kh]
derek5858: checks 
Twix033: checks 
*** TURN *** [Ts 3s Kh] [Qc]
derek5858: bets $1.90
Twix033: calls $1.90
*** RIVER *** [Ts 3s Kh Qc] [2c]
derek5858: bets $1.79
Twix033: folds 
Uncalled bet ($1.79) returned to derek5858
derek5858 collected $5.98 from pot
*** SUMMARY ***
Total pot $6.30 | Rake $0.32 
Board [Ts 3s Kh Qc 2c]
Seat 1: Diamondplaces folded before Flop (didn't bet)
Seat 2: Twix033 folded on the River
Seat 3: Xenicide (button) folded before Flop (didn't bet)
Seat 4: sta$igk (small blind) folded before Flop
Seat 5: derek5858 (big blind) collected ($5.98)
Seat 6: Joker007r folded before Flop (didn't bet)



PokerStars Hand #254436580604:  Hold'em No Limit ($0.50/$1.00 USD) - 2025/01/18 20:12:14 WET [2025/01/18 15:12:14 ET]
Table 'Echepolos IV' 6-max Seat #4 is the button
Seat 1: Diamondplaces ($34.20 in chips) 
Seat 2: Twix033 ($12.75 in chips) 
Seat 3: Xenicide ($129.46 in chips) 
Seat 4: sta$igk ($134.66 in chips) 
Seat 5: derek5858 ($103.08 in chips) 
Seat 6: Joker007r ($116.20 in chips) 
derek5858: posts small blind $0.50
Joker007r: posts big blind $1
*** HOLE CARDS ***
Diamondplaces: raises $2.50 to $3.50
Twix033: calls $3.50
Xenicide: folds 
sta$igk: folds 
derek5858: folds 
Joker007r: calls $2.50
*** FLOP *** [Qh 7c Qc]
Joker007r: checks 
Diamondplaces: bets $30.70 and is all-in
Twix033: folds 
Joker007r: folds 
Uncalled bet ($30.70) returned to Diamondplaces
Diamondplaces collected $10.45 from pot
*** SUMMARY ***
Total pot $11 | Rake $0.55 
Board [Qh 7c Qc]
Seat 1: Diamondplaces collected ($10.45)
Seat 2: Twix033 folded on the Flop
Seat 3: Xenicide folded before Flop (didn't bet)
Seat 4: sta$igk (button) folded before Flop (didn't bet)
Seat 5: derek5858 (small blind) folded before Flop
Seat 6: Joker007r (big blind) folded on the Flop



PokerStars Hand #254436593141:  Hold'em No Limit ($0.50/$1.00 USD) - 2025/01/18 20:12:55 WET [2025/01/18 15:12:55 ET]
Table 'Echepolos IV' 6-max Seat #5 is the button
Seat 1: Diamondplaces ($41.15 in chips) 
Seat 2: Twix033 ($9.25 in chips) 
Seat 3: Xenicide ($129.46 in chips) 
Seat 4: sta$igk ($134.66 in chips) 
Seat 5: derek5858 ($102.58 in chips) 
Seat 6: Joker007r ($112.70 in chips) 
Joker007r: posts small blind $0.50
Diamondplaces: posts big blind $1
*** HOLE CARDS ***
Twix033: calls $1
Xenicide: folds 
sta$igk: raises $8.50 to $9.50
derek5858: folds 
Joker007r: folds 
Diamondplaces: folds 
Twix033: calls $8.25 and is all-in
Uncalled bet ($0.25) returned to sta$igk
*** FLOP *** [2d 6s Ac]
*** TURN *** [2d 6s Ac] [2h]
*** RIVER *** [2d 6s Ac 2h] [9s]
*** SHOW DOWN ***
Twix033: shows [Th 3h] (a pair of Deuces)
sta$igk: shows [Ah Kh] (two pair, Aces and Deuces)
sta$igk collected $19 from pot
*** SUMMARY ***
Total pot $20 | Rake $1 
Board [2d 6s Ac 2h 9s]
Seat 1: Diamondplaces (big blind) folded before Flop
Seat 2: Twix033 showed [Th 3h] and lost with a pair of Deuces
Seat 3: Xenicide folded before Flop (didn't bet)
Seat 4: sta$igk showed [Ah Kh] and won ($19) with two pair, Aces and Deuces
Seat 5: derek5858 (button) folded before Flop (didn't bet)
Seat 6: Joker007r (small blind) folded before Flop



PokerStars Hand #254436602849:  Hold'em No Limit ($0.50/$1.00 USD) - 2025/01/18 20:13:26 WET [2025/01/18 15:13:26 ET]
Table 'Echepolos IV' 6-max Seat #6 is the button
Seat 2: Twix033 ($0 in chips) is sitting out
Seat 1: Diamondplaces ($40.15 in chips) 
Seat 3: Xenicide ($129.46 in chips) 
Seat 4: sta$igk ($144.41 in chips) 
Seat 5: derek5858 ($102.58 in chips) 
Seat 6: Joker007r ($112.20 in chips) 
Diamondplaces: posts small blind $0.50
Xenicide: posts big blind $1
*** HOLE CARDS ***
sta$igk: folds 
derek5858: folds 
Joker007r: folds 
Diamondplaces: calls $0.50
Xenicide: checks 
*** FLOP *** [4s Jh 4d]
Twix033 leaves the table
Diamondplaces: checks 
Xenicide: checks 
*** TURN *** [4s Jh 4d] [4c]
Diamondplaces: checks 
Xenicide: checks 
*** RIVER *** [4s Jh 4d 4c] [3d]
Diamondplaces: bets $5
Taffs67 joins the table at seat #2 
Taffs67 is disconnected 
Xenicide: folds 
Uncalled bet ($5) returned to Diamondplaces
Diamondplaces collected $1.90 from pot
*** SUMMARY ***
Total pot $2 | Rake $0.10 
Board [4s Jh 4d 4c 3d]
Seat 2: Twix033
Seat 1: Diamondplaces (small blind) collected ($1.90)
Seat 3: Xenicide (big blind) folded on the River
Seat 4: sta$igk folded before Flop (didn't bet)
Seat 5: derek5858 folded before Flop (didn't bet)
Seat 6: Joker007r (button) folded before Flop (didn't bet)



PokerStars Hand #254436622213:  Hold'em No Limit ($0.50/$1.00 USD) - 2025/01/18 20:14:27 WET [2025/01/18 15:14:27 ET]
Table 'Echepolos IV' 6-max Seat #1 is the button
Seat 2: Taffs67 ($50.02 in chips) is sitting out
Seat 1: Diamondplaces ($41.05 in chips) 
Seat 3: Xenicide ($128.46 in chips) 
Seat 4: sta$igk ($144.41 in chips) 
Seat 5: derek5858 ($102.58 in chips) 
Seat 6: Joker007r ($112.20 in chips) 
Xenicide: posts small blind $0.50
sta$igk: posts big blind $1
*** HOLE CARDS ***
derek5858: raises $1 to $2
Joker007r: folds 
Diamondplaces: folds 
Xenicide: folds 
sta$igk: calls $1
*** FLOP *** [Js 4d Qh]
sta$igk: checks 
derek5858: bets $1.28
sta$igk: calls $1.28
*** TURN *** [Js 4d Qh] [Ks]
sta$igk: checks 
derek5858: bets $11.41
sta$igk: calls $11.41
*** RIVER *** [Js 4d Qh Ks] [7d]
sta$igk: checks 
derek5858: bets $36.91
sta$igk: folds 
Uncalled bet ($36.91) returned to derek5858
derek5858 collected $28.39 from pot
*** SUMMARY ***
Total pot $29.88 | Rake $1.49 
Board [Js 4d Qh Ks 7d]
Seat 2: Taffs67
Seat 1: Diamondplaces (button) folded before Flop (didn't bet)
Seat 3: Xenicide (small blind) folded before Flop
Seat 4: sta$igk (big blind) folded on the River
Seat 5: derek5858 collected ($28.39)
Seat 6: Joker007r folded before Flop (didn't bet)



PokerStars Hand #254436652851:  Hold'em No Limit ($0.50/$1.00 USD) - 2025/01/18 20:16:04 WET [2025/01/18 15:16:04 ET]
Table 'Echepolos IV' 6-max Seat #3 is the button
Seat 1: Diamondplaces ($41.05 in chips) 
Seat 2: Taffs67 ($50.02 in chips) 
Seat 3: Xenicide ($127.96 in chips) 
Seat 4: sta$igk ($129.72 in chips) 
Seat 5: derek5858 ($116.28 in chips) 
Seat 6: Joker007r ($112.20 in chips) 
sta$igk: posts small blind $0.50
derek5858: posts big blind $1
Taffs67: posts big blind $1
*** HOLE CARDS ***
Joker007r: raises $3 to $4
Diamondplaces: folds 
Taffs67: folds 
Xenicide: folds 
sta$igk: folds 
derek5858: folds 
Uncalled bet ($3) returned to Joker007r
Joker007r collected $3.50 from pot
Joker007r: doesn't show hand 
*** SUMMARY ***
Total pot $3.50 | Rake $0 
Seat 1: Diamondplaces folded before Flop (didn't bet)
Seat 2: Taffs67 folded before Flop (didn't bet)
Seat 3: Xenicide (button) folded before Flop (didn't bet)
Seat 4: sta$igk (small blind) folded before Flop
Seat 5: derek5858 (big blind) folded before Flop
Seat 6: Joker007r collected ($3.50)



PokerStars Hand #254436658246:  Hold'em No Limit ($0.50/$1.00 USD) - 2025/01/18 20:16:22 WET [2025/01/18 15:16:22 ET]
Table 'Echepolos IV' 6-max Seat #4 is the button
Seat 1: Diamondplaces ($41.05 in chips) 
Seat 2: Taffs67 ($49.02 in chips) 
Seat 3: Xenicide ($127.96 in chips) 
Seat 4: sta$igk ($129.22 in chips) 
Seat 5: derek5858 ($115.28 in chips) 
Seat 6: Joker007r ($114.70 in chips) 
derek5858: posts small blind $0.50
Joker007r: posts big blind $1
*** HOLE CARDS ***
Diamondplaces: folds 
Taffs67: raises $2 to $3
Xenicide: folds 
sta$igk: raises $5 to $8
derek5858: folds 
Joker007r: folds 
Taffs67: calls $5
*** FLOP *** [Tc 6c 3s]
Taffs67: bets $16.62
sta$igk: folds 
Uncalled bet ($16.62) returned to Taffs67
Taffs67 collected $16.62 from pot
*** SUMMARY ***
Total pot $17.50 | Rake $0.88 
Board [Tc 6c 3s]
Seat 1: Diamondplaces folded before Flop (didn't bet)
Seat 2: Taffs67 collected ($16.62)
Seat 3: Xenicide folded before Flop (didn't bet)
Seat 4: sta$igk (button) folded on the Flop
Seat 5: derek5858 (small blind) folded before Flop
Seat 6: Joker007r (big blind) folded before Flop



PokerStars Hand #254436667002:  Hold'em No Limit ($0.50/$1.00 USD) - 2025/01/18 20:16:49 WET [2025/01/18 15:16:49 ET]
Table 'Echepolos IV' 6-max Seat #5 is the button
Seat 1: Diamondplaces ($41.05 in chips) 
Seat 2: Taffs67 ($57.64 in chips) 
Seat 3: Xenicide ($127.96 in chips) 
Seat 4: sta$igk ($121.22 in chips) 
Seat 5: derek5858 ($114.78 in chips) 
Seat 6: Joker007r ($113.70 in chips) 
Joker007r: posts small blind $0.50
Diamondplaces: posts big blind $1
*** HOLE CARDS ***
Taffs67: calls $1
Xenicide: folds 
sta$igk: folds 
derek5858: raises $2.45 to $3.45
Joker007r: folds 
Diamondplaces: folds 
Taffs67: calls $2.45
*** FLOP *** [7h 9c 6s]
Taffs67: checks 
derek5858: checks 
*** TURN *** [7h 9c 6s] [8s]
Taffs67: checks 
derek5858: bets $5.59
Taffs67: raises $9.59 to $15.18
derek5858: calls $9.59
*** RIVER *** [7h 9c 6s 8s] [6c]
Taffs67: checks 
derek5858: checks 
*** SHOW DOWN ***
Taffs67: shows [7c Qc] (two pair, Sevens and Sixes)
derek5858: shows [Td Kc] (a straight, Six to Ten)
derek5858 collected $36.82 from pot
*** SUMMARY ***
Total pot $38.76 | Rake $1.94 
Board [7h 9c 6s 8s 6c]
Seat 1: Diamondplaces (big blind) folded before Flop
Seat 2: Taffs67 showed [7c Qc] and lost with two pair, Sevens and Sixes
Seat 3: Xenicide folded before Flop (didn't bet)
Seat 4: sta$igk folded before Flop (didn't bet)
Seat 5: derek5858 (button) showed [Td Kc] and won ($36.82) with a straight, Six to Ten
Seat 6: Joker007r (small blind) folded before Flop



PokerStars Hand #254436692077:  Hold'em No Limit ($0.50/$1.00 USD) - 2025/01/18 20:18:09 WET [2025/01/18 15:18:09 ET]
Table 'Echepolos IV' 6-max Seat #6 is the button
Seat 1: Diamondplaces ($40.05 in chips) 
Seat 2: Taffs67 ($39.01 in chips) 
Seat 3: Xenicide ($127.96 in chips) 
Seat 4: sta$igk ($121.22 in chips) 
Seat 5: derek5858 ($132.97 in chips) 
Seat 6: Joker007r ($113.20 in chips) 
Diamondplaces: posts small blind $0.50
Taffs67: posts big blind $1
*** HOLE CARDS ***
Xenicide: raises $1 to $2
sta$igk: folds 
derek5858: folds 
Joker007r: folds 
Diamondplaces: folds 
Taffs67: folds 
Uncalled bet ($1) returned to Xenicide
Xenicide collected $2.50 from pot
*** SUMMARY ***
Total pot $2.50 | Rake $0 
Seat 1: Diamondplaces (small blind) folded before Flop
Seat 2: Taffs67 (big blind) folded before Flop
Seat 3: Xenicide collected ($2.50)
Seat 4: sta$igk folded before Flop (didn't bet)
Seat 5: derek5858 folded before Flop (didn't bet)
Seat 6: Joker007r (button) folded before Flop (didn't bet)



PokerStars Hand #254436697269:  Hold'em No Limit ($0.50/$1.00 USD) - 2025/01/18 20:18:25 WET [2025/01/18 15:18:25 ET]
Table 'Echepolos IV' 6-max Seat #1 is the button
Seat 1: Diamondplaces ($39.55 in chips) 
Seat 2: Taffs67 ($38.01 in chips) 
Seat 3: Xenicide ($129.46 in chips) 
Seat 4: sta$igk ($121.22 in chips) 
Seat 5: derek5858 ($132.97 in chips) 
Seat 6: Joker007r ($113.20 in chips) 
Taffs67: posts small blind $0.50
Xenicide: posts big blind $1
*** HOLE CARDS ***
sta$igk: folds 
derek5858: folds 
Joker007r: folds 
Diamondplaces: calls $1
Taffs67: folds 
Xenicide: raises $8 to $9
Diamondplaces: folds 
Uncalled bet ($8) returned to Xenicide
Xenicide collected $2.50 from pot
*** SUMMARY ***
Total pot $2.50 | Rake $0 
Seat 1: Diamondplaces (button) folded before Flop
Seat 2: Taffs67 (small blind) folded before Flop
Seat 3: Xenicide (big blind) collected ($2.50)
Seat 4: sta$igk folded before Flop (didn't bet)
Seat 5: derek5858 folded before Flop (didn't bet)
Seat 6: Joker007r folded before Flop (didn't bet)



PokerStars Hand #254436705222:  Hold'em No Limit ($0.50/$1.00 USD) - 2025/01/18 20:18:50 WET [2025/01/18 15:18:50 ET]
Table 'Echepolos IV' 6-max Seat #2 is the button
Seat 1: Diamondplaces ($38.55 in chips) 
Seat 2: Taffs67 ($37.51 in chips) 
Seat 3: Xenicide ($130.96 in chips) 
Seat 4: sta$igk ($121.22 in chips) 
Seat 5: derek5858 ($132.97 in chips) 
Seat 6: Joker007r ($113.20 in chips) 
Xenicide: posts small blind $0.50
sta$igk: posts big blind $1
*** HOLE CARDS ***
derek5858: raises $1 to $2
Joker007r: raises $5 to $7
Diamondplaces: folds 
Taffs67: folds 
Xenicide: folds 
sta$igk: folds 
derek5858: folds 
Uncalled bet ($5) returned to Joker007r
Joker007r collected $5.50 from pot
Joker007r: doesn't show hand 
*** SUMMARY ***
Total pot $5.50 | Rake $0 
Seat 1: Diamondplaces folded before Flop (didn't bet)
Seat 2: Taffs67 (button) folded before Flop (didn't bet)
Seat 3: Xenicide (small blind) folded before Flop
Seat 4: sta$igk (big blind) folded before Flop
Seat 5: derek5858 folded before Flop
Seat 6: Joker007r collected ($5.50)



PokerStars Hand #254436713065:  Hold'em No Limit ($0.50/$1.00 USD) - 2025/01/18 20:19:15 WET [2025/01/18 15:19:15 ET]
Table 'Echepolos IV' 6-max Seat #3 is the button
Seat 1: Diamondplaces ($38.55 in chips) 
Seat 2: Taffs67 ($37.51 in chips) 
Seat 3: Xenicide ($130.46 in chips) 
Seat 4: sta$igk ($120.22 in chips) 
Seat 5: derek5858 ($130.97 in chips) 
Seat 6: Joker007r ($116.70 in chips) 
sta$igk: posts small blind $0.50
derek5858: posts big blind $1
*** HOLE CARDS ***
Joker007r: folds 
Diamondplaces: raises $1 to $2
Taffs67: folds 
Xenicide: raises $4 to $6
sta$igk: folds 
derek5858: folds 
Diamondplaces: folds 
Uncalled bet ($4) returned to Xenicide
Xenicide collected $5.50 from pot
*** SUMMARY ***
Total pot $5.50 | Rake $0 
Seat 1: Diamondplaces folded before Flop
Seat 2: Taffs67 folded before Flop (didn't bet)
Seat 3: Xenicide (button) collected ($5.50)
Seat 4: sta$igk (small blind) folded before Flop
Seat 5: derek5858 (big blind) folded before Flop
Seat 6: Joker007r folded before Flop (didn't bet)



PokerStars Hand #254436719660:  Hold'em No Limit ($0.50/$1.00 USD) - 2025/01/18 20:19:36 WET [2025/01/18 15:19:36 ET]
Table 'Echepolos IV' 6-max Seat #4 is the button
Seat 1: Diamondplaces ($36.55 in chips) 
Seat 2: Taffs67 ($37.51 in chips) 
Seat 3: Xenicide ($133.96 in chips) 
Seat 4: sta$igk ($119.72 in chips) 
Seat 5: derek5858 ($129.97 in chips) 
Seat 6: Joker007r ($116.70 in chips) 
derek5858: posts small blind $0.50
Joker007r: posts big blind $1
*** HOLE CARDS ***
Diamondplaces: folds 
Taffs67: folds 
Xenicide: folds 
sta$igk: raises $1.50 to $2.50
derek5858: folds 
Joker007r: folds 
Uncalled bet ($1.50) returned to sta$igk
sta$igk collected $2.50 from pot
sta$igk: doesn't show hand 
*** SUMMARY ***
Total pot $2.50 | Rake $0 
Seat 1: Diamondplaces folded before Flop (didn't bet)
Seat 2: Taffs67 folded before Flop (didn't bet)
Seat 3: Xenicide folded before Flop (didn't bet)
Seat 4: sta$igk (button) collected ($2.50)
Seat 5: derek5858 (small blind) folded before Flop
Seat 6: Joker007r (big blind) folded before Flop



PokerStars Hand #254436730266:  Hold'em No Limit ($0.50/$1.00 USD) - 2025/01/18 20:20:10 WET [2025/01/18 15:20:10 ET]
Table 'Echepolos IV' 6-max Seat #5 is the button
Seat 1: Diamondplaces ($36.55 in chips) 
Seat 2: Taffs67 ($37.51 in chips) 
Seat 3: Xenicide ($133.96 in chips) 
Seat 4: sta$igk ($121.22 in chips) 
Seat 5: derek5858 ($129.47 in chips) 
Seat 6: Joker007r ($115.70 in chips) 
Joker007r: posts small blind $0.50
Diamondplaces: posts big blind $1
*** HOLE CARDS ***
Taffs67: raises $2 to $3
Xenicide: folds 
sta$igk: folds 
derek5858: folds 
Joker007r: folds 
Diamondplaces: folds 
Uncalled bet ($2) returned to Taffs67
Taffs67 collected $2.50 from pot
*** SUMMARY ***
Total pot $2.50 | Rake $0 
Seat 1: Diamondplaces (big blind) folded before Flop
Seat 2: Taffs67 collected ($2.50)
Seat 3: Xenicide folded before Flop (didn't bet)
Seat 4: sta$igk folded before Flop (didn't bet)
Seat 5: derek5858 (button) folded before Flop (didn't bet)
Seat 6: Joker007r (small blind) folded before Flop



PokerStars Hand #254436735868:  Hold'em No Limit ($0.50/$1.00 USD) - 2025/01/18 20:20:28 WET [2025/01/18 15:20:28 ET]
Table 'Echepolos IV' 6-max Seat #6 is the button
Seat 1: Diamondplaces ($35.55 in chips) 
Seat 2: Taffs67 ($39.01 in chips) 
Seat 3: Xenicide ($133.96 in chips) 
Seat 4: sta$igk ($121.22 in chips) 
Seat 5: derek5858 ($129.47 in chips) 
Seat 6: Joker007r ($115.20 in chips) 
Diamondplaces: posts small blind $0.50
Taffs67: posts big blind $1
*** HOLE CARDS ***
Xenicide: folds 
sta$igk: folds 
derek5858: folds 
Joker007r: folds 
Diamondplaces: folds 
Uncalled bet ($0.50) returned to Taffs67
Taffs67 collected $1 from pot
*** SUMMARY ***
Total pot $1 | Rake $0 
Seat 1: Diamondplaces (small blind) folded before Flop
Seat 2: Taffs67 (big blind) collected ($1)
Seat 3: Xenicide folded before Flop (didn't bet)
Seat 4: sta$igk folded before Flop (didn't bet)
Seat 5: derek5858 folded before Flop (didn't bet)
Seat 6: Joker007r (button) folded before Flop (didn't bet)



PokerStars Hand #254436741310:  Hold'em No Limit ($0.50/$1.00 USD) - 2025/01/18 20:20:45 WET [2025/01/18 15:20:45 ET]
Table 'Echepolos IV' 6-max Seat #1 is the button
Seat 1: Diamondplaces ($35.05 in chips) 
Seat 2: Taffs67 ($39.51 in chips) 
Seat 3: Xenicide ($133.96 in chips) 
Seat 4: sta$igk ($121.22 in chips) 
Seat 5: derek5858 ($129.47 in chips) 
Seat 6: Joker007r ($115.20 in chips) 
Taffs67: posts small blind $0.50
Xenicide: posts big blind $1
*** HOLE CARDS ***
sta$igk: folds 
derek5858: folds 
Joker007r: folds 
Diamondplaces: folds 
Taffs67: raises $3 to $4
Xenicide: raises $9.50 to $13.50
Taffs67: raises $26.01 to $39.51 and is all-in
Xenicide: calls $26.01
*** FLOP *** [3d 3c 6c]
*** TURN *** [3d 3c 6c] [Ks]
*** RIVER *** [3d 3c 6c Ks] [Jd]
*** SHOW DOWN ***
Taffs67: shows [7c 7s] (two pair, Sevens and Threes)
Xenicide: shows [Ts Ah] (a pair of Threes)
Taffs67 collected $76.52 from pot
*** SUMMARY ***
Total pot $79.02 | Rake $2.50 
Board [3d 3c 6c Ks Jd]
Seat 1: Diamondplaces (button) folded before Flop (didn't bet)
Seat 2: Taffs67 (small blind) showed [7c 7s] and won ($76.52) with two pair, Sevens and Threes
Seat 3: Xenicide (big blind) showed [Ts Ah] and lost with a pair of Threes
Seat 4: sta$igk folded before Flop (didn't bet)
Seat 5: derek5858 folded before Flop (didn't bet)
Seat 6: Joker007r folded before Flop (didn't bet)



PokerStars Hand #254436756885:  Hold'em No Limit ($0.50/$1.00 USD) - 2025/01/18 20:21:35 WET [2025/01/18 15:21:35 ET]
Table 'Echepolos IV' 6-max Seat #2 is the button
Seat 1: Diamondplaces ($35.05 in chips) 
Seat 2: Taffs67 ($76.52 in chips) 
Seat 3: Xenicide ($100 in chips) 
Seat 4: sta$igk ($121.22 in chips) 
Seat 5: derek5858 ($129.47 in chips) 
Seat 6: Joker007r ($115.20 in chips) 
Xenicide: posts small blind $0.50
sta$igk: posts big blind $1
*** HOLE CARDS ***
derek5858: folds 
Joker007r: folds 
Diamondplaces: folds 
Taffs67: folds 
Xenicide: raises $2.50 to $3.50
sta$igk: calls $2.50
*** FLOP *** [9c 6c 9h]
Xenicide: checks 
sta$igk: bets $2.19
Xenicide: calls $2.19
*** TURN *** [9c 6c 9h] [8s]
Xenicide: checks 
sta$igk: bets $8.11
Xenicide: calls $8.11
*** RIVER *** [9c 6c 9h 8s] [3h]
Xenicide: checks 
sta$igk: checks 
*** SHOW DOWN ***
Xenicide: shows [9d Kd] (three of a kind, Nines)
sta$igk: mucks hand 
Xenicide collected $26.22 from pot
*** SUMMARY ***
Total pot $27.60 | Rake $1.38 
Board [9c 6c 9h 8s 3h]
Seat 1: Diamondplaces folded before Flop (didn't bet)
Seat 2: Taffs67 (button) folded before Flop (didn't bet)
Seat 3: Xenicide (small blind) showed [9d Kd] and won ($26.22) with three of a kind, Nines
Seat 4: sta$igk (big blind) mucked
Seat 5: derek5858 folded before Flop (didn't bet)
Seat 6: Joker007r folded before Flop (didn't bet)



PokerStars Hand #254436784781:  Hold'em No Limit ($0.50/$1.00 USD) - 2025/01/18 20:23:04 WET [2025/01/18 15:23:04 ET]
Table 'Echepolos IV' 6-max Seat #3 is the button
Seat 1: Diamondplaces ($35.05 in chips) 
Seat 2: Taffs67 ($76.52 in chips) 
Seat 3: Xenicide ($112.42 in chips) 
Seat 4: sta$igk ($107.42 in chips) 
Seat 5: derek5858 ($129.47 in chips) 
Seat 6: Joker007r ($115.20 in chips) 
sta$igk: posts small blind $0.50
derek5858: posts big blind $1
*** HOLE CARDS ***
Joker007r: folds 
Diamondplaces: folds 
Taffs67: calls $1
Xenicide: folds 
sta$igk: folds 
derek5858: checks 
*** FLOP *** [3s Jh Qs]
derek5858: checks 
Taffs67: bets $2.38
derek5858: folds 
Uncalled bet ($2.38) returned to Taffs67
Taffs67 collected $2.38 from pot
*** SUMMARY ***
Total pot $2.50 | Rake $0.12 
Board [3s Jh Qs]
Seat 1: Diamondplaces folded before Flop (didn't bet)
Seat 2: Taffs67 collected ($2.38)
Seat 3: Xenicide (button) folded before Flop (didn't bet)
Seat 4: sta$igk (small blind) folded before Flop
Seat 5: derek5858 (big blind) folded on the Flop
Seat 6: Joker007r folded before Flop (didn't bet)



PokerStars Hand #254436800807:  Hold'em No Limit ($0.50/$1.00 USD) - 2025/01/18 20:23:56 WET [2025/01/18 15:23:56 ET]
Table 'Echepolos IV' 6-max Seat #4 is the button
Seat 1: Diamondplaces ($35.05 in chips) 
Seat 2: Taffs67 ($77.90 in chips) 
Seat 3: Xenicide ($112.42 in chips) 
Seat 4: sta$igk ($106.92 in chips) 
Seat 5: derek5858 ($128.47 in chips) 
Seat 6: Joker007r ($115.20 in chips) 
derek5858: posts small blind $0.50
Joker007r: posts big blind $1
*** HOLE CARDS ***
Diamondplaces: folds 
Taffs67: folds 
Xenicide: folds 
sta$igk: raises $1.50 to $2.50
derek5858: folds 
Joker007r: calls $1.50
*** FLOP *** [7s 2c Js]
Joker007r: checks 
sta$igk: checks 
*** TURN *** [7s 2c Js] [Ad]
Joker007r: checks 
sta$igk: checks 
*** RIVER *** [7s 2c Js Ad] [3h]
Joker007r: bets $8.25
sta$igk: calls $8.25
*** SHOW DOWN ***
Joker007r: shows [Ks 5s] (high card Ace)
sta$igk: shows [Tc Jh] (a pair of Jacks)
sta$igk collected $20.90 from pot
*** SUMMARY ***
Total pot $22 | Rake $1.10 
Board [7s 2c Js Ad 3h]
Seat 1: Diamondplaces folded before Flop (didn't bet)
Seat 2: Taffs67 folded before Flop (didn't bet)
Seat 3: Xenicide folded before Flop (didn't bet)
Seat 4: sta$igk (button) showed [Tc Jh] and won ($20.90) with a pair of Jacks
Seat 5: derek5858 (small blind) folded before Flop
Seat 6: Joker007r (big blind) showed [Ks 5s] and lost with high card Ace



PokerStars Hand #254436820876:  Hold'em No Limit ($0.50/$1.00 USD) - 2025/01/18 20:25:01 WET [2025/01/18 15:25:01 ET]
Table 'Echepolos IV' 6-max Seat #5 is the button
Seat 1: Diamondplaces ($35.05 in chips) 
Seat 2: Taffs67 ($77.90 in chips) 
Seat 3: Xenicide ($112.42 in chips) 
Seat 4: sta$igk ($117.07 in chips) 
Seat 5: derek5858 ($127.97 in chips) 
Seat 6: Joker007r ($104.45 in chips) 
Joker007r: posts small blind $0.50
Diamondplaces: posts big blind $1
*** HOLE CARDS ***
Taffs67: raises $2 to $3
Xenicide: folds 
sta$igk: folds 
derek5858: folds 
Joker007r: folds 
Diamondplaces: folds 
Uncalled bet ($2) returned to Taffs67
Taffs67 collected $2.50 from pot
*** SUMMARY ***
Total pot $2.50 | Rake $0 
Seat 1: Diamondplaces (big blind) folded before Flop
Seat 2: Taffs67 collected ($2.50)
Seat 3: Xenicide folded before Flop (didn't bet)
Seat 4: sta$igk folded before Flop (didn't bet)
Seat 5: derek5858 (button) folded before Flop (didn't bet)
Seat 6: Joker007r (small blind) folded before Flop



PokerStars Hand #254436825342:  Hold'em No Limit ($0.50/$1.00 USD) - 2025/01/18 20:25:15 WET [2025/01/18 15:25:15 ET]
Table 'Echepolos IV' 6-max Seat #6 is the button
Seat 1: Diamondplaces ($34.05 in chips) 
Seat 2: Taffs67 ($79.40 in chips) 
Seat 3: Xenicide ($112.42 in chips) 
Seat 4: sta$igk ($117.07 in chips) 
Seat 5: derek5858 ($127.97 in chips) 
Seat 6: Joker007r ($103.95 in chips) 
Diamondplaces: posts small blind $0.50
Taffs67: posts big blind $1
*** HOLE CARDS ***
Xenicide: folds 
sta$igk: raises $1.50 to $2.50
derek5858: folds 
Joker007r: folds 
Diamondplaces: folds 
Taffs67: folds 
Uncalled bet ($1.50) returned to sta$igk
sta$igk collected $2.50 from pot
sta$igk: doesn't show hand 
*** SUMMARY ***
Total pot $2.50 | Rake $0 
Seat 1: Diamondplaces (small blind) folded before Flop
Seat 2: Taffs67 (big blind) folded before Flop
Seat 3: Xenicide folded before Flop (didn't bet)
Seat 4: sta$igk collected ($2.50)
Seat 5: derek5858 folded before Flop (didn't bet)
Seat 6: Joker007r (button) folded before Flop (didn't bet)



PokerStars Hand #254436828726:  Hold'em No Limit ($0.50/$1.00 USD) - 2025/01/18 20:25:26 WET [2025/01/18 15:25:26 ET]
Table 'Echepolos IV' 6-max Seat #1 is the button
Seat 1: Diamondplaces ($33.55 in chips) 
Seat 2: Taffs67 ($78.40 in chips) 
Seat 3: Xenicide ($112.42 in chips) 
Seat 4: sta$igk ($118.57 in chips) 
Seat 5: derek5858 ($127.97 in chips) 
Seat 6: Joker007r ($103.95 in chips) 
Taffs67: posts small blind $0.50
Xenicide: posts big blind $1
*** HOLE CARDS ***
sta$igk: folds 
derek5858: folds 
Joker007r: folds 
Diamondplaces: raises $1 to $2
Taffs67: folds 
Xenicide: folds 
Uncalled bet ($1) returned to Diamondplaces
Diamondplaces collected $2.50 from pot
*** SUMMARY ***
Total pot $2.50 | Rake $0 
Seat 1: Diamondplaces (button) collected ($2.50)
Seat 2: Taffs67 (small blind) folded before Flop
Seat 3: Xenicide (big blind) folded before Flop
Seat 4: sta$igk folded before Flop (didn't bet)
Seat 5: derek5858 folded before Flop (didn't bet)
Seat 6: Joker007r folded before Flop (didn't bet)



PokerStars Hand #254436834494:  Hold'em No Limit ($0.50/$1.00 USD) - 2025/01/18 20:25:44 WET [2025/01/18 15:25:44 ET]
Table 'Echepolos IV' 6-max Seat #2 is the button
Seat 1: Diamondplaces ($35.05 in chips) 
Seat 2: Taffs67 ($77.90 in chips) 
Seat 3: Xenicide ($111.42 in chips) 
Seat 4: sta$igk ($118.57 in chips) 
Seat 5: derek5858 ($127.97 in chips) 
Seat 6: Joker007r ($103.95 in chips) 
Xenicide: posts small blind $0.50
sta$igk: posts big blind $1
*** HOLE CARDS ***
derek5858: folds 
Joker007r: folds 
Diamondplaces: folds 
Taffs67: raises $2 to $3
Xenicide: folds 
sta$igk: calls $2
*** FLOP *** [Ts 3s 2s]
sta$igk: checks 
Taffs67: checks 
*** TURN *** [Ts 3s 2s] [Ad]
sta$igk: checks 
Taffs67: checks 
*** RIVER *** [Ts 3s 2s Ad] [Qd]
sta$igk: bets $3.09
Taffs67: raises $5.09 to $8.18
sta$igk: folds 
Uncalled bet ($5.09) returned to Taffs67
Taffs67 collected $12.05 from pot
*** SUMMARY ***
Total pot $12.68 | Rake $0.63 
Board [Ts 3s 2s Ad Qd]
Seat 1: Diamondplaces folded before Flop (didn't bet)
Seat 2: Taffs67 (button) collected ($12.05)
Seat 3: Xenicide (small blind) folded before Flop
Seat 4: sta$igk (big blind) folded on the River
Seat 5: derek5858 folded before Flop (didn't bet)
Seat 6: Joker007r folded before Flop (didn't bet)



PokerStars Hand #254436848794:  Hold'em No Limit ($0.50/$1.00 USD) - 2025/01/18 20:26:31 WET [2025/01/18 15:26:31 ET]
Table 'Echepolos IV' 6-max Seat #3 is the button
Seat 1: Diamondplaces ($35.05 in chips) 
Seat 2: Taffs67 ($83.86 in chips) 
Seat 3: Xenicide ($110.92 in chips) 
Seat 4: sta$igk ($112.48 in chips) 
Seat 5: derek5858 ($127.97 in chips) 
Seat 6: Joker007r ($103.95 in chips) 
sta$igk: posts small blind $0.50
derek5858: posts big blind $1
*** HOLE CARDS ***
Joker007r: folds 
Diamondplaces: folds 
Taffs67: folds 
Xenicide: folds 
sta$igk: raises $2 to $3
derek5858: calls $2
*** FLOP *** [Qh 6d 5s]
sta$igk: bets $1.88
derek5858: raises $3.84 to $5.72
sta$igk: calls $3.84
*** TURN *** [Qh 6d 5s] [5h]
sta$igk: checks 
derek5858: checks 
*** RIVER *** [Qh 6d 5s 5h] [9s]
sta$igk: checks 
derek5858: checks 
*** SHOW DOWN ***
sta$igk: shows [As 5d] (three of a kind, Fives)
derek5858: mucks hand 
sta$igk collected $16.57 from pot
*** SUMMARY ***
Total pot $17.44 | Rake $0.87 
Board [Qh 6d 5s 5h 9s]
Seat 1: Diamondplaces folded before Flop (didn't bet)
Seat 2: Taffs67 folded before Flop (didn't bet)
Seat 3: Xenicide (button) folded before Flop (didn't bet)
Seat 4: sta$igk (small blind) showed [As 5d] and won ($16.57) with three of a kind, Fives
Seat 5: derek5858 (big blind) mucked
Seat 6: Joker007r folded before Flop (didn't bet)



PokerStars Hand #254436871869:  Hold'em No Limit ($0.50/$1.00 USD) - 2025/01/18 20:27:45 WET [2025/01/18 15:27:45 ET]
Table 'Echepolos IV' 6-max Seat #4 is the button
Seat 1: Diamondplaces ($35.05 in chips) 
Seat 2: Taffs67 ($83.86 in chips) 
Seat 3: Xenicide ($110.92 in chips) 
Seat 4: sta$igk ($120.33 in chips) 
Seat 5: derek5858 ($119.25 in chips) 
Seat 6: Joker007r ($103.95 in chips) 
derek5858: posts small blind $0.50
Joker007r: posts big blind $1
*** HOLE CARDS ***
Diamondplaces: calls $1
Taffs67: folds 
Xenicide: folds 
sta$igk: raises $3 to $4
derek5858: folds 
Joker007r: folds 
Diamondplaces: calls $3
*** FLOP *** [Jc Kh 5c]
Diamondplaces: bets $1
sta$igk: folds 
Uncalled bet ($1) returned to Diamondplaces
Diamondplaces collected $9.02 from pot
*** SUMMARY ***
Total pot $9.50 | Rake $0.48 
Board [Jc Kh 5c]
Seat 1: Diamondplaces collected ($9.02)
Seat 2: Taffs67 folded before Flop (didn't bet)
Seat 3: Xenicide folded before Flop (didn't bet)
Seat 4: sta$igk (button) folded on the Flop
Seat 5: derek5858 (small blind) folded before Flop
Seat 6: Joker007r (big blind) folded before Flop



PokerStars Hand #254437836023:  Hold'em No Limit ($0.50/$1.00 USD) - 2025/01/18 21:21:50 WET [2025/01/18 16:21:50 ET]
Table 'Echepolos IV' 6-max Seat #2 is the button
Seat 1: vadjkeee ($113.14 in chips) 
Seat 2: Mcknight888 ($96.67 in chips) 
Seat 3: ptolejmus ($19.42 in chips) 
Seat 4: Pigumelis ($100 in chips) 
Seat 5: derek5858 ($187.27 in chips) 
Seat 6: Edi131313 ($90.50 in chips) 
ptolejmus: posts small blind $0.50
Pigumelis: posts big blind $1
*** HOLE CARDS ***
derek5858: folds 
Edi131313: folds 
vadjkeee: folds 
Mcknight888: raises $3 to $4
ptolejmus: folds 
Pigumelis: folds 
Uncalled bet ($3) returned to Mcknight888
Mcknight888 collected $2.50 from pot
Mcknight888: doesn't show hand 
*** SUMMARY ***
Total pot $2.50 | Rake $0 
Seat 1: vadjkeee folded before Flop (didn't bet)
Seat 2: Mcknight888 (button) collected ($2.50)
Seat 3: ptolejmus (small blind) folded before Flop
Seat 4: Pigumelis (big blind) folded before Flop
Seat 5: derek5858 folded before Flop (didn't bet)
Seat 6: Edi131313 folded before Flop (didn't bet)



PokerStars Hand #254437842283:  Hold'em No Limit ($0.50/$1.00 USD) - 2025/01/18 21:22:09 WET [2025/01/18 16:22:09 ET]
Table 'Echepolos IV' 6-max Seat #3 is the button
Seat 1: vadjkeee ($113.14 in chips) 
Seat 2: Mcknight888 ($98.17 in chips) 
Seat 3: ptolejmus ($18.92 in chips) 
Seat 4: Pigumelis ($100 in chips) 
Seat 5: derek5858 ($187.27 in chips) 
Seat 6: Edi131313 ($90.50 in chips) 
Pigumelis: posts small blind $0.50
derek5858: posts big blind $1
*** HOLE CARDS ***
Edi131313: folds 
vadjkeee: raises $1.50 to $2.50
Mcknight888: folds 
ptolejmus: folds 
Pigumelis: folds 
derek5858: calls $1.50
*** FLOP *** [Jh 6s 3s]
derek5858: checks 
vadjkeee: checks 
*** TURN *** [Jh 6s 3s] [Ts]
derek5858: checks 
vadjkeee: checks 
*** RIVER *** [Jh 6s 3s Ts] [4s]
derek5858: checks 
vadjkeee: bets $3.50
derek5858: folds 
Uncalled bet ($3.50) returned to vadjkeee
vadjkeee collected $5.22 from pot
vadjkeee: doesn't show hand 
*** SUMMARY ***
Total pot $5.50 | Rake $0.28 
Board [Jh 6s 3s Ts 4s]
Seat 1: vadjkeee collected ($5.22)
Seat 2: Mcknight888 folded before Flop (didn't bet)
Seat 3: ptolejmus (button) folded before Flop (didn't bet)
Seat 4: Pigumelis (small blind) folded before Flop
Seat 5: derek5858 (big blind) folded on the River
Seat 6: Edi131313 folded before Flop (didn't bet)



PokerStars Hand #254437862718:  Hold'em No Limit ($0.50/$1.00 USD) - 2025/01/18 21:23:14 WET [2025/01/18 16:23:14 ET]
Table 'Echepolos IV' 6-max Seat #4 is the button
Seat 1: vadjkeee ($115.86 in chips) 
Seat 2: Mcknight888 ($98.17 in chips) 
Seat 3: ptolejmus ($18.92 in chips) 
Seat 4: Pigumelis ($100 in chips) 
Seat 5: derek5858 ($184.77 in chips) 
Seat 6: Edi131313 ($90.50 in chips) 
derek5858: posts small blind $0.50
Edi131313: posts big blind $1
*** HOLE CARDS ***
vadjkeee: folds 
Mcknight888: calls $1
ptolejmus: folds 
Pigumelis: raises $2 to $3
derek5858: folds 
Edi131313: calls $2
Mcknight888: calls $2
*** FLOP *** [2d 4h Qs]
Edi131313: checks 
Mcknight888: checks 
Pigumelis: checks 
*** TURN *** [2d 4h Qs] [4d]
Edi131313: checks 
Mcknight888: checks 
Pigumelis: checks 
*** RIVER *** [2d 4h Qs 4d] [Jc]
Edi131313: checks 
Mcknight888: bets $9
Pigumelis: folds 
Edi131313: folds 
Uncalled bet ($9) returned to Mcknight888
Mcknight888 collected $9.02 from pot
Mcknight888: doesn't show hand 
*** SUMMARY ***
Total pot $9.50 | Rake $0.48 
Board [2d 4h Qs 4d Jc]
Seat 1: vadjkeee folded before Flop (didn't bet)
Seat 2: Mcknight888 collected ($9.02)
Seat 3: ptolejmus folded before Flop (didn't bet)
Seat 4: Pigumelis (button) folded on the River
Seat 5: derek5858 (small blind) folded before Flop
Seat 6: Edi131313 (big blind) folded on the River



PokerStars Hand #254437883621:  Hold'em No Limit ($0.50/$1.00 USD) - 2025/01/18 21:24:20 WET [2025/01/18 16:24:20 ET]
Table 'Echepolos IV' 6-max Seat #5 is the button
Seat 1: vadjkeee ($115.86 in chips) 
Seat 2: Mcknight888 ($104.19 in chips) 
Seat 3: ptolejmus ($18.92 in chips) 
Seat 4: Pigumelis ($100 in chips) 
Seat 5: derek5858 ($184.27 in chips) 
Seat 6: Edi131313 ($87.50 in chips) 
Edi131313: posts small blind $0.50
vadjkeee: posts big blind $1
*** HOLE CARDS ***
Mcknight888: calls $1
ptolejmus: folds 
Pigumelis: folds 
derek5858: folds 
Edi131313: folds 
vadjkeee: checks 
*** FLOP *** [5s 9c Ah]
vadjkeee: checks 
Mcknight888: checks 
*** TURN *** [5s 9c Ah] [7s]
vadjkeee: checks 
Mcknight888: checks 
*** RIVER *** [5s 9c Ah 7s] [3d]
vadjkeee: checks 
Mcknight888: checks 
*** SHOW DOWN ***
vadjkeee: shows [5h Qc] (a pair of Fives)
Mcknight888: mucks hand 
vadjkeee collected $2.38 from pot
*** SUMMARY ***
Total pot $2.50 | Rake $0.12 
Board [5s 9c Ah 7s 3d]
Seat 1: vadjkeee (big blind) showed [5h Qc] and won ($2.38) with a pair of Fives
Seat 2: Mcknight888 mucked
Seat 3: ptolejmus folded before Flop (didn't bet)
Seat 4: Pigumelis folded before Flop (didn't bet)
Seat 5: derek5858 (button) folded before Flop (didn't bet)
Seat 6: Edi131313 (small blind) folded before Flop



PokerStars Hand #254437893228:  Hold'em No Limit ($0.50/$1.00 USD) - 2025/01/18 21:24:51 WET [2025/01/18 16:24:51 ET]
Table 'Echepolos IV' 6-max Seat #6 is the button
Seat 1: vadjkeee ($117.24 in chips) 
Seat 2: Mcknight888 ($103.19 in chips) 
Seat 3: ptolejmus ($18.92 in chips) 
Seat 4: Pigumelis ($100 in chips) 
Seat 5: derek5858 ($184.27 in chips) 
Seat 6: Edi131313 ($87 in chips) 
vadjkeee: posts small blind $0.50
Mcknight888: posts big blind $1
*** HOLE CARDS ***
ptolejmus: folds 
Pigumelis: folds 
derek5858: folds 
Edi131313: raises $1 to $2
vadjkeee: folds 
Mcknight888: calls $1
*** FLOP *** [Ts Ah Qh]
Mcknight888: checks 
Edi131313: checks 
*** TURN *** [Ts Ah Qh] [3c]
Mcknight888: bets $4
Edi131313: calls $4
*** RIVER *** [Ts Ah Qh 3c] [7h]
Mcknight888: checks 
Edi131313: checks 
*** SHOW DOWN ***
Mcknight888: shows [Jh 6h] (a flush, Ace high)
Edi131313: mucks hand 
Mcknight888 collected $11.88 from pot
*** SUMMARY ***
Total pot $12.50 | Rake $0.62 
Board [Ts Ah Qh 3c 7h]
Seat 1: vadjkeee (small blind) folded before Flop
Seat 2: Mcknight888 (big blind) showed [Jh 6h] and won ($11.88) with a flush, Ace high
Seat 3: ptolejmus folded before Flop (didn't bet)
Seat 4: Pigumelis folded before Flop (didn't bet)
Seat 5: derek5858 folded before Flop (didn't bet)
Seat 6: Edi131313 (button) mucked



PokerStars Hand #254437904997:  Hold'em No Limit ($0.50/$1.00 USD) - 2025/01/18 21:25:29 WET [2025/01/18 16:25:29 ET]
Table 'Echepolos IV' 6-max Seat #1 is the button
Seat 1: vadjkeee ($116.74 in chips) 
Seat 2: Mcknight888 ($109.07 in chips) 
Seat 3: ptolejmus ($18.92 in chips) 
Seat 4: Pigumelis ($100 in chips) 
Seat 5: derek5858 ($184.27 in chips) 
Seat 6: Edi131313 ($81 in chips) 
Mcknight888: posts small blind $0.50
ptolejmus: posts big blind $1
*** HOLE CARDS ***
Pigumelis: folds 
derek5858: folds 
Edi131313: folds 
vadjkeee: folds 
Mcknight888: folds 
Uncalled bet ($0.50) returned to ptolejmus
ptolejmus collected $1 from pot
*** SUMMARY ***
Total pot $1 | Rake $0 
Seat 1: vadjkeee (button) folded before Flop (didn't bet)
Seat 2: Mcknight888 (small blind) folded before Flop
Seat 3: ptolejmus (big blind) collected ($1)
Seat 4: Pigumelis folded before Flop (didn't bet)
Seat 5: derek5858 folded before Flop (didn't bet)
Seat 6: Edi131313 folded before Flop (didn't bet)



PokerStars Hand #254437912145:  Hold'em No Limit ($0.50/$1.00 USD) - 2025/01/18 21:25:53 WET [2025/01/18 16:25:53 ET]
Table 'Echepolos IV' 6-max Seat #2 is the button
Seat 1: vadjkeee ($116.74 in chips) 
Seat 2: Mcknight888 ($108.57 in chips) 
Seat 3: ptolejmus ($19.42 in chips) 
Seat 4: Pigumelis ($100 in chips) 
Seat 5: derek5858 ($184.27 in chips) 
Seat 6: Edi131313 ($81 in chips) 
ptolejmus: posts small blind $0.50
Pigumelis: posts big blind $1
*** HOLE CARDS ***
derek5858: folds 
Edi131313: raises $1 to $2
vadjkeee: folds 
Mcknight888: folds 
ptolejmus: folds 
Pigumelis: calls $1
*** FLOP *** [6s 7c 9h]
Pigumelis: checks 
Edi131313: checks 
*** TURN *** [6s 7c 9h] [Kh]
Pigumelis: checks 
Edi131313: checks 
*** RIVER *** [6s 7c 9h Kh] [3s]
Pigumelis: checks 
Edi131313: checks 
*** SHOW DOWN ***
Pigumelis: shows [Ad Jh] (high card Ace)
Edi131313: mucks hand 
Pigumelis collected $4.28 from pot
*** SUMMARY ***
Total pot $4.50 | Rake $0.22 
Board [6s 7c 9h Kh 3s]
Seat 1: vadjkeee folded before Flop (didn't bet)
Seat 2: Mcknight888 (button) folded before Flop (didn't bet)
Seat 3: ptolejmus (small blind) folded before Flop
Seat 4: Pigumelis (big blind) showed [Ad Jh] and won ($4.28) with high card Ace
Seat 5: derek5858 folded before Flop (didn't bet)
Seat 6: Edi131313 mucked



PokerStars Hand #254437931679:  Hold'em No Limit ($0.50/$1.00 USD) - 2025/01/18 21:26:55 WET [2025/01/18 16:26:55 ET]
Table 'Echepolos IV' 6-max Seat #3 is the button
Seat 1: vadjkeee ($116.74 in chips) 
Seat 2: Mcknight888 ($108.57 in chips) 
Seat 3: ptolejmus ($18.92 in chips) 
Seat 4: Pigumelis ($102.28 in chips) 
Seat 5: derek5858 ($184.27 in chips) 
Seat 6: Edi131313 ($79 in chips) 
Pigumelis: posts small blind $0.50
derek5858: posts big blind $1
*** HOLE CARDS ***
Edi131313: raises $1 to $2
vadjkeee: folds 
Mcknight888: folds 
ptolejmus: folds 
Pigumelis: folds 
derek5858: folds 
Uncalled bet ($1) returned to Edi131313
Edi131313 collected $2.50 from pot
Edi131313: doesn't show hand 
*** SUMMARY ***
Total pot $2.50 | Rake $0 
Seat 1: vadjkeee folded before Flop (didn't bet)
Seat 2: Mcknight888 folded before Flop (didn't bet)
Seat 3: ptolejmus (button) folded before Flop (didn't bet)
Seat 4: Pigumelis (small blind) folded before Flop
Seat 5: derek5858 (big blind) folded before Flop
Seat 6: Edi131313 collected ($2.50)



PokerStars Hand #254437936516:  Hold'em No Limit ($0.50/$1.00 USD) - 2025/01/18 21:27:11 WET [2025/01/18 16:27:11 ET]
Table 'Echepolos IV' 6-max Seat #4 is the button
Seat 1: vadjkeee ($116.74 in chips) 
Seat 2: Mcknight888 ($108.57 in chips) 
Seat 3: ptolejmus ($18.92 in chips) 
Seat 4: Pigumelis ($101.78 in chips) 
Seat 5: derek5858 ($183.27 in chips) 
Seat 6: Edi131313 ($80.50 in chips) 
derek5858: posts small blind $0.50
Edi131313: posts big blind $1
*** HOLE CARDS ***
vadjkeee: folds 
Mcknight888: folds 
ptolejmus: folds 
Pigumelis: raises $1.50 to $2.50
derek5858: raises $7.80 to $10.30
Edi131313: calls $9.30
Pigumelis: folds 
*** FLOP *** [7s Qc 9s]
derek5858: checks 
Edi131313: checks 
*** TURN *** [7s Qc 9s] [Js]
derek5858: checks 
Edi131313: checks 
*** RIVER *** [7s Qc 9s Js] [2h]
derek5858: checks 
Edi131313: checks 
*** SHOW DOWN ***
derek5858: shows [9c Kc] (a pair of Nines)
Edi131313: mucks hand 
derek5858 collected $21.94 from pot
*** SUMMARY ***
Total pot $23.10 | Rake $1.16 
Board [7s Qc 9s Js 2h]
Seat 1: vadjkeee folded before Flop (didn't bet)
Seat 2: Mcknight888 folded before Flop (didn't bet)
Seat 3: ptolejmus folded before Flop (didn't bet)
Seat 4: Pigumelis (button) folded before Flop
Seat 5: derek5858 (small blind) showed [9c Kc] and won ($21.94) with a pair of Nines
Seat 6: Edi131313 (big blind) mucked



PokerStars Hand #254437953059:  Hold'em No Limit ($0.50/$1.00 USD) - 2025/01/18 21:28:05 WET [2025/01/18 16:28:05 ET]
Table 'Echepolos IV' 6-max Seat #5 is the button
Seat 1: vadjkeee ($116.74 in chips) 
Seat 2: Mcknight888 ($108.57 in chips) 
Seat 3: ptolejmus ($18.92 in chips) 
Seat 4: Pigumelis ($100 in chips) 
Seat 5: derek5858 ($194.91 in chips) 
Seat 6: Edi131313 ($70.20 in chips) 
Edi131313: posts small blind $0.50
vadjkeee: posts big blind $1
*** HOLE CARDS ***
Mcknight888: calls $1
ptolejmus: folds 
Pigumelis: raises $3 to $4
derek5858: folds 
Edi131313: raises $10 to $14
vadjkeee: folds 
Mcknight888: folds 
Pigumelis: calls $10
*** FLOP *** [8c Ac 2d]
Edi131313: checks 
Pigumelis: checks 
*** TURN *** [8c Ac 2d] [3h]
Edi131313: bets $1
Pigumelis: calls $1
*** RIVER *** [8c Ac 2d 3h] [3c]
Edi131313: bets $1
Pigumelis: raises $22.68 to $23.68
Edi131313: calls $22.68
*** SHOW DOWN ***
Pigumelis: shows [Ts As] (two pair, Aces and Threes)
Edi131313: mucks hand 
Pigumelis collected $76.86 from pot
*** SUMMARY ***
Total pot $79.36 | Rake $2.50 
Board [8c Ac 2d 3h 3c]
Seat 1: vadjkeee (big blind) folded before Flop
Seat 2: Mcknight888 folded before Flop
Seat 3: ptolejmus folded before Flop (didn't bet)
Seat 4: Pigumelis showed [Ts As] and won ($76.86) with two pair, Aces and Threes
Seat 5: derek5858 (button) folded before Flop (didn't bet)
Seat 6: Edi131313 (small blind) mucked



PokerStars Hand #254437971286:  Hold'em No Limit ($0.50/$1.00 USD) - 2025/01/18 21:29:04 WET [2025/01/18 16:29:04 ET]
Table 'Echepolos IV' 6-max Seat #6 is the button
Seat 1: vadjkeee ($115.74 in chips) 
Seat 2: Mcknight888 ($107.57 in chips) 
Seat 3: ptolejmus ($18.92 in chips) 
Seat 4: Pigumelis ($138.18 in chips) 
Seat 5: derek5858 ($194.91 in chips) 
Seat 6: Edi131313 ($31.52 in chips) 
vadjkeee: posts small blind $0.50
Mcknight888: posts big blind $1
*** HOLE CARDS ***
ptolejmus: folds 
Pigumelis: folds 
derek5858: raises $1.25 to $2.25
Edi131313: calls $2.25
vadjkeee: folds 
Mcknight888: calls $1.25
*** FLOP *** [Ts 7c 5h]
Mcknight888: checks 
derek5858: checks 
Edi131313: checks 
*** TURN *** [Ts 7c 5h] [Th]
Mcknight888: checks 
derek5858: checks 
Edi131313: checks 
*** RIVER *** [Ts 7c 5h Th] [Ks]
Mcknight888: checks 
derek5858: checks 
Edi131313: bets $3.45
Mcknight888: folds 
derek5858: folds 
Uncalled bet ($3.45) returned to Edi131313
Edi131313 collected $6.89 from pot
Edi131313: doesn't show hand 
*** SUMMARY ***
Total pot $7.25 | Rake $0.36 
Board [Ts 7c 5h Th Ks]
Seat 1: vadjkeee (small blind) folded before Flop
Seat 2: Mcknight888 (big blind) folded on the River
Seat 3: ptolejmus folded before Flop (didn't bet)
Seat 4: Pigumelis folded before Flop (didn't bet)
Seat 5: derek5858 folded on the River
Seat 6: Edi131313 (button) collected ($6.89)



PokerStars Hand #254437995650:  Hold'em No Limit ($0.50/$1.00 USD) - 2025/01/18 21:30:25 WET [2025/01/18 16:30:25 ET]
Table 'Echepolos IV' 6-max Seat #1 is the button
Seat 1: vadjkeee ($115.24 in chips) 
Seat 2: Mcknight888 ($105.32 in chips) 
Seat 3: ptolejmus ($18.92 in chips) 
Seat 4: Pigumelis ($138.18 in chips) 
Seat 5: derek5858 ($192.66 in chips) 
Seat 6: Edi131313 ($36.16 in chips) 
Mcknight888: posts small blind $0.50
ptolejmus: posts big blind $1
*** HOLE CARDS ***
Pigumelis: folds 
derek5858: folds 
Edi131313: folds 
vadjkeee: folds 
Mcknight888: folds 
Uncalled bet ($0.50) returned to ptolejmus
ptolejmus collected $1 from pot
*** SUMMARY ***
Total pot $1 | Rake $0 
Seat 1: vadjkeee (button) folded before Flop (didn't bet)
Seat 2: Mcknight888 (small blind) folded before Flop
Seat 3: ptolejmus (big blind) collected ($1)
Seat 4: Pigumelis folded before Flop (didn't bet)
Seat 5: derek5858 folded before Flop (didn't bet)
Seat 6: Edi131313 folded before Flop (didn't bet)



PokerStars Hand #254438000471:  Hold'em No Limit ($0.50/$1.00 USD) - 2025/01/18 21:30:40 WET [2025/01/18 16:30:40 ET]
Table 'Echepolos IV' 6-max Seat #2 is the button
Seat 1: vadjkeee ($115.24 in chips) 
Seat 2: Mcknight888 ($104.82 in chips) 
Seat 3: ptolejmus ($19.42 in chips) 
Seat 4: Pigumelis ($138.18 in chips) 
Seat 5: derek5858 ($192.66 in chips) 
Seat 6: Edi131313 ($36.16 in chips) 
ptolejmus: posts small blind $0.50
Pigumelis: posts big blind $1
*** HOLE CARDS ***
derek5858: raises $1 to $2
Edi131313: folds 
vadjkeee: folds 
Mcknight888: folds 
ptolejmus: folds 
Pigumelis: folds 
Uncalled bet ($1) returned to derek5858
derek5858 collected $2.50 from pot
*** SUMMARY ***
Total pot $2.50 | Rake $0 
Seat 1: vadjkeee folded before Flop (didn't bet)
Seat 2: Mcknight888 (button) folded before Flop (didn't bet)
Seat 3: ptolejmus (small blind) folded before Flop
Seat 4: Pigumelis (big blind) folded before Flop
Seat 5: derek5858 collected ($2.50)
Seat 6: Edi131313 folded before Flop (didn't bet)



PokerStars Hand #254438004342:  Hold'em No Limit ($0.50/$1.00 USD) - 2025/01/18 21:30:53 WET [2025/01/18 16:30:53 ET]
Table 'Echepolos IV' 6-max Seat #3 is the button
Seat 1: vadjkeee ($115.24 in chips) 
Seat 2: Mcknight888 ($104.82 in chips) 
Seat 3: ptolejmus ($18.92 in chips) 
Seat 4: Pigumelis ($137.18 in chips) 
Seat 5: derek5858 ($194.16 in chips) 
Seat 6: Edi131313 ($36.16 in chips) 
Pigumelis: posts small blind $0.50
derek5858: posts big blind $1
*** HOLE CARDS ***
Edi131313: raises $1 to $2
vadjkeee: folds 
Mcknight888: folds 
ptolejmus: folds 
Pigumelis: folds 
derek5858: calls $1
*** FLOP *** [4d 5s Jh]
derek5858: bets $2.14
Edi131313: calls $2.14
*** TURN *** [4d 5s Jh] [Ac]
derek5858: bets $2.50
Edi131313: calls $2.50
*** RIVER *** [4d 5s Jh Ac] [3h]
derek5858: checks 
Edi131313: checks 
*** SHOW DOWN ***
derek5858: shows [Jc Kd] (a pair of Jacks)
Edi131313: mucks hand 
derek5858 collected $13.09 from pot
*** SUMMARY ***
Total pot $13.78 | Rake $0.69 
Board [4d 5s Jh Ac 3h]
Seat 1: vadjkeee folded before Flop (didn't bet)
Seat 2: Mcknight888 folded before Flop (didn't bet)
Seat 3: ptolejmus (button) folded before Flop (didn't bet)
Seat 4: Pigumelis (small blind) folded before Flop
Seat 5: derek5858 (big blind) showed [Jc Kd] and won ($13.09) with a pair of Jacks
Seat 6: Edi131313 mucked



PokerStars Hand #254438016500:  Hold'em No Limit ($0.50/$1.00 USD) - 2025/01/18 21:31:32 WET [2025/01/18 16:31:32 ET]
Table 'Echepolos IV' 6-max Seat #4 is the button
Seat 1: vadjkeee ($115.24 in chips) 
Seat 2: Mcknight888 ($104.82 in chips) 
Seat 3: ptolejmus ($18.92 in chips) 
Seat 4: Pigumelis ($136.68 in chips) 
Seat 5: derek5858 ($200.61 in chips) 
Seat 6: Edi131313 ($29.52 in chips) 
derek5858: posts small blind $0.50
Edi131313: posts big blind $1
*** HOLE CARDS ***
vadjkeee: raises $2 to $3
Mcknight888: folds 
ptolejmus: folds 
Pigumelis: folds 
derek5858: folds 
Edi131313: folds 
Uncalled bet ($2) returned to vadjkeee
vadjkeee collected $2.50 from pot
vadjkeee: doesn't show hand 
*** SUMMARY ***
Total pot $2.50 | Rake $0 
Seat 1: vadjkeee collected ($2.50)
Seat 2: Mcknight888 folded before Flop (didn't bet)
Seat 3: ptolejmus folded before Flop (didn't bet)
Seat 4: Pigumelis (button) folded before Flop (didn't bet)
Seat 5: derek5858 (small blind) folded before Flop
Seat 6: Edi131313 (big blind) folded before Flop



PokerStars Hand #254438022063:  Hold'em No Limit ($0.50/$1.00 USD) - 2025/01/18 21:31:51 WET [2025/01/18 16:31:51 ET]
Table 'Echepolos IV' 6-max Seat #5 is the button
Seat 1: vadjkeee ($116.74 in chips) 
Seat 2: Mcknight888 ($104.82 in chips) 
Seat 3: ptolejmus ($18.92 in chips) 
Seat 4: Pigumelis ($136.68 in chips) 
Seat 5: derek5858 ($200.11 in chips) 
Seat 6: Edi131313 ($28.52 in chips) 
Edi131313: posts small blind $0.50
vadjkeee: posts big blind $1
*** HOLE CARDS ***
Mcknight888: folds 
ptolejmus: folds 
Pigumelis: folds 
derek5858: folds 
Edi131313: raises $1 to $2
vadjkeee: calls $1
*** FLOP *** [5c 8h 4d]
Edi131313: checks 
vadjkeee: bets $1.25
Edi131313: folds 
Uncalled bet ($1.25) returned to vadjkeee
vadjkeee collected $3.80 from pot
vadjkeee: doesn't show hand 
*** SUMMARY ***
Total pot $4 | Rake $0.20 
Board [5c 8h 4d]
Seat 1: vadjkeee (big blind) collected ($3.80)
Seat 2: Mcknight888 folded before Flop (didn't bet)
Seat 3: ptolejmus folded before Flop (didn't bet)
Seat 4: Pigumelis folded before Flop (didn't bet)
Seat 5: derek5858 (button) folded before Flop (didn't bet)
Seat 6: Edi131313 (small blind) folded on the Flop



PokerStars Hand #254438031243:  Hold'em No Limit ($0.50/$1.00 USD) - 2025/01/18 21:32:21 WET [2025/01/18 16:32:21 ET]
Table 'Echepolos IV' 6-max Seat #6 is the button
Seat 1: vadjkeee ($118.54 in chips) 
Seat 2: Mcknight888 ($104.82 in chips) 
Seat 3: ptolejmus ($18.92 in chips) 
Seat 4: Pigumelis ($136.68 in chips) 
Seat 5: derek5858 ($200.11 in chips) 
Seat 6: Edi131313 ($26.52 in chips) 
vadjkeee: posts small blind $0.50
Mcknight888: posts big blind $1
*** HOLE CARDS ***
ptolejmus: folds 
Pigumelis: raises $1.10 to $2.10
derek5858: folds 
Edi131313: folds 
vadjkeee: folds 
Mcknight888: calls $1.10
*** FLOP *** [8c Tc Jd]
Mcknight888: checks 
Pigumelis: checks 
*** TURN *** [8c Tc Jd] [3c]
Mcknight888: checks 
Pigumelis: checks 
*** RIVER *** [8c Tc Jd 3c] [Qc]
Mcknight888: checks 
Pigumelis: checks 
*** SHOW DOWN ***
Mcknight888: shows [6h Ah] (high card Ace)
Pigumelis: shows [6d 6c] (a flush, Queen high)
Pigumelis collected $4.46 from pot
*** SUMMARY ***
Total pot $4.70 | Rake $0.24 
Board [8c Tc Jd 3c Qc]
Seat 1: vadjkeee (small blind) folded before Flop
Seat 2: Mcknight888 (big blind) showed [6h Ah] and lost with high card Ace
Seat 3: ptolejmus folded before Flop (didn't bet)
Seat 4: Pigumelis showed [6d 6c] and won ($4.46) with a flush, Queen high
Seat 5: derek5858 folded before Flop (didn't bet)
Seat 6: Edi131313 (button) folded before Flop (didn't bet)



PokerStars Hand #254438044594:  Hold'em No Limit ($0.50/$1.00 USD) - 2025/01/18 21:33:04 WET [2025/01/18 16:33:04 ET]
Table 'Echepolos IV' 6-max Seat #1 is the button
Seat 1: vadjkeee ($118.04 in chips) 
Seat 2: Mcknight888 ($102.72 in chips) 
Seat 3: ptolejmus ($18.92 in chips) 
Seat 4: Pigumelis ($139.04 in chips) 
Seat 5: derek5858 ($200.11 in chips) 
Seat 6: Edi131313 ($26.52 in chips) 
Mcknight888: posts small blind $0.50
ptolejmus: posts big blind $1
*** HOLE CARDS ***
Pigumelis: folds 
derek5858: folds 
Edi131313: raises $1 to $2
vadjkeee: folds 
Mcknight888: calls $1.50
ptolejmus: folds 
*** FLOP *** [Kh 8d 8c]
Mcknight888: checks 
Edi131313: checks 
*** TURN *** [Kh 8d 8c] [6h]
Mcknight888: checks 
Edi131313: bets $2.38
Mcknight888: calls $2.38
*** RIVER *** [Kh 8d 8c 6h] [9d]
Mcknight888: checks 
Edi131313: checks 
*** SHOW DOWN ***
Mcknight888: shows [7h 7s] (two pair, Eights and Sevens)
Edi131313: shows [9h Qh] (two pair, Nines and Eights)
Edi131313 collected $9.27 from pot
*** SUMMARY ***
Total pot $9.76 | Rake $0.49 
Board [Kh 8d 8c 6h 9d]
Seat 1: vadjkeee (button) folded before Flop (didn't bet)
Seat 2: Mcknight888 (small blind) showed [7h 7s] and lost with two pair, Eights and Sevens
Seat 3: ptolejmus (big blind) folded before Flop
Seat 4: Pigumelis folded before Flop (didn't bet)
Seat 5: derek5858 folded before Flop (didn't bet)
Seat 6: Edi131313 showed [9h Qh] and won ($9.27) with two pair, Nines and Eights



PokerStars Hand #254438060401:  Hold'em No Limit ($0.50/$1.00 USD) - 2025/01/18 21:33:56 WET [2025/01/18 16:33:56 ET]
Table 'Echepolos IV' 6-max Seat #2 is the button
Seat 1: vadjkeee ($118.04 in chips) 
Seat 2: Mcknight888 ($98.34 in chips) 
Seat 3: ptolejmus ($17.92 in chips) 
Seat 4: Pigumelis ($139.04 in chips) 
Seat 5: derek5858 ($200.11 in chips) 
Seat 6: Edi131313 ($31.41 in chips) 
ptolejmus: posts small blind $0.50
Pigumelis: posts big blind $1
*** HOLE CARDS ***
derek5858: folds 
Edi131313: folds 
vadjkeee: folds 
Mcknight888: calls $1
ptolejmus: folds 
Pigumelis: checks 
*** FLOP *** [3h Qh 4d]
Pigumelis: checks 
Mcknight888: checks 
*** TURN *** [3h Qh 4d] [Kd]
Pigumelis: checks 
Mcknight888: checks 
*** RIVER *** [3h Qh 4d Kd] [6c]
Pigumelis: checks 
Mcknight888: checks 
*** SHOW DOWN ***
Pigumelis: shows [Th As] (high card Ace)
Mcknight888: mucks hand 
Pigumelis collected $2.38 from pot
*** SUMMARY ***
Total pot $2.50 | Rake $0.12 
Board [3h Qh 4d Kd 6c]
Seat 1: vadjkeee folded before Flop (didn't bet)
Seat 2: Mcknight888 (button) mucked
Seat 3: ptolejmus (small blind) folded before Flop
Seat 4: Pigumelis (big blind) showed [Th As] and won ($2.38) with high card Ace
Seat 5: derek5858 folded before Flop (didn't bet)
Seat 6: Edi131313 folded before Flop (didn't bet)



PokerStars Hand #254438070829:  Hold'em No Limit ($0.50/$1.00 USD) - 2025/01/18 21:34:31 WET [2025/01/18 16:34:31 ET]
Table 'Echepolos IV' 6-max Seat #3 is the button
Seat 1: vadjkeee ($118.04 in chips) 
Seat 2: Mcknight888 ($97.34 in chips) 
Seat 3: ptolejmus ($17.42 in chips) 
Seat 4: Pigumelis ($140.42 in chips) 
Seat 5: derek5858 ($200.11 in chips) 
Seat 6: Edi131313 ($31.41 in chips) 
Pigumelis: posts small blind $0.50
derek5858: posts big blind $1
*** HOLE CARDS ***
Edi131313: folds 
vadjkeee: folds 
Mcknight888: folds 
ptolejmus: raises $1 to $2
Pigumelis: folds 
derek5858: folds 
Uncalled bet ($1) returned to ptolejmus
ptolejmus collected $2.50 from pot
*** SUMMARY ***
Total pot $2.50 | Rake $0 
Seat 1: vadjkeee folded before Flop (didn't bet)
Seat 2: Mcknight888 folded before Flop (didn't bet)
Seat 3: ptolejmus (button) collected ($2.50)
Seat 4: Pigumelis (small blind) folded before Flop
Seat 5: derek5858 (big blind) folded before Flop
Seat 6: Edi131313 folded before Flop (didn't bet)



PokerStars Hand #254438076805:  Hold'em No Limit ($0.50/$1.00 USD) - 2025/01/18 21:34:51 WET [2025/01/18 16:34:51 ET]
Table 'Echepolos IV' 6-max Seat #4 is the button
Seat 1: vadjkeee ($118.04 in chips) 
Seat 2: Mcknight888 ($97.34 in chips) 
Seat 3: ptolejmus ($18.92 in chips) 
Seat 4: Pigumelis ($139.92 in chips) 
Seat 5: derek5858 ($199.11 in chips) 
Seat 6: Edi131313 ($31.41 in chips) 
derek5858: posts small blind $0.50
Edi131313: posts big blind $1
*** HOLE CARDS ***
vadjkeee: folds 
Mcknight888: folds 
ptolejmus: folds 
Pigumelis: folds 
derek5858: raises $2 to $3
Edi131313: calls $2
*** FLOP *** [8s 5h 4c]
derek5858: checks 
Edi131313: checks 
*** TURN *** [8s 5h 4c] [As]
derek5858: checks 
Edi131313: checks 
*** RIVER *** [8s 5h 4c As] [3h]
derek5858: checks 
Edi131313: checks 
*** SHOW DOWN ***
derek5858: shows [6h Jh] (high card Ace)
Edi131313: shows [Kc Td] (high card Ace - King kicker)
Edi131313 collected $5.70 from pot
*** SUMMARY ***
Total pot $6 | Rake $0.30 
Board [8s 5h 4c As 3h]
Seat 1: vadjkeee folded before Flop (didn't bet)
Seat 2: Mcknight888 folded before Flop (didn't bet)
Seat 3: ptolejmus folded before Flop (didn't bet)
Seat 4: Pigumelis (button) folded before Flop (didn't bet)
Seat 5: derek5858 (small blind) showed [6h Jh] and lost with high card Ace
Seat 6: Edi131313 (big blind) showed [Kc Td] and won ($5.70) with high card Ace



PokerStars Hand #254438101099:  Hold'em No Limit ($0.50/$1.00 USD) - 2025/01/18 21:36:12 WET [2025/01/18 16:36:12 ET]
Table 'Echepolos IV' 6-max Seat #5 is the button
Seat 1: vadjkeee ($118.04 in chips) 
Seat 2: Mcknight888 ($97.34 in chips) 
Seat 3: ptolejmus ($18.92 in chips) 
Seat 4: Pigumelis ($139.92 in chips) 
Seat 5: derek5858 ($196.11 in chips) 
Seat 6: Edi131313 ($34.11 in chips) 
Edi131313: posts small blind $0.50
vadjkeee: posts big blind $1
*** HOLE CARDS ***
Mcknight888: folds 
ptolejmus: raises $1 to $2
Pigumelis: folds 
derek5858: folds 
Edi131313: folds 
vadjkeee: folds 
Uncalled bet ($1) returned to ptolejmus
ptolejmus collected $2.50 from pot
*** SUMMARY ***
Total pot $2.50 | Rake $0 
Seat 1: vadjkeee (big blind) folded before Flop
Seat 2: Mcknight888 folded before Flop (didn't bet)
Seat 3: ptolejmus collected ($2.50)
Seat 4: Pigumelis folded before Flop (didn't bet)
Seat 5: derek5858 (button) folded before Flop (didn't bet)
Seat 6: Edi131313 (small blind) folded before Flop



PokerStars Hand #254438106121:  Hold'em No Limit ($0.50/$1.00 USD) - 2025/01/18 21:36:29 WET [2025/01/18 16:36:29 ET]
Table 'Echepolos IV' 6-max Seat #6 is the button
Seat 1: vadjkeee ($117.04 in chips) 
Seat 2: Mcknight888 ($97.34 in chips) 
Seat 3: ptolejmus ($20.42 in chips) 
Seat 4: Pigumelis ($139.92 in chips) 
Seat 5: derek5858 ($196.11 in chips) 
Seat 6: Edi131313 ($33.61 in chips) 
vadjkeee: posts small blind $0.50
Mcknight888: posts big blind $1
*** HOLE CARDS ***
ptolejmus: folds 
Pigumelis: raises $1.10 to $2.10
derek5858: folds 
Edi131313: calls $2.10
vadjkeee: folds 
Mcknight888: folds 
*** FLOP *** [Qh 9h Ac]
Pigumelis: checks 
Edi131313: checks 
*** TURN *** [Qh 9h Ac] [8d]
Pigumelis: bets $7.21
Edi131313: folds 
Uncalled bet ($7.21) returned to Pigumelis
Pigumelis collected $5.42 from pot
Pigumelis: doesn't show hand 
*** SUMMARY ***
Total pot $5.70 | Rake $0.28 
Board [Qh 9h Ac 8d]
Seat 1: vadjkeee (small blind) folded before Flop
Seat 2: Mcknight888 (big blind) folded before Flop
Seat 3: ptolejmus folded before Flop (didn't bet)
Seat 4: Pigumelis collected ($5.42)
Seat 5: derek5858 folded before Flop (didn't bet)
Seat 6: Edi131313 (button) folded on the Turn



PokerStars Hand #254438115939:  Hold'em No Limit ($0.50/$1.00 USD) - 2025/01/18 21:37:02 WET [2025/01/18 16:37:02 ET]
Table 'Echepolos IV' 6-max Seat #1 is the button
Seat 1: vadjkeee ($116.54 in chips) 
Seat 2: Mcknight888 ($96.34 in chips) 
Seat 3: ptolejmus ($20.42 in chips) 
Seat 4: Pigumelis ($143.24 in chips) 
Seat 5: derek5858 ($196.11 in chips) 
Seat 6: Edi131313 ($31.51 in chips) 
Mcknight888: posts small blind $0.50
ptolejmus: posts big blind $1
*** HOLE CARDS ***
Pigumelis: folds 
derek5858: raises $1 to $2
Edi131313: folds 
vadjkeee: raises $5 to $7
Mcknight888: folds 
ptolejmus: folds 
derek5858: raises $10.85 to $17.85
vadjkeee: calls $10.85
*** FLOP *** [8c Th 8h]
derek5858: bets $7.07
vadjkeee: calls $7.07
*** TURN *** [8c Th 8h] [9d]
derek5858: bets $14.65
vadjkeee: calls $14.65
*** RIVER *** [8c Th 8h 9d] [Kd]
derek5858: bets $156.54 and is all-in
vadjkeee: calls $76.97 and is all-in
Uncalled bet ($79.57) returned to derek5858
*** SHOW DOWN ***
derek5858: shows [5h 6h] (a pair of Eights)
vadjkeee: shows [8d 8s] (four of a kind, Eights)
vadjkeee collected $232.08 from pot
*** SUMMARY ***
Total pot $234.58 | Rake $2.50 
Board [8c Th 8h 9d Kd]
Seat 1: vadjkeee (button) showed [8d 8s] and won ($232.08) with four of a kind, Eights
Seat 2: Mcknight888 (small blind) folded before Flop
Seat 3: ptolejmus (big blind) folded before Flop
Seat 4: Pigumelis folded before Flop (didn't bet)
Seat 5: derek5858 showed [5h 6h] and lost with a pair of Eights
Seat 6: Edi131313 folded before Flop (didn't bet)



PokerStars Hand #254438146193:  Hold'em No Limit ($0.50/$1.00 USD) - 2025/01/18 21:38:45 WET [2025/01/18 16:38:45 ET]
Table 'Echepolos IV' 6-max Seat #2 is the button
Seat 1: vadjkeee ($232.08 in chips) 
Seat 2: Mcknight888 ($95.84 in chips) 
Seat 3: ptolejmus ($19.42 in chips) 
Seat 4: Pigumelis ($143.24 in chips) 
Seat 5: derek5858 ($100 in chips) 
Seat 6: Edi131313 ($31.51 in chips) 
ptolejmus: posts small blind $0.50
Pigumelis: posts big blind $1
*** HOLE CARDS ***
derek5858: folds 
Edi131313: folds 
vadjkeee: folds 
Mcknight888: folds 
ptolejmus: raises $18.42 to $19.42 and is all-in
Pigumelis: folds 
Uncalled bet ($18.42) returned to ptolejmus
ptolejmus collected $2 from pot
*** SUMMARY ***
Total pot $2 | Rake $0 
Seat 1: vadjkeee folded before Flop (didn't bet)
Seat 2: Mcknight888 (button) folded before Flop (didn't bet)
Seat 3: ptolejmus (small blind) collected ($2)
Seat 4: Pigumelis (big blind) folded before Flop
Seat 5: derek5858 folded before Flop (didn't bet)
Seat 6: Edi131313 folded before Flop (didn't bet)



PokerStars Hand #254438152870:  Hold'em No Limit ($0.50/$1.00 USD) - 2025/01/18 21:39:08 WET [2025/01/18 16:39:08 ET]
Table 'Echepolos IV' 6-max Seat #3 is the button
Seat 1: vadjkeee ($232.08 in chips) 
Seat 2: Mcknight888 ($95.84 in chips) 
Seat 3: ptolejmus ($20.42 in chips) 
Seat 4: Pigumelis ($142.24 in chips) 
Seat 5: derek5858 ($100 in chips) 
Seat 6: Edi131313 ($31.51 in chips) 
Pigumelis: posts small blind $0.50
derek5858: posts big blind $1
*** HOLE CARDS ***
Edi131313: folds 
vadjkeee: folds 
Mcknight888: calls $1
ptolejmus: folds 
Pigumelis: folds 
derek5858: checks 
*** FLOP *** [6s 7s 8s]
derek5858: checks 
Mcknight888: checks 
*** TURN *** [6s 7s 8s] [6c]
derek5858: checks 
Mcknight888: checks 
*** RIVER *** [6s 7s 8s 6c] [Ah]
derek5858: checks 
Mcknight888: checks 
*** SHOW DOWN ***
derek5858: shows [5d Jh] (a pair of Sixes)
Mcknight888: shows [Th Qs] (a pair of Sixes - Ace+Queen kicker)
Mcknight888 collected $2.38 from pot
*** SUMMARY ***
Total pot $2.50 | Rake $0.12 
Board [6s 7s 8s 6c Ah]
Seat 1: vadjkeee folded before Flop (didn't bet)
Seat 2: Mcknight888 showed [Th Qs] and won ($2.38) with a pair of Sixes
Seat 3: ptolejmus (button) folded before Flop (didn't bet)
Seat 4: Pigumelis (small blind) folded before Flop
Seat 5: derek5858 (big blind) showed [5d Jh] and lost with a pair of Sixes
Seat 6: Edi131313 folded before Flop (didn't bet)



PokerStars Hand #254438164243:  Hold'em No Limit ($0.50/$1.00 USD) - 2025/01/18 21:39:47 WET [2025/01/18 16:39:47 ET]
Table 'Echepolos IV' 6-max Seat #4 is the button
Seat 1: vadjkeee ($232.08 in chips) 
Seat 2: Mcknight888 ($97.22 in chips) 
Seat 3: ptolejmus ($20.42 in chips) 
Seat 4: Pigumelis ($141.74 in chips) 
Seat 5: derek5858 ($100 in chips) 
Seat 6: Edi131313 ($31.51 in chips) 
derek5858: posts small blind $0.50
Edi131313: posts big blind $1
*** HOLE CARDS ***
vadjkeee: folds 
Mcknight888: folds 
ptolejmus: raises $1 to $2
Pigumelis: folds 
derek5858: folds 
Edi131313: folds 
Uncalled bet ($1) returned to ptolejmus
ptolejmus collected $2.50 from pot
*** SUMMARY ***
Total pot $2.50 | Rake $0 
Seat 1: vadjkeee folded before Flop (didn't bet)
Seat 2: Mcknight888 folded before Flop (didn't bet)
Seat 3: ptolejmus collected ($2.50)
Seat 4: Pigumelis (button) folded before Flop (didn't bet)
Seat 5: derek5858 (small blind) folded before Flop
Seat 6: Edi131313 (big blind) folded before Flop



PokerStars Hand #254438170770:  Hold'em No Limit ($0.50/$1.00 USD) - 2025/01/18 21:40:09 WET [2025/01/18 16:40:09 ET]
Table 'Echepolos IV' 6-max Seat #5 is the button
Seat 1: vadjkeee ($232.08 in chips) 
Seat 2: Mcknight888 ($97.22 in chips) 
Seat 3: ptolejmus ($21.92 in chips) 
Seat 4: Pigumelis ($141.74 in chips) 
Seat 5: derek5858 ($100 in chips) 
Seat 6: Edi131313 ($30.51 in chips) 
Edi131313: posts small blind $0.50
vadjkeee: posts big blind $1
*** HOLE CARDS ***
Mcknight888: folds 
ptolejmus: folds 
Pigumelis: raises $1.10 to $2.10
derek5858: folds 
Edi131313: calls $1.60
vadjkeee: calls $1.10
*** FLOP *** [6d 3s 7h]
Edi131313: checks 
vadjkeee: bets $1.50
Pigumelis: calls $1.50
Edi131313: calls $1.50
*** TURN *** [6d 3s 7h] [3c]
Edi131313: checks 
vadjkeee: bets $7.70
Pigumelis: folds 
Edi131313: folds 
Uncalled bet ($7.70) returned to vadjkeee
vadjkeee collected $10.26 from pot
vadjkeee: doesn't show hand 
*** SUMMARY ***
Total pot $10.80 | Rake $0.54 
Board [6d 3s 7h 3c]
Seat 1: vadjkeee (big blind) collected ($10.26)
Seat 2: Mcknight888 folded before Flop (didn't bet)
Seat 3: ptolejmus folded before Flop (didn't bet)
Seat 4: Pigumelis folded on the Turn
Seat 5: derek5858 (button) folded before Flop (didn't bet)
Seat 6: Edi131313 (small blind) folded on the Turn



PokerStars Hand #254438183781:  Hold'em No Limit ($0.50/$1.00 USD) - 2025/01/18 21:40:53 WET [2025/01/18 16:40:53 ET]
Table 'Echepolos IV' 6-max Seat #6 is the button
Seat 1: vadjkeee ($238.74 in chips) 
Seat 2: Mcknight888 ($97.22 in chips) 
Seat 3: ptolejmus ($21.92 in chips) 
Seat 4: Pigumelis ($138.14 in chips) 
Seat 5: derek5858 ($100 in chips) 
Seat 6: Edi131313 ($26.91 in chips) 
vadjkeee: posts small blind $0.50
Mcknight888: posts big blind $1
*** HOLE CARDS ***
ptolejmus: raises $1 to $2
Pigumelis: folds 
derek5858: folds 
Edi131313: folds 
vadjkeee: folds 
Mcknight888: folds 
Uncalled bet ($1) returned to ptolejmus
ptolejmus collected $2.50 from pot
*** SUMMARY ***
Total pot $2.50 | Rake $0 
Seat 1: vadjkeee (small blind) folded before Flop
Seat 2: Mcknight888 (big blind) folded before Flop
Seat 3: ptolejmus collected ($2.50)
Seat 4: Pigumelis folded before Flop (didn't bet)
Seat 5: derek5858 folded before Flop (didn't bet)
Seat 6: Edi131313 (button) folded before Flop (didn't bet)



PokerStars Hand #254438192083:  Hold'em No Limit ($0.50/$1.00 USD) - 2025/01/18 21:41:21 WET [2025/01/18 16:41:21 ET]
Table 'Echepolos IV' 6-max Seat #1 is the button
Seat 1: vadjkeee ($238.24 in chips) 
Seat 2: Mcknight888 ($96.22 in chips) 
Seat 3: ptolejmus ($23.42 in chips) 
Seat 4: Pigumelis ($138.14 in chips) 
Seat 5: derek5858 ($100 in chips) 
Seat 6: Edi131313 ($26.91 in chips) 
Mcknight888: posts small blind $0.50
ptolejmus: posts big blind $1
*** HOLE CARDS ***
Pigumelis: folds 
derek5858: folds 
Edi131313: folds 
vadjkeee: raises $1.50 to $2.50
Mcknight888: folds 
ptolejmus: folds 
Uncalled bet ($1.50) returned to vadjkeee
vadjkeee collected $2.50 from pot
vadjkeee: doesn't show hand 
*** SUMMARY ***
Total pot $2.50 | Rake $0 
Seat 1: vadjkeee (button) collected ($2.50)
Seat 2: Mcknight888 (small blind) folded before Flop
Seat 3: ptolejmus (big blind) folded before Flop
Seat 4: Pigumelis folded before Flop (didn't bet)
Seat 5: derek5858 folded before Flop (didn't bet)
Seat 6: Edi131313 folded before Flop (didn't bet)



PokerStars Hand #254438197998:  Hold'em No Limit ($0.50/$1.00 USD) - 2025/01/18 21:41:41 WET [2025/01/18 16:41:41 ET]
Table 'Echepolos IV' 6-max Seat #2 is the button
Seat 1: vadjkeee ($239.74 in chips) 
Seat 2: Mcknight888 ($95.72 in chips) 
Seat 3: ptolejmus ($22.42 in chips) 
Seat 4: Pigumelis ($138.14 in chips) 
Seat 5: derek5858 ($100 in chips) 
Seat 6: Edi131313 ($26.91 in chips) 
ptolejmus: posts small blind $0.50
Pigumelis: posts big blind $1
*** HOLE CARDS ***
derek5858: folds 
Edi131313: folds 
vadjkeee: folds 
Mcknight888: calls $1
ptolejmus: folds 
Pigumelis: checks 
*** FLOP *** [Jd 7h 6h]
Pigumelis: checks 
Mcknight888: checks 
*** TURN *** [Jd 7h 6h] [Qc]
Pigumelis: checks 
Mcknight888: checks 
*** RIVER *** [Jd 7h 6h Qc] [7c]
Pigumelis: bets $2
Mcknight888: folds 
Uncalled bet ($2) returned to Pigumelis
Pigumelis collected $2.38 from pot
Pigumelis: doesn't show hand 
*** SUMMARY ***
Total pot $2.50 | Rake $0.12 
Board [Jd 7h 6h Qc 7c]
Seat 1: vadjkeee folded before Flop (didn't bet)
Seat 2: Mcknight888 (button) folded on the River
Seat 3: ptolejmus (small blind) folded before Flop
Seat 4: Pigumelis (big blind) collected ($2.38)
Seat 5: derek5858 folded before Flop (didn't bet)
Seat 6: Edi131313 folded before Flop (didn't bet)



PokerStars Hand #254438211630:  Hold'em No Limit ($0.50/$1.00 USD) - 2025/01/18 21:42:28 WET [2025/01/18 16:42:28 ET]
Table 'Echepolos IV' 6-max Seat #3 is the button
Seat 1: vadjkeee ($239.74 in chips) 
Seat 2: Mcknight888 ($94.72 in chips) 
Seat 3: ptolejmus ($21.92 in chips) 
Seat 4: Pigumelis ($139.52 in chips) 
Seat 5: derek5858 ($100 in chips) 
Seat 6: Edi131313 ($26.91 in chips) 
Pigumelis: posts small blind $0.50
derek5858: posts big blind $1
*** HOLE CARDS ***
Edi131313 has timed out
Edi131313: folds 
vadjkeee: folds 
Mcknight888: folds 
ptolejmus: raises $1 to $2
Pigumelis: folds 
derek5858: calls $1
*** FLOP *** [8h 7c 4s]
derek5858: checks 
ptolejmus: bets $2.18
derek5858: folds 
Uncalled bet ($2.18) returned to ptolejmus
ptolejmus collected $4.28 from pot
*** SUMMARY ***
Total pot $4.50 | Rake $0.22 
Board [8h 7c 4s]
Seat 1: vadjkeee folded before Flop (didn't bet)
Seat 2: Mcknight888 folded before Flop (didn't bet)
Seat 3: ptolejmus (button) collected ($4.28)
Seat 4: Pigumelis (small blind) folded before Flop
Seat 5: derek5858 (big blind) folded on the Flop
Seat 6: Edi131313 folded before Flop (didn't bet)



PokerStars Hand #254438224355:  Hold'em No Limit ($0.50/$1.00 USD) - 2025/01/18 21:43:11 WET [2025/01/18 16:43:11 ET]
Table 'Echepolos IV' 6-max Seat #4 is the button
Seat 1: vadjkeee ($239.74 in chips) 
Seat 2: Mcknight888 ($94.72 in chips) 
Seat 3: ptolejmus ($24.20 in chips) 
Seat 4: Pigumelis ($139.02 in chips) 
Seat 5: derek5858 ($100 in chips) 
Seat 6: Edi131313 ($26.91 in chips) 
derek5858: posts small blind $0.50
Edi131313: posts big blind $1
*** HOLE CARDS ***
vadjkeee: folds 
Mcknight888: folds 
ptolejmus: folds 
Pigumelis: raises $1.50 to $2.50
derek5858: folds 
Edi131313: calls $1.50
*** FLOP *** [2s Jd Ad]
Edi131313: checks 
Pigumelis: checks 
*** TURN *** [2s Jd Ad] [Js]
Edi131313: checks 
Pigumelis: checks 
*** RIVER *** [2s Jd Ad Js] [Td]
Edi131313: bets $2.61
Pigumelis: calls $2.61
*** SHOW DOWN ***
Edi131313: shows [9s 5s] (a pair of Jacks)
Pigumelis: shows [Ac 4d] (two pair, Aces and Jacks)
Pigumelis collected $10.18 from pot
*** SUMMARY ***
Total pot $10.72 | Rake $0.54 
Board [2s Jd Ad Js Td]
Seat 1: vadjkeee folded before Flop (didn't bet)
Seat 2: Mcknight888 folded before Flop (didn't bet)
Seat 3: ptolejmus folded before Flop (didn't bet)
Seat 4: Pigumelis (button) showed [Ac 4d] and won ($10.18) with two pair, Aces and Jacks
Seat 5: derek5858 (small blind) folded before Flop
Seat 6: Edi131313 (big blind) showed [9s 5s] and lost with a pair of Jacks



PokerStars Hand #254438238863:  Hold'em No Limit ($0.50/$1.00 USD) - 2025/01/18 21:44:00 WET [2025/01/18 16:44:00 ET]
Table 'Echepolos IV' 6-max Seat #5 is the button
Seat 1: vadjkeee ($239.74 in chips) 
Seat 2: Mcknight888 ($94.72 in chips) 
Seat 3: ptolejmus ($24.20 in chips) 
Seat 4: Pigumelis ($144.09 in chips) 
Seat 5: derek5858 ($100 in chips) 
Seat 6: Edi131313 ($21.80 in chips) 
Edi131313: posts small blind $0.50
vadjkeee: posts big blind $1
*** HOLE CARDS ***
Mcknight888: folds 
ptolejmus: raises $1 to $2
Pigumelis: folds 
derek5858: raises $3.85 to $5.85
Edi131313: folds 
vadjkeee: folds 
ptolejmus: raises $18.35 to $24.20 and is all-in
derek5858: calls $18.35
*** FIRST FLOP *** [6c Kd 4c]
*** FIRST TURN *** [6c Kd 4c] [6h]
*** FIRST RIVER *** [6c Kd 4c 6h] [Jc]
*** SECOND FLOP *** [2s Jh 4s]
*** SECOND TURN *** [2s Jh 4s] [7c]
*** SECOND RIVER *** [2s Jh 4s 7c] [8c]
*** FIRST SHOW DOWN ***
ptolejmus: shows [Ad Ah] (two pair, Aces and Sixes)
derek5858: shows [Js As] (two pair, Jacks and Sixes)
ptolejmus collected $23.70 from pot
*** SECOND SHOW DOWN ***
ptolejmus: shows [Ad Ah] (a pair of Aces)
derek5858: shows [Js As] (a pair of Jacks)
ptolejmus collected $23.70 from pot
*** SUMMARY ***
Total pot $49.90 | Rake $2.50 
Hand was run twice
FIRST Board [6c Kd 4c 6h Jc]
SECOND Board [2s Jh 4s 7c 8c]
Seat 1: vadjkeee (big blind) folded before Flop
Seat 2: Mcknight888 folded before Flop (didn't bet)
Seat 3: ptolejmus showed [Ad Ah] and won ($23.70) with two pair, Aces and Sixes, and won ($23.70) with a pair of Aces
Seat 4: Pigumelis folded before Flop (didn't bet)
Seat 5: derek5858 (button) showed [Js As] and lost with two pair, Jacks and Sixes, and lost with a pair of Jacks
Seat 6: Edi131313 (small blind) folded before Flop



PokerStars Hand #254438257686:  Hold'em No Limit ($0.50/$1.00 USD) - 2025/01/18 21:45:04 WET [2025/01/18 16:45:04 ET]
Table 'Echepolos IV' 6-max Seat #6 is the button
Seat 1: vadjkeee ($238.74 in chips) 
Seat 2: Mcknight888 ($94.72 in chips) 
Seat 3: ptolejmus ($47.40 in chips) 
Seat 4: Pigumelis ($144.09 in chips) 
Seat 5: derek5858 ($100 in chips) 
Seat 6: Edi131313 ($21.30 in chips) 
vadjkeee: posts small blind $0.50
Mcknight888: posts big blind $1
*** HOLE CARDS ***
ptolejmus: folds 
Pigumelis: folds 
derek5858: raises $1 to $2
ptolejmus leaves the table
Edi131313: calls $2
vadjkeee: folds 
Mcknight888: calls $1
*** FLOP *** [8d Qs 3s]
Mcknight888: checks 
derek5858: checks 
Edi131313: checks 
*** TURN *** [8d Qs 3s] [9d]
Mcknight888: checks 
derek5858: checks 
Edi131313: bets $3.09
Mcknight888: calls $3.09
derek5858: folds 
*** RIVER *** [8d Qs 3s 9d] [Qc]
Mcknight888: checks 
kars0n joins the table at seat #3 
Edi131313: checks 
*** SHOW DOWN ***
Mcknight888: shows [Ks Jc] (a pair of Queens)
Edi131313: mucks hand 
Mcknight888 collected $12.05 from pot
*** SUMMARY ***
Total pot $12.68 | Rake $0.63 
Board [8d Qs 3s 9d Qc]
Seat 1: vadjkeee (small blind) folded before Flop
Seat 2: Mcknight888 (big blind) showed [Ks Jc] and won ($12.05) with a pair of Queens
Seat 3: ptolejmus folded before Flop (didn't bet)
Seat 4: Pigumelis folded before Flop (didn't bet)
Seat 5: derek5858 folded on the Turn
Seat 6: Edi131313 (button) mucked



PokerStars Hand #254438275521:  Hold'em No Limit ($0.50/$1.00 USD) - 2025/01/18 21:46:05 WET [2025/01/18 16:46:05 ET]
Table 'Echepolos IV' 6-max Seat #1 is the button
Seat 1: vadjkeee ($238.24 in chips) 
Seat 2: Mcknight888 ($101.68 in chips) 
Seat 3: kars0n ($100 in chips) 
Seat 4: Pigumelis ($144.09 in chips) 
Seat 5: derek5858 ($100 in chips) 
Seat 6: Edi131313 ($16.21 in chips) 
Mcknight888: posts small blind $0.50
kars0n: posts big blind $1
*** HOLE CARDS ***
Pigumelis: folds 
derek5858: folds 
Edi131313: folds 
vadjkeee: folds 
Mcknight888: folds 
Uncalled bet ($0.50) returned to kars0n
kars0n collected $1 from pot
kars0n: doesn't show hand 
*** SUMMARY ***
Total pot $1 | Rake $0 
Seat 1: vadjkeee (button) folded before Flop (didn't bet)
Seat 2: Mcknight888 (small blind) folded before Flop
Seat 3: kars0n (big blind) collected ($1)
Seat 4: Pigumelis folded before Flop (didn't bet)
Seat 5: derek5858 folded before Flop (didn't bet)
Seat 6: Edi131313 folded before Flop (didn't bet)



PokerStars Hand #254438285664:  Hold'em No Limit ($0.50/$1.00 USD) - 2025/01/18 21:46:39 WET [2025/01/18 16:46:39 ET]
Table 'Echepolos IV' 6-max Seat #2 is the button
Seat 1: vadjkeee ($238.24 in chips) 
Seat 2: Mcknight888 ($101.18 in chips) 
Seat 3: kars0n ($100.50 in chips) 
Seat 4: Pigumelis ($144.09 in chips) 
Seat 5: derek5858 ($100 in chips) 
Seat 6: Edi131313 ($16.21 in chips) 
kars0n: posts small blind $0.50
Pigumelis: posts big blind $1
*** HOLE CARDS ***
derek5858: folds 
Edi131313: raises $2 to $3
vadjkeee: folds 
Mcknight888: calls $3
kars0n: folds 
Pigumelis: folds 
*** FLOP *** [Kd Jd 3c]
Edi131313: checks 
Mcknight888: checks 
*** TURN *** [Kd Jd 3c] [5h]
Edi131313: checks 
Mcknight888: checks 
*** RIVER *** [Kd Jd 3c 5h] [Jc]
Edi131313: checks 
Mcknight888: checks 
*** SHOW DOWN ***
Edi131313: shows [Qd 8d] (a pair of Jacks)
Mcknight888: shows [Ac 8c] (a pair of Jacks - Ace kicker)
Mcknight888 collected $7.12 from pot
*** SUMMARY ***
Total pot $7.50 | Rake $0.38 
Board [Kd Jd 3c 5h Jc]
Seat 1: vadjkeee folded before Flop (didn't bet)
Seat 2: Mcknight888 (button) showed [Ac 8c] and won ($7.12) with a pair of Jacks
Seat 3: kars0n (small blind) folded before Flop
Seat 4: Pigumelis (big blind) folded before Flop
Seat 5: derek5858 folded before Flop (didn't bet)
Seat 6: Edi131313 showed [Qd 8d] and lost with a pair of Jacks



PokerStars Hand #254438297932:  Hold'em No Limit ($0.50/$1.00 USD) - 2025/01/18 21:47:21 WET [2025/01/18 16:47:21 ET]
Table 'Echepolos IV' 6-max Seat #3 is the button
Seat 1: vadjkeee ($238.24 in chips) 
Seat 2: Mcknight888 ($105.30 in chips) 
Seat 3: kars0n ($100 in chips) 
Seat 4: Pigumelis ($143.09 in chips) 
Seat 5: derek5858 ($100 in chips) 
Seat 6: Edi131313 ($13.21 in chips) 
Pigumelis: posts small blind $0.50
derek5858: posts big blind $1
*** HOLE CARDS ***
Edi131313: folds 
vadjkeee: raises $1.50 to $2.50
Mcknight888: folds 
kars0n: folds 
Pigumelis: folds 
derek5858: folds 
Uncalled bet ($1.50) returned to vadjkeee
vadjkeee collected $2.50 from pot
vadjkeee: doesn't show hand 
*** SUMMARY ***
Total pot $2.50 | Rake $0 
Seat 1: vadjkeee collected ($2.50)
Seat 2: Mcknight888 folded before Flop (didn't bet)
Seat 3: kars0n (button) folded before Flop (didn't bet)
Seat 4: Pigumelis (small blind) folded before Flop
Seat 5: derek5858 (big blind) folded before Flop
Seat 6: Edi131313 folded before Flop (didn't bet)



PokerStars Hand #254438303667:  Hold'em No Limit ($0.50/$1.00 USD) - 2025/01/18 21:47:41 WET [2025/01/18 16:47:41 ET]
Table 'Echepolos IV' 6-max Seat #4 is the button
Seat 1: vadjkeee ($239.74 in chips) 
Seat 2: Mcknight888 ($105.30 in chips) 
Seat 3: kars0n ($100 in chips) 
Seat 4: Pigumelis ($142.59 in chips) 
Seat 5: derek5858 ($100 in chips) 
Seat 6: Edi131313 ($13.21 in chips) 
derek5858: posts small blind $0.50
Edi131313: posts big blind $1
*** HOLE CARDS ***
vadjkeee: folds 
Mcknight888: folds 
kars0n: raises $1.50 to $2.50
Pigumelis: folds 
derek5858: folds 
Edi131313: folds 
Uncalled bet ($1.50) returned to kars0n
kars0n collected $2.50 from pot
kars0n: doesn't show hand 
*** SUMMARY ***
Total pot $2.50 | Rake $0 
Seat 1: vadjkeee folded before Flop (didn't bet)
Seat 2: Mcknight888 folded before Flop (didn't bet)
Seat 3: kars0n collected ($2.50)
Seat 4: Pigumelis (button) folded before Flop (didn't bet)
Seat 5: derek5858 (small blind) folded before Flop
Seat 6: Edi131313 (big blind) folded before Flop



PokerStars Hand #254438308781:  Hold'em No Limit ($0.50/$1.00 USD) - 2025/01/18 21:47:58 WET [2025/01/18 16:47:58 ET]
Table 'Echepolos IV' 6-max Seat #5 is the button
Seat 1: vadjkeee ($239.74 in chips) 
Seat 2: Mcknight888 ($105.30 in chips) 
Seat 3: kars0n ($101.50 in chips) 
Seat 4: Pigumelis ($142.59 in chips) 
Seat 5: derek5858 ($100 in chips) 
Seat 6: Edi131313 ($12.21 in chips) 
Edi131313: posts small blind $0.50
vadjkeee: posts big blind $1
*** HOLE CARDS ***
Mcknight888: calls $1
kars0n: folds 
Pigumelis: folds 
derek5858: raises $2.45 to $3.45
Edi131313: folds 
vadjkeee: folds 
Mcknight888: calls $2.45
*** FLOP *** [Qh 5c 3s]
Mcknight888: checks 
derek5858: bets $2.39
Mcknight888: calls $2.39
*** TURN *** [Qh 5c 3s] [6d]
Mcknight888: checks 
derek5858: bets $6.26
Mcknight888: folds 
Uncalled bet ($6.26) returned to derek5858
derek5858 collected $12.52 from pot
*** SUMMARY ***
Total pot $13.18 | Rake $0.66 
Board [Qh 5c 3s 6d]
Seat 1: vadjkeee (big blind) folded before Flop
Seat 2: Mcknight888 folded on the Turn
Seat 3: kars0n folded before Flop (didn't bet)
Seat 4: Pigumelis folded before Flop (didn't bet)
Seat 5: derek5858 (button) collected ($12.52)
Seat 6: Edi131313 (small blind) folded before Flop



PokerStars Hand #254438325393:  Hold'em No Limit ($0.50/$1.00 USD) - 2025/01/18 21:48:55 WET [2025/01/18 16:48:55 ET]
Table 'Echepolos IV' 6-max Seat #6 is the button
Seat 1: vadjkeee ($238.74 in chips) 
Seat 2: Mcknight888 ($99.46 in chips) 
Seat 3: kars0n ($101.50 in chips) 
Seat 4: Pigumelis ($142.59 in chips) 
Seat 5: derek5858 ($106.68 in chips) 
Seat 6: Edi131313 ($11.71 in chips) 
vadjkeee: posts small blind $0.50
Mcknight888: posts big blind $1
*** HOLE CARDS ***
kars0n: folds 
Pigumelis: folds 
derek5858: raises $1 to $2
Edi131313: raises $5.50 to $7.50
vadjkeee: folds 
Mcknight888: folds 
derek5858: raises $12.50 to $20
Edi131313: calls $4.21 and is all-in
Uncalled bet ($8.29) returned to derek5858
*** FLOP *** [5d 8s As]
*** TURN *** [5d 8s As] [3s]
*** RIVER *** [5d 8s As 3s] [7s]
*** SHOW DOWN ***
derek5858: shows [3h 3d] (three of a kind, Threes)
Edi131313: shows [Qs Ts] (a flush, Ace high)
Edi131313 collected $23.67 from pot
*** SUMMARY ***
Total pot $24.92 | Rake $1.25 
Board [5d 8s As 3s 7s]
Seat 1: vadjkeee (small blind) folded before Flop
Seat 2: Mcknight888 (big blind) folded before Flop
Seat 3: kars0n folded before Flop (didn't bet)
Seat 4: Pigumelis folded before Flop (didn't bet)
Seat 5: derek5858 showed [3h 3d] and lost with three of a kind, Threes
Seat 6: Edi131313 (button) showed [Qs Ts] and won ($23.67) with a flush, Ace high



PokerStars Hand #254438340657:  Hold'em No Limit ($0.50/$1.00 USD) - 2025/01/18 21:49:48 WET [2025/01/18 16:49:48 ET]
Table 'Echepolos IV' 6-max Seat #1 is the button
Seat 1: vadjkeee ($238.24 in chips) 
Seat 2: Mcknight888 ($98.46 in chips) 
Seat 3: kars0n ($101.50 in chips) 
Seat 4: Pigumelis ($142.59 in chips) 
Seat 5: derek5858 ($100 in chips) 
Seat 6: Edi131313 ($23.67 in chips) 
Mcknight888: posts small blind $0.50
kars0n: posts big blind $1
*** HOLE CARDS ***
Pigumelis: folds 
derek5858: raises $1 to $2
Edi131313: folds 
vadjkeee: folds 
Mcknight888: calls $1.50
kars0n: calls $1
*** FLOP *** [Ah Kh Qc]
Mcknight888: checks 
kars0n: checks 
derek5858: checks 
*** TURN *** [Ah Kh Qc] [3c]
Mcknight888: bets $5
kars0n: calls $5
derek5858: folds 
*** RIVER *** [Ah Kh Qc 3c] [7d]
Mcknight888: checks 
kars0n: checks 
*** SHOW DOWN ***
Mcknight888: shows [4c Kc] (a pair of Kings)
kars0n: mucks hand 
Mcknight888 collected $15.20 from pot
*** SUMMARY ***
Total pot $16 | Rake $0.80 
Board [Ah Kh Qc 3c 7d]
Seat 1: vadjkeee (button) folded before Flop (didn't bet)
Seat 2: Mcknight888 (small blind) showed [4c Kc] and won ($15.20) with a pair of Kings
Seat 3: kars0n (big blind) mucked
Seat 4: Pigumelis folded before Flop (didn't bet)
Seat 5: derek5858 folded on the Turn
Seat 6: Edi131313 folded before Flop (didn't bet)



PokerStars Hand #254438356324:  Hold'em No Limit ($0.50/$1.00 USD) - 2025/01/18 21:50:41 WET [2025/01/18 16:50:41 ET]
Table 'Echepolos IV' 6-max Seat #2 is the button
Seat 1: vadjkeee ($238.24 in chips) 
Seat 2: Mcknight888 ($106.66 in chips) 
Seat 3: kars0n ($100 in chips) 
Seat 4: Pigumelis ($142.59 in chips) 
Seat 5: derek5858 ($100 in chips) 
Seat 6: Edi131313 ($23.67 in chips) 
kars0n: posts small blind $0.50
Pigumelis: posts big blind $1
*** HOLE CARDS ***
derek5858: folds 
Edi131313: folds 
vadjkeee: folds 
Mcknight888: folds 
kars0n: raises $2 to $3
Pigumelis: raises $6 to $9
kars0n: folds 
Uncalled bet ($6) returned to Pigumelis
Pigumelis collected $6 from pot
Pigumelis: doesn't show hand 
*** SUMMARY ***
Total pot $6 | Rake $0 
Seat 1: vadjkeee folded before Flop (didn't bet)
Seat 2: Mcknight888 (button) folded before Flop (didn't bet)
Seat 3: kars0n (small blind) folded before Flop
Seat 4: Pigumelis (big blind) collected ($6)
Seat 5: derek5858 folded before Flop (didn't bet)
Seat 6: Edi131313 folded before Flop (didn't bet)



PokerStars Hand #254438363202:  Hold'em No Limit ($0.50/$1.00 USD) - 2025/01/18 21:51:05 WET [2025/01/18 16:51:05 ET]
Table 'Echepolos IV' 6-max Seat #3 is the button
Seat 1: vadjkeee ($238.24 in chips) 
Seat 2: Mcknight888 ($106.66 in chips) 
Seat 3: kars0n ($100 in chips) 
Seat 4: Pigumelis ($145.59 in chips) 
Seat 5: derek5858 ($100 in chips) 
Seat 6: Edi131313 ($23.67 in chips) 
Pigumelis: posts small blind $0.50
derek5858: posts big blind $1
*** HOLE CARDS ***
Edi131313: folds 
vadjkeee: folds 
Mcknight888: folds 
kars0n: raises $1.50 to $2.50
Pigumelis: raises $7.50 to $10
derek5858: folds 
kars0n: folds 
Uncalled bet ($7.50) returned to Pigumelis
kars0n leaves the table
Pigumelis collected $6 from pot
Pigumelis: doesn't show hand 
*** SUMMARY ***
Total pot $6 | Rake $0 
Seat 1: vadjkeee folded before Flop (didn't bet)
Seat 2: Mcknight888 folded before Flop (didn't bet)
Seat 3: kars0n (button) folded before Flop
Seat 4: Pigumelis (small blind) collected ($6)
Seat 5: derek5858 (big blind) folded before Flop
Seat 6: Edi131313 folded before Flop (didn't bet)



PokerStars Hand #254438372061:  Hold'em No Limit ($0.50/$1.00 USD) - 2025/01/18 21:51:35 WET [2025/01/18 16:51:35 ET]
Table 'Echepolos IV' 6-max Seat #4 is the button
Seat 1: vadjkeee ($238.24 in chips) 
Seat 2: Mcknight888 ($106.66 in chips) 
Seat 4: Pigumelis ($149.09 in chips) 
Seat 5: derek5858 ($100 in chips) 
Seat 6: Edi131313 ($23.67 in chips) 
derek5858: posts small blind $0.50
Edi131313: posts big blind $1
*** HOLE CARDS ***
vadjkeee: folds 
Mcknight888: calls $1
Pigumelis: raises $2 to $3
derek5858: folds 
Edi131313: folds 
Mcknight888: calls $2
*** FLOP *** [Jc Ac 7c]
Mcknight888: bets $6
BGS013 joins the table at seat #3 
Pigumelis: folds 
Uncalled bet ($6) returned to Mcknight888
Mcknight888 collected $7.12 from pot
Mcknight888: doesn't show hand 
*** SUMMARY ***
Total pot $7.50 | Rake $0.38 
Board [Jc Ac 7c]
Seat 1: vadjkeee folded before Flop (didn't bet)
Seat 2: Mcknight888 collected ($7.12)
Seat 4: Pigumelis (button) folded on the Flop
Seat 5: derek5858 (small blind) folded before Flop
Seat 6: Edi131313 (big blind) folded before Flop



PokerStars Hand #254438384945:  Hold'em No Limit ($0.50/$1.00 USD) - 2025/01/18 21:52:20 WET [2025/01/18 16:52:20 ET]
Table 'Echepolos IV' 6-max Seat #5 is the button
Seat 3: BGS013 ($100 in chips) is sitting out
Seat 1: vadjkeee ($238.24 in chips) 
Seat 2: Mcknight888 ($110.78 in chips) 
Seat 4: Pigumelis ($146.09 in chips) 
Seat 5: derek5858 ($100 in chips) 
Seat 6: Edi131313 ($22.67 in chips) 
Edi131313: posts small blind $0.50
vadjkeee: posts big blind $1
BGS013: sits out 
*** HOLE CARDS ***
Mcknight888 has timed out
Mcknight888: folds 
Pigumelis: raises $1.10 to $2.10
derek5858: folds 
Edi131313: folds 
vadjkeee: calls $1.10
*** FLOP *** [2s 3s 4s]
vadjkeee: checks 
Pigumelis: bets $1.12
vadjkeee: folds 
Uncalled bet ($1.12) returned to Pigumelis
Pigumelis collected $4.46 from pot
Pigumelis: doesn't show hand 
*** SUMMARY ***
Total pot $4.70 | Rake $0.24 
Board [2s 3s 4s]
Seat 3: BGS013
Seat 1: vadjkeee (big blind) folded on the Flop
Seat 2: Mcknight888 folded before Flop (didn't bet)
Seat 4: Pigumelis collected ($4.46)
Seat 5: derek5858 (button) folded before Flop (didn't bet)
Seat 6: Edi131313 (small blind) folded before Flop



PokerStars Hand #254438400994:  Hold'em No Limit ($0.50/$1.00 USD) - 2025/01/18 21:53:15 WET [2025/01/18 16:53:15 ET]
Table 'Echepolos IV' 6-max Seat #6 is the button
Seat 3: BGS013 ($100 in chips) is sitting out
Seat 1: vadjkeee ($236.14 in chips) 
Seat 2: Mcknight888 ($110.78 in chips) 
Seat 4: Pigumelis ($148.45 in chips) 
Seat 5: derek5858 ($100 in chips) 
Seat 6: Edi131313 ($22.17 in chips) 
vadjkeee: posts small blind $0.50
Mcknight888: posts big blind $1
BGS013: sits out 
*** HOLE CARDS ***
Pigumelis: folds 
derek5858: folds 
Edi131313: raises $1 to $2
vadjkeee: raises $5 to $7
Mcknight888: folds 
Edi131313: calls $5
*** FLOP *** [2d 2c Ad]
vadjkeee: bets $3.56
Edi131313: calls $3.56
*** TURN *** [2d 2c Ad] [Kc]
vadjkeee: bets $15.76
Edi131313: calls $11.61 and is all-in
Uncalled bet ($4.15) returned to vadjkeee
*** RIVER *** [2d 2c Ad Kc] [6c]
*** SHOW DOWN ***
vadjkeee: shows [Qs Kd] (two pair, Kings and Deuces)
Edi131313: shows [4d 7d] (a pair of Deuces)
vadjkeee collected $43.07 from pot
*** SUMMARY ***
Total pot $45.34 | Rake $2.27 
Board [2d 2c Ad Kc 6c]
Seat 3: BGS013
Seat 1: vadjkeee (small blind) showed [Qs Kd] and won ($43.07) with two pair, Kings and Deuces
Seat 2: Mcknight888 (big blind) folded before Flop
Seat 4: Pigumelis folded before Flop (didn't bet)
Seat 5: derek5858 folded before Flop (didn't bet)
Seat 6: Edi131313 (button) showed [4d 7d] and lost with a pair of Deuces



PokerStars Hand #254438412841:  Hold'em No Limit ($0.50/$1.00 USD) - 2025/01/18 21:53:56 WET [2025/01/18 16:53:56 ET]
Table 'Echepolos IV' 6-max Seat #1 is the button
Seat 6: Edi131313 ($0 in chips) is sitting out
Seat 1: vadjkeee ($257.04 in chips) 
Seat 2: Mcknight888 ($109.78 in chips) 
Seat 3: BGS013 ($100 in chips) 
Seat 4: Pigumelis ($148.45 in chips) 
Seat 5: derek5858 ($100 in chips) 
Mcknight888: posts small blind $0.50
BGS013: posts big blind $1
*** HOLE CARDS ***
Pigumelis: raises $1.10 to $2.10
Edi131313 leaves the table
derek5858: folds 
vadjkeee: raises $5.90 to $8
Mcknight888: folds 
BGS013: folds 
Pigumelis: raises $16 to $24
vadjkeee: calls $16
*** FLOP *** [Js 4d 4c]
BGS013 leaves the table
p0pa4poker joins the table at seat #3 
Pigumelis: bets $15.52
vadjkeee: calls $15.52
*** TURN *** [Js 4d 4c] [Jc]
Pigumelis: checks 
vadjkeee: bets $13.33
Pigumelis: calls $13.33
*** RIVER *** [Js 4d 4c Jc] [6c]
Pigumelis: checks 
vadjkeee: checks 
*** SHOW DOWN ***
Pigumelis: shows [Ks Kd] (two pair, Kings and Jacks)
vadjkeee: mucks hand 
Pigumelis collected $104.70 from pot
*** SUMMARY ***
Total pot $107.20 | Rake $2.50 
Board [Js 4d 4c Jc 6c]
Seat 6: Edi131313
Seat 1: vadjkeee (button) mucked
Seat 2: Mcknight888 (small blind) folded before Flop
Seat 3: BGS013 (big blind) folded before Flop
Seat 4: Pigumelis showed [Ks Kd] and won ($104.70) with two pair, Kings and Jacks
Seat 5: derek5858 folded before Flop (didn't bet)



PokerStars Hand #254438436956:  Hold'em No Limit ($0.50/$1.00 USD) - 2025/01/18 21:55:24 WET [2025/01/18 16:55:24 ET]
Table 'Echepolos IV' 6-max Seat #2 is the button
Seat 3: p0pa4poker ($100 in chips) is sitting out
Seat 1: vadjkeee ($204.19 in chips) 
Seat 2: Mcknight888 ($109.28 in chips) 
Seat 4: Pigumelis ($200.30 in chips) 
Seat 5: derek5858 ($100 in chips) 
Pigumelis: posts small blind $0.50
derek5858: posts big blind $1
*** HOLE CARDS ***
JonnyAces7 joins the table at seat #6 
JonnyAces7 is disconnected 
vadjkeee: raises $1.50 to $2.50
Mcknight888: calls $2.50
Pigumelis: folds 
derek5858: calls $1.50
*** FLOP *** [4c 2h Kd]
derek5858: checks 
vadjkeee: bets $1.90
Mcknight888: calls $1.90
derek5858: calls $1.90
*** TURN *** [4c 2h Kd] [Js]
derek5858: checks 
vadjkeee: checks 
JonnyAces7 leaves the table
Mcknight888: checks 
*** RIVER *** [4c 2h Kd Js] [Th]
derek5858: checks 
vadjkeee: checks 
Mcknight888: bets $11
canibal27 joins the table at seat #6 
derek5858: folds 
vadjkeee: folds 
Uncalled bet ($11) returned to Mcknight888
Mcknight888 collected $13.02 from pot
Mcknight888: doesn't show hand 
*** SUMMARY ***
Total pot $13.70 | Rake $0.68 
Board [4c 2h Kd Js Th]
Seat 3: p0pa4poker
Seat 1: vadjkeee folded on the River
Seat 2: Mcknight888 (button) collected ($13.02)
Seat 4: Pigumelis (small blind) folded before Flop
Seat 5: derek5858 (big blind) folded on the River



PokerStars Hand #254438454420:  Hold'em No Limit ($0.50/$1.00 USD) - 2025/01/18 21:56:50 WET [2025/01/18 16:56:50 ET]
Table 'Echepolos IV' 6-max Seat #4 is the button
Seat 3: p0pa4poker ($100 in chips) is sitting out
Seat 1: vadjkeee ($199.79 in chips) 
Seat 2: Mcknight888 ($117.90 in chips) 
Seat 4: Pigumelis ($199.80 in chips) 
Seat 5: derek5858 ($100 in chips) 
Seat 6: canibal27 ($100 in chips) 
derek5858: posts small blind $0.50
canibal27: posts big blind $1
p0pa4poker: sits out 
*** HOLE CARDS ***
vadjkeee: folds 
Mcknight888: folds 
Pigumelis: folds 
derek5858: folds 
Uncalled bet ($0.50) returned to canibal27
canibal27 collected $1 from pot
canibal27: doesn't show hand 
*** SUMMARY ***
Total pot $1 | Rake $0 
Seat 3: p0pa4poker
Seat 1: vadjkeee folded before Flop (didn't bet)
Seat 2: Mcknight888 folded before Flop (didn't bet)
Seat 4: Pigumelis (button) folded before Flop (didn't bet)
Seat 5: derek5858 (small blind) folded before Flop
Seat 6: canibal27 (big blind) collected ($1)



PokerStars Hand #254438456575:  Hold'em No Limit ($0.50/$1.00 USD) - 2025/01/18 21:57:00 WET [2025/01/18 16:57:00 ET]
Table 'Echepolos IV' 6-max Seat #5 is the button
Seat 1: vadjkeee ($199.79 in chips) is sitting out
Seat 3: p0pa4poker ($100 in chips) is sitting out
Seat 2: Mcknight888 ($117.90 in chips) 
Seat 4: Pigumelis ($199.80 in chips) 
Seat 5: derek5858 ($100 in chips) 
Seat 6: canibal27 ($100.50 in chips) 
canibal27: posts small blind $0.50
vadjkeee: is sitting out 
Mcknight888: posts big blind $1
p0pa4poker: sits out 
*** HOLE CARDS ***
vadjkeee leaves the table
Pigumelis: raises $1.10 to $2.10
derek5858: raises $3.99 to $6.09
canibal27: folds 
Mcknight888: calls $5.09
Pigumelis: calls $3.99
*** FLOP *** [5c 8c Th]
Mcknight888: checks 
Pigumelis: checks 
derek5858: bets $8.92
Mcknight888: calls $8.92
Pigumelis: folds 
*** TURN *** [5c 8c Th] [8h]
Mcknight888: checks 
derek5858: bets $10.68
Mcknight888: calls $10.68
*** RIVER *** [5c 8c Th 8h] [Ks]
Mcknight888: checks 
derek5858: checks 
*** SHOW DOWN ***
Mcknight888: shows [6c 6d] (two pair, Eights and Sixes)
derek5858: shows [Jc Td] (two pair, Tens and Eights)
derek5858 collected $56.97 from pot
*** SUMMARY ***
Total pot $57.97 | Rake $1 
Board [5c 8c Th 8h Ks]
Seat 1: vadjkeee
Seat 3: p0pa4poker
Seat 2: Mcknight888 (big blind) showed [6c 6d] and lost with two pair, Eights and Sixes
Seat 4: Pigumelis folded on the Flop
Seat 5: derek5858 (button) showed [Jc Td] and won ($56.97) with two pair, Tens and Eights
Seat 6: canibal27 (small blind) folded before Flop



PokerStars Hand #254438469907:  Hold'em No Limit ($0.50/$1.00 USD) - 2025/01/18 21:58:06 WET [2025/01/18 16:58:06 ET]
Table 'Echepolos IV' 6-max Seat #6 is the button
Seat 2: Mcknight888 ($92.21 in chips) 
Seat 3: p0pa4poker ($100 in chips) 
Seat 4: Pigumelis ($193.71 in chips) 
Seat 5: derek5858 ($131.28 in chips) 
Seat 6: canibal27 ($100 in chips) 
Mcknight888: posts small blind $0.50
p0pa4poker: posts big blind $1
*** HOLE CARDS ***
Pigumelis: folds 
derek5858: folds 
canibal27: raises $1.50 to $2.50
Mcknight888: folds 
p0pa4poker: folds 
Uncalled bet ($1.50) returned to canibal27
Mcknight888 leaves the table
canibal27 collected $2.50 from pot
canibal27: doesn't show hand 
*** SUMMARY ***
Total pot $2.50 | Rake $0 
Seat 2: Mcknight888 (small blind) folded before Flop
Seat 3: p0pa4poker (big blind) folded before Flop
Seat 4: Pigumelis folded before Flop (didn't bet)
Seat 5: derek5858 folded before Flop (didn't bet)
Seat 6: canibal27 (button) collected ($2.50)



PokerStars Hand #254438473036:  Hold'em No Limit ($0.50/$1.00 USD) - 2025/01/18 21:58:21 WET [2025/01/18 16:58:21 ET]
Table 'Echepolos IV' 6-max Seat #3 is the button
Seat 3: p0pa4poker ($99 in chips) 
Seat 4: Pigumelis ($193.71 in chips) 
Seat 5: derek5858 ($131.28 in chips) 
Seat 6: canibal27 ($101.50 in chips) 
Pigumelis: posts small blind $0.50
derek5858: posts big blind $1
*** HOLE CARDS ***
canibal27: folds 
p0pa4poker: folds 
Pigumelis: folds 
Uncalled bet ($0.50) returned to derek5858
derek5858 collected $1 from pot
*** SUMMARY ***
Total pot $1 | Rake $0 
Seat 3: p0pa4poker (button) folded before Flop (didn't bet)
Seat 4: Pigumelis (small blind) folded before Flop
Seat 5: derek5858 (big blind) collected ($1)
Seat 6: canibal27 folded before Flop (didn't bet)



PokerStars Hand #254438474603:  Hold'em No Limit ($0.50/$1.00 USD) - 2025/01/18 21:58:28 WET [2025/01/18 16:58:28 ET]
Table 'Echepolos IV' 6-max Seat #4 is the button
Seat 3: p0pa4poker ($100 in chips) 
Seat 4: Pigumelis ($193.21 in chips) 
Seat 5: derek5858 ($131.78 in chips) 
Seat 6: canibal27 ($101.50 in chips) 
derek5858: posts small blind $0.50
canibal27: posts big blind $1
*** HOLE CARDS ***
p0pa4poker: folds 
Pigumelis: folds 
derek5858: folds 
Uncalled bet ($0.50) returned to canibal27
p0pa4poker leaves the table
canibal27 collected $1 from pot
canibal27: doesn't show hand 
*** SUMMARY ***
Total pot $1 | Rake $0 
Seat 3: p0pa4poker folded before Flop (didn't bet)
Seat 4: Pigumelis (button) folded before Flop (didn't bet)
Seat 5: derek5858 (small blind) folded before Flop
Seat 6: canibal27 (big blind) collected ($1)



PokerStars Hand #254438476866:  Hold'em No Limit ($0.50/$1.00 USD) - 2025/01/18 21:58:40 WET [2025/01/18 16:58:40 ET]
Table 'Echepolos IV' 6-max Seat #5 is the button
Seat 4: Pigumelis ($193.21 in chips) 
Seat 5: derek5858 ($131.28 in chips) 
Seat 6: canibal27 ($102 in chips) 
canibal27: posts small blind $0.50
Pigumelis: posts big blind $1
*** HOLE CARDS ***
derek5858: folds 
canibal27: raises $2 to $3
Pigumelis: folds 
Uncalled bet ($2) returned to canibal27
canibal27 collected $2 from pot
canibal27: doesn't show hand 
*** SUMMARY ***
Total pot $2 | Rake $0 
Seat 4: Pigumelis (big blind) folded before Flop
Seat 5: derek5858 (button) folded before Flop (didn't bet)
Seat 6: canibal27 (small blind) collected ($2)



PokerStars Hand #254438479439:  Hold'em No Limit ($0.50/$1.00 USD) - 2025/01/18 21:58:52 WET [2025/01/18 16:58:52 ET]
Table 'Echepolos IV' 6-max Seat #6 is the button
Seat 4: Pigumelis ($192.21 in chips) 
Seat 5: derek5858 ($131.28 in chips) 
Seat 6: canibal27 ($103 in chips) 
Pigumelis: posts small blind $0.50
derek5858: posts big blind $1
*** HOLE CARDS ***
canibal27: raises $1.50 to $2.50
Pigumelis: folds 
derek5858: folds 
Uncalled bet ($1.50) returned to canibal27
canibal27 collected $2.50 from pot
canibal27: doesn't show hand 
*** SUMMARY ***
Total pot $2.50 | Rake $0 
Seat 4: Pigumelis (small blind) folded before Flop
Seat 5: derek5858 (big blind) folded before Flop
Seat 6: canibal27 (button) collected ($2.50)



PokerStars Hand #254438482028:  Hold'em No Limit ($0.50/$1.00 USD) - 2025/01/18 21:59:05 WET [2025/01/18 16:59:05 ET]
Table 'Echepolos IV' 6-max Seat #4 is the button
Seat 4: Pigumelis ($191.71 in chips) 
Seat 5: derek5858 ($130.28 in chips) 
Seat 6: canibal27 ($104.50 in chips) 
derek5858: posts small blind $0.50
canibal27: posts big blind $1
*** HOLE CARDS ***
Pigumelis: raises $1.50 to $2.50
derek5858: folds 
canibal27: folds 
Uncalled bet ($1.50) returned to Pigumelis
Pigumelis collected $2.50 from pot
Pigumelis: doesn't show hand 
*** SUMMARY ***
Total pot $2.50 | Rake $0 
Seat 4: Pigumelis (button) collected ($2.50)
Seat 5: derek5858 (small blind) folded before Flop
Seat 6: canibal27 (big blind) folded before Flop



PokerStars Hand #254438484137:  Hold'em No Limit ($0.50/$1.00 USD) - 2025/01/18 21:59:15 WET [2025/01/18 16:59:15 ET]
Table 'Echepolos IV' 6-max Seat #5 is the button
Seat 4: Pigumelis ($193.21 in chips) 
Seat 5: derek5858 ($129.78 in chips) 
Seat 6: canibal27 ($103.50 in chips) 
canibal27: posts small blind $0.50
Pigumelis: posts big blind $1
*** HOLE CARDS ***
derek5858: raises $1.50 to $2.50
canibal27: folds 
Pigumelis: folds 
Uncalled bet ($1.50) returned to derek5858
derek5858 collected $2.50 from pot
*** SUMMARY ***
Total pot $2.50 | Rake $0 
Seat 4: Pigumelis (big blind) folded before Flop
Seat 5: derek5858 (button) collected ($2.50)
Seat 6: canibal27 (small blind) folded before Flop



PokerStars Hand #254438487482:  Hold'em No Limit ($0.50/$1.00 USD) - 2025/01/18 21:59:31 WET [2025/01/18 16:59:31 ET]
Table 'Echepolos IV' 6-max Seat #6 is the button
Seat 4: Pigumelis ($192.21 in chips) 
Seat 5: derek5858 ($131.28 in chips) 
Seat 6: canibal27 ($103 in chips) 
Pigumelis: posts small blind $0.50
derek5858: posts big blind $1
*** HOLE CARDS ***
canibal27: folds 
Pigumelis: folds 
Uncalled bet ($0.50) returned to derek5858
derek5858 collected $1 from pot
*** SUMMARY ***
Total pot $1 | Rake $0 
Seat 4: Pigumelis (small blind) folded before Flop
Seat 5: derek5858 (big blind) collected ($1)
Seat 6: canibal27 (button) folded before Flop (didn't bet)



PokerStars Hand #254438488941:  Hold'em No Limit ($0.50/$1.00 USD) - 2025/01/18 21:59:38 WET [2025/01/18 16:59:38 ET]
Table 'Echepolos IV' 6-max Seat #4 is the button
Seat 4: Pigumelis ($191.71 in chips) 
Seat 5: derek5858 ($131.78 in chips) 
Seat 6: canibal27 ($103 in chips) 
derek5858: posts small blind $0.50
canibal27: posts big blind $1
*** HOLE CARDS ***
Pigumelis: folds 
derek5858: folds 
Uncalled bet ($0.50) returned to canibal27
canibal27 collected $1 from pot
canibal27: doesn't show hand 
*** SUMMARY ***
Total pot $1 | Rake $0 
Seat 4: Pigumelis (button) folded before Flop (didn't bet)
Seat 5: derek5858 (small blind) folded before Flop
Seat 6: canibal27 (big blind) collected ($1)



PokerStars Hand #254438491116:  Hold'em No Limit ($0.50/$1.00 USD) - 2025/01/18 21:59:48 WET [2025/01/18 16:59:48 ET]
Table 'Echepolos IV' 6-max Seat #5 is the button
Seat 4: Pigumelis ($191.71 in chips) 
Seat 5: derek5858 ($131.28 in chips) 
Seat 6: canibal27 ($103.50 in chips) 
canibal27: posts small blind $0.50
Pigumelis: posts big blind $1
*** HOLE CARDS ***
derek5858: folds 
derek5858 leaves the table
canibal27: raises $2 to $3
Pigumelis: raises $6 to $9
canibal27: calls $6
*** FLOP *** [7s 4s Ad]
canibal27: checks 
Pigumelis: bets $5.64
canibal27: calls $5.64
*** TURN *** [7s 4s Ad] [7c]
canibal27: checks 
Pigumelis: checks 
*** RIVER *** [7s 4s Ad 7c] [Td]
canibal27: checks 
Pigumelis: checks 
*** SHOW DOWN ***
canibal27: shows [9c 9d] (two pair, Nines and Sevens)
Pigumelis: shows [Ac 5d] (two pair, Aces and Sevens)
Pigumelis collected $28.28 from pot
*** SUMMARY ***
Total pot $29.28 | Rake $1 
Board [7s 4s Ad 7c Td]
Seat 4: Pigumelis (big blind) showed [Ac 5d] and won ($28.28) with two pair, Aces and Sevens
Seat 5: derek5858 (button) folded before Flop (didn't bet)
Seat 6: canibal27 (small blind) showed [9c 9d] and lost with two pair, Nines and Sevens



