PokerStars Hand #254432032839:  Hold'em No Limit ($0.50/$1.00 USD) - 2025/01/18 15:24:58 WET [2025/01/18 10:24:58 ET]
Table 'Glaukos IV' 6-max Seat #6 is the button
Seat 1: BGS013 ($100 in chips) 
Seat 2: gig.gyty ($100 in chips) 
Seat 5: tobeblack ($100 in chips) 
Seat 6: nastja336 ($101.50 in chips) 
BGS013: posts small blind $0.50
gig.gyty: posts big blind $1
*** HOLE CARDS ***
Burlica2013 joins the table at seat #3 
tobeblack: folds 
Zvst joins the table at seat #4 
nastja336: folds 
BGS013: folds 
Uncalled bet ($0.50) returned to gig.gyty
gig.gyty collected $1 from pot
gig.gyty: doesn't show hand 
*** SUMMARY ***
Total pot $1 | Rake $0 
Seat 1: BGS013 (small blind) folded before Flop
Seat 2: gig.gyty (big blind) collected ($1)
Seat 5: tobeblack folded before Flop (didn't bet)
Seat 6: nastja336 (button) folded before Flop (didn't bet)



PokerStars Hand #254432034982:  Hold'em No Limit ($0.50/$1.00 USD) - 2025/01/18 15:25:08 WET [2025/01/18 10:25:08 ET]
Table 'Glaukos IV' 6-max Seat #1 is the button
Seat 4: Zvst ($100 in chips) is sitting out
Seat 1: BGS013 ($100 in chips) 
Seat 2: gig.gyty ($100.50 in chips) 
Seat 3: Burlica2013 ($100 in chips) 
Seat 5: tobeblack ($100 in chips) 
Seat 6: nastja336 ($101.50 in chips) 
gig.gyty: posts small blind $0.50
Burlica2013: posts big blind $1
Zvst: sits out 
*** HOLE CARDS ***
tobeblack: raises $2 to $3
nastja336: folds 
BGS013: raises $6 to $9
gig.gyty: folds 
Burlica2013: folds 
tobeblack: calls $6
*** FLOP *** [3d 2h 6c]
tobeblack: checks 
BGS013: bets $10.19
tobeblack: folds 
Uncalled bet ($10.19) returned to BGS013
BGS013 collected $18.52 from pot
BGS013: doesn't show hand 
*** SUMMARY ***
Total pot $19.50 | Rake $0.98 
Board [3d 2h 6c]
Seat 4: Zvst
Seat 1: BGS013 (button) collected ($18.52)
Seat 2: gig.gyty (small blind) folded before Flop
Seat 3: Burlica2013 (big blind) folded before Flop
Seat 5: tobeblack folded on the Flop
Seat 6: nastja336 folded before Flop (didn't bet)



PokerStars Hand #254432041167:  Hold'em No Limit ($0.50/$1.00 USD) - 2025/01/18 15:25:35 WET [2025/01/18 10:25:35 ET]
Table 'Glaukos IV' 6-max Seat #2 is the button
Seat 1: BGS013 ($109.52 in chips) 
Seat 2: gig.gyty ($100 in chips) 
Seat 3: Burlica2013 ($100 in chips) 
Seat 4: Zvst ($100 in chips) 
Seat 5: tobeblack ($100 in chips) 
Seat 6: nastja336 ($101.50 in chips) 
Burlica2013: posts small blind $0.50
Zvst: posts big blind $1
*** HOLE CARDS ***
tobeblack: folds 
nastja336: folds 
BGS013: folds 
gig.gyty: folds 
Burlica2013: folds 
Uncalled bet ($0.50) returned to Zvst
Zvst collected $1 from pot
Zvst: doesn't show hand 
*** SUMMARY ***
Total pot $1 | Rake $0 
Seat 1: BGS013 folded before Flop (didn't bet)
Seat 2: gig.gyty (button) folded before Flop (didn't bet)
Seat 3: Burlica2013 (small blind) folded before Flop
Seat 4: Zvst (big blind) collected ($1)
Seat 5: tobeblack folded before Flop (didn't bet)
Seat 6: nastja336 folded before Flop (didn't bet)



PokerStars Hand #254432043345:  Hold'em No Limit ($0.50/$1.00 USD) - 2025/01/18 15:25:45 WET [2025/01/18 10:25:45 ET]
Table 'Glaukos IV' 6-max Seat #3 is the button
Seat 1: BGS013 ($109.52 in chips) 
Seat 2: gig.gyty ($100 in chips) 
Seat 3: Burlica2013 ($100 in chips) 
Seat 4: Zvst ($100.50 in chips) 
Seat 5: tobeblack ($100 in chips) 
Seat 6: nastja336 ($101.50 in chips) 
Zvst: posts small blind $0.50
tobeblack: posts big blind $1
*** HOLE CARDS ***
nastja336: raises $1.50 to $2.50
BGS013: folds 
gig.gyty: folds 
Burlica2013: folds 
Zvst: folds 
tobeblack: calls $1.50
*** FLOP *** [8d 7c Js]
tobeblack: checks 
nastja336: bets $4.80
tobeblack: calls $4.80
*** TURN *** [8d 7c Js] [Jd]
tobeblack: checks 
nastja336: checks 
*** RIVER *** [8d 7c Js Jd] [9d]
tobeblack: bets $5.17
nastja336: calls $5.17
*** SHOW DOWN ***
tobeblack: shows [5c 5d] (two pair, Jacks and Fives)
nastja336: shows [As Ac] (two pair, Aces and Jacks)
nastja336 collected $24.17 from pot
*** SUMMARY ***
Total pot $25.44 | Rake $1.27 
Board [8d 7c Js Jd 9d]
Seat 1: BGS013 folded before Flop (didn't bet)
Seat 2: gig.gyty folded before Flop (didn't bet)
Seat 3: Burlica2013 (button) folded before Flop (didn't bet)
Seat 4: Zvst (small blind) folded before Flop
Seat 5: tobeblack (big blind) showed [5c 5d] and lost with two pair, Jacks and Fives
Seat 6: nastja336 showed [As Ac] and won ($24.17) with two pair, Aces and Jacks



PokerStars Hand #254432051934:  Hold'em No Limit ($0.50/$1.00 USD) - 2025/01/18 15:26:23 WET [2025/01/18 10:26:23 ET]
Table 'Glaukos IV' 6-max Seat #4 is the button
Seat 6: nastja336 ($113.20 in chips) is sitting out
Seat 1: BGS013 ($109.52 in chips) 
Seat 2: gig.gyty ($100 in chips) 
Seat 3: Burlica2013 ($100 in chips) 
Seat 4: Zvst ($100 in chips) 
Seat 5: tobeblack ($100 in chips) 
tobeblack: posts small blind $0.50
BGS013: posts big blind $1
*** HOLE CARDS ***
gig.gyty: raises $1.25 to $2.25
nastja336 leaves the table
Burlica2013: folds 
Zvst: folds 
tobeblack: calls $1.75
BGS013: calls $1.25
*** FLOP *** [Ad 8d 3h]
tobeblack: checks 
BGS013: checks 
gig.gyty: bets $2.12
tobeblack: folds 
BGS013: calls $2.12
*** TURN *** [Ad 8d 3h] [8s]
BGS013: checks 
gig.gyty: checks 
*** RIVER *** [Ad 8d 3h 8s] [Kc]
BGS013: checks 
gig.gyty: checks 
*** SHOW DOWN ***
BGS013: shows [Ac 4c] (two pair, Aces and Eights)
gig.gyty: mucks hand 
BGS013 collected $10.44 from pot
*** SUMMARY ***
Total pot $10.99 | Rake $0.55 
Board [Ad 8d 3h 8s Kc]
Seat 6: nastja336
Seat 1: BGS013 (big blind) showed [Ac 4c] and won ($10.44) with two pair, Aces and Eights
Seat 2: gig.gyty mucked
Seat 3: Burlica2013 folded before Flop (didn't bet)
Seat 4: Zvst (button) folded before Flop (didn't bet)
Seat 5: tobeblack (small blind) folded on the Flop



PokerStars Hand #254432065772:  Hold'em No Limit ($0.50/$1.00 USD) - 2025/01/18 15:27:23 WET [2025/01/18 10:27:23 ET]
Table 'Glaukos IV' 6-max Seat #5 is the button
Seat 1: BGS013 ($115.59 in chips) 
Seat 2: gig.gyty ($100 in chips) 
Seat 3: Burlica2013 ($100 in chips) 
Seat 4: Zvst ($100 in chips) 
Seat 5: tobeblack ($100 in chips) 
BGS013: posts small blind $0.50
gig.gyty: posts big blind $1
*** HOLE CARDS ***
Burlica2013: folds 
Zvst: raises $1.50 to $2.50
tobeblack: raises $3.50 to $6
BGS013: folds 
gig.gyty: folds 
Zvst: folds 
Uncalled bet ($3.50) returned to tobeblack
tobeblack collected $6.50 from pot
tobeblack: doesn't show hand 
*** SUMMARY ***
Total pot $6.50 | Rake $0 
Seat 1: BGS013 (small blind) folded before Flop
Seat 2: gig.gyty (big blind) folded before Flop
Seat 3: Burlica2013 folded before Flop (didn't bet)
Seat 4: Zvst folded before Flop
Seat 5: tobeblack (button) collected ($6.50)



PokerStars Hand #254432070480:  Hold'em No Limit ($0.50/$1.00 USD) - 2025/01/18 15:27:43 WET [2025/01/18 10:27:43 ET]
Table 'Glaukos IV' 6-max Seat #1 is the button
Seat 1: BGS013 ($115.09 in chips) 
Seat 2: gig.gyty ($100 in chips) 
Seat 3: Burlica2013 ($100 in chips) 
Seat 4: Zvst ($100 in chips) 
Seat 5: tobeblack ($104 in chips) 
gig.gyty: posts small blind $0.50
Burlica2013: posts big blind $1
*** HOLE CARDS ***
Zvst: raises $1 to $2
tobeblack: folds 
BGS013: folds 
gig.gyty: folds 
Sadyhov V.V. joins the table at seat #6 
Burlica2013: folds 
Uncalled bet ($1) returned to Zvst
Zvst collected $2.50 from pot
Zvst: doesn't show hand 
*** SUMMARY ***
Total pot $2.50 | Rake $0 
Seat 1: BGS013 (button) folded before Flop (didn't bet)
Seat 2: gig.gyty (small blind) folded before Flop
Seat 3: Burlica2013 (big blind) folded before Flop
Seat 4: Zvst collected ($2.50)
Seat 5: tobeblack folded before Flop (didn't bet)



PokerStars Hand #254432072441:  Hold'em No Limit ($0.50/$1.00 USD) - 2025/01/18 15:27:52 WET [2025/01/18 10:27:52 ET]
Table 'Glaukos IV' 6-max Seat #2 is the button
Seat 4: Zvst ($101.50 in chips) is sitting out
Seat 6: Sadyhov V.V. ($100 in chips) is sitting out
Seat 1: BGS013 ($115.09 in chips) 
Seat 2: gig.gyty ($100 in chips) 
Seat 3: Burlica2013 ($100 in chips) 
Seat 5: tobeblack ($104 in chips) 
Burlica2013: posts small blind $0.50
Zvst: is sitting out 
tobeblack: posts big blind $1
Sadyhov V.V.: sits out 
*** HOLE CARDS ***
BGS013: folds 
gig.gyty: folds 
Burlica2013: folds 
Uncalled bet ($0.50) returned to tobeblack
Zvst leaves the table
tobeblack collected $1 from pot
tobeblack: doesn't show hand 
*** SUMMARY ***
Total pot $1 | Rake $0 
Seat 4: Zvst
Seat 6: Sadyhov V.V.
Seat 1: BGS013 folded before Flop (didn't bet)
Seat 2: gig.gyty (button) folded before Flop (didn't bet)
Seat 3: Burlica2013 (small blind) folded before Flop
Seat 5: tobeblack (big blind) collected ($1)



PokerStars Hand #254432073871:  Hold'em No Limit ($0.50/$1.00 USD) - 2025/01/18 15:27:58 WET [2025/01/18 10:27:58 ET]
Table 'Glaukos IV' 6-max Seat #3 is the button
Seat 1: BGS013 ($115.09 in chips) 
Seat 2: gig.gyty ($100 in chips) 
Seat 3: Burlica2013 ($100 in chips) 
Seat 5: tobeblack ($104.50 in chips) 
Seat 6: Sadyhov V.V. ($100 in chips) 
tobeblack: posts small blind $0.50
Sadyhov V.V.: posts big blind $1
*** HOLE CARDS ***
BGS013: raises $1 to $2
gig.gyty: folds 
Burlica2013: folds 
tobeblack: folds 
Sadyhov V.V.: folds 
Uncalled bet ($1) returned to BGS013
BGS013 collected $2.50 from pot
BGS013: doesn't show hand 
*** SUMMARY ***
Total pot $2.50 | Rake $0 
Seat 1: BGS013 collected ($2.50)
Seat 2: gig.gyty folded before Flop (didn't bet)
Seat 3: Burlica2013 (button) folded before Flop (didn't bet)
Seat 5: tobeblack (small blind) folded before Flop
Seat 6: Sadyhov V.V. (big blind) folded before Flop



PokerStars Hand #254432076593:  Hold'em No Limit ($0.50/$1.00 USD) - 2025/01/18 15:28:10 WET [2025/01/18 10:28:10 ET]
Table 'Glaukos IV' 6-max Seat #5 is the button
Seat 1: BGS013 ($116.59 in chips) 
Seat 2: gig.gyty ($100 in chips) 
Seat 3: Burlica2013 ($100 in chips) 
Seat 5: tobeblack ($104 in chips) 
Seat 6: Sadyhov V.V. ($100 in chips) 
Sadyhov V.V.: posts small blind $0.50
BGS013: posts big blind $1
*** HOLE CARDS ***
gig.gyty: raises $1.25 to $2.25
Burlica2013: folds 
tobeblack: raises $4.25 to $6.50
Sadyhov V.V.: folds 
BGS013: folds 
gig.gyty: raises $13 to $19.50
tobeblack: raises $84.50 to $104 and is all-in
gig.gyty: calls $80.50 and is all-in
Uncalled bet ($4) returned to tobeblack
*** FLOP *** [As 7c 5d]
*** TURN *** [As 7c 5d] [8c]
*** RIVER *** [As 7c 5d 8c] [Tc]
straight77777 joins the table at seat #4 
straight77777 is disconnected 
*** SHOW DOWN ***
gig.gyty: shows [Ad Kd] (a pair of Aces)
tobeblack: shows [Jh Jd] (a pair of Jacks)
gig.gyty collected $199 from pot
*** SUMMARY ***
Total pot $201.50 | Rake $2.50 
Board [As 7c 5d 8c Tc]
Seat 1: BGS013 (big blind) folded before Flop
Seat 2: gig.gyty showed [Ad Kd] and won ($199) with a pair of Aces
Seat 3: Burlica2013 folded before Flop (didn't bet)
Seat 5: tobeblack (button) showed [Jh Jd] and lost with a pair of Jacks
Seat 6: Sadyhov V.V. (small blind) folded before Flop



PokerStars Hand #254432083881:  Hold'em No Limit ($0.50/$1.00 USD) - 2025/01/18 15:28:42 WET [2025/01/18 10:28:42 ET]
Table 'Glaukos IV' 6-max Seat #6 is the button
Seat 2: gig.gyty ($199 in chips) is sitting out
Seat 4: straight77777 ($10 in chips) is sitting out
Seat 1: BGS013 ($115.59 in chips) 
Seat 3: Burlica2013 ($100 in chips) 
Seat 5: tobeblack ($100 in chips) 
Seat 6: Sadyhov V.V. ($100 in chips) 
BGS013: posts small blind $0.50
gig.gyty: is sitting out 
Burlica2013: posts big blind $1
straight77777: sits out 
*** HOLE CARDS ***
gig.gyty leaves the table
tobeblack: folds 
Sadyhov V.V.: folds 
tobeblack leaves the table
BGS013: folds 
Uncalled bet ($0.50) returned to Burlica2013
Burlica2013 collected $1 from pot
Burlica2013: doesn't show hand 
*** SUMMARY ***
Total pot $1 | Rake $0 
Seat 2: gig.gyty
Seat 4: straight77777
Seat 1: BGS013 (small blind) folded before Flop
Seat 3: Burlica2013 (big blind) collected ($1)
Seat 5: tobeblack folded before Flop (didn't bet)
Seat 6: Sadyhov V.V. (button) folded before Flop (didn't bet)



PokerStars Hand #254432086943:  Hold'em No Limit ($0.50/$1.00 USD) - 2025/01/18 15:28:55 WET [2025/01/18 10:28:55 ET]
Table 'Glaukos IV' 6-max Seat #1 is the button
Seat 1: BGS013 ($115.09 in chips) 
Seat 3: Burlica2013 ($100.50 in chips) 
Seat 4: straight77777 ($10 in chips) 
Seat 6: Sadyhov V.V. ($100 in chips) 
Burlica2013: posts small blind $0.50
straight77777: posts big blind $1
*** HOLE CARDS ***
Sadyhov V.V.: raises $1.50 to $2.50
wmarl90 joins the table at seat #2 
BGS013: folds 
wmarl90 is disconnected 
Burlica2013: folds 
straight77777: folds 
Uncalled bet ($1.50) returned to Sadyhov V.V.
VahTang_89 joins the table at seat #5 
Sadyhov V.V. collected $2.50 from pot
Sadyhov V.V.: doesn't show hand 
*** SUMMARY ***
Total pot $2.50 | Rake $0 
Seat 1: BGS013 (button) folded before Flop (didn't bet)
Seat 3: Burlica2013 (small blind) folded before Flop
Seat 4: straight77777 (big blind) folded before Flop
Seat 6: Sadyhov V.V. collected ($2.50)



PokerStars Hand #254432090101:  Hold'em No Limit ($0.50/$1.00 USD) - 2025/01/18 15:29:09 WET [2025/01/18 10:29:09 ET]
Table 'Glaukos IV' 6-max Seat #3 is the button
Seat 1: BGS013 ($115.09 in chips) 
Seat 2: wmarl90 ($100 in chips) 
Seat 3: Burlica2013 ($100 in chips) 
Seat 4: straight77777 ($9 in chips) 
Seat 5: VahTang_89 ($100 in chips) 
Seat 6: Sadyhov V.V. ($101.50 in chips) 
straight77777: posts small blind $0.50
VahTang_89: posts big blind $1
wmarl90: posts big blind $1
*** HOLE CARDS ***
Sadyhov V.V.: folds 
BGS013: folds 
wmarl90: raises $2 to $3
Burlica2013: folds 
Burlica2013 leaves the table
straight77777: raises $6 to $9 and is all-in
VahTang_89: folds 
wmarl90: folds 
Uncalled bet ($6) returned to straight77777
straight77777 collected $7 from pot
OrioNCOOL joins the table at seat #3 
*** SUMMARY ***
Total pot $7 | Rake $0 
Seat 1: BGS013 folded before Flop (didn't bet)
Seat 2: wmarl90 folded before Flop
Seat 3: Burlica2013 (button) folded before Flop (didn't bet)
Seat 4: straight77777 (small blind) collected ($7)
Seat 5: VahTang_89 (big blind) folded before Flop
Seat 6: Sadyhov V.V. folded before Flop (didn't bet)



PokerStars Hand #254432093686:  Hold'em No Limit ($0.50/$1.00 USD) - 2025/01/18 15:29:25 WET [2025/01/18 10:29:25 ET]
Table 'Glaukos IV' 6-max Seat #4 is the button
Seat 3: OrioNCOOL ($100 in chips) is sitting out
Seat 1: BGS013 ($115.09 in chips) 
Seat 2: wmarl90 ($97 in chips) 
Seat 4: straight77777 ($13 in chips) 
Seat 5: VahTang_89 ($100 in chips) 
Seat 6: Sadyhov V.V. ($101.50 in chips) 
VahTang_89: posts small blind $0.50
Sadyhov V.V.: posts big blind $1
OrioNCOOL: sits out 
*** HOLE CARDS ***
BGS013: folds 
wmarl90: raises $2 to $3
straight77777: folds 
VahTang_89: folds 
Sadyhov V.V.: folds 
Uncalled bet ($2) returned to wmarl90
wmarl90 collected $2.50 from pot
*** SUMMARY ***
Total pot $2.50 | Rake $0 
Seat 3: OrioNCOOL
Seat 1: BGS013 folded before Flop (didn't bet)
Seat 2: wmarl90 collected ($2.50)
Seat 4: straight77777 (button) folded before Flop (didn't bet)
Seat 5: VahTang_89 (small blind) folded before Flop
Seat 6: Sadyhov V.V. (big blind) folded before Flop



PokerStars Hand #254432096278:  Hold'em No Limit ($0.50/$1.00 USD) - 2025/01/18 15:29:36 WET [2025/01/18 10:29:36 ET]
Table 'Glaukos IV' 6-max Seat #5 is the button
Seat 3: OrioNCOOL ($100 in chips) is sitting out
Seat 1: BGS013 ($115.09 in chips) 
Seat 2: wmarl90 ($98.50 in chips) 
Seat 4: straight77777 ($13 in chips) 
Seat 5: VahTang_89 ($100 in chips) 
Seat 6: Sadyhov V.V. ($100.50 in chips) 
Sadyhov V.V.: posts small blind $0.50
BGS013: posts big blind $1
OrioNCOOL: sits out 
*** HOLE CARDS ***
wmarl90: raises $2 to $3
straight77777: folds 
VahTang_89: folds 
Sadyhov V.V.: folds 
BGS013: folds 
Uncalled bet ($2) returned to wmarl90
wmarl90 collected $2.50 from pot
wmarl90: doesn't show hand 
*** SUMMARY ***
Total pot $2.50 | Rake $0 
Seat 3: OrioNCOOL
Seat 1: BGS013 (big blind) folded before Flop
Seat 2: wmarl90 collected ($2.50)
Seat 4: straight77777 folded before Flop (didn't bet)
Seat 5: VahTang_89 (button) folded before Flop (didn't bet)
Seat 6: Sadyhov V.V. (small blind) folded before Flop



PokerStars Hand #254432099950:  Hold'em No Limit ($0.50/$1.00 USD) - 2025/01/18 15:29:52 WET [2025/01/18 10:29:52 ET]
Table 'Glaukos IV' 6-max Seat #6 is the button
Seat 3: OrioNCOOL ($100 in chips) is sitting out
Seat 1: BGS013 ($114.09 in chips) 
Seat 2: wmarl90 ($100 in chips) 
Seat 4: straight77777 ($13 in chips) 
Seat 5: VahTang_89 ($100 in chips) 
Seat 6: Sadyhov V.V. ($100 in chips) 
BGS013: posts small blind $0.50
wmarl90: posts big blind $1
OrioNCOOL: sits out 
*** HOLE CARDS ***
straight77777: folds 
VahTang_89: folds 
Sadyhov V.V.: raises $1.50 to $2.50
BGS013: folds 
wmarl90: calls $1.50
*** FLOP *** [Jd Tc 9d]
wmarl90: checks 
Sadyhov V.V.: bets $2.87
wmarl90: folds 
Uncalled bet ($2.87) returned to Sadyhov V.V.
Sadyhov V.V. collected $5.22 from pot
Sadyhov V.V.: doesn't show hand 
*** SUMMARY ***
Total pot $5.50 | Rake $0.28 
Board [Jd Tc 9d]
Seat 3: OrioNCOOL
Seat 1: BGS013 (small blind) folded before Flop
Seat 2: wmarl90 (big blind) folded on the Flop
Seat 4: straight77777 folded before Flop (didn't bet)
Seat 5: VahTang_89 folded before Flop (didn't bet)
Seat 6: Sadyhov V.V. (button) collected ($5.22)



PokerStars Hand #254432108342:  Hold'em No Limit ($0.50/$1.00 USD) - 2025/01/18 15:30:28 WET [2025/01/18 10:30:28 ET]
Table 'Glaukos IV' 6-max Seat #1 is the button
Seat 1: BGS013 ($113.59 in chips) 
Seat 2: wmarl90 ($97.50 in chips) 
Seat 3: OrioNCOOL ($100 in chips) 
Seat 4: straight77777 ($13 in chips) 
Seat 5: VahTang_89 ($100 in chips) 
Seat 6: Sadyhov V.V. ($102.72 in chips) 
wmarl90: posts small blind $0.50
OrioNCOOL: posts big blind $1
*** HOLE CARDS ***
straight77777: folds 
VahTang_89: folds 
Sadyhov V.V.: folds 
BGS013: folds 
wmarl90: raises $2 to $3
OrioNCOOL: folds 
Uncalled bet ($2) returned to wmarl90
wmarl90 collected $2 from pot
wmarl90: doesn't show hand 
*** SUMMARY ***
Total pot $2 | Rake $0 
Seat 1: BGS013 (button) folded before Flop (didn't bet)
Seat 2: wmarl90 (small blind) collected ($2)
Seat 3: OrioNCOOL (big blind) folded before Flop
Seat 4: straight77777 folded before Flop (didn't bet)
Seat 5: VahTang_89 folded before Flop (didn't bet)
Seat 6: Sadyhov V.V. folded before Flop (didn't bet)



PokerStars Hand #254432111955:  Hold'em No Limit ($0.50/$1.00 USD) - 2025/01/18 15:30:44 WET [2025/01/18 10:30:44 ET]
Table 'Glaukos IV' 6-max Seat #2 is the button
Seat 1: BGS013 ($113.59 in chips) 
Seat 2: wmarl90 ($98.50 in chips) 
Seat 3: OrioNCOOL ($100 in chips) 
Seat 4: straight77777 ($13 in chips) 
Seat 5: VahTang_89 ($100 in chips) 
Seat 6: Sadyhov V.V. ($102.72 in chips) 
OrioNCOOL: posts small blind $0.50
straight77777: posts big blind $1
*** HOLE CARDS ***
VahTang_89: folds 
Sadyhov V.V.: folds 
BGS013: raises $1.50 to $2.50
wmarl90: folds 
OrioNCOOL: folds 
straight77777: calls $1.50
*** FLOP *** [Qc Jd 6h]
straight77777: checks 
BGS013: checks 
*** TURN *** [Qc Jd 6h] [Ks]
straight77777: checks 
BGS013: checks 
*** RIVER *** [Qc Jd 6h Ks] [Kd]
straight77777: bets $10.50 and is all-in
BGS013: folds 
Uncalled bet ($10.50) returned to straight77777
straight77777 collected $5.22 from pot
*** SUMMARY ***
Total pot $5.50 | Rake $0.28 
Board [Qc Jd 6h Ks Kd]
Seat 1: BGS013 folded on the River
Seat 2: wmarl90 (button) folded before Flop (didn't bet)
Seat 3: OrioNCOOL (small blind) folded before Flop
Seat 4: straight77777 (big blind) collected ($5.22)
Seat 5: VahTang_89 folded before Flop (didn't bet)
Seat 6: Sadyhov V.V. folded before Flop (didn't bet)



PokerStars Hand #254432118901:  Hold'em No Limit ($0.50/$1.00 USD) - 2025/01/18 15:31:14 WET [2025/01/18 10:31:14 ET]
Table 'Glaukos IV' 6-max Seat #3 is the button
Seat 1: BGS013 ($111.09 in chips) 
Seat 2: wmarl90 ($98.50 in chips) 
Seat 3: OrioNCOOL ($100 in chips) 
Seat 4: straight77777 ($15.72 in chips) 
Seat 5: VahTang_89 ($100 in chips) 
Seat 6: Sadyhov V.V. ($102.72 in chips) 
straight77777: posts small blind $0.50
VahTang_89: posts big blind $1
*** HOLE CARDS ***
Sadyhov V.V.: folds 
BGS013: raises $1 to $2
wmarl90: folds 
OrioNCOOL: folds 
straight77777: calls $1.50
VahTang_89: raises $10.50 to $12.50
BGS013: calls $10.50
straight77777: folds 
*** FLOP *** [8c Ts Qh]
VahTang_89: checks 
BGS013: checks 
*** TURN *** [8c Ts Qh] [8d]
VahTang_89: checks 
BGS013: checks 
*** RIVER *** [8c Ts Qh 8d] [7d]
VahTang_89: checks 
BGS013: checks 
*** SHOW DOWN ***
VahTang_89: shows [Ad Ks] (a pair of Eights)
BGS013: shows [Jd Jc] (two pair, Jacks and Eights)
BGS013 collected $25.65 from pot
*** SUMMARY ***
Total pot $27 | Rake $1.35 
Board [8c Ts Qh 8d 7d]
Seat 1: BGS013 showed [Jd Jc] and won ($25.65) with two pair, Jacks and Eights
Seat 2: wmarl90 folded before Flop (didn't bet)
Seat 3: OrioNCOOL (button) folded before Flop (didn't bet)
Seat 4: straight77777 (small blind) folded before Flop
Seat 5: VahTang_89 (big blind) showed [Ad Ks] and lost with a pair of Eights
Seat 6: Sadyhov V.V. folded before Flop (didn't bet)



PokerStars Hand #254432129331:  Hold'em No Limit ($0.50/$1.00 USD) - 2025/01/18 15:31:58 WET [2025/01/18 10:31:58 ET]
Table 'Glaukos IV' 6-max Seat #4 is the button
Seat 1: BGS013 ($124.24 in chips) 
Seat 2: wmarl90 ($98.50 in chips) 
Seat 3: OrioNCOOL ($100 in chips) 
Seat 4: straight77777 ($13.72 in chips) 
Seat 5: VahTang_89 ($100 in chips) 
Seat 6: Sadyhov V.V. ($102.72 in chips) 
VahTang_89: posts small blind $0.50
Sadyhov V.V.: posts big blind $1
*** HOLE CARDS ***
BGS013: folds 
wmarl90: folds 
OrioNCOOL: folds 
straight77777: folds 
VahTang_89: folds 
Uncalled bet ($0.50) returned to Sadyhov V.V.
Sadyhov V.V. collected $1 from pot
Sadyhov V.V.: doesn't show hand 
*** SUMMARY ***
Total pot $1 | Rake $0 
Seat 1: BGS013 folded before Flop (didn't bet)
Seat 2: wmarl90 folded before Flop (didn't bet)
Seat 3: OrioNCOOL folded before Flop (didn't bet)
Seat 4: straight77777 (button) folded before Flop (didn't bet)
Seat 5: VahTang_89 (small blind) folded before Flop
Seat 6: Sadyhov V.V. (big blind) collected ($1)



PokerStars Hand #254432131657:  Hold'em No Limit ($0.50/$1.00 USD) - 2025/01/18 15:32:08 WET [2025/01/18 10:32:08 ET]
Table 'Glaukos IV' 6-max Seat #5 is the button
Seat 1: BGS013 ($124.24 in chips) 
Seat 2: wmarl90 ($98.50 in chips) 
Seat 3: OrioNCOOL ($100 in chips) 
Seat 4: straight77777 ($13.72 in chips) 
Seat 5: VahTang_89 ($100 in chips) 
Seat 6: Sadyhov V.V. ($103.22 in chips) 
Sadyhov V.V.: posts small blind $0.50
BGS013: posts big blind $1
*** HOLE CARDS ***
wmarl90: folds 
OrioNCOOL: folds 
straight77777: folds 
VahTang_89: folds 
Sadyhov V.V.: folds 
Uncalled bet ($0.50) returned to BGS013
BGS013 collected $1 from pot
BGS013: doesn't show hand 
*** SUMMARY ***
Total pot $1 | Rake $0 
Seat 1: BGS013 (big blind) collected ($1)
Seat 2: wmarl90 folded before Flop (didn't bet)
Seat 3: OrioNCOOL folded before Flop (didn't bet)
Seat 4: straight77777 folded before Flop (didn't bet)
Seat 5: VahTang_89 (button) folded before Flop (didn't bet)
Seat 6: Sadyhov V.V. (small blind) folded before Flop



PokerStars Hand #254432134282:  Hold'em No Limit ($0.50/$1.00 USD) - 2025/01/18 15:32:19 WET [2025/01/18 10:32:19 ET]
Table 'Glaukos IV' 6-max Seat #6 is the button
Seat 1: BGS013 ($124.74 in chips) 
Seat 2: wmarl90 ($98.50 in chips) 
Seat 3: OrioNCOOL ($100 in chips) 
Seat 4: straight77777 ($13.72 in chips) 
Seat 5: VahTang_89 ($100 in chips) 
Seat 6: Sadyhov V.V. ($102.72 in chips) 
BGS013: posts small blind $0.50
wmarl90: posts big blind $1
*** HOLE CARDS ***
OrioNCOOL: folds 
straight77777: folds 
VahTang_89: folds 
Sadyhov V.V.: folds 
BGS013: raises $2 to $3
wmarl90: calls $2
*** FLOP *** [3s 8d 8s]
BGS013: bets $1.48
wmarl90: calls $1.48
*** TURN *** [3s 8d 8s] [5c]
BGS013: bets $6.64
wmarl90: calls $6.64
*** RIVER *** [3s 8d 8s 5c] [9c]
BGS013: checks 
wmarl90: checks 
*** SHOW DOWN ***
BGS013: shows [9s Jd] (two pair, Nines and Eights)
wmarl90: mucks hand 
BGS013 collected $21.13 from pot
*** SUMMARY ***
Total pot $22.24 | Rake $1.11 
Board [3s 8d 8s 5c 9c]
Seat 1: BGS013 (small blind) showed [9s Jd] and won ($21.13) with two pair, Nines and Eights
Seat 2: wmarl90 (big blind) mucked
Seat 3: OrioNCOOL folded before Flop (didn't bet)
Seat 4: straight77777 folded before Flop (didn't bet)
Seat 5: VahTang_89 folded before Flop (didn't bet)
Seat 6: Sadyhov V.V. (button) folded before Flop (didn't bet)



PokerStars Hand #254432142192:  Hold'em No Limit ($0.50/$1.00 USD) - 2025/01/18 15:32:53 WET [2025/01/18 10:32:53 ET]
Table 'Glaukos IV' 6-max Seat #1 is the button
Seat 1: BGS013 ($134.75 in chips) 
Seat 2: wmarl90 ($87.38 in chips) 
Seat 3: OrioNCOOL ($100 in chips) 
Seat 4: straight77777 ($13.72 in chips) 
Seat 5: VahTang_89 ($100 in chips) 
Seat 6: Sadyhov V.V. ($102.72 in chips) 
wmarl90: posts small blind $0.50
OrioNCOOL: posts big blind $1
*** HOLE CARDS ***
straight77777: folds 
VahTang_89: folds 
Sadyhov V.V.: folds 
BGS013: raises $1.50 to $2.50
wmarl90: calls $2
OrioNCOOL: calls $1.50
*** FLOP *** [As 3d Kd]
wmarl90: checks 
OrioNCOOL: checks 
BGS013: bets $1.85
wmarl90: calls $1.85
OrioNCOOL: folds 
*** TURN *** [As 3d Kd] [4s]
wmarl90: checks 
BGS013: checks 
*** RIVER *** [As 3d Kd 4s] [Td]
wmarl90: bets $6.32
BGS013: folds 
Uncalled bet ($6.32) returned to wmarl90
wmarl90 collected $10.64 from pot
wmarl90: doesn't show hand 
*** SUMMARY ***
Total pot $11.20 | Rake $0.56 
Board [As 3d Kd 4s Td]
Seat 1: BGS013 (button) folded on the River
Seat 2: wmarl90 (small blind) collected ($10.64)
Seat 3: OrioNCOOL (big blind) folded on the Flop
Seat 4: straight77777 folded before Flop (didn't bet)
Seat 5: VahTang_89 folded before Flop (didn't bet)
Seat 6: Sadyhov V.V. folded before Flop (didn't bet)



PokerStars Hand #254432152822:  Hold'em No Limit ($0.50/$1.00 USD) - 2025/01/18 15:33:38 WET [2025/01/18 10:33:38 ET]
Table 'Glaukos IV' 6-max Seat #2 is the button
Seat 1: BGS013 ($130.40 in chips) 
Seat 2: wmarl90 ($93.67 in chips) 
Seat 3: OrioNCOOL ($100 in chips) 
Seat 4: straight77777 ($13.72 in chips) 
Seat 5: VahTang_89 ($100 in chips) 
Seat 6: Sadyhov V.V. ($102.72 in chips) 
OrioNCOOL: posts small blind $0.50
straight77777: posts big blind $1
*** HOLE CARDS ***
VahTang_89: folds 
Sadyhov V.V.: folds 
BGS013: folds 
wmarl90: folds 
OrioNCOOL: folds 
Uncalled bet ($0.50) returned to straight77777
straight77777 collected $1 from pot
*** SUMMARY ***
Total pot $1 | Rake $0 
Seat 1: BGS013 folded before Flop (didn't bet)
Seat 2: wmarl90 (button) folded before Flop (didn't bet)
Seat 3: OrioNCOOL (small blind) folded before Flop
Seat 4: straight77777 (big blind) collected ($1)
Seat 5: VahTang_89 folded before Flop (didn't bet)
Seat 6: Sadyhov V.V. folded before Flop (didn't bet)



PokerStars Hand #254432157418:  Hold'em No Limit ($0.50/$1.00 USD) - 2025/01/18 15:33:58 WET [2025/01/18 10:33:58 ET]
Table 'Glaukos IV' 6-max Seat #3 is the button
Seat 1: BGS013 ($130.40 in chips) 
Seat 2: wmarl90 ($93.67 in chips) 
Seat 3: OrioNCOOL ($100 in chips) 
Seat 4: straight77777 ($14.22 in chips) 
Seat 5: VahTang_89 ($100 in chips) 
Seat 6: Sadyhov V.V. ($102.72 in chips) 
straight77777: posts small blind $0.50
VahTang_89: posts big blind $1
*** HOLE CARDS ***
Sadyhov V.V.: folds 
BGS013: folds 
wmarl90: folds 
OrioNCOOL: raises $1.50 to $2.50
straight77777: folds 
VahTang_89: folds 
Uncalled bet ($1.50) returned to OrioNCOOL
OrioNCOOL collected $2.50 from pot
OrioNCOOL: doesn't show hand 
*** SUMMARY ***
Total pot $2.50 | Rake $0 
Seat 1: BGS013 folded before Flop (didn't bet)
Seat 2: wmarl90 folded before Flop (didn't bet)
Seat 3: OrioNCOOL (button) collected ($2.50)
Seat 4: straight77777 (small blind) folded before Flop
Seat 5: VahTang_89 (big blind) folded before Flop
Seat 6: Sadyhov V.V. folded before Flop (didn't bet)



PokerStars Hand #254432160828:  Hold'em No Limit ($0.50/$1.00 USD) - 2025/01/18 15:34:13 WET [2025/01/18 10:34:13 ET]
Table 'Glaukos IV' 6-max Seat #4 is the button
Seat 1: BGS013 ($130.40 in chips) 
Seat 2: wmarl90 ($93.67 in chips) 
Seat 3: OrioNCOOL ($101.50 in chips) 
Seat 4: straight77777 ($13.72 in chips) 
Seat 5: VahTang_89 ($100 in chips) 
Seat 6: Sadyhov V.V. ($102.72 in chips) 
VahTang_89: posts small blind $0.50
Sadyhov V.V.: posts big blind $1
*** HOLE CARDS ***
BGS013: raises $1 to $2
wmarl90: calls $2
OrioNCOOL: folds 
straight77777: folds 
VahTang_89: folds 
Sadyhov V.V.: raises $11 to $13
BGS013: calls $11
wmarl90: folds 
*** FLOP *** [4c Qd 5c]
Sadyhov V.V.: bets $5.96
BGS013: calls $5.96
*** TURN *** [4c Qd 5c] [4s]
Sadyhov V.V.: checks 
BGS013: checks 
*** RIVER *** [4c Qd 5c 4s] [3c]
Sadyhov V.V.: checks 
BGS013: checks 
*** SHOW DOWN ***
Sadyhov V.V.: shows [Jd Jc] (two pair, Jacks and Fours)
BGS013: mucks hand 
Sadyhov V.V. collected $38.40 from pot
*** SUMMARY ***
Total pot $40.42 | Rake $2.02 
Board [4c Qd 5c 4s 3c]
Seat 1: BGS013 mucked
Seat 2: wmarl90 folded before Flop
Seat 3: OrioNCOOL folded before Flop (didn't bet)
Seat 4: straight77777 (button) folded before Flop (didn't bet)
Seat 5: VahTang_89 (small blind) folded before Flop
Seat 6: Sadyhov V.V. (big blind) showed [Jd Jc] and won ($38.40) with two pair, Jacks and Fours



PokerStars Hand #254432174929:  Hold'em No Limit ($0.50/$1.00 USD) - 2025/01/18 15:35:13 WET [2025/01/18 10:35:13 ET]
Table 'Glaukos IV' 6-max Seat #5 is the button
Seat 1: BGS013 ($111.44 in chips) 
Seat 2: wmarl90 ($91.67 in chips) 
Seat 3: OrioNCOOL ($101.50 in chips) 
Seat 4: straight77777 ($13.72 in chips) 
Seat 5: VahTang_89 ($100 in chips) 
Seat 6: Sadyhov V.V. ($122.16 in chips) 
Sadyhov V.V.: posts small blind $0.50
BGS013: posts big blind $1
*** HOLE CARDS ***
wmarl90: folds 
OrioNCOOL: folds 
straight77777: folds 
VahTang_89: raises $1.20 to $2.20
Sadyhov V.V.: folds 
BGS013: folds 
Uncalled bet ($1.20) returned to VahTang_89
VahTang_89 collected $2.50 from pot
VahTang_89: doesn't show hand 
*** SUMMARY ***
Total pot $2.50 | Rake $0 
Seat 1: BGS013 (big blind) folded before Flop
Seat 2: wmarl90 folded before Flop (didn't bet)
Seat 3: OrioNCOOL folded before Flop (didn't bet)
Seat 4: straight77777 folded before Flop (didn't bet)
Seat 5: VahTang_89 (button) collected ($2.50)
Seat 6: Sadyhov V.V. (small blind) folded before Flop



PokerStars Hand #254432177677:  Hold'em No Limit ($0.50/$1.00 USD) - 2025/01/18 15:35:25 WET [2025/01/18 10:35:25 ET]
Table 'Glaukos IV' 6-max Seat #6 is the button
Seat 1: BGS013 ($110.44 in chips) 
Seat 2: wmarl90 ($91.67 in chips) 
Seat 3: OrioNCOOL ($101.50 in chips) 
Seat 4: straight77777 ($13.72 in chips) 
Seat 5: VahTang_89 ($101.50 in chips) 
Seat 6: Sadyhov V.V. ($121.66 in chips) 
BGS013: posts small blind $0.50
wmarl90: posts big blind $1
*** HOLE CARDS ***
OrioNCOOL: raises $1.50 to $2.50
straight77777: folds 
VahTang_89: folds 
Sadyhov V.V.: folds 
BGS013: folds 
wmarl90: folds 
Uncalled bet ($1.50) returned to OrioNCOOL
OrioNCOOL collected $2.50 from pot
OrioNCOOL: doesn't show hand 
*** SUMMARY ***
Total pot $2.50 | Rake $0 
Seat 1: BGS013 (small blind) folded before Flop
Seat 2: wmarl90 (big blind) folded before Flop
Seat 3: OrioNCOOL collected ($2.50)
Seat 4: straight77777 folded before Flop (didn't bet)
Seat 5: VahTang_89 folded before Flop (didn't bet)
Seat 6: Sadyhov V.V. (button) folded before Flop (didn't bet)



PokerStars Hand #254432180030:  Hold'em No Limit ($0.50/$1.00 USD) - 2025/01/18 15:35:35 WET [2025/01/18 10:35:35 ET]
Table 'Glaukos IV' 6-max Seat #1 is the button
Seat 1: BGS013 ($109.94 in chips) 
Seat 2: wmarl90 ($90.67 in chips) 
Seat 3: OrioNCOOL ($103 in chips) 
Seat 4: straight77777 ($13.72 in chips) 
Seat 5: VahTang_89 ($101.50 in chips) 
Seat 6: Sadyhov V.V. ($121.66 in chips) 
wmarl90: posts small blind $0.50
OrioNCOOL: posts big blind $1
*** HOLE CARDS ***
straight77777: folds 
VahTang_89: folds 
Sadyhov V.V.: folds 
BGS013: raises $1.50 to $2.50
wmarl90: calls $2
OrioNCOOL: calls $1.50
*** FLOP *** [Jc 8h 5h]
wmarl90: checks 
OrioNCOOL: checks 
BGS013: bets $1.85
wmarl90: calls $1.85
straight77777 leaves the table
OrioNCOOL: folds 
*** TURN *** [Jc 8h 5h] [9d]
wmarl90: checks 
BGS013: bets $8.30
wmarl90: calls $8.30
*** RIVER *** [Jc 8h 5h 9d] [7d]
wmarl90: checks 
BGS013: checks 
*** SHOW DOWN ***
wmarl90: shows [Ac 9c] (a pair of Nines)
BGS013: shows [Kh Kc] (a pair of Kings)
peak joker33 joins the table at seat #4 
BGS013 collected $26.41 from pot
*** SUMMARY ***
Total pot $27.80 | Rake $1.39 
Board [Jc 8h 5h 9d 7d]
Seat 1: BGS013 (button) showed [Kh Kc] and won ($26.41) with a pair of Kings
Seat 2: wmarl90 (small blind) showed [Ac 9c] and lost with a pair of Nines
Seat 3: OrioNCOOL (big blind) folded on the Flop
Seat 4: straight77777 folded before Flop (didn't bet)
Seat 5: VahTang_89 folded before Flop (didn't bet)
Seat 6: Sadyhov V.V. folded before Flop (didn't bet)



PokerStars Hand #254432187408:  Hold'em No Limit ($0.50/$1.00 USD) - 2025/01/18 15:36:07 WET [2025/01/18 10:36:07 ET]
Table 'Glaukos IV' 6-max Seat #2 is the button
Seat 1: BGS013 ($123.70 in chips) 
Seat 2: wmarl90 ($78.02 in chips) 
Seat 3: OrioNCOOL ($100.50 in chips) 
Seat 4: peak joker33 ($100 in chips) 
Seat 5: VahTang_89 ($101.50 in chips) 
Seat 6: Sadyhov V.V. ($121.66 in chips) 
OrioNCOOL: posts small blind $0.50
peak joker33: posts big blind $1
*** HOLE CARDS ***
VahTang_89: folds 
Sadyhov V.V.: raises $1.50 to $2.50
BGS013: folds 
wmarl90: folds 
OrioNCOOL: folds 
peak joker33: folds 
Uncalled bet ($1.50) returned to Sadyhov V.V.
Sadyhov V.V. collected $2.50 from pot
Sadyhov V.V.: doesn't show hand 
*** SUMMARY ***
Total pot $2.50 | Rake $0 
Seat 1: BGS013 folded before Flop (didn't bet)
Seat 2: wmarl90 (button) folded before Flop (didn't bet)
Seat 3: OrioNCOOL (small blind) folded before Flop
Seat 4: peak joker33 (big blind) folded before Flop
Seat 5: VahTang_89 folded before Flop (didn't bet)
Seat 6: Sadyhov V.V. collected ($2.50)



PokerStars Hand #254432190960:  Hold'em No Limit ($0.50/$1.00 USD) - 2025/01/18 15:36:22 WET [2025/01/18 10:36:22 ET]
Table 'Glaukos IV' 6-max Seat #3 is the button
Seat 1: BGS013 ($123.70 in chips) 
Seat 2: wmarl90 ($78.02 in chips) 
Seat 3: OrioNCOOL ($100 in chips) 
Seat 4: peak joker33 ($100 in chips) 
Seat 5: VahTang_89 ($101.50 in chips) 
Seat 6: Sadyhov V.V. ($123.16 in chips) 
peak joker33: posts small blind $0.50
VahTang_89: posts big blind $1
*** HOLE CARDS ***
Sadyhov V.V.: raises $1.50 to $2.50
BGS013: folds 
wmarl90: folds 
OrioNCOOL: folds 
peak joker33: folds 
VahTang_89: folds 
Uncalled bet ($1.50) returned to Sadyhov V.V.
Sadyhov V.V. collected $2.50 from pot
Sadyhov V.V.: doesn't show hand 
*** SUMMARY ***
Total pot $2.50 | Rake $0 
Seat 1: BGS013 folded before Flop (didn't bet)
Seat 2: wmarl90 folded before Flop (didn't bet)
Seat 3: OrioNCOOL (button) folded before Flop (didn't bet)
Seat 4: peak joker33 (small blind) folded before Flop
Seat 5: VahTang_89 (big blind) folded before Flop
Seat 6: Sadyhov V.V. collected ($2.50)



PokerStars Hand #254432194136:  Hold'em No Limit ($0.50/$1.00 USD) - 2025/01/18 15:36:36 WET [2025/01/18 10:36:36 ET]
Table 'Glaukos IV' 6-max Seat #4 is the button
Seat 1: BGS013 ($123.70 in chips) 
Seat 2: wmarl90 ($78.02 in chips) 
Seat 3: OrioNCOOL ($100 in chips) 
Seat 4: peak joker33 ($100 in chips) 
Seat 5: VahTang_89 ($100.50 in chips) 
Seat 6: Sadyhov V.V. ($124.66 in chips) 
VahTang_89: posts small blind $0.50
Sadyhov V.V.: posts big blind $1
*** HOLE CARDS ***
BGS013: folds 
wmarl90: raises $2 to $3
OrioNCOOL: folds 
peak joker33: folds 
VahTang_89: folds 
Sadyhov V.V.: raises $6 to $9
wmarl90: folds 
Uncalled bet ($6) returned to Sadyhov V.V.
Sadyhov V.V. collected $6.50 from pot
Sadyhov V.V.: doesn't show hand 
*** SUMMARY ***
Total pot $6.50 | Rake $0 
Seat 1: BGS013 folded before Flop (didn't bet)
Seat 2: wmarl90 folded before Flop
Seat 3: OrioNCOOL folded before Flop (didn't bet)
Seat 4: peak joker33 (button) folded before Flop (didn't bet)
Seat 5: VahTang_89 (small blind) folded before Flop
Seat 6: Sadyhov V.V. (big blind) collected ($6.50)



PokerStars Hand #254432202297:  Hold'em No Limit ($0.50/$1.00 USD) - 2025/01/18 15:37:11 WET [2025/01/18 10:37:11 ET]
Table 'Glaukos IV' 6-max Seat #5 is the button
Seat 1: BGS013 ($123.70 in chips) 
Seat 2: wmarl90 ($75.02 in chips) 
Seat 3: OrioNCOOL ($100 in chips) 
Seat 4: peak joker33 ($100 in chips) 
Seat 5: VahTang_89 ($100 in chips) 
Seat 6: Sadyhov V.V. ($128.16 in chips) 
Sadyhov V.V.: posts small blind $0.50
BGS013: posts big blind $1
*** HOLE CARDS ***
wmarl90: folds 
OrioNCOOL: folds 
peak joker33: folds 
VahTang_89: folds 
Sadyhov V.V.: folds 
Uncalled bet ($0.50) returned to BGS013
BGS013 collected $1 from pot
BGS013: doesn't show hand 
*** SUMMARY ***
Total pot $1 | Rake $0 
Seat 1: BGS013 (big blind) collected ($1)
Seat 2: wmarl90 folded before Flop (didn't bet)
Seat 3: OrioNCOOL folded before Flop (didn't bet)
Seat 4: peak joker33 folded before Flop (didn't bet)
Seat 5: VahTang_89 (button) folded before Flop (didn't bet)
Seat 6: Sadyhov V.V. (small blind) folded before Flop



PokerStars Hand #254432205270:  Hold'em No Limit ($0.50/$1.00 USD) - 2025/01/18 15:37:23 WET [2025/01/18 10:37:23 ET]
Table 'Glaukos IV' 6-max Seat #6 is the button
Seat 1: BGS013 ($124.20 in chips) 
Seat 2: wmarl90 ($75.02 in chips) 
Seat 3: OrioNCOOL ($100 in chips) 
Seat 4: peak joker33 ($100 in chips) 
Seat 5: VahTang_89 ($100 in chips) 
Seat 6: Sadyhov V.V. ($127.66 in chips) 
BGS013: posts small blind $0.50
wmarl90: posts big blind $1
*** HOLE CARDS ***
OrioNCOOL: folds 
peak joker33: folds 
VahTang_89: raises $1.20 to $2.20
Sadyhov V.V.: folds 
BGS013: folds 
wmarl90: raises $5.90 to $8.10
VahTang_89: calls $5.90
*** FLOP *** [4h 3d 7d]
wmarl90: bets $7.93
VahTang_89: calls $7.93
*** TURN *** [4h 3d 7d] [Qs]
wmarl90: checks 
VahTang_89: checks 
*** RIVER *** [4h 3d 7d Qs] [6h]
wmarl90: checks 
VahTang_89: checks 
*** SHOW DOWN ***
wmarl90: shows [Ts Td] (a pair of Tens)
VahTang_89: mucks hand 
wmarl90 collected $30.93 from pot
*** SUMMARY ***
Total pot $32.56 | Rake $1.63 
Board [4h 3d 7d Qs 6h]
Seat 1: BGS013 (small blind) folded before Flop
Seat 2: wmarl90 (big blind) showed [Ts Td] and won ($30.93) with a pair of Tens
Seat 3: OrioNCOOL folded before Flop (didn't bet)
Seat 4: peak joker33 folded before Flop (didn't bet)
Seat 5: VahTang_89 mucked
Seat 6: Sadyhov V.V. (button) folded before Flop (didn't bet)



PokerStars Hand #254432217637:  Hold'em No Limit ($0.50/$1.00 USD) - 2025/01/18 15:38:15 WET [2025/01/18 10:38:15 ET]
Table 'Glaukos IV' 6-max Seat #1 is the button
Seat 3: OrioNCOOL ($100 in chips) is sitting out
Seat 1: BGS013 ($123.70 in chips) 
Seat 2: wmarl90 ($89.92 in chips) 
Seat 4: peak joker33 ($100 in chips) 
Seat 5: VahTang_89 ($100 in chips) 
Seat 6: Sadyhov V.V. ($127.66 in chips) 
wmarl90: posts small blind $0.50
OrioNCOOL: is sitting out 
peak joker33: posts big blind $1
*** HOLE CARDS ***
VahTang_89: folds 
OrioNCOOL leaves the table
Sadyhov V.V.: raises $1.50 to $2.50
BGS013: folds 
wmarl90: folds 
peak joker33: folds 
Uncalled bet ($1.50) returned to Sadyhov V.V.
Sadyhov V.V. collected $2.50 from pot
Sadyhov V.V.: doesn't show hand 
*** SUMMARY ***
Total pot $2.50 | Rake $0 
Seat 3: OrioNCOOL
Seat 1: BGS013 (button) folded before Flop (didn't bet)
Seat 2: wmarl90 (small blind) folded before Flop
Seat 4: peak joker33 (big blind) folded before Flop
Seat 5: VahTang_89 folded before Flop (didn't bet)
Seat 6: Sadyhov V.V. collected ($2.50)



PokerStars Hand #254432220530:  Hold'em No Limit ($0.50/$1.00 USD) - 2025/01/18 15:38:28 WET [2025/01/18 10:38:28 ET]
Table 'Glaukos IV' 6-max Seat #2 is the button
Seat 1: BGS013 ($123.70 in chips) 
Seat 2: wmarl90 ($89.42 in chips) 
Seat 4: peak joker33 ($100 in chips) 
Seat 5: VahTang_89 ($100 in chips) 
Seat 6: Sadyhov V.V. ($129.16 in chips) 
peak joker33: posts small blind $0.50
VahTang_89: posts big blind $1
*** HOLE CARDS ***
Sadyhov V.V.: folds 
IKnowThatFel joins the table at seat #3 
BGS013: folds 
wmarl90: folds 
peak joker33: raises $2 to $3
VahTang_89: raises $6 to $9
peak joker33: folds 
Uncalled bet ($6) returned to VahTang_89
VahTang_89 collected $6 from pot
VahTang_89: doesn't show hand 
*** SUMMARY ***
Total pot $6 | Rake $0 
Seat 1: BGS013 folded before Flop (didn't bet)
Seat 2: wmarl90 (button) folded before Flop (didn't bet)
Seat 4: peak joker33 (small blind) folded before Flop
Seat 5: VahTang_89 (big blind) collected ($6)
Seat 6: Sadyhov V.V. folded before Flop (didn't bet)



PokerStars Hand #254432225898:  Hold'em No Limit ($0.50/$1.00 USD) - 2025/01/18 15:38:51 WET [2025/01/18 10:38:51 ET]
Table 'Glaukos IV' 6-max Seat #4 is the button
Seat 3: IKnowThatFel ($100 in chips) is sitting out
Seat 6: Sadyhov V.V. ($129.16 in chips) is sitting out
Seat 1: BGS013 ($123.70 in chips) 
Seat 2: wmarl90 ($89.42 in chips) 
Seat 4: peak joker33 ($100 in chips) 
Seat 5: VahTang_89 ($103 in chips) 
VahTang_89: posts small blind $0.50
Sadyhov V.V.: is sitting out 
BGS013: posts big blind $1
IKnowThatFel: sits out 
*** HOLE CARDS ***
wmarl90: folds 
peak joker33: folds 
VahTang_89: folds 
Uncalled bet ($0.50) returned to BGS013
BGS013 collected $1 from pot
BGS013: doesn't show hand 
*** SUMMARY ***
Total pot $1 | Rake $0 
Seat 3: IKnowThatFel
Seat 6: Sadyhov V.V.
Seat 1: BGS013 (big blind) collected ($1)
Seat 2: wmarl90 folded before Flop (didn't bet)
Seat 4: peak joker33 (button) folded before Flop (didn't bet)
Seat 5: VahTang_89 (small blind) folded before Flop



PokerStars Hand #254432227667:  Hold'em No Limit ($0.50/$1.00 USD) - 2025/01/18 15:38:58 WET [2025/01/18 10:38:58 ET]
Table 'Glaukos IV' 6-max Seat #5 is the button
Seat 3: IKnowThatFel ($100 in chips) is sitting out
Seat 6: Sadyhov V.V. ($129.16 in chips) is sitting out
Seat 1: BGS013 ($124.20 in chips) 
Seat 2: wmarl90 ($89.42 in chips) 
Seat 4: peak joker33 ($100 in chips) 
Seat 5: VahTang_89 ($102.50 in chips) 
BGS013: posts small blind $0.50
wmarl90: posts big blind $1
IKnowThatFel: sits out 
*** HOLE CARDS ***
Sadyhov V.V. leaves the table
peak joker33: folds 
VahTang_89: folds 
BGS013: folds 
Uncalled bet ($0.50) returned to wmarl90
wmarl90 collected $1 from pot
*** SUMMARY ***
Total pot $1 | Rake $0 
Seat 3: IKnowThatFel
Seat 6: Sadyhov V.V.
Seat 1: BGS013 (small blind) folded before Flop
Seat 2: wmarl90 (big blind) collected ($1)
Seat 4: peak joker33 folded before Flop (didn't bet)
Seat 5: VahTang_89 (button) folded before Flop (didn't bet)



PokerStars Hand #254432229444:  Hold'em No Limit ($0.50/$1.00 USD) - 2025/01/18 15:39:06 WET [2025/01/18 10:39:06 ET]
Table 'Glaukos IV' 6-max Seat #1 is the button
Seat 1: BGS013 ($123.70 in chips) 
Seat 2: wmarl90 ($89.92 in chips) 
Seat 3: IKnowThatFel ($100 in chips) 
Seat 4: peak joker33 ($100 in chips) 
Seat 5: VahTang_89 ($102.50 in chips) 
wmarl90: posts small blind $0.50
IKnowThatFel: posts big blind $1
*** HOLE CARDS ***
peak joker33: folds 
VahTang_89: raises $1.20 to $2.20
BGS013: folds 
wmarl90: folds 
Joe_Li7 joins the table at seat #6 
IKnowThatFel: calls $1.20
*** FLOP *** [5s 9h 2c]
IKnowThatFel: checks 
VahTang_89: checks 
*** TURN *** [5s 9h 2c] [4c]
IKnowThatFel: bets $6.99
VahTang_89: folds 
Uncalled bet ($6.99) returned to IKnowThatFel
IKnowThatFel collected $4.66 from pot
IKnowThatFel: doesn't show hand 
*** SUMMARY ***
Total pot $4.90 | Rake $0.24 
Board [5s 9h 2c 4c]
Seat 1: BGS013 (button) folded before Flop (didn't bet)
Seat 2: wmarl90 (small blind) folded before Flop
Seat 3: IKnowThatFel (big blind) collected ($4.66)
Seat 4: peak joker33 folded before Flop (didn't bet)
Seat 5: VahTang_89 folded on the Turn



PokerStars Hand #254432238953:  Hold'em No Limit ($0.50/$1.00 USD) - 2025/01/18 15:39:47 WET [2025/01/18 10:39:47 ET]
Table 'Glaukos IV' 6-max Seat #2 is the button
Seat 6: Joe_Li7 ($100 in chips) is sitting out
Seat 1: BGS013 ($123.70 in chips) 
Seat 2: wmarl90 ($89.42 in chips) 
Seat 3: IKnowThatFel ($102.46 in chips) 
Seat 4: peak joker33 ($100 in chips) 
Seat 5: VahTang_89 ($100.30 in chips) 
IKnowThatFel: posts small blind $0.50
peak joker33: posts big blind $1
*** HOLE CARDS ***
VahTang_89: folds 
BGS013: folds 
wmarl90: folds 
IKnowThatFel: raises $2 to $3
peak joker33: calls $2
*** FLOP *** [Jd Qc 9d]
IKnowThatFel: checks 
peak joker33: checks 
*** TURN *** [Jd Qc 9d] [7c]
IKnowThatFel: checks 
peak joker33: checks 
*** RIVER *** [Jd Qc 9d 7c] [Jh]
IKnowThatFel: bets $1.88
peak joker33: calls $1.88
*** SHOW DOWN ***
IKnowThatFel: shows [2h Qh] (two pair, Queens and Jacks)
peak joker33: mucks hand 
IKnowThatFel collected $9.27 from pot
*** SUMMARY ***
Total pot $9.76 | Rake $0.49 
Board [Jd Qc 9d 7c Jh]
Seat 6: Joe_Li7
Seat 1: BGS013 folded before Flop (didn't bet)
Seat 2: wmarl90 (button) folded before Flop (didn't bet)
Seat 3: IKnowThatFel (small blind) showed [2h Qh] and won ($9.27) with two pair, Queens and Jacks
Seat 4: peak joker33 (big blind) mucked
Seat 5: VahTang_89 folded before Flop (didn't bet)



PokerStars Hand #254432261399:  Hold'em No Limit ($0.50/$1.00 USD) - 2025/01/18 15:41:22 WET [2025/01/18 10:41:22 ET]
Table 'Glaukos IV' 6-max Seat #3 is the button
Seat 6: Joe_Li7 ($100 in chips) is sitting out
Seat 1: BGS013 ($123.70 in chips) 
Seat 2: wmarl90 ($89.42 in chips) 
Seat 3: IKnowThatFel ($106.85 in chips) 
Seat 4: peak joker33 ($100 in chips) 
Seat 5: VahTang_89 ($100.30 in chips) 
peak joker33: posts small blind $0.50
VahTang_89: posts big blind $1
*** HOLE CARDS ***
BGS013: raises $1 to $2
wmarl90: folds 
IKnowThatFel: folds 
peak joker33: folds 
VahTang_89: folds 
Uncalled bet ($1) returned to BGS013
BGS013 collected $2.50 from pot
BGS013: doesn't show hand 
*** SUMMARY ***
Total pot $2.50 | Rake $0 
Seat 6: Joe_Li7
Seat 1: BGS013 collected ($2.50)
Seat 2: wmarl90 folded before Flop (didn't bet)
Seat 3: IKnowThatFel (button) folded before Flop (didn't bet)
Seat 4: peak joker33 (small blind) folded before Flop
Seat 5: VahTang_89 (big blind) folded before Flop



PokerStars Hand #254432264380:  Hold'em No Limit ($0.50/$1.00 USD) - 2025/01/18 15:41:35 WET [2025/01/18 10:41:35 ET]
Table 'Glaukos IV' 6-max Seat #4 is the button
Seat 6: Joe_Li7 ($100 in chips) is sitting out
Seat 1: BGS013 ($125.20 in chips) 
Seat 2: wmarl90 ($89.42 in chips) 
Seat 3: IKnowThatFel ($106.85 in chips) 
Seat 4: peak joker33 ($100 in chips) 
Seat 5: VahTang_89 ($100 in chips) 
VahTang_89: posts small blind $0.50
BGS013: posts big blind $1
*** HOLE CARDS ***
wmarl90: raises $1 to $2
IKnowThatFel: folds 
peak joker33: folds 
Joe_Li7 leaves the table
VahTang_89: calls $1.50
BGS013: folds 
*** FLOP *** [9h 3s Kc]
VahTang_89: checks 
wmarl90: checks 
*** TURN *** [9h 3s Kc] [5d]
VahTang_89: checks 
RAidakCo joins the table at seat #6 
wmarl90: bets $2.38
VahTang_89: calls $2.38
*** RIVER *** [9h 3s Kc 5d] [Ah]
VahTang_89: checks 
wmarl90: bets $6.64
VahTang_89: folds 
Uncalled bet ($6.64) returned to wmarl90
wmarl90 collected $9.27 from pot
*** SUMMARY ***
Total pot $9.76 | Rake $0.49 
Board [9h 3s Kc 5d Ah]
Seat 6: Joe_Li7
Seat 1: BGS013 (big blind) folded before Flop
Seat 2: wmarl90 collected ($9.27)
Seat 3: IKnowThatFel folded before Flop (didn't bet)
Seat 4: peak joker33 (button) folded before Flop (didn't bet)
Seat 5: VahTang_89 (small blind) folded on the River



PokerStars Hand #254432273462:  Hold'em No Limit ($0.50/$1.00 USD) - 2025/01/18 15:42:14 WET [2025/01/18 10:42:14 ET]
Table 'Glaukos IV' 6-max Seat #5 is the button
Seat 6: RAidakCo ($100 in chips) is sitting out
Seat 1: BGS013 ($124.20 in chips) 
Seat 2: wmarl90 ($94.31 in chips) 
Seat 3: IKnowThatFel ($106.85 in chips) 
Seat 4: peak joker33 ($100 in chips) 
Seat 5: VahTang_89 ($100 in chips) 
BGS013: posts small blind $0.50
wmarl90: posts big blind $1
*** HOLE CARDS ***
IKnowThatFel: raises $1.50 to $2.50
peak joker33: folds 
VahTang_89: folds 
BGS013: raises $8.50 to $11
wmarl90: folds 
IKnowThatFel: folds 
Uncalled bet ($8.50) returned to BGS013
BGS013 collected $6 from pot
BGS013: doesn't show hand 
*** SUMMARY ***
Total pot $6 | Rake $0 
Seat 6: RAidakCo
Seat 1: BGS013 (small blind) collected ($6)
Seat 2: wmarl90 (big blind) folded before Flop
Seat 3: IKnowThatFel folded before Flop
Seat 4: peak joker33 folded before Flop (didn't bet)
Seat 5: VahTang_89 (button) folded before Flop (didn't bet)



PokerStars Hand #254432279791:  Hold'em No Limit ($0.50/$1.00 USD) - 2025/01/18 15:42:41 WET [2025/01/18 10:42:41 ET]
Table 'Glaukos IV' 6-max Seat #1 is the button
Seat 6: RAidakCo ($100 in chips) is sitting out
Seat 1: BGS013 ($127.70 in chips) 
Seat 2: wmarl90 ($93.31 in chips) 
Seat 3: IKnowThatFel ($104.35 in chips) 
Seat 4: peak joker33 ($100 in chips) 
Seat 5: VahTang_89 ($100 in chips) 
wmarl90: posts small blind $0.50
IKnowThatFel: posts big blind $1
RAidakCo: sits out 
*** HOLE CARDS ***
peak joker33: folds 
VahTang_89: raises $1.20 to $2.20
BGS013: folds 
wmarl90: calls $1.70
IKnowThatFel: calls $1.20
*** FLOP *** [Kc Jc 3h]
wmarl90: checks 
IKnowThatFel: checks 
VahTang_89: bets $4.14
wmarl90: folds 
IKnowThatFel: raises $7.86 to $12
VahTang_89: folds 
Uncalled bet ($7.86) returned to IKnowThatFel
IKnowThatFel collected $14.14 from pot
IKnowThatFel: doesn't show hand 
*** SUMMARY ***
Total pot $14.88 | Rake $0.74 
Board [Kc Jc 3h]
Seat 6: RAidakCo
Seat 1: BGS013 (button) folded before Flop (didn't bet)
Seat 2: wmarl90 (small blind) folded on the Flop
Seat 3: IKnowThatFel (big blind) collected ($14.14)
Seat 4: peak joker33 folded before Flop (didn't bet)
Seat 5: VahTang_89 folded on the Flop



PokerStars Hand #254432293273:  Hold'em No Limit ($0.50/$1.00 USD) - 2025/01/18 15:43:38 WET [2025/01/18 10:43:38 ET]
Table 'Glaukos IV' 6-max Seat #2 is the button
Seat 6: RAidakCo ($100 in chips) is sitting out
Seat 1: BGS013 ($127.70 in chips) 
Seat 2: wmarl90 ($91.11 in chips) 
Seat 3: IKnowThatFel ($112.15 in chips) 
Seat 4: peak joker33 ($100 in chips) 
Seat 5: VahTang_89 ($100 in chips) 
IKnowThatFel: posts small blind $0.50
peak joker33: posts big blind $1
RAidakCo: sits out 
*** HOLE CARDS ***
VahTang_89: folds 
BGS013: folds 
wmarl90: raises $2 to $3
IKnowThatFel: raises $9 to $12
peak joker33: folds 
wmarl90: calls $9
*** FLOP *** [4c 9c 3c]
IKnowThatFel: bets $7.84
wmarl90: calls $7.84
*** TURN *** [4c 9c 3c] [9h]
IKnowThatFel: checks 
wmarl90: checks 
*** RIVER *** [4c 9c 3c 9h] [As]
IKnowThatFel: checks 
wmarl90: bets $16
IKnowThatFel: folds 
Uncalled bet ($16) returned to wmarl90
wmarl90 collected $38.65 from pot
*** SUMMARY ***
Total pot $40.68 | Rake $2.03 
Board [4c 9c 3c 9h As]
Seat 6: RAidakCo
Seat 1: BGS013 folded before Flop (didn't bet)
Seat 2: wmarl90 (button) collected ($38.65)
Seat 3: IKnowThatFel (small blind) folded on the River
Seat 4: peak joker33 (big blind) folded before Flop
Seat 5: VahTang_89 folded before Flop (didn't bet)



PokerStars Hand #254432319302:  Hold'em No Limit ($0.50/$1.00 USD) - 2025/01/18 15:45:28 WET [2025/01/18 10:45:28 ET]
Table 'Glaukos IV' 6-max Seat #3 is the button
Seat 6: RAidakCo ($100 in chips) is sitting out
Seat 1: BGS013 ($127.70 in chips) 
Seat 2: wmarl90 ($109.92 in chips) 
Seat 3: IKnowThatFel ($100 in chips) 
Seat 4: peak joker33 ($100 in chips) 
Seat 5: VahTang_89 ($100 in chips) 
peak joker33: posts small blind $0.50
VahTang_89: posts big blind $1
RAidakCo: sits out 
*** HOLE CARDS ***
BGS013: folds 
wmarl90: folds 
IKnowThatFel: raises $1.50 to $2.50
peak joker33: folds 
VahTang_89: folds 
Uncalled bet ($1.50) returned to IKnowThatFel
IKnowThatFel collected $2.50 from pot
IKnowThatFel: doesn't show hand 
*** SUMMARY ***
Total pot $2.50 | Rake $0 
Seat 6: RAidakCo
Seat 1: BGS013 folded before Flop (didn't bet)
Seat 2: wmarl90 folded before Flop (didn't bet)
Seat 3: IKnowThatFel (button) collected ($2.50)
Seat 4: peak joker33 (small blind) folded before Flop
Seat 5: VahTang_89 (big blind) folded before Flop



PokerStars Hand #254432322531:  Hold'em No Limit ($0.50/$1.00 USD) - 2025/01/18 15:45:41 WET [2025/01/18 10:45:41 ET]
Table 'Glaukos IV' 6-max Seat #4 is the button
Seat 1: BGS013 ($127.70 in chips) 
Seat 2: wmarl90 ($109.92 in chips) 
Seat 3: IKnowThatFel ($101.50 in chips) 
Seat 4: peak joker33 ($100 in chips) 
Seat 5: VahTang_89 ($100 in chips) 
Seat 6: RAidakCo ($100 in chips) 
VahTang_89: posts small blind $0.50
RAidakCo: posts big blind $1
*** HOLE CARDS ***
BGS013 has timed out
BGS013: folds 
wmarl90: folds 
IKnowThatFel: folds 
peak joker33: raises $1.50 to $2.50
VahTang_89: folds 
RAidakCo: raises $10.50 to $13
peak joker33: folds 
Uncalled bet ($10.50) returned to RAidakCo
RAidakCo collected $5.50 from pot
RAidakCo: doesn't show hand 
*** SUMMARY ***
Total pot $5.50 | Rake $0 
Seat 1: BGS013 folded before Flop (didn't bet)
Seat 2: wmarl90 folded before Flop (didn't bet)
Seat 3: IKnowThatFel folded before Flop (didn't bet)
Seat 4: peak joker33 (button) folded before Flop
Seat 5: VahTang_89 (small blind) folded before Flop
Seat 6: RAidakCo (big blind) collected ($5.50)



PokerStars Hand #254432330252:  Hold'em No Limit ($0.50/$1.00 USD) - 2025/01/18 15:46:14 WET [2025/01/18 10:46:14 ET]
Table 'Glaukos IV' 6-max Seat #5 is the button
Seat 1: BGS013 ($127.70 in chips) 
Seat 2: wmarl90 ($109.92 in chips) 
Seat 3: IKnowThatFel ($101.50 in chips) 
Seat 4: peak joker33 ($100 in chips) 
Seat 5: VahTang_89 ($100 in chips) 
Seat 6: RAidakCo ($103 in chips) 
RAidakCo: posts small blind $0.50
BGS013: posts big blind $1
*** HOLE CARDS ***
wmarl90: folds 
IKnowThatFel: raises $1.50 to $2.50
peak joker33: folds 
VahTang_89: folds 
RAidakCo: folds 
BGS013: folds 
Uncalled bet ($1.50) returned to IKnowThatFel
IKnowThatFel collected $2.50 from pot
IKnowThatFel: doesn't show hand 
*** SUMMARY ***
Total pot $2.50 | Rake $0 
Seat 1: BGS013 (big blind) folded before Flop
Seat 2: wmarl90 folded before Flop (didn't bet)
Seat 3: IKnowThatFel collected ($2.50)
Seat 4: peak joker33 folded before Flop (didn't bet)
Seat 5: VahTang_89 (button) folded before Flop (didn't bet)
Seat 6: RAidakCo (small blind) folded before Flop



PokerStars Hand #254432334351:  Hold'em No Limit ($0.50/$1.00 USD) - 2025/01/18 15:46:31 WET [2025/01/18 10:46:31 ET]
Table 'Glaukos IV' 6-max Seat #6 is the button
Seat 1: BGS013 ($126.70 in chips) 
Seat 2: wmarl90 ($109.92 in chips) 
Seat 3: IKnowThatFel ($103 in chips) 
Seat 4: peak joker33 ($100 in chips) 
Seat 5: VahTang_89 ($100 in chips) 
Seat 6: RAidakCo ($102.50 in chips) 
BGS013: posts small blind $0.50
wmarl90: posts big blind $1
*** HOLE CARDS ***
IKnowThatFel: folds 
peak joker33: raises $1.50 to $2.50
VahTang_89: folds 
RAidakCo: folds 
BGS013: folds 
wmarl90: folds 
Uncalled bet ($1.50) returned to peak joker33
peak joker33 collected $2.50 from pot
peak joker33: doesn't show hand 
*** SUMMARY ***
Total pot $2.50 | Rake $0 
Seat 1: BGS013 (small blind) folded before Flop
Seat 2: wmarl90 (big blind) folded before Flop
Seat 3: IKnowThatFel folded before Flop (didn't bet)
Seat 4: peak joker33 collected ($2.50)
Seat 5: VahTang_89 folded before Flop (didn't bet)
Seat 6: RAidakCo (button) folded before Flop (didn't bet)



PokerStars Hand #254432337077:  Hold'em No Limit ($0.50/$1.00 USD) - 2025/01/18 15:46:43 WET [2025/01/18 10:46:43 ET]
Table 'Glaukos IV' 6-max Seat #1 is the button
Seat 1: BGS013 ($126.20 in chips) 
Seat 2: wmarl90 ($108.92 in chips) 
Seat 3: IKnowThatFel ($103 in chips) 
Seat 4: peak joker33 ($101.50 in chips) 
Seat 5: VahTang_89 ($100 in chips) 
Seat 6: RAidakCo ($102.50 in chips) 
wmarl90: posts small blind $0.50
IKnowThatFel: posts big blind $1
*** HOLE CARDS ***
peak joker33: folds 
VahTang_89: folds 
RAidakCo: folds 
BGS013: raises $1.50 to $2.50
wmarl90: folds 
IKnowThatFel: folds 
Uncalled bet ($1.50) returned to BGS013
BGS013 collected $2.50 from pot
BGS013: doesn't show hand 
*** SUMMARY ***
Total pot $2.50 | Rake $0 
Seat 1: BGS013 (button) collected ($2.50)
Seat 2: wmarl90 (small blind) folded before Flop
Seat 3: IKnowThatFel (big blind) folded before Flop
Seat 4: peak joker33 folded before Flop (didn't bet)
Seat 5: VahTang_89 folded before Flop (didn't bet)
Seat 6: RAidakCo folded before Flop (didn't bet)



PokerStars Hand #254432342912:  Hold'em No Limit ($0.50/$1.00 USD) - 2025/01/18 15:47:07 WET [2025/01/18 10:47:07 ET]
Table 'Glaukos IV' 6-max Seat #2 is the button
Seat 1: BGS013 ($127.70 in chips) 
Seat 2: wmarl90 ($108.42 in chips) 
Seat 3: IKnowThatFel ($102 in chips) 
Seat 4: peak joker33 ($101.50 in chips) 
Seat 5: VahTang_89 ($100 in chips) 
Seat 6: RAidakCo ($102.50 in chips) 
IKnowThatFel: posts small blind $0.50
peak joker33: posts big blind $1
*** HOLE CARDS ***
VahTang_89: folds 
RAidakCo: raises $1.20 to $2.20
BGS013: folds 
wmarl90: folds 
IKnowThatFel: folds 
peak joker33: folds 
Uncalled bet ($1.20) returned to RAidakCo
RAidakCo collected $2.50 from pot
RAidakCo: doesn't show hand 
*** SUMMARY ***
Total pot $2.50 | Rake $0 
Seat 1: BGS013 folded before Flop (didn't bet)
Seat 2: wmarl90 (button) folded before Flop (didn't bet)
Seat 3: IKnowThatFel (small blind) folded before Flop
Seat 4: peak joker33 (big blind) folded before Flop
Seat 5: VahTang_89 folded before Flop (didn't bet)
Seat 6: RAidakCo collected ($2.50)



PokerStars Hand #254432347685:  Hold'em No Limit ($0.50/$1.00 USD) - 2025/01/18 15:47:27 WET [2025/01/18 10:47:27 ET]
Table 'Glaukos IV' 6-max Seat #3 is the button
Seat 5: VahTang_89 ($100 in chips) is sitting out
Seat 1: BGS013 ($127.70 in chips) 
Seat 2: wmarl90 ($108.42 in chips) 
Seat 3: IKnowThatFel ($101.50 in chips) 
Seat 4: peak joker33 ($100.50 in chips) 
Seat 6: RAidakCo ($104 in chips) 
peak joker33: posts small blind $0.50
VahTang_89: is sitting out 
RAidakCo: posts big blind $1
*** HOLE CARDS ***
VahTang_89 leaves the table
BGS013: folds 
wmarl90: folds 
IKnowThatFel: raises $1.50 to $2.50
peak joker33: raises $8.50 to $11
RAidakCo: folds 
IKnowThatFel: calls $8.50
*** FLOP *** [6c 2c 8c]
peak joker33: checks 
socito joins the table at seat #5 
IKnowThatFel: bets $10.93
peak joker33: calls $10.93
*** TURN *** [6c 2c 8c] [3d]
peak joker33: checks 
IKnowThatFel: bets $31.96
peak joker33: raises $46.61 to $78.57 and is all-in
IKnowThatFel: calls $46.61
*** RIVER *** [6c 2c 8c 3d] [4h]
*** SHOW DOWN ***
peak joker33: shows [8h 8d] (three of a kind, Eights)
IKnowThatFel: shows [4c 5c] (a flush, Eight high)
IKnowThatFel collected $199.50 from pot
*** SUMMARY ***
Total pot $202 | Rake $2.50 
Board [6c 2c 8c 3d 4h]
Seat 5: VahTang_89
Seat 1: BGS013 folded before Flop (didn't bet)
Seat 2: wmarl90 folded before Flop (didn't bet)
Seat 3: IKnowThatFel (button) showed [4c 5c] and won ($199.50) with a flush, Eight high
Seat 4: peak joker33 (small blind) showed [8h 8d] and lost with three of a kind, Eights
Seat 6: RAidakCo (big blind) folded before Flop



PokerStars Hand #254432373940:  Hold'em No Limit ($0.50/$1.00 USD) - 2025/01/18 15:49:18 WET [2025/01/18 10:49:18 ET]
Table 'Glaukos IV' 6-max Seat #4 is the button
Seat 5: socito ($100 in chips) is sitting out
Seat 1: BGS013 ($127.70 in chips) 
Seat 2: wmarl90 ($108.42 in chips) 
Seat 3: IKnowThatFel ($200.50 in chips) 
Seat 4: peak joker33 ($100 in chips) 
Seat 6: RAidakCo ($103 in chips) 
RAidakCo: posts small blind $0.50
BGS013: posts big blind $1
*** HOLE CARDS ***
wmarl90: folds 
IKnowThatFel: raises $1.50 to $2.50
peak joker33: raises $5 to $7.50
RAidakCo: folds 
BGS013: folds 
IKnowThatFel: calls $5
*** FLOP *** [7c 8d 3h]
IKnowThatFel: checks 
peak joker33: checks 
*** TURN *** [7c 8d 3h] [7s]
IKnowThatFel: checks 
peak joker33: checks 
*** RIVER *** [7c 8d 3h 7s] [Jd]
IKnowThatFel: checks 
peak joker33: checks 
*** SHOW DOWN ***
IKnowThatFel: shows [Th Ah] (a pair of Sevens)
peak joker33: shows [Ad Qd] (a pair of Sevens - Ace+Queen kicker)
peak joker33 collected $15.68 from pot
*** SUMMARY ***
Total pot $16.50 | Rake $0.82 
Board [7c 8d 3h 7s Jd]
Seat 5: socito
Seat 1: BGS013 (big blind) folded before Flop
Seat 2: wmarl90 folded before Flop (didn't bet)
Seat 3: IKnowThatFel showed [Th Ah] and lost with a pair of Sevens
Seat 4: peak joker33 (button) showed [Ad Qd] and won ($15.68) with a pair of Sevens
Seat 6: RAidakCo (small blind) folded before Flop



PokerStars Hand #254432396262:  Hold'em No Limit ($0.50/$1.00 USD) - 2025/01/18 15:50:51 WET [2025/01/18 10:50:51 ET]
Table 'Glaukos IV' 6-max Seat #6 is the button
Seat 5: socito ($100 in chips) is sitting out
Seat 1: BGS013 ($126.70 in chips) 
Seat 2: wmarl90 ($108.42 in chips) 
Seat 3: IKnowThatFel ($193 in chips) 
Seat 4: peak joker33 ($108.18 in chips) 
Seat 6: RAidakCo ($102.50 in chips) 
BGS013: posts small blind $0.50
wmarl90: posts big blind $1
*** HOLE CARDS ***
IKnowThatFel: folds 
peak joker33: raises $1.50 to $2.50
RAidakCo: folds 
BGS013: folds 
wmarl90: folds 
Uncalled bet ($1.50) returned to peak joker33
peak joker33 collected $2.50 from pot
peak joker33: doesn't show hand 
*** SUMMARY ***
Total pot $2.50 | Rake $0 
Seat 5: socito
Seat 1: BGS013 (small blind) folded before Flop
Seat 2: wmarl90 (big blind) folded before Flop
Seat 3: IKnowThatFel folded before Flop (didn't bet)
Seat 4: peak joker33 collected ($2.50)
Seat 6: RAidakCo (button) folded before Flop (didn't bet)



PokerStars Hand #254432401236:  Hold'em No Limit ($0.50/$1.00 USD) - 2025/01/18 15:51:12 WET [2025/01/18 10:51:12 ET]
Table 'Glaukos IV' 6-max Seat #1 is the button
Seat 5: socito ($100 in chips) is sitting out
Seat 1: BGS013 ($126.20 in chips) 
Seat 2: wmarl90 ($107.42 in chips) 
Seat 3: IKnowThatFel ($193 in chips) 
Seat 4: peak joker33 ($109.68 in chips) 
Seat 6: RAidakCo ($102.50 in chips) 
wmarl90: posts small blind $0.50
IKnowThatFel: posts big blind $1
*** HOLE CARDS ***
peak joker33: folds 
RAidakCo: folds 
BGS013: raises $1.50 to $2.50
wmarl90: calls $2
IKnowThatFel: folds 
*** FLOP *** [9c Ad 7d]
wmarl90: checks 
BGS013: bets $1.48
wmarl90: calls $1.48
*** TURN *** [9c Ad 7d] [7h]
wmarl90: checks 
BGS013: checks 
*** RIVER *** [9c Ad 7d 7h] [2d]
wmarl90: checks 
BGS013: checks 
*** SHOW DOWN ***
wmarl90: shows [6c Tc] (a pair of Sevens)
BGS013: shows [9d Ks] (two pair, Nines and Sevens)
BGS013 collected $8.51 from pot
*** SUMMARY ***
Total pot $8.96 | Rake $0.45 
Board [9c Ad 7d 7h 2d]
Seat 5: socito
Seat 1: BGS013 (button) showed [9d Ks] and won ($8.51) with two pair, Nines and Sevens
Seat 2: wmarl90 (small blind) showed [6c Tc] and lost with a pair of Sevens
Seat 3: IKnowThatFel (big blind) folded before Flop
Seat 4: peak joker33 folded before Flop (didn't bet)
Seat 6: RAidakCo folded before Flop (didn't bet)



PokerStars Hand #254432409874:  Hold'em No Limit ($0.50/$1.00 USD) - 2025/01/18 15:51:48 WET [2025/01/18 10:51:48 ET]
Table 'Glaukos IV' 6-max Seat #2 is the button
Seat 5: socito ($100 in chips) is sitting out
Seat 1: BGS013 ($130.73 in chips) 
Seat 2: wmarl90 ($103.44 in chips) 
Seat 3: IKnowThatFel ($192 in chips) 
Seat 4: peak joker33 ($109.68 in chips) 
Seat 6: RAidakCo ($102.50 in chips) 
IKnowThatFel: posts small blind $0.50
peak joker33: posts big blind $1
*** HOLE CARDS ***
RAidakCo: folds 
BGS013: folds 
wmarl90: folds 
IKnowThatFel: raises $2 to $3
peak joker33: raises $6 to $9
IKnowThatFel: folds 
Uncalled bet ($6) returned to peak joker33
peak joker33 collected $6 from pot
peak joker33: doesn't show hand 
*** SUMMARY ***
Total pot $6 | Rake $0 
Seat 5: socito
Seat 1: BGS013 folded before Flop (didn't bet)
Seat 2: wmarl90 (button) folded before Flop (didn't bet)
Seat 3: IKnowThatFel (small blind) folded before Flop
Seat 4: peak joker33 (big blind) collected ($6)
Seat 6: RAidakCo folded before Flop (didn't bet)



PokerStars Hand #254432419545:  Hold'em No Limit ($0.50/$1.00 USD) - 2025/01/18 15:52:29 WET [2025/01/18 10:52:29 ET]
Table 'Glaukos IV' 6-max Seat #3 is the button
Seat 5: socito ($100 in chips) is sitting out
Seat 1: BGS013 ($130.73 in chips) 
Seat 2: wmarl90 ($103.44 in chips) 
Seat 3: IKnowThatFel ($189 in chips) 
Seat 4: peak joker33 ($112.68 in chips) 
Seat 6: RAidakCo ($102.50 in chips) 
peak joker33: posts small blind $0.50
RAidakCo: posts big blind $1
*** HOLE CARDS ***
BGS013: folds 
wmarl90: folds 
IKnowThatFel: folds 
peak joker33: folds 
Uncalled bet ($0.50) returned to RAidakCo
RAidakCo collected $1 from pot
RAidakCo: doesn't show hand 
*** SUMMARY ***
Total pot $1 | Rake $0 
Seat 5: socito
Seat 1: BGS013 folded before Flop (didn't bet)
Seat 2: wmarl90 folded before Flop (didn't bet)
Seat 3: IKnowThatFel (button) folded before Flop (didn't bet)
Seat 4: peak joker33 (small blind) folded before Flop
Seat 6: RAidakCo (big blind) collected ($1)



PokerStars Hand #254432421988:  Hold'em No Limit ($0.50/$1.00 USD) - 2025/01/18 15:52:39 WET [2025/01/18 10:52:39 ET]
Table 'Glaukos IV' 6-max Seat #4 is the button
Seat 5: socito ($100 in chips) is sitting out
Seat 1: BGS013 ($130.73 in chips) 
Seat 2: wmarl90 ($103.44 in chips) 
Seat 3: IKnowThatFel ($189 in chips) 
Seat 4: peak joker33 ($112.18 in chips) 
Seat 6: RAidakCo ($103 in chips) 
RAidakCo: posts small blind $0.50
BGS013: posts big blind $1
*** HOLE CARDS ***
wmarl90: raises $2 to $3
IKnowThatFel: folds 
peak joker33: folds 
RAidakCo: folds 
BGS013: folds 
Uncalled bet ($2) returned to wmarl90
wmarl90 collected $2.50 from pot
*** SUMMARY ***
Total pot $2.50 | Rake $0 
Seat 5: socito
Seat 1: BGS013 (big blind) folded before Flop
Seat 2: wmarl90 collected ($2.50)
Seat 3: IKnowThatFel folded before Flop (didn't bet)
Seat 4: peak joker33 (button) folded before Flop (didn't bet)
Seat 6: RAidakCo (small blind) folded before Flop



PokerStars Hand #254432424787:  Hold'em No Limit ($0.50/$1.00 USD) - 2025/01/18 15:52:51 WET [2025/01/18 10:52:51 ET]
Table 'Glaukos IV' 6-max Seat #6 is the button
Seat 5: socito ($100 in chips) is sitting out
Seat 1: BGS013 ($129.73 in chips) 
Seat 2: wmarl90 ($104.94 in chips) 
Seat 3: IKnowThatFel ($189 in chips) 
Seat 4: peak joker33 ($112.18 in chips) 
Seat 6: RAidakCo ($102.50 in chips) 
BGS013: posts small blind $0.50
wmarl90: posts big blind $1
*** HOLE CARDS ***
IKnowThatFel: raises $1.50 to $2.50
peak joker33: folds 
RAidakCo: folds 
BGS013: folds 
wmarl90: calls $1.50
*** FLOP *** [4c 7h 3d]
wmarl90: checks 
IKnowThatFel: bets $2.61
wmarl90: folds 
Uncalled bet ($2.61) returned to IKnowThatFel
IKnowThatFel collected $5.22 from pot
IKnowThatFel: doesn't show hand 
*** SUMMARY ***
Total pot $5.50 | Rake $0.28 
Board [4c 7h 3d]
Seat 5: socito
Seat 1: BGS013 (small blind) folded before Flop
Seat 2: wmarl90 (big blind) folded on the Flop
Seat 3: IKnowThatFel collected ($5.22)
Seat 4: peak joker33 folded before Flop (didn't bet)
Seat 6: RAidakCo (button) folded before Flop (didn't bet)



PokerStars Hand #254432430989:  Hold'em No Limit ($0.50/$1.00 USD) - 2025/01/18 15:53:17 WET [2025/01/18 10:53:17 ET]
Table 'Glaukos IV' 6-max Seat #1 is the button
Seat 5: socito ($100 in chips) is sitting out
Seat 1: BGS013 ($129.23 in chips) 
Seat 2: wmarl90 ($102.44 in chips) 
Seat 3: IKnowThatFel ($191.72 in chips) 
Seat 4: peak joker33 ($112.18 in chips) 
Seat 6: RAidakCo ($102.50 in chips) 
wmarl90: posts small blind $0.50
IKnowThatFel: posts big blind $1
*** HOLE CARDS ***
peak joker33: folds 
RAidakCo: raises $1.20 to $2.20
BGS013: folds 
wmarl90: folds 
IKnowThatFel: calls $1.20
*** FLOP *** [8d 6h Kc]
IKnowThatFel: checks 
RAidakCo: bets $1.54
IKnowThatFel: calls $1.54
*** TURN *** [8d 6h Kc] [5c]
IKnowThatFel: checks 
RAidakCo: bets $11.37
IKnowThatFel: calls $11.37
*** RIVER *** [8d 6h Kc 5c] [7d]
IKnowThatFel has timed out
IKnowThatFel: checks 
RAidakCo: checks 
*** SHOW DOWN ***
IKnowThatFel: shows [Qs Kd] (a pair of Kings)
RAidakCo: mucks hand 
IKnowThatFel collected $29.18 from pot
*** SUMMARY ***
Total pot $30.72 | Rake $1.54 
Board [8d 6h Kc 5c 7d]
Seat 5: socito
Seat 1: BGS013 (button) folded before Flop (didn't bet)
Seat 2: wmarl90 (small blind) folded before Flop
Seat 3: IKnowThatFel (big blind) showed [Qs Kd] and won ($29.18) with a pair of Kings
Seat 4: peak joker33 folded before Flop (didn't bet)
Seat 6: RAidakCo mucked



PokerStars Hand #254432454833:  Hold'em No Limit ($0.50/$1.00 USD) - 2025/01/18 15:54:58 WET [2025/01/18 10:54:58 ET]
Table 'Glaukos IV' 6-max Seat #2 is the button
Seat 5: socito ($100 in chips) is sitting out
Seat 1: BGS013 ($129.23 in chips) 
Seat 2: wmarl90 ($101.94 in chips) 
Seat 3: IKnowThatFel ($205.79 in chips) 
Seat 4: peak joker33 ($112.18 in chips) 
Seat 6: RAidakCo ($100 in chips) 
IKnowThatFel: posts small blind $0.50
peak joker33: posts big blind $1
*** HOLE CARDS ***
RAidakCo: folds 
BGS013: raises $1.50 to $2.50
wmarl90: folds 
IKnowThatFel: folds 
peak joker33: folds 
Uncalled bet ($1.50) returned to BGS013
BGS013 collected $2.50 from pot
BGS013: doesn't show hand 
*** SUMMARY ***
Total pot $2.50 | Rake $0 
Seat 5: socito
Seat 1: BGS013 collected ($2.50)
Seat 2: wmarl90 (button) folded before Flop (didn't bet)
Seat 3: IKnowThatFel (small blind) folded before Flop
Seat 4: peak joker33 (big blind) folded before Flop
Seat 6: RAidakCo folded before Flop (didn't bet)



PokerStars Hand #254432457353:  Hold'em No Limit ($0.50/$1.00 USD) - 2025/01/18 15:55:09 WET [2025/01/18 10:55:09 ET]
Table 'Glaukos IV' 6-max Seat #3 is the button
Seat 5: socito ($100 in chips) is sitting out
Seat 1: BGS013 ($130.73 in chips) 
Seat 2: wmarl90 ($101.94 in chips) 
Seat 3: IKnowThatFel ($205.29 in chips) 
Seat 4: peak joker33 ($111.18 in chips) 
Seat 6: RAidakCo ($100 in chips) 
peak joker33: posts small blind $0.50
RAidakCo: posts big blind $1
*** HOLE CARDS ***
BGS013: raises $1 to $2
wmarl90: folds 
IKnowThatFel: folds 
peak joker33: folds 
RAidakCo: calls $1
*** FLOP *** [Qc 6h 5h]
RAidakCo: checks 
BGS013: bets $1.11
RAidakCo: calls $1.11
*** TURN *** [Qc 6h 5h] [Th]
RAidakCo: checks 
BGS013: checks 
*** RIVER *** [Qc 6h 5h Th] [Td]
RAidakCo: checks 
BGS013: bets $6
RAidakCo: calls $6
*** SHOW DOWN ***
BGS013: shows [Ac Ah] (two pair, Aces and Tens)
RAidakCo: mucks hand 
BGS013 collected $17.78 from pot
*** SUMMARY ***
Total pot $18.72 | Rake $0.94 
Board [Qc 6h 5h Th Td]
Seat 5: socito
Seat 1: BGS013 showed [Ac Ah] and won ($17.78) with two pair, Aces and Tens
Seat 2: wmarl90 folded before Flop (didn't bet)
Seat 3: IKnowThatFel (button) folded before Flop (didn't bet)
Seat 4: peak joker33 (small blind) folded before Flop
Seat 6: RAidakCo (big blind) mucked



PokerStars Hand #254432468723:  Hold'em No Limit ($0.50/$1.00 USD) - 2025/01/18 15:56:15 WET [2025/01/18 10:56:15 ET]
Table 'Glaukos IV' 6-max Seat #4 is the button
Seat 5: socito ($100 in chips) is sitting out
Seat 1: BGS013 ($139.40 in chips) 
Seat 2: wmarl90 ($101.94 in chips) 
Seat 3: IKnowThatFel ($205.29 in chips) 
Seat 4: peak joker33 ($110.68 in chips) 
Seat 6: RAidakCo ($100 in chips) 
RAidakCo: posts small blind $0.50
BGS013: posts big blind $1
*** HOLE CARDS ***
wmarl90: raises $2 to $3
IKnowThatFel: folds 
peak joker33: folds 
RAidakCo: folds 
BGS013: calls $2
*** FLOP *** [3h 9d Kc]
BGS013: checks 
wmarl90: bets $3.09
BGS013: folds 
Uncalled bet ($3.09) returned to wmarl90
wmarl90 collected $6.18 from pot
wmarl90: doesn't show hand 
*** SUMMARY ***
Total pot $6.50 | Rake $0.32 
Board [3h 9d Kc]
Seat 5: socito
Seat 1: BGS013 (big blind) folded on the Flop
Seat 2: wmarl90 collected ($6.18)
Seat 3: IKnowThatFel folded before Flop (didn't bet)
Seat 4: peak joker33 (button) folded before Flop (didn't bet)
Seat 6: RAidakCo (small blind) folded before Flop



PokerStars Hand #254432475280:  Hold'em No Limit ($0.50/$1.00 USD) - 2025/01/18 15:56:52 WET [2025/01/18 10:56:52 ET]
Table 'Glaukos IV' 6-max Seat #6 is the button
Seat 5: socito ($100 in chips) is sitting out
Seat 1: BGS013 ($136.40 in chips) 
Seat 2: wmarl90 ($105.12 in chips) 
Seat 3: IKnowThatFel ($205.29 in chips) 
Seat 4: peak joker33 ($110.68 in chips) 
Seat 6: RAidakCo ($100 in chips) 
BGS013: posts small blind $0.50
wmarl90: posts big blind $1
socito: sits out 
*** HOLE CARDS ***
IKnowThatFel: folds 
peak joker33: folds 
RAidakCo: folds 
BGS013: folds 
Uncalled bet ($0.50) returned to wmarl90
wmarl90 collected $1 from pot
*** SUMMARY ***
Total pot $1 | Rake $0 
Seat 5: socito
Seat 1: BGS013 (small blind) folded before Flop
Seat 2: wmarl90 (big blind) collected ($1)
Seat 3: IKnowThatFel folded before Flop (didn't bet)
Seat 4: peak joker33 folded before Flop (didn't bet)
Seat 6: RAidakCo (button) folded before Flop (didn't bet)



PokerStars Hand #254432478218:  Hold'em No Limit ($0.50/$1.00 USD) - 2025/01/18 15:57:09 WET [2025/01/18 10:57:09 ET]
Table 'Glaukos IV' 6-max Seat #1 is the button
Seat 5: socito ($100 in chips) is sitting out
Seat 1: BGS013 ($135.90 in chips) 
Seat 2: wmarl90 ($105.62 in chips) 
Seat 3: IKnowThatFel ($205.29 in chips) 
Seat 4: peak joker33 ($110.68 in chips) 
Seat 6: RAidakCo ($100 in chips) 
wmarl90: posts small blind $0.50
IKnowThatFel: posts big blind $1
socito: sits out 
*** HOLE CARDS ***
peak joker33: folds 
RAidakCo: raises $1.20 to $2.20
BGS013: raises $5.80 to $8
wmarl90: folds 
IKnowThatFel: folds 
RAidakCo: calls $5.80
*** FLOP *** [8h 5s 5h]
RAidakCo: checks 
BGS013: checks 
*** TURN *** [8h 5s 5h] [2c]
RAidakCo: checks 
BGS013: checks 
*** RIVER *** [8h 5s 5h 2c] [7c]
RAidakCo: bets $8.31
BGS013: folds 
Uncalled bet ($8.31) returned to RAidakCo
RAidakCo collected $16.62 from pot
RAidakCo: doesn't show hand 
*** SUMMARY ***
Total pot $17.50 | Rake $0.88 
Board [8h 5s 5h 2c 7c]
Seat 5: socito
Seat 1: BGS013 (button) folded on the River
Seat 2: wmarl90 (small blind) folded before Flop
Seat 3: IKnowThatFel (big blind) folded before Flop
Seat 4: peak joker33 folded before Flop (didn't bet)
Seat 6: RAidakCo collected ($16.62)



PokerStars Hand #254432582949:  Hold'em No Limit ($0.50/$1.00 USD) - 2025/01/18 16:05:28 WET [2025/01/18 11:05:28 ET]
Table 'Glaukos IV' 6-max Seat #6 is the button
Seat 1: michababa ($12.44 in chips) 
Seat 2: Unipoker11 ($100 in chips) 
Seat 3: Pon4uk.ua ($104 in chips) 
Seat 4: peak joker33 ($110.32 in chips) 
Seat 5: socito ($105.77 in chips) 
Seat 6: RAidakCo ($103.27 in chips) 
michababa: posts small blind $0.50
Unipoker11: posts big blind $1
*** HOLE CARDS ***
Pon4uk.ua: folds 
peak joker33: folds 
socito: folds 
RAidakCo: raises $1.50 to $2.50
michababa: folds 
Unipoker11: folds 
Uncalled bet ($1.50) returned to RAidakCo
RAidakCo collected $2.50 from pot
RAidakCo: doesn't show hand 
*** SUMMARY ***
Total pot $2.50 | Rake $0 
Seat 1: michababa (small blind) folded before Flop
Seat 2: Unipoker11 (big blind) folded before Flop
Seat 3: Pon4uk.ua folded before Flop (didn't bet)
Seat 4: peak joker33 folded before Flop (didn't bet)
Seat 5: socito folded before Flop (didn't bet)
Seat 6: RAidakCo (button) collected ($2.50)



PokerStars Hand #254432590456:  Hold'em No Limit ($0.50/$1.00 USD) - 2025/01/18 16:05:59 WET [2025/01/18 11:05:59 ET]
Table 'Glaukos IV' 6-max Seat #1 is the button
Seat 1: michababa ($11.94 in chips) 
Seat 2: Unipoker11 ($100 in chips) 
Seat 3: Pon4uk.ua ($104 in chips) 
Seat 4: peak joker33 ($110.32 in chips) 
Seat 5: socito ($105.77 in chips) 
Seat 6: RAidakCo ($104.77 in chips) 
Unipoker11: posts small blind $0.50
Pon4uk.ua: posts big blind $1
*** HOLE CARDS ***
peak joker33: folds 
socito: folds 
RAidakCo: folds 
michababa: folds 
Unipoker11: folds 
Uncalled bet ($0.50) returned to Pon4uk.ua
Pon4uk.ua collected $1 from pot
Pon4uk.ua: doesn't show hand 
*** SUMMARY ***
Total pot $1 | Rake $0 
Seat 1: michababa (button) folded before Flop (didn't bet)
Seat 2: Unipoker11 (small blind) folded before Flop
Seat 3: Pon4uk.ua (big blind) collected ($1)
Seat 4: peak joker33 folded before Flop (didn't bet)
Seat 5: socito folded before Flop (didn't bet)
Seat 6: RAidakCo folded before Flop (didn't bet)



PokerStars Hand #254432596291:  Hold'em No Limit ($0.50/$1.00 USD) - 2025/01/18 16:06:23 WET [2025/01/18 11:06:23 ET]
Table 'Glaukos IV' 6-max Seat #2 is the button
Seat 1: michababa ($11.94 in chips) 
Seat 2: Unipoker11 ($100 in chips) 
Seat 3: Pon4uk.ua ($104.50 in chips) 
Seat 4: peak joker33 ($110.32 in chips) 
Seat 5: socito ($105.77 in chips) 
Seat 6: RAidakCo ($104.77 in chips) 
Pon4uk.ua: posts small blind $0.50
peak joker33: posts big blind $1
*** HOLE CARDS ***
socito: raises $1.50 to $2.50
RAidakCo: folds 
michababa: folds 
Unipoker11: raises $5 to $7.50
Pon4uk.ua: raises $12.50 to $20
peak joker33: folds 
socito: folds 
Unipoker11: calls $12.50
*** FLOP *** [Kh 7d 9c]
RAidakCo leaves the table
Pon4uk.ua: bets $10
Unipoker11: folds 
Uncalled bet ($10) returned to Pon4uk.ua
Pon4uk.ua collected $41.32 from pot
Pon4uk.ua: doesn't show hand 
EdgarYY joins the table at seat #6 
*** SUMMARY ***
Total pot $43.50 | Rake $2.18 
Board [Kh 7d 9c]
Seat 1: michababa folded before Flop (didn't bet)
Seat 2: Unipoker11 (button) folded on the Flop
Seat 3: Pon4uk.ua (small blind) collected ($41.32)
Seat 4: peak joker33 (big blind) folded before Flop
Seat 5: socito folded before Flop
Seat 6: RAidakCo folded before Flop (didn't bet)



PokerStars Hand #254432609852:  Hold'em No Limit ($0.50/$1.00 USD) - 2025/01/18 16:07:19 WET [2025/01/18 11:07:19 ET]
Table 'Glaukos IV' 6-max Seat #3 is the button
Seat 6: EdgarYY ($100 in chips) is sitting out
Seat 1: michababa ($11.94 in chips) 
Seat 2: Unipoker11 ($100 in chips) 
Seat 3: Pon4uk.ua ($125.82 in chips) 
Seat 4: peak joker33 ($109.32 in chips) 
Seat 5: socito ($103.27 in chips) 
peak joker33: posts small blind $0.50
socito: posts big blind $1
EdgarYY: sits out 
*** HOLE CARDS ***
michababa: folds 
Unipoker11: folds 
Pon4uk.ua: folds 
peak joker33: raises $2 to $3
socito: calls $2
*** FLOP *** [7d Th Kd]
peak joker33: checks 
socito: checks 
*** TURN *** [7d Th Kd] [3d]
peak joker33: checks 
socito: checks 
*** RIVER *** [7d Th Kd 3d] [6s]
peak joker33: bets $2.85
socito: raises $7.52 to $10.37
peak joker33: folds 
Uncalled bet ($7.52) returned to socito
socito collected $11.12 from pot
socito: doesn't show hand 
*** SUMMARY ***
Total pot $11.70 | Rake $0.58 
Board [7d Th Kd 3d 6s]
Seat 6: EdgarYY
Seat 1: michababa folded before Flop (didn't bet)
Seat 2: Unipoker11 folded before Flop (didn't bet)
Seat 3: Pon4uk.ua (button) folded before Flop (didn't bet)
Seat 4: peak joker33 (small blind) folded on the River
Seat 5: socito (big blind) collected ($11.12)



PokerStars Hand #254432633782:  Hold'em No Limit ($0.50/$1.00 USD) - 2025/01/18 16:08:59 WET [2025/01/18 11:08:59 ET]
Table 'Glaukos IV' 6-max Seat #4 is the button
Seat 1: michababa ($11.94 in chips) 
Seat 2: Unipoker11 ($100 in chips) 
Seat 3: Pon4uk.ua ($125.82 in chips) 
Seat 4: peak joker33 ($103.47 in chips) 
Seat 5: socito ($108.54 in chips) 
Seat 6: EdgarYY ($100 in chips) 
socito: posts small blind $0.50
EdgarYY: posts big blind $1
*** HOLE CARDS ***
michababa: folds 
michababa leaves the table
Unipoker11: folds 
Pon4uk.ua: folds 
peak joker33: folds 
socito: folds 
Uncalled bet ($0.50) returned to EdgarYY
EdgarYY collected $1 from pot
EdgarYY: doesn't show hand 
*** SUMMARY ***
Total pot $1 | Rake $0 
Seat 1: michababa folded before Flop (didn't bet)
Seat 2: Unipoker11 folded before Flop (didn't bet)
Seat 3: Pon4uk.ua folded before Flop (didn't bet)
Seat 4: peak joker33 (button) folded before Flop (didn't bet)
Seat 5: socito (small blind) folded before Flop
Seat 6: EdgarYY (big blind) collected ($1)



PokerStars Hand #254432640381:  Hold'em No Limit ($0.50/$1.00 USD) - 2025/01/18 16:09:26 WET [2025/01/18 11:09:26 ET]
Table 'Glaukos IV' 6-max Seat #5 is the button
Seat 2: Unipoker11 ($100 in chips) 
Seat 3: Pon4uk.ua ($125.82 in chips) 
Seat 4: peak joker33 ($103.47 in chips) 
Seat 5: socito ($108.04 in chips) 
Seat 6: EdgarYY ($100.50 in chips) 
EdgarYY: posts small blind $0.50
Unipoker11: posts big blind $1
*** HOLE CARDS ***
Pon4uk.ua: folds 
peak joker33: raises $1.50 to $2.50
socito: raises $5 to $7.50
EdgarYY: folds 
Unipoker11: folds 
peak joker33: folds 
Uncalled bet ($5) returned to socito
socito collected $6.50 from pot
socito: doesn't show hand 
*** SUMMARY ***
Total pot $6.50 | Rake $0 
Seat 2: Unipoker11 (big blind) folded before Flop
Seat 3: Pon4uk.ua folded before Flop (didn't bet)
Seat 4: peak joker33 folded before Flop
Seat 5: socito (button) collected ($6.50)
Seat 6: EdgarYY (small blind) folded before Flop



PokerStars Hand #254432646002:  Hold'em No Limit ($0.50/$1.00 USD) - 2025/01/18 16:09:50 WET [2025/01/18 11:09:50 ET]
Table 'Glaukos IV' 6-max Seat #6 is the button
Seat 2: Unipoker11 ($100 in chips) 
Seat 3: Pon4uk.ua ($125.82 in chips) 
Seat 4: peak joker33 ($100.97 in chips) 
Seat 5: socito ($112.04 in chips) 
Seat 6: EdgarYY ($100 in chips) 
Unipoker11: posts small blind $0.50
Pon4uk.ua: posts big blind $1
*** HOLE CARDS ***
peak joker33: folds 
socito: folds 
EdgarYY: folds 
Unipoker11: raises $2 to $3
Pon4uk.ua: folds 
Uncalled bet ($2) returned to Unipoker11
Unipoker11 collected $2 from pot
Unipoker11: doesn't show hand 
*** SUMMARY ***
Total pot $2 | Rake $0 
Seat 2: Unipoker11 (small blind) collected ($2)
Seat 3: Pon4uk.ua (big blind) folded before Flop
Seat 4: peak joker33 folded before Flop (didn't bet)
Seat 5: socito folded before Flop (didn't bet)
Seat 6: EdgarYY (button) folded before Flop (didn't bet)



PokerStars Hand #254432650599:  Hold'em No Limit ($0.50/$1.00 USD) - 2025/01/18 16:10:08 WET [2025/01/18 11:10:08 ET]
Table 'Glaukos IV' 6-max Seat #2 is the button
Seat 2: Unipoker11 ($101 in chips) 
Seat 3: Pon4uk.ua ($124.82 in chips) 
Seat 4: peak joker33 ($100.97 in chips) 
Seat 5: socito ($112.04 in chips) 
Seat 6: EdgarYY ($100 in chips) 
Pon4uk.ua: posts small blind $0.50
peak joker33: posts big blind $1
*** HOLE CARDS ***
socito: folds 
EdgarYY: folds 
Unipoker11: folds 
Pon4uk.ua: raises $1.75 to $2.75
peak joker33: calls $1.75
*** FLOP *** [9s 8h 8d]
Pon4uk.ua: bets $1.72
peak joker33: calls $1.72
*** TURN *** [9s 8h 8d] [Jh]
Pon4uk.ua: bets $6.37
peak joker33: folds 
Uncalled bet ($6.37) returned to Pon4uk.ua
Pon4uk.ua collected $8.49 from pot
Pon4uk.ua: doesn't show hand 
*** SUMMARY ***
Total pot $8.94 | Rake $0.45 
Board [9s 8h 8d Jh]
Seat 2: Unipoker11 (button) folded before Flop (didn't bet)
Seat 3: Pon4uk.ua (small blind) collected ($8.49)
Seat 4: peak joker33 (big blind) folded on the Turn
Seat 5: socito folded before Flop (didn't bet)
Seat 6: EdgarYY folded before Flop (didn't bet)



PokerStars Hand #254432662560:  Hold'em No Limit ($0.50/$1.00 USD) - 2025/01/18 16:10:57 WET [2025/01/18 11:10:57 ET]
Table 'Glaukos IV' 6-max Seat #3 is the button
Seat 2: Unipoker11 ($101 in chips) 
Seat 3: Pon4uk.ua ($128.84 in chips) 
Seat 4: peak joker33 ($100 in chips) 
Seat 5: socito ($112.04 in chips) 
Seat 6: EdgarYY ($100 in chips) 
peak joker33: posts small blind $0.50
socito: posts big blind $1
*** HOLE CARDS ***
EdgarYY: folds 
Unipoker11: folds 
Pon4uk.ua: raises $1.50 to $2.50
peak joker33: folds 
socito: raises $1.82 to $4.32
Pon4uk.ua: calls $1.82
*** FLOP *** [Jh Tc 4h]
socito: checks 
Pon4uk.ua: checks 
*** TURN *** [Jh Tc 4h] [Th]
socito: checks 
Pon4uk.ua: checks 
*** RIVER *** [Jh Tc 4h Th] [5s]
elcutez joins the table at seat #1 
elcutez is disconnected 
socito: bets $4.34
Pon4uk.ua: folds 
Uncalled bet ($4.34) returned to socito
socito collected $8.68 from pot
socito: doesn't show hand 
*** SUMMARY ***
Total pot $9.14 | Rake $0.46 
Board [Jh Tc 4h Th 5s]
Seat 2: Unipoker11 folded before Flop (didn't bet)
Seat 3: Pon4uk.ua (button) folded on the River
Seat 4: peak joker33 (small blind) folded before Flop
Seat 5: socito (big blind) collected ($8.68)
Seat 6: EdgarYY folded before Flop (didn't bet)



PokerStars Hand #254432677350:  Hold'em No Limit ($0.50/$1.00 USD) - 2025/01/18 16:11:58 WET [2025/01/18 11:11:58 ET]
Table 'Glaukos IV' 6-max Seat #4 is the button
Seat 1: elcutez ($100 in chips) 
Seat 2: Unipoker11 ($101 in chips) 
Seat 3: Pon4uk.ua ($124.52 in chips) 
Seat 4: peak joker33 ($100 in chips) 
Seat 5: socito ($116.40 in chips) 
Seat 6: EdgarYY ($100 in chips) 
socito: posts small blind $0.50
EdgarYY: posts big blind $1
elcutez: posts big blind $1
*** HOLE CARDS ***
elcutez: checks 
Unipoker11: folds 
Pon4uk.ua: raises $3 to $4
peak joker33: folds 
socito: folds 
EdgarYY: folds 
elcutez: folds 
Uncalled bet ($3) returned to Pon4uk.ua
Pon4uk.ua collected $3.50 from pot
Pon4uk.ua: doesn't show hand 
*** SUMMARY ***
Total pot $3.50 | Rake $0 
Seat 1: elcutez folded before Flop (didn't bet)
Seat 2: Unipoker11 folded before Flop (didn't bet)
Seat 3: Pon4uk.ua collected ($3.50)
Seat 4: peak joker33 (button) folded before Flop (didn't bet)
Seat 5: socito (small blind) folded before Flop
Seat 6: EdgarYY (big blind) folded before Flop



PokerStars Hand #254432683754:  Hold'em No Limit ($0.50/$1.00 USD) - 2025/01/18 16:12:24 WET [2025/01/18 11:12:24 ET]
Table 'Glaukos IV' 6-max Seat #5 is the button
Seat 1: elcutez ($99 in chips) 
Seat 2: Unipoker11 ($101 in chips) 
Seat 3: Pon4uk.ua ($127.02 in chips) 
Seat 4: peak joker33 ($100 in chips) 
Seat 5: socito ($115.90 in chips) 
Seat 6: EdgarYY ($100 in chips) 
EdgarYY: posts small blind $0.50
elcutez: posts big blind $1
*** HOLE CARDS ***
Unipoker11: folds 
Pon4uk.ua: folds 
peak joker33: folds 
socito: folds 
EdgarYY: folds 
Uncalled bet ($0.50) returned to elcutez
elcutez collected $1 from pot
*** SUMMARY ***
Total pot $1 | Rake $0 
Seat 1: elcutez (big blind) collected ($1)
Seat 2: Unipoker11 folded before Flop (didn't bet)
Seat 3: Pon4uk.ua folded before Flop (didn't bet)
Seat 4: peak joker33 folded before Flop (didn't bet)
Seat 5: socito (button) folded before Flop (didn't bet)
Seat 6: EdgarYY (small blind) folded before Flop



PokerStars Hand #254432686474:  Hold'em No Limit ($0.50/$1.00 USD) - 2025/01/18 16:12:35 WET [2025/01/18 11:12:35 ET]
Table 'Glaukos IV' 6-max Seat #6 is the button
Seat 1: elcutez ($99.50 in chips) 
Seat 2: Unipoker11 ($101 in chips) 
Seat 3: Pon4uk.ua ($127.02 in chips) 
Seat 4: peak joker33 ($100 in chips) 
Seat 5: socito ($115.90 in chips) 
Seat 6: EdgarYY ($100 in chips) 
elcutez: posts small blind $0.50
Unipoker11: posts big blind $1
*** HOLE CARDS ***
Pon4uk.ua: folds 
peak joker33: folds 
socito: folds 
EdgarYY: folds 
elcutez: folds 
Uncalled bet ($0.50) returned to Unipoker11
Unipoker11 collected $1 from pot
Unipoker11: doesn't show hand 
*** SUMMARY ***
Total pot $1 | Rake $0 
Seat 1: elcutez (small blind) folded before Flop
Seat 2: Unipoker11 (big blind) collected ($1)
Seat 3: Pon4uk.ua folded before Flop (didn't bet)
Seat 4: peak joker33 folded before Flop (didn't bet)
Seat 5: socito folded before Flop (didn't bet)
Seat 6: EdgarYY (button) folded before Flop (didn't bet)



PokerStars Hand #254432691724:  Hold'em No Limit ($0.50/$1.00 USD) - 2025/01/18 16:12:56 WET [2025/01/18 11:12:56 ET]
Table 'Glaukos IV' 6-max Seat #1 is the button
Seat 1: elcutez ($99 in chips) 
Seat 2: Unipoker11 ($101.50 in chips) 
Seat 3: Pon4uk.ua ($127.02 in chips) 
Seat 4: peak joker33 ($100 in chips) 
Seat 5: socito ($115.90 in chips) 
Seat 6: EdgarYY ($100 in chips) 
Unipoker11: posts small blind $0.50
Pon4uk.ua: posts big blind $1
*** HOLE CARDS ***
peak joker33: folds 
socito: folds 
EdgarYY: folds 
elcutez: raises $2 to $3
Unipoker11: folds 
Pon4uk.ua: folds 
Uncalled bet ($2) returned to elcutez
Pon4uk.ua leaves the table
elcutez collected $2.50 from pot
*** SUMMARY ***
Total pot $2.50 | Rake $0 
Seat 1: elcutez (button) collected ($2.50)
Seat 2: Unipoker11 (small blind) folded before Flop
Seat 3: Pon4uk.ua (big blind) folded before Flop
Seat 4: peak joker33 folded before Flop (didn't bet)
Seat 5: socito folded before Flop (didn't bet)
Seat 6: EdgarYY folded before Flop (didn't bet)



PokerStars Hand #254432699576:  Hold'em No Limit ($0.50/$1.00 USD) - 2025/01/18 16:13:29 WET [2025/01/18 11:13:29 ET]
Table 'Glaukos IV' 6-max Seat #2 is the button
Seat 1: elcutez ($100.50 in chips) 
Seat 2: Unipoker11 ($101 in chips) 
Seat 4: peak joker33 ($100 in chips) 
Seat 5: socito ($115.90 in chips) 
Seat 6: EdgarYY ($100 in chips) 
peak joker33: posts small blind $0.50
socito: posts big blind $1
*** HOLE CARDS ***
EdgarYY: folds 
elcutez: folds 
Unipoker11: raises $1.50 to $2.50
peak joker33: folds 
Joe_Li7 joins the table at seat #3 
socito: calls $1.50
*** FLOP *** [Ac 9d 4s]
socito: checks 
Unipoker11: bets $1.30
socito: calls $1.30
*** TURN *** [Ac 9d 4s] [3c]
socito: bets $2.54
Unipoker11: folds 
Uncalled bet ($2.54) returned to socito
socito collected $7.70 from pot
socito: doesn't show hand 
*** SUMMARY ***
Total pot $8.10 | Rake $0.40 
Board [Ac 9d 4s 3c]
Seat 1: elcutez folded before Flop (didn't bet)
Seat 2: Unipoker11 (button) folded on the Turn
Seat 4: peak joker33 (small blind) folded before Flop
Seat 5: socito (big blind) collected ($7.70)
Seat 6: EdgarYY folded before Flop (didn't bet)



PokerStars Hand #254432713491:  Hold'em No Limit ($0.50/$1.00 USD) - 2025/01/18 16:14:26 WET [2025/01/18 11:14:26 ET]
Table 'Glaukos IV' 6-max Seat #4 is the button
Seat 3: Joe_Li7 ($100 in chips) is sitting out
Seat 1: elcutez ($100.50 in chips) 
Seat 2: Unipoker11 ($100 in chips) 
Seat 4: peak joker33 ($100 in chips) 
Seat 5: socito ($119.80 in chips) 
Seat 6: EdgarYY ($100 in chips) 
socito: posts small blind $0.50
EdgarYY: posts big blind $1
Joe_Li7: sits out 
*** HOLE CARDS ***
elcutez: raises $2 to $3
Unipoker11: raises $6 to $9
peak joker33: folds 
socito: raises $13 to $22
EdgarYY: folds 
elcutez: folds 
Unipoker11: folds 
Uncalled bet ($13) returned to socito
socito collected $22 from pot
socito: doesn't show hand 
*** SUMMARY ***
Total pot $22 | Rake $0 
Seat 3: Joe_Li7
Seat 1: elcutez folded before Flop
Seat 2: Unipoker11 folded before Flop
Seat 4: peak joker33 (button) folded before Flop (didn't bet)
Seat 5: socito (small blind) collected ($22)
Seat 6: EdgarYY (big blind) folded before Flop



PokerStars Hand #254432721388:  Hold'em No Limit ($0.50/$1.00 USD) - 2025/01/18 16:14:58 WET [2025/01/18 11:14:58 ET]
Table 'Glaukos IV' 6-max Seat #5 is the button
Seat 3: Joe_Li7 ($100 in chips) is sitting out
Seat 1: elcutez ($97.50 in chips) 
Seat 2: Unipoker11 ($100 in chips) 
Seat 4: peak joker33 ($100 in chips) 
Seat 5: socito ($132.80 in chips) 
Seat 6: EdgarYY ($100 in chips) 
EdgarYY: posts small blind $0.50
elcutez: posts big blind $1
Joe_Li7: sits out 
*** HOLE CARDS ***
Unipoker11: folds 
peak joker33: folds 
socito: folds 
EdgarYY: raises $2 to $3
elcutez: folds 
Uncalled bet ($2) returned to EdgarYY
EdgarYY collected $2 from pot
EdgarYY: doesn't show hand 
*** SUMMARY ***
Total pot $2 | Rake $0 
Seat 3: Joe_Li7
Seat 1: elcutez (big blind) folded before Flop
Seat 2: Unipoker11 folded before Flop (didn't bet)
Seat 4: peak joker33 folded before Flop (didn't bet)
Seat 5: socito (button) folded before Flop (didn't bet)
Seat 6: EdgarYY (small blind) collected ($2)



PokerStars Hand #254432724399:  Hold'em No Limit ($0.50/$1.00 USD) - 2025/01/18 16:15:10 WET [2025/01/18 11:15:10 ET]
Table 'Glaukos IV' 6-max Seat #6 is the button
Seat 3: Joe_Li7 ($100 in chips) is sitting out
Seat 1: elcutez ($96.50 in chips) 
Seat 2: Unipoker11 ($100 in chips) 
Seat 4: peak joker33 ($100 in chips) 
Seat 5: socito ($132.80 in chips) 
Seat 6: EdgarYY ($101 in chips) 
elcutez: posts small blind $0.50
Unipoker11: posts big blind $1
Joe_Li7: sits out 
*** HOLE CARDS ***
peak joker33: raises $1.50 to $2.50
socito: folds 
EdgarYY: folds 
elcutez: folds 
Unipoker11: folds 
Uncalled bet ($1.50) returned to peak joker33
peak joker33 collected $2.50 from pot
peak joker33: doesn't show hand 
*** SUMMARY ***
Total pot $2.50 | Rake $0 
Seat 3: Joe_Li7
Seat 1: elcutez (small blind) folded before Flop
Seat 2: Unipoker11 (big blind) folded before Flop
Seat 4: peak joker33 collected ($2.50)
Seat 5: socito folded before Flop (didn't bet)
Seat 6: EdgarYY (button) folded before Flop (didn't bet)



PokerStars Hand #254432727119:  Hold'em No Limit ($0.50/$1.00 USD) - 2025/01/18 16:15:21 WET [2025/01/18 11:15:21 ET]
Table 'Glaukos IV' 6-max Seat #1 is the button
Seat 1: elcutez ($96 in chips) 
Seat 2: Unipoker11 ($100 in chips) 
Seat 3: Joe_Li7 ($100 in chips) 
Seat 4: peak joker33 ($101.50 in chips) 
Seat 5: socito ($132.80 in chips) 
Seat 6: EdgarYY ($101 in chips) 
Unipoker11: posts small blind $0.50
Joe_Li7: posts big blind $1
*** HOLE CARDS ***
peak joker33: folds 
peak joker33 leaves the table
socito: folds 
EdgarYY: raises $1.20 to $2.20
elcutez: folds 
Unipoker11: folds 
Joe_Li7: folds 
Uncalled bet ($1.20) returned to EdgarYY
EdgarYY collected $2.50 from pot
EdgarYY: doesn't show hand 
*** SUMMARY ***
Total pot $2.50 | Rake $0 
Seat 1: elcutez (button) folded before Flop (didn't bet)
Seat 2: Unipoker11 (small blind) folded before Flop
Seat 3: Joe_Li7 (big blind) folded before Flop
Seat 4: peak joker33 folded before Flop (didn't bet)
Seat 5: socito folded before Flop (didn't bet)
Seat 6: EdgarYY collected ($2.50)



PokerStars Hand #254432731007:  Hold'em No Limit ($0.50/$1.00 USD) - 2025/01/18 16:15:37 WET [2025/01/18 11:15:37 ET]
Table 'Glaukos IV' 6-max Seat #2 is the button
Seat 1: elcutez ($96 in chips) 
Seat 2: Unipoker11 ($100 in chips) 
Seat 3: Joe_Li7 ($100 in chips) 
Seat 5: socito ($132.80 in chips) 
Seat 6: EdgarYY ($102.50 in chips) 
Joe_Li7: posts small blind $0.50
socito: posts big blind $1
*** HOLE CARDS ***
AlexEliseev7 joins the table at seat #4 
EdgarYY: folds 
elcutez: raises $2 to $3
Unipoker11: folds 
Joe_Li7: folds 
socito: folds 
Uncalled bet ($2) returned to elcutez
elcutez collected $2.50 from pot
*** SUMMARY ***
Total pot $2.50 | Rake $0 
Seat 1: elcutez collected ($2.50)
Seat 2: Unipoker11 (button) folded before Flop (didn't bet)
Seat 3: Joe_Li7 (small blind) folded before Flop
Seat 5: socito (big blind) folded before Flop
Seat 6: EdgarYY folded before Flop (didn't bet)



PokerStars Hand #254432736042:  Hold'em No Limit ($0.50/$1.00 USD) - 2025/01/18 16:15:57 WET [2025/01/18 11:15:57 ET]
Table 'Glaukos IV' 6-max Seat #3 is the button
Seat 4: AlexEliseev7 ($100 in chips) is sitting out
Seat 1: elcutez ($97.50 in chips) 
Seat 2: Unipoker11 ($100 in chips) 
Seat 3: Joe_Li7 ($100 in chips) 
Seat 5: socito ($131.80 in chips) 
Seat 6: EdgarYY ($102.50 in chips) 
socito: posts small blind $0.50
EdgarYY: posts big blind $1
*** HOLE CARDS ***
elcutez: folds 
Unipoker11: raises $1.30 to $2.30
Joe_Li7: folds 
socito: folds 
EdgarYY: calls $1.30
*** FLOP *** [8h 7d 5h]
EdgarYY: checks 
Unipoker11: checks 
*** TURN *** [8h 7d 5h] [3c]
EdgarYY: bets $4.19
Unipoker11: folds 
Uncalled bet ($4.19) returned to EdgarYY
EdgarYY collected $4.84 from pot
EdgarYY: doesn't show hand 
*** SUMMARY ***
Total pot $5.10 | Rake $0.26 
Board [8h 7d 5h 3c]
Seat 4: AlexEliseev7
Seat 1: elcutez folded before Flop (didn't bet)
Seat 2: Unipoker11 folded on the Turn
Seat 3: Joe_Li7 (button) folded before Flop (didn't bet)
Seat 5: socito (small blind) folded before Flop
Seat 6: EdgarYY (big blind) collected ($4.84)



PokerStars Hand #254432744491:  Hold'em No Limit ($0.50/$1.00 USD) - 2025/01/18 16:16:31 WET [2025/01/18 11:16:31 ET]
Table 'Glaukos IV' 6-max Seat #5 is the button
Seat 4: AlexEliseev7 ($100 in chips) is sitting out
Seat 1: elcutez ($97.50 in chips) 
Seat 2: Unipoker11 ($100 in chips) 
Seat 3: Joe_Li7 ($100 in chips) 
Seat 5: socito ($131.30 in chips) 
Seat 6: EdgarYY ($105.04 in chips) 
EdgarYY: posts small blind $0.50
elcutez: posts big blind $1
AlexEliseev7: sits out 
*** HOLE CARDS ***
Unipoker11: folds 
Joe_Li7: folds 
socito: folds 
EdgarYY: raises $2 to $3
elcutez: folds 
Uncalled bet ($2) returned to EdgarYY
EdgarYY collected $2 from pot
EdgarYY: doesn't show hand 
*** SUMMARY ***
Total pot $2 | Rake $0 
Seat 4: AlexEliseev7
Seat 1: elcutez (big blind) folded before Flop
Seat 2: Unipoker11 folded before Flop (didn't bet)
Seat 3: Joe_Li7 folded before Flop (didn't bet)
Seat 5: socito (button) folded before Flop (didn't bet)
Seat 6: EdgarYY (small blind) collected ($2)



PokerStars Hand #254432754266:  Hold'em No Limit ($0.50/$1.00 USD) - 2025/01/18 16:17:11 WET [2025/01/18 11:17:11 ET]
Table 'Glaukos IV' 6-max Seat #6 is the button
Seat 2: Unipoker11 ($100 in chips) is sitting out
Seat 4: AlexEliseev7 ($100 in chips) is sitting out
Seat 1: elcutez ($96.50 in chips) 
Seat 3: Joe_Li7 ($100 in chips) 
Seat 5: socito ($131.30 in chips) 
Seat 6: EdgarYY ($106.04 in chips) 
elcutez: posts small blind $0.50
Unipoker11: is sitting out 
Joe_Li7: posts big blind $1
AlexEliseev7: sits out 
*** HOLE CARDS ***
socito: folds 
EdgarYY: raises $1.50 to $2.50
Unipoker11 leaves the table
elcutez: folds 
Joe_Li7: folds 
Uncalled bet ($1.50) returned to EdgarYY
EdgarYY collected $2.50 from pot
EdgarYY: doesn't show hand 
*** SUMMARY ***
Total pot $2.50 | Rake $0 
Seat 2: Unipoker11
Seat 4: AlexEliseev7
Seat 1: elcutez (small blind) folded before Flop
Seat 3: Joe_Li7 (big blind) folded before Flop
Seat 5: socito folded before Flop (didn't bet)
Seat 6: EdgarYY (button) collected ($2.50)



PokerStars Hand #254432757021:  Hold'em No Limit ($0.50/$1.00 USD) - 2025/01/18 16:17:21 WET [2025/01/18 11:17:21 ET]
Table 'Glaukos IV' 6-max Seat #1 is the button
Seat 1: elcutez ($96 in chips) 
Seat 3: Joe_Li7 ($100 in chips) 
Seat 4: AlexEliseev7 ($100 in chips) 
Seat 5: socito ($131.30 in chips) 
Seat 6: EdgarYY ($107.54 in chips) 
Joe_Li7: posts small blind $0.50
AlexEliseev7: posts big blind $1
*** HOLE CARDS ***
socito: folds 
EdgarYY: folds 
elcutez: raises $2 to $3
Joe_Li7: folds 
AlexEliseev7: calls $2
*** FLOP *** [Ah 6h Th]
AlexEliseev7: checks 
elcutez: checks 
*** TURN *** [Ah 6h Th] [Ks]
AlexEliseev7: bets $4.82
elcutez: folds 
Uncalled bet ($4.82) returned to AlexEliseev7
AlexEliseev7 collected $6.18 from pot
AlexEliseev7: doesn't show hand 
*** SUMMARY ***
Total pot $6.50 | Rake $0.32 
Board [Ah 6h Th Ks]
Seat 1: elcutez (button) folded on the Turn
Seat 3: Joe_Li7 (small blind) folded before Flop
Seat 4: AlexEliseev7 (big blind) collected ($6.18)
Seat 5: socito folded before Flop (didn't bet)
Seat 6: EdgarYY folded before Flop (didn't bet)



PokerStars Hand #254432766217:  Hold'em No Limit ($0.50/$1.00 USD) - 2025/01/18 16:17:58 WET [2025/01/18 11:17:58 ET]
Table 'Glaukos IV' 6-max Seat #3 is the button
Seat 1: elcutez ($93 in chips) 
Seat 3: Joe_Li7 ($100 in chips) 
Seat 4: AlexEliseev7 ($103.18 in chips) 
Seat 5: socito ($131.30 in chips) 
Seat 6: EdgarYY ($107.54 in chips) 
AlexEliseev7: posts small blind $0.50
socito: posts big blind $1
*** HOLE CARDS ***
EdgarYY: folds 
elcutez: folds 
Joe_Li7: raises $1.50 to $2.50
AlexEliseev7: folds 
socito: raises $9 to $11.50
Joe_Li7: folds 
Uncalled bet ($9) returned to socito
socito collected $5.50 from pot
socito: doesn't show hand 
*** SUMMARY ***
Total pot $5.50 | Rake $0 
Seat 1: elcutez folded before Flop (didn't bet)
Seat 3: Joe_Li7 (button) folded before Flop
Seat 4: AlexEliseev7 (small blind) folded before Flop
Seat 5: socito (big blind) collected ($5.50)
Seat 6: EdgarYY folded before Flop (didn't bet)



PokerStars Hand #254432770869:  Hold'em No Limit ($0.50/$1.00 USD) - 2025/01/18 16:18:17 WET [2025/01/18 11:18:17 ET]
Table 'Glaukos IV' 6-max Seat #4 is the button
Seat 1: elcutez ($93 in chips) 
Seat 3: Joe_Li7 ($100 in chips) 
Seat 4: AlexEliseev7 ($102.68 in chips) 
Seat 5: socito ($134.30 in chips) 
Seat 6: EdgarYY ($107.54 in chips) 
socito: posts small blind $0.50
EdgarYY: posts big blind $1
*** HOLE CARDS ***
elcutez: folds 
Joe_Li7: folds 
AlexEliseev7: raises $1.50 to $2.50
socito: folds 
EdgarYY: folds 
Uncalled bet ($1.50) returned to AlexEliseev7
AlexEliseev7 collected $2.50 from pot
AlexEliseev7: doesn't show hand 
*** SUMMARY ***
Total pot $2.50 | Rake $0 
Seat 1: elcutez folded before Flop (didn't bet)
Seat 3: Joe_Li7 folded before Flop (didn't bet)
Seat 4: AlexEliseev7 (button) collected ($2.50)
Seat 5: socito (small blind) folded before Flop
Seat 6: EdgarYY (big blind) folded before Flop



PokerStars Hand #254432775088:  Hold'em No Limit ($0.50/$1.00 USD) - 2025/01/18 16:18:34 WET [2025/01/18 11:18:34 ET]
Table 'Glaukos IV' 6-max Seat #5 is the button
Seat 1: elcutez ($93 in chips) 
Seat 3: Joe_Li7 ($100 in chips) 
Seat 4: AlexEliseev7 ($104.18 in chips) 
Seat 5: socito ($133.80 in chips) 
Seat 6: EdgarYY ($106.54 in chips) 
EdgarYY: posts small blind $0.50
elcutez: posts big blind $1
*** HOLE CARDS ***
Joe_Li7: folds 
AlexEliseev7: raises $1.50 to $2.50
Joe_Li7 leaves the table
socito: folds 
EdgarYY: folds 
elcutez: folds 
Uncalled bet ($1.50) returned to AlexEliseev7
AlexEliseev7 collected $2.50 from pot
AlexEliseev7: doesn't show hand 
*** SUMMARY ***
Total pot $2.50 | Rake $0 
Seat 1: elcutez (big blind) folded before Flop
Seat 3: Joe_Li7 folded before Flop (didn't bet)
Seat 4: AlexEliseev7 collected ($2.50)
Seat 5: socito (button) folded before Flop (didn't bet)
Seat 6: EdgarYY (small blind) folded before Flop



PokerStars Hand #254432781822:  Hold'em No Limit ($0.50/$1.00 USD) - 2025/01/18 16:19:02 WET [2025/01/18 11:19:02 ET]
Table 'Glaukos IV' 6-max Seat #6 is the button
Seat 1: elcutez ($92 in chips) 
Seat 4: AlexEliseev7 ($105.68 in chips) 
Seat 5: socito ($133.80 in chips) 
Seat 6: EdgarYY ($106.04 in chips) 
elcutez: posts small blind $0.50
AlexEliseev7: posts big blind $1
*** HOLE CARDS ***
socito: raises $1.50 to $2.50
EdgarYY: folds 
elcutez: folds 
AlexEliseev7: folds 
Uncalled bet ($1.50) returned to socito
socito collected $2.50 from pot
socito: doesn't show hand 
*** SUMMARY ***
Total pot $2.50 | Rake $0 
Seat 1: elcutez (small blind) folded before Flop
Seat 4: AlexEliseev7 (big blind) folded before Flop
Seat 5: socito collected ($2.50)
Seat 6: EdgarYY (button) folded before Flop (didn't bet)



PokerStars Hand #254432786288:  Hold'em No Limit ($0.50/$1.00 USD) - 2025/01/18 16:19:19 WET [2025/01/18 11:19:19 ET]
Table 'Glaukos IV' 6-max Seat #1 is the button
Seat 1: elcutez ($99.50 in chips) 
Seat 4: AlexEliseev7 ($104.68 in chips) 
Seat 5: socito ($135.30 in chips) 
Seat 6: EdgarYY ($106.04 in chips) 
AlexEliseev7: posts small blind $0.50
socito: posts big blind $1
*** HOLE CARDS ***
EdgarYY: folds 
elcutez: folds 
AlexEliseev7: folds 
Uncalled bet ($0.50) returned to socito
socito collected $1 from pot
socito: doesn't show hand 
*** SUMMARY ***
Total pot $1 | Rake $0 
Seat 1: elcutez (button) folded before Flop (didn't bet)
Seat 4: AlexEliseev7 (small blind) folded before Flop
Seat 5: socito (big blind) collected ($1)
Seat 6: EdgarYY folded before Flop (didn't bet)



PokerStars Hand #254432788895:  Hold'em No Limit ($0.50/$1.00 USD) - 2025/01/18 16:19:30 WET [2025/01/18 11:19:30 ET]
Table 'Glaukos IV' 6-max Seat #4 is the button
Seat 1: elcutez ($99.50 in chips) 
Seat 4: AlexEliseev7 ($104.18 in chips) 
Seat 5: socito ($135.80 in chips) 
Seat 6: EdgarYY ($106.04 in chips) 
socito: posts small blind $0.50
EdgarYY: posts big blind $1
*** HOLE CARDS ***
elcutez: folds 
AlexEliseev7: folds 
socito: folds 
Uncalled bet ($0.50) returned to EdgarYY
EdgarYY collected $1 from pot
EdgarYY: doesn't show hand 
*** SUMMARY ***
Total pot $1 | Rake $0 
Seat 1: elcutez folded before Flop (didn't bet)
Seat 4: AlexEliseev7 (button) folded before Flop (didn't bet)
Seat 5: socito (small blind) folded before Flop
Seat 6: EdgarYY (big blind) collected ($1)



PokerStars Hand #254432792289:  Hold'em No Limit ($0.50/$1.00 USD) - 2025/01/18 16:19:44 WET [2025/01/18 11:19:44 ET]
Table 'Glaukos IV' 6-max Seat #5 is the button
Seat 1: elcutez ($99.50 in chips) 
Seat 4: AlexEliseev7 ($104.18 in chips) 
Seat 5: socito ($135.30 in chips) 
Seat 6: EdgarYY ($106.54 in chips) 
EdgarYY: posts small blind $0.50
elcutez: posts big blind $1
*** HOLE CARDS ***
AlexEliseev7: raises $1.50 to $2.50
socito: folds 
EdgarYY: folds 
elcutez: calls $1.50
*** FLOP *** [Ts Qh 2s]
elcutez: checks 
AlexEliseev7: checks 
*** TURN *** [Ts Qh 2s] [7s]
elcutez: checks 
Evelexy1 joins the table at seat #3 
AlexEliseev7: bets $4.07
elcutez: folds 
Uncalled bet ($4.07) returned to AlexEliseev7
AlexEliseev7 collected $5.22 from pot
AlexEliseev7: doesn't show hand 
*** SUMMARY ***
Total pot $5.50 | Rake $0.28 
Board [Ts Qh 2s 7s]
Seat 1: elcutez (big blind) folded on the Turn
Seat 4: AlexEliseev7 collected ($5.22)
Seat 5: socito (button) folded before Flop (didn't bet)
Seat 6: EdgarYY (small blind) folded before Flop



PokerStars Hand #254432804060:  Hold'em No Limit ($0.50/$1.00 USD) - 2025/01/18 16:20:32 WET [2025/01/18 11:20:32 ET]
Table 'Glaukos IV' 6-max Seat #6 is the button
Seat 1: elcutez ($97 in chips) 
Seat 3: Evelexy1 ($100 in chips) 
Seat 4: AlexEliseev7 ($106.90 in chips) 
Seat 5: socito ($135.30 in chips) 
Seat 6: EdgarYY ($106.04 in chips) 
elcutez: posts small blind $0.50
Evelexy1: posts big blind $1
*** HOLE CARDS ***
AlexEliseev7: folds 
socito: folds 
EdgarYY: folds 
elcutez: folds 
Uncalled bet ($0.50) returned to Evelexy1
Evelexy1 collected $1 from pot
Evelexy1: doesn't show hand 
*** SUMMARY ***
Total pot $1 | Rake $0 
Seat 1: elcutez (small blind) folded before Flop
Seat 3: Evelexy1 (big blind) collected ($1)
Seat 4: AlexEliseev7 folded before Flop (didn't bet)
Seat 5: socito folded before Flop (didn't bet)
Seat 6: EdgarYY (button) folded before Flop (didn't bet)



PokerStars Hand #254432806828:  Hold'em No Limit ($0.50/$1.00 USD) - 2025/01/18 16:20:43 WET [2025/01/18 11:20:43 ET]
Table 'Glaukos IV' 6-max Seat #1 is the button
Seat 1: elcutez ($96.50 in chips) 
Seat 3: Evelexy1 ($100.50 in chips) 
Seat 4: AlexEliseev7 ($106.90 in chips) 
Seat 5: socito ($135.30 in chips) 
Seat 6: EdgarYY ($106.04 in chips) 
Evelexy1: posts small blind $0.50
AlexEliseev7: posts big blind $1
*** HOLE CARDS ***
socito: folds 
EdgarYY: folds 
elcutez: raises $2 to $3
Evelexy1: raises $9 to $12
AlexEliseev7: folds 
elcutez: calls $9
*** FLOP *** [Qd Ad 7s]
Evelexy1: checks 
elcutez: bets $11.88
Evelexy1: calls $11.88
*** TURN *** [Qd Ad 7s] [7c]
Evelexy1: checks 
elcutez: bets $72.62 and is all-in
Evelexy1: calls $72.62
*** RIVER *** [Qd Ad 7s 7c] [7h]
*** SHOW DOWN ***
Evelexy1: shows [5h Ah] (a full house, Sevens full of Aces)
elcutez: shows [As 4s] (a full house, Sevens full of Aces)
Evelexy1 collected $95.75 from pot
elcutez collected $95.75 from pot
*** SUMMARY ***
Total pot $194 | Rake $2.50 
Board [Qd Ad 7s 7c 7h]
Seat 1: elcutez (button) showed [As 4s] and won ($95.75) with a full house, Sevens full of Aces
Seat 3: Evelexy1 (small blind) showed [5h Ah] and won ($95.75) with a full house, Sevens full of Aces
Seat 4: AlexEliseev7 (big blind) folded before Flop
Seat 5: socito folded before Flop (didn't bet)
Seat 6: EdgarYY folded before Flop (didn't bet)



PokerStars Hand #254432814973:  Hold'em No Limit ($0.50/$1.00 USD) - 2025/01/18 16:21:17 WET [2025/01/18 11:21:17 ET]
Table 'Glaukos IV' 6-max Seat #3 is the button
Seat 1: elcutez ($95.75 in chips) 
Seat 3: Evelexy1 ($100 in chips) 
Seat 4: AlexEliseev7 ($105.90 in chips) 
Seat 5: socito ($135.30 in chips) 
Seat 6: EdgarYY ($106.04 in chips) 
AlexEliseev7: posts small blind $0.50
socito: posts big blind $1
*** HOLE CARDS ***
EdgarYY: raises $1 to $2
elcutez: calls $2
Evelexy1: folds 
AlexEliseev7: folds 
socito: calls $1
*** FLOP *** [Jc Qs 7s]
socito: checks 
EdgarYY: checks 
elcutez: checks 
*** TURN *** [Jc Qs 7s] [Qd]
socito: bets $3.09
EdgarYY: folds 
elcutez: calls $3.09
*** RIVER *** [Jc Qs 7s Qd] [3h]
socito: bets $9.04
Texasking101 joins the table at seat #2 
elcutez: folds 
Uncalled bet ($9.04) returned to socito
socito collected $12.05 from pot
socito: doesn't show hand 
*** SUMMARY ***
Total pot $12.68 | Rake $0.63 
Board [Jc Qs 7s Qd 3h]
Seat 1: elcutez folded on the River
Seat 3: Evelexy1 (button) folded before Flop (didn't bet)
Seat 4: AlexEliseev7 (small blind) folded before Flop
Seat 5: socito (big blind) collected ($12.05)
Seat 6: EdgarYY folded on the Turn



PokerStars Hand #254432831665:  Hold'em No Limit ($0.50/$1.00 USD) - 2025/01/18 16:22:25 WET [2025/01/18 11:22:25 ET]
Table 'Glaukos IV' 6-max Seat #4 is the button
Seat 2: Texasking101 ($59.27 in chips) is sitting out
Seat 1: elcutez ($90.66 in chips) 
Seat 3: Evelexy1 ($100 in chips) 
Seat 4: AlexEliseev7 ($105.40 in chips) 
Seat 5: socito ($142.26 in chips) 
Seat 6: EdgarYY ($104.04 in chips) 
socito: posts small blind $0.50
EdgarYY: posts big blind $1
Texasking101: sits out 
*** HOLE CARDS ***
elcutez: folds 
Evelexy1: folds 
AlexEliseev7: folds 
socito: folds 
Uncalled bet ($0.50) returned to EdgarYY
EdgarYY collected $1 from pot
EdgarYY: doesn't show hand 
*** SUMMARY ***
Total pot $1 | Rake $0 
Seat 2: Texasking101
Seat 1: elcutez folded before Flop (didn't bet)
Seat 3: Evelexy1 folded before Flop (didn't bet)
Seat 4: AlexEliseev7 (button) folded before Flop (didn't bet)
Seat 5: socito (small blind) folded before Flop
Seat 6: EdgarYY (big blind) collected ($1)



PokerStars Hand #254432834136:  Hold'em No Limit ($0.50/$1.00 USD) - 2025/01/18 16:22:36 WET [2025/01/18 11:22:36 ET]
Table 'Glaukos IV' 6-max Seat #5 is the button
Seat 2: Texasking101 ($59.27 in chips) is sitting out
Seat 1: elcutez ($100 in chips) 
Seat 3: Evelexy1 ($100 in chips) 
Seat 4: AlexEliseev7 ($105.40 in chips) 
Seat 5: socito ($141.76 in chips) 
Seat 6: EdgarYY ($104.54 in chips) 
EdgarYY: posts small blind $0.50
elcutez: posts big blind $1
Texasking101: sits out 
*** HOLE CARDS ***
Evelexy1: folds 
AlexEliseev7: folds 
socito: raises $1.50 to $2.50
EdgarYY: folds 
elcutez: folds 
Uncalled bet ($1.50) returned to socito
socito collected $2.50 from pot
socito: doesn't show hand 
*** SUMMARY ***
Total pot $2.50 | Rake $0 
Seat 2: Texasking101
Seat 1: elcutez (big blind) folded before Flop
Seat 3: Evelexy1 folded before Flop (didn't bet)
Seat 4: AlexEliseev7 folded before Flop (didn't bet)
Seat 5: socito (button) collected ($2.50)
Seat 6: EdgarYY (small blind) folded before Flop



PokerStars Hand #254432839217:  Hold'em No Limit ($0.50/$1.00 USD) - 2025/01/18 16:22:57 WET [2025/01/18 11:22:57 ET]
Table 'Glaukos IV' 6-max Seat #6 is the button
Seat 1: elcutez ($99 in chips) 
Seat 2: Texasking101 ($59.27 in chips) 
Seat 3: Evelexy1 ($100 in chips) 
Seat 4: AlexEliseev7 ($105.40 in chips) 
Seat 5: socito ($143.26 in chips) 
Seat 6: EdgarYY ($104.04 in chips) 
elcutez: posts small blind $0.50
Texasking101: posts big blind $1
*** HOLE CARDS ***
Evelexy1: folds 
AlexEliseev7: raises $1.50 to $2.50
socito: raises $5 to $7.50
EdgarYY: folds 
elcutez: folds 
Texasking101: folds 
AlexEliseev7: calls $5
*** FLOP *** [4c 5s 3h]
Texasking101 leaves the table
AlexEliseev7: checks 
socito: checks 
*** TURN *** [4c 5s 3h] [Td]
Pon4uk.ua joins the table at seat #2 
AlexEliseev7: bets $23.68
socito: folds 
Uncalled bet ($23.68) returned to AlexEliseev7
AlexEliseev7 collected $15.68 from pot
AlexEliseev7: doesn't show hand 
*** SUMMARY ***
Total pot $16.50 | Rake $0.82 
Board [4c 5s 3h Td]
Seat 1: elcutez (small blind) folded before Flop
Seat 2: Texasking101 (big blind) folded before Flop
Seat 3: Evelexy1 folded before Flop (didn't bet)
Seat 4: AlexEliseev7 collected ($15.68)
Seat 5: socito folded on the Turn
Seat 6: EdgarYY (button) folded before Flop (didn't bet)



PokerStars Hand #254432858086:  Hold'em No Limit ($0.50/$1.00 USD) - 2025/01/18 16:24:15 WET [2025/01/18 11:24:15 ET]
Table 'Glaukos IV' 6-max Seat #1 is the button
Seat 2: Pon4uk.ua ($126.02 in chips) is sitting out
Seat 1: elcutez ($98.50 in chips) 
Seat 3: Evelexy1 ($100 in chips) 
Seat 4: AlexEliseev7 ($113.58 in chips) 
Seat 5: socito ($135.76 in chips) 
Seat 6: EdgarYY ($104.04 in chips) 
Evelexy1: posts small blind $0.50
AlexEliseev7: posts big blind $1
*** HOLE CARDS ***
socito: folds 
EdgarYY: folds 
elcutez: folds 
Evelexy1: folds 
Uncalled bet ($0.50) returned to AlexEliseev7
AlexEliseev7 collected $1 from pot
AlexEliseev7: doesn't show hand 
*** SUMMARY ***
Total pot $1 | Rake $0 
Seat 2: Pon4uk.ua
Seat 1: elcutez (button) folded before Flop (didn't bet)
Seat 3: Evelexy1 (small blind) folded before Flop
Seat 4: AlexEliseev7 (big blind) collected ($1)
Seat 5: socito folded before Flop (didn't bet)
Seat 6: EdgarYY folded before Flop (didn't bet)



PokerStars Hand #254432860335:  Hold'em No Limit ($0.50/$1.00 USD) - 2025/01/18 16:24:25 WET [2025/01/18 11:24:25 ET]
Table 'Glaukos IV' 6-max Seat #3 is the button
Seat 2: Pon4uk.ua ($126.02 in chips) is sitting out
Seat 1: elcutez ($98.50 in chips) 
Seat 3: Evelexy1 ($100 in chips) 
Seat 4: AlexEliseev7 ($114.08 in chips) 
Seat 5: socito ($135.76 in chips) 
Seat 6: EdgarYY ($104.04 in chips) 
AlexEliseev7: posts small blind $0.50
socito: posts big blind $1
Pon4uk.ua: sits out 
*** HOLE CARDS ***
EdgarYY: raises $1 to $2
elcutez: calls $2
Evelexy1: folds 
AlexEliseev7: folds 
socito: folds 
*** FLOP *** [2c 2d 3d]
EdgarYY: bets $3.45
elcutez: calls $3.45
*** TURN *** [2c 2d 3d] [3h]
EdgarYY: bets $9.77
elcutez: raises $12.23 to $22
EdgarYY: raises $76.59 to $98.59 and is all-in
elcutez: calls $71.05 and is all-in
Uncalled bet ($5.54) returned to EdgarYY
*** RIVER *** [2c 2d 3d 3h] [Td]
*** SHOW DOWN ***
EdgarYY: shows [9d 9c] (two pair, Nines and Threes)
elcutez: shows [Kd Qd] (a flush, King high)
elcutez collected $196 from pot
*** SUMMARY ***
Total pot $198.50 | Rake $2.50 
Board [2c 2d 3d 3h Td]
Seat 2: Pon4uk.ua
Seat 1: elcutez showed [Kd Qd] and won ($196) with a flush, King high
Seat 3: Evelexy1 (button) folded before Flop (didn't bet)
Seat 4: AlexEliseev7 (small blind) folded before Flop
Seat 5: socito (big blind) folded before Flop
Seat 6: EdgarYY showed [9d 9c] and lost with two pair, Nines and Threes



PokerStars Hand #254432874302:  Hold'em No Limit ($0.50/$1.00 USD) - 2025/01/18 16:25:22 WET [2025/01/18 11:25:22 ET]
Table 'Glaukos IV' 6-max Seat #4 is the button
Seat 2: Pon4uk.ua ($126.02 in chips) is sitting out
Seat 1: elcutez ($196 in chips) 
Seat 3: Evelexy1 ($100 in chips) 
Seat 4: AlexEliseev7 ($113.58 in chips) 
Seat 5: socito ($134.76 in chips) 
Seat 6: EdgarYY ($63.75 in chips) 
socito: posts small blind $0.50
EdgarYY: posts big blind $1
Pon4uk.ua: sits out 
*** HOLE CARDS ***
elcutez: folds 
Evelexy1: folds 
AlexEliseev7: folds 
socito: folds 
Uncalled bet ($0.50) returned to EdgarYY
EdgarYY collected $1 from pot
EdgarYY: doesn't show hand 
*** SUMMARY ***
Total pot $1 | Rake $0 
Seat 2: Pon4uk.ua
Seat 1: elcutez folded before Flop (didn't bet)
Seat 3: Evelexy1 folded before Flop (didn't bet)
Seat 4: AlexEliseev7 (button) folded before Flop (didn't bet)
Seat 5: socito (small blind) folded before Flop
Seat 6: EdgarYY (big blind) collected ($1)



PokerStars Hand #254432876732:  Hold'em No Limit ($0.50/$1.00 USD) - 2025/01/18 16:25:32 WET [2025/01/18 11:25:32 ET]
Table 'Glaukos IV' 6-max Seat #5 is the button
Seat 2: Pon4uk.ua ($126.02 in chips) is sitting out
Seat 1: elcutez ($196 in chips) 
Seat 3: Evelexy1 ($100 in chips) 
Seat 4: AlexEliseev7 ($113.58 in chips) 
Seat 5: socito ($134.26 in chips) 
Seat 6: EdgarYY ($64.25 in chips) 
EdgarYY: posts small blind $0.50
elcutez: posts big blind $1
Pon4uk.ua: sits out 
*** HOLE CARDS ***
Evelexy1: folds 
AlexEliseev7: raises $1.50 to $2.50
socito: raises $5 to $7.50
EdgarYY: folds 
elcutez: folds 
AlexEliseev7: folds 
Uncalled bet ($5) returned to socito
socito collected $6.50 from pot
socito: doesn't show hand 
*** SUMMARY ***
Total pot $6.50 | Rake $0 
Seat 2: Pon4uk.ua
Seat 1: elcutez (big blind) folded before Flop
Seat 3: Evelexy1 folded before Flop (didn't bet)
Seat 4: AlexEliseev7 folded before Flop
Seat 5: socito (button) collected ($6.50)
Seat 6: EdgarYY (small blind) folded before Flop



PokerStars Hand #254432882677:  Hold'em No Limit ($0.50/$1.00 USD) - 2025/01/18 16:25:57 WET [2025/01/18 11:25:57 ET]
Table 'Glaukos IV' 6-max Seat #6 is the button
Seat 1: elcutez ($195 in chips) 
Seat 2: Pon4uk.ua ($126.02 in chips) 
Seat 3: Evelexy1 ($100 in chips) 
Seat 4: AlexEliseev7 ($111.08 in chips) 
Seat 5: socito ($138.26 in chips) 
Seat 6: EdgarYY ($63.75 in chips) 
elcutez: posts small blind $0.50
Pon4uk.ua: posts big blind $1
*** HOLE CARDS ***
Evelexy1: raises $1 to $2
AlexEliseev7: folds 
socito: raises $5 to $7
EdgarYY: folds 
elcutez: folds 
Pon4uk.ua: folds 
Evelexy1: folds 
Uncalled bet ($5) returned to socito
socito collected $5.50 from pot
socito: doesn't show hand 
*** SUMMARY ***
Total pot $5.50 | Rake $0 
Seat 1: elcutez (small blind) folded before Flop
Seat 2: Pon4uk.ua (big blind) folded before Flop
Seat 3: Evelexy1 folded before Flop
Seat 4: AlexEliseev7 folded before Flop (didn't bet)
Seat 5: socito collected ($5.50)
Seat 6: EdgarYY (button) folded before Flop (didn't bet)



PokerStars Hand #254432888903:  Hold'em No Limit ($0.50/$1.00 USD) - 2025/01/18 16:26:23 WET [2025/01/18 11:26:23 ET]
Table 'Glaukos IV' 6-max Seat #1 is the button
Seat 1: elcutez ($194.50 in chips) 
Seat 2: Pon4uk.ua ($125.02 in chips) 
Seat 3: Evelexy1 ($100 in chips) 
Seat 4: AlexEliseev7 ($111.08 in chips) 
Seat 5: socito ($141.76 in chips) 
Seat 6: EdgarYY ($63.75 in chips) 
Pon4uk.ua: posts small blind $0.50
Evelexy1: posts big blind $1
*** HOLE CARDS ***
AlexEliseev7: raises $1.50 to $2.50
socito: folds 
EdgarYY: folds 
elcutez: folds 
Pon4uk.ua: folds 
Evelexy1: calls $1.50
*** FLOP *** [7c 8s 3c]
Evelexy1: checks 
AlexEliseev7: checks 
*** TURN *** [7c 8s 3c] [6s]
Evelexy1: checks 
AlexEliseev7: checks 
*** RIVER *** [7c 8s 3c 6s] [2s]
Evelexy1: checks 
AlexEliseev7: checks 
*** SHOW DOWN ***
Evelexy1: shows [Kh 9h] (high card King)
AlexEliseev7: shows [Kc Ah] (high card Ace)
AlexEliseev7 collected $5.22 from pot
*** SUMMARY ***
Total pot $5.50 | Rake $0.28 
Board [7c 8s 3c 6s 2s]
Seat 1: elcutez (button) folded before Flop (didn't bet)
Seat 2: Pon4uk.ua (small blind) folded before Flop
Seat 3: Evelexy1 (big blind) showed [Kh 9h] and lost with high card King
Seat 4: AlexEliseev7 showed [Kc Ah] and won ($5.22) with high card Ace
Seat 5: socito folded before Flop (didn't bet)
Seat 6: EdgarYY folded before Flop (didn't bet)



PokerStars Hand #254432897811:  Hold'em No Limit ($0.50/$1.00 USD) - 2025/01/18 16:26:59 WET [2025/01/18 11:26:59 ET]
Table 'Glaukos IV' 6-max Seat #2 is the button
Seat 1: elcutez ($194.50 in chips) 
Seat 2: Pon4uk.ua ($124.52 in chips) 
Seat 3: Evelexy1 ($100 in chips) 
Seat 4: AlexEliseev7 ($113.80 in chips) 
Seat 5: socito ($141.76 in chips) 
Seat 6: EdgarYY ($63.75 in chips) 
Evelexy1: posts small blind $0.50
AlexEliseev7: posts big blind $1
*** HOLE CARDS ***
socito: folds 
EdgarYY: folds 
elcutez: folds 
Pon4uk.ua: folds 
Evelexy1: raises $1.50 to $2.50
AlexEliseev7: folds 
Uncalled bet ($1.50) returned to Evelexy1
Evelexy1 collected $2 from pot
Evelexy1: doesn't show hand 
*** SUMMARY ***
Total pot $2 | Rake $0 
Seat 1: elcutez folded before Flop (didn't bet)
Seat 2: Pon4uk.ua (button) folded before Flop (didn't bet)
Seat 3: Evelexy1 (small blind) collected ($2)
Seat 4: AlexEliseev7 (big blind) folded before Flop
Seat 5: socito folded before Flop (didn't bet)
Seat 6: EdgarYY folded before Flop (didn't bet)



PokerStars Hand #254432900903:  Hold'em No Limit ($0.50/$1.00 USD) - 2025/01/18 16:27:12 WET [2025/01/18 11:27:12 ET]
Table 'Glaukos IV' 6-max Seat #4 is the button
Seat 1: elcutez ($194.50 in chips) 
Seat 2: Pon4uk.ua ($124.52 in chips) 
Seat 4: AlexEliseev7 ($112.80 in chips) 
Seat 5: socito ($141.76 in chips) 
Seat 6: EdgarYY ($73.25 in chips) 
socito: posts small blind $0.50
EdgarYY: posts big blind $1
*** HOLE CARDS ***
elcutez: raises $2 to $3
Pon4uk.ua: folds 
AlexEliseev7: raises $6 to $9
Pon4uk.ua leaves the table
socito: folds 
EdgarYY: folds 
elcutez: calls $6
*** FLOP *** [Kh 9s Td]
elcutez: checks 
AlexEliseev7: checks 
*** TURN *** [Kh 9s Td] [5c]
elcutez: checks 
AlexEliseev7: bets $6.11
Altius86 joins the table at seat #2 
elcutez: folds 
Uncalled bet ($6.11) returned to AlexEliseev7
AlexEliseev7 collected $18.52 from pot
AlexEliseev7: doesn't show hand 
whlzor joins the table at seat #3 
*** SUMMARY ***
Total pot $19.50 | Rake $0.98 
Board [Kh 9s Td 5c]
Seat 1: elcutez folded on the Turn
Seat 2: Pon4uk.ua folded before Flop (didn't bet)
Seat 4: AlexEliseev7 (button) collected ($18.52)
Seat 5: socito (small blind) folded before Flop
Seat 6: EdgarYY (big blind) folded before Flop



PokerStars Hand #254432916974:  Hold'em No Limit ($0.50/$1.00 USD) - 2025/01/18 16:28:19 WET [2025/01/18 11:28:19 ET]
Table 'Glaukos IV' 6-max Seat #5 is the button
Seat 2: Altius86 ($100 in chips) is sitting out
Seat 3: whlzor ($100 in chips) is sitting out
Seat 1: elcutez ($185.50 in chips) 
Seat 4: AlexEliseev7 ($122.32 in chips) 
Seat 5: socito ($141.26 in chips) 
Seat 6: EdgarYY ($72.25 in chips) 
EdgarYY: posts small blind $0.50
elcutez: posts big blind $1
Altius86: sits out 
whlzor: sits out 
*** HOLE CARDS ***
AlexEliseev7: raises $1.50 to $2.50
socito: folds 
EdgarYY: folds 
elcutez: folds 
Uncalled bet ($1.50) returned to AlexEliseev7
AlexEliseev7 collected $2.50 from pot
AlexEliseev7: doesn't show hand 
*** SUMMARY ***
Total pot $2.50 | Rake $0 
Seat 2: Altius86
Seat 3: whlzor
Seat 1: elcutez (big blind) folded before Flop
Seat 4: AlexEliseev7 collected ($2.50)
Seat 5: socito (button) folded before Flop (didn't bet)
Seat 6: EdgarYY (small blind) folded before Flop



PokerStars Hand #254432920342:  Hold'em No Limit ($0.50/$1.00 USD) - 2025/01/18 16:28:33 WET [2025/01/18 11:28:33 ET]
Table 'Glaukos IV' 6-max Seat #6 is the button
Seat 3: whlzor ($100 in chips) is sitting out
Seat 1: elcutez ($184.50 in chips) 
Seat 2: Altius86 ($100 in chips) 
Seat 4: AlexEliseev7 ($123.82 in chips) 
Seat 5: socito ($141.26 in chips) 
Seat 6: EdgarYY ($71.75 in chips) 
elcutez: posts small blind $0.50
Altius86: posts big blind $1
whlzor: sits out 
*** HOLE CARDS ***
AlexEliseev7: folds 
socito: raises $1.50 to $2.50
EdgarYY: folds 
elcutez: folds 
Altius86: calls $1.50
*** FLOP *** [5c 2c 2h]
Altius86: checks 
socito: bets $1.72
Altius86: folds 
Uncalled bet ($1.72) returned to socito
socito collected $5.22 from pot
socito: doesn't show hand 
*** SUMMARY ***
Total pot $5.50 | Rake $0.28 
Board [5c 2c 2h]
Seat 3: whlzor
Seat 1: elcutez (small blind) folded before Flop
Seat 2: Altius86 (big blind) folded on the Flop
Seat 4: AlexEliseev7 folded before Flop (didn't bet)
Seat 5: socito collected ($5.22)
Seat 6: EdgarYY (button) folded before Flop (didn't bet)



PokerStars Hand #254432926397:  Hold'em No Limit ($0.50/$1.00 USD) - 2025/01/18 16:28:58 WET [2025/01/18 11:28:58 ET]
Table 'Glaukos IV' 6-max Seat #1 is the button
Seat 1: elcutez ($184 in chips) 
Seat 2: Altius86 ($97.50 in chips) 
Seat 3: whlzor ($100 in chips) 
Seat 4: AlexEliseev7 ($123.82 in chips) 
Seat 5: socito ($143.98 in chips) 
Seat 6: EdgarYY ($71.75 in chips) 
Altius86: posts small blind $0.50
whlzor: posts big blind $1
*** HOLE CARDS ***
AlexEliseev7: raises $1.50 to $2.50
socito: folds 
EdgarYY: folds 
elcutez: folds 
Altius86: folds 
whlzor: folds 
Uncalled bet ($1.50) returned to AlexEliseev7
AlexEliseev7 collected $2.50 from pot
AlexEliseev7: doesn't show hand 
*** SUMMARY ***
Total pot $2.50 | Rake $0 
Seat 1: elcutez (button) folded before Flop (didn't bet)
Seat 2: Altius86 (small blind) folded before Flop
Seat 3: whlzor (big blind) folded before Flop
Seat 4: AlexEliseev7 collected ($2.50)
Seat 5: socito folded before Flop (didn't bet)
Seat 6: EdgarYY folded before Flop (didn't bet)



PokerStars Hand #254432930076:  Hold'em No Limit ($0.50/$1.00 USD) - 2025/01/18 16:29:14 WET [2025/01/18 11:29:14 ET]
Table 'Glaukos IV' 6-max Seat #2 is the button
Seat 1: elcutez ($184 in chips) 
Seat 2: Altius86 ($100 in chips) 
Seat 3: whlzor ($100 in chips) 
Seat 4: AlexEliseev7 ($125.32 in chips) 
Seat 5: socito ($143.98 in chips) 
Seat 6: EdgarYY ($71.75 in chips) 
whlzor: posts small blind $0.50
AlexEliseev7: posts big blind $1
*** HOLE CARDS ***
socito: folds 
EdgarYY: folds 
elcutez: folds 
Altius86: raises $2 to $3
whlzor: folds 
AlexEliseev7: calls $2
*** FLOP *** [Th Qc 5c]
AlexEliseev7: checks 
Altius86: checks 
*** TURN *** [Th Qc 5c] [8d]
AlexEliseev7: checks 
Altius86: checks 
*** RIVER *** [Th Qc 5c 8d] [Tc]
AlexEliseev7: bets $4.82
Altius86: calls $4.82
*** SHOW DOWN ***
AlexEliseev7: shows [Ks Ts] (three of a kind, Tens)
Altius86: mucks hand 
AlexEliseev7 collected $15.33 from pot
*** SUMMARY ***
Total pot $16.14 | Rake $0.81 
Board [Th Qc 5c 8d Tc]
Seat 1: elcutez folded before Flop (didn't bet)
Seat 2: Altius86 (button) mucked
Seat 3: whlzor (small blind) folded before Flop
Seat 4: AlexEliseev7 (big blind) showed [Ks Ts] and won ($15.33) with three of a kind, Tens
Seat 5: socito folded before Flop (didn't bet)
Seat 6: EdgarYY folded before Flop (didn't bet)



PokerStars Hand #254432946420:  Hold'em No Limit ($0.50/$1.00 USD) - 2025/01/18 16:30:20 WET [2025/01/18 11:30:20 ET]
Table 'Glaukos IV' 6-max Seat #3 is the button
Seat 1: elcutez ($184 in chips) 
Seat 2: Altius86 ($92.18 in chips) 
Seat 3: whlzor ($100 in chips) 
Seat 4: AlexEliseev7 ($132.83 in chips) 
Seat 5: socito ($143.98 in chips) 
Seat 6: EdgarYY ($71.75 in chips) 
AlexEliseev7: posts small blind $0.50
socito: posts big blind $1
*** HOLE CARDS ***
EdgarYY: folds 
elcutez: folds 
Altius86: folds 
whlzor: raises $2 to $3
AlexEliseev7: folds 
socito: folds 
Uncalled bet ($2) returned to whlzor
whlzor collected $2.50 from pot
whlzor: doesn't show hand 
*** SUMMARY ***
Total pot $2.50 | Rake $0 
Seat 1: elcutez folded before Flop (didn't bet)
Seat 2: Altius86 folded before Flop (didn't bet)
Seat 3: whlzor (button) collected ($2.50)
Seat 4: AlexEliseev7 (small blind) folded before Flop
Seat 5: socito (big blind) folded before Flop
Seat 6: EdgarYY folded before Flop (didn't bet)



PokerStars Hand #254432951918:  Hold'em No Limit ($0.50/$1.00 USD) - 2025/01/18 16:30:43 WET [2025/01/18 11:30:43 ET]
Table 'Glaukos IV' 6-max Seat #4 is the button
Seat 1: elcutez ($184 in chips) 
Seat 2: Altius86 ($92.18 in chips) 
Seat 3: whlzor ($101.50 in chips) 
Seat 4: AlexEliseev7 ($132.33 in chips) 
Seat 5: socito ($142.98 in chips) 
Seat 6: EdgarYY ($71.75 in chips) 
socito: posts small blind $0.50
EdgarYY: posts big blind $1
*** HOLE CARDS ***
elcutez: folds 
Altius86: raises $2 to $3
whlzor: folds 
AlexEliseev7: folds 
socito: raises $9 to $12
EdgarYY: folds 
Altius86: calls $9
*** FLOP *** [Jc Kc 5h]
socito: bets $7.84
Altius86: calls $7.84
*** TURN *** [Jc Kc 5h] [9s]
socito: bets $12.75
Altius86: calls $12.75
*** RIVER *** [Jc Kc 5h 9s] [Qc]
socito: checks 
Altius86: bets $9
socito: calls $9
*** SHOW DOWN ***
Altius86: shows [Tc Ah] (a straight, Ten to Ace)
socito: mucks hand 
Altius86 collected $81.68 from pot
*** SUMMARY ***
Total pot $84.18 | Rake $2.50 
Board [Jc Kc 5h 9s Qc]
Seat 1: elcutez folded before Flop (didn't bet)
Seat 2: Altius86 showed [Tc Ah] and won ($81.68) with a straight, Ten to Ace
Seat 3: whlzor folded before Flop (didn't bet)
Seat 4: AlexEliseev7 (button) folded before Flop (didn't bet)
Seat 5: socito (small blind) mucked
Seat 6: EdgarYY (big blind) folded before Flop



PokerStars Hand #254432978432:  Hold'em No Limit ($0.50/$1.00 USD) - 2025/01/18 16:32:30 WET [2025/01/18 11:32:30 ET]
Table 'Glaukos IV' 6-max Seat #5 is the button
Seat 1: elcutez ($184 in chips) 
Seat 2: Altius86 ($132.27 in chips) 
Seat 3: whlzor ($101.50 in chips) 
Seat 4: AlexEliseev7 ($132.33 in chips) 
Seat 5: socito ($101.39 in chips) 
Seat 6: EdgarYY ($70.75 in chips) 
EdgarYY: posts small blind $0.50
elcutez: posts big blind $1
*** HOLE CARDS ***
Altius86: folds 
whlzor: folds 
AlexEliseev7: folds 
socito: folds 
EdgarYY: folds 
Uncalled bet ($0.50) returned to elcutez
elcutez collected $1 from pot
*** SUMMARY ***
Total pot $1 | Rake $0 
Seat 1: elcutez (big blind) collected ($1)
Seat 2: Altius86 folded before Flop (didn't bet)
Seat 3: whlzor folded before Flop (didn't bet)
Seat 4: AlexEliseev7 folded before Flop (didn't bet)
Seat 5: socito (button) folded before Flop (didn't bet)
Seat 6: EdgarYY (small blind) folded before Flop



PokerStars Hand #254432981272:  Hold'em No Limit ($0.50/$1.00 USD) - 2025/01/18 16:32:42 WET [2025/01/18 11:32:42 ET]
Table 'Glaukos IV' 6-max Seat #6 is the button
Seat 1: elcutez ($184.50 in chips) 
Seat 2: Altius86 ($132.27 in chips) 
Seat 3: whlzor ($101.50 in chips) 
Seat 4: AlexEliseev7 ($132.33 in chips) 
Seat 5: socito ($101.39 in chips) 
Seat 6: EdgarYY ($70.25 in chips) 
elcutez: posts small blind $0.50
Altius86: posts big blind $1
*** HOLE CARDS ***
whlzor: raises $1.50 to $2.50
AlexEliseev7: folds 
socito: folds 
EdgarYY: folds 
elcutez: folds 
Altius86: folds 
Uncalled bet ($1.50) returned to whlzor
whlzor collected $2.50 from pot
whlzor: doesn't show hand 
*** SUMMARY ***
Total pot $2.50 | Rake $0 
Seat 1: elcutez (small blind) folded before Flop
Seat 2: Altius86 (big blind) folded before Flop
Seat 3: whlzor collected ($2.50)
Seat 4: AlexEliseev7 folded before Flop (didn't bet)
Seat 5: socito folded before Flop (didn't bet)
Seat 6: EdgarYY (button) folded before Flop (didn't bet)



PokerStars Hand #254432985289:  Hold'em No Limit ($0.50/$1.00 USD) - 2025/01/18 16:32:58 WET [2025/01/18 11:32:58 ET]
Table 'Glaukos IV' 6-max Seat #1 is the button
Seat 3: whlzor ($103 in chips) is sitting out
Seat 1: elcutez ($184 in chips) 
Seat 2: Altius86 ($131.27 in chips) 
Seat 4: AlexEliseev7 ($132.33 in chips) 
Seat 5: socito ($101.39 in chips) 
Seat 6: EdgarYY ($70.25 in chips) 
Altius86: posts small blind $0.50
whlzor: is sitting out 
AlexEliseev7: posts big blind $1
*** HOLE CARDS ***
whlzor leaves the table
socito: folds 
EdgarYY: folds 
elcutez: folds 
Altius86: raises $2 to $3
AlexEliseev7: folds 
Uncalled bet ($2) returned to Altius86
Altius86 collected $2 from pot
Altius86: doesn't show hand 
*** SUMMARY ***
Total pot $2 | Rake $0 
Seat 3: whlzor
Seat 1: elcutez (button) folded before Flop (didn't bet)
Seat 2: Altius86 (small blind) collected ($2)
Seat 4: AlexEliseev7 (big blind) folded before Flop
Seat 5: socito folded before Flop (didn't bet)
Seat 6: EdgarYY folded before Flop (didn't bet)



PokerStars Hand #254432988831:  Hold'em No Limit ($0.50/$1.00 USD) - 2025/01/18 16:33:12 WET [2025/01/18 11:33:12 ET]
Table 'Glaukos IV' 6-max Seat #2 is the button
Seat 1: elcutez ($184 in chips) 
Seat 2: Altius86 ($132.27 in chips) 
Seat 4: AlexEliseev7 ($131.33 in chips) 
Seat 5: socito ($101.39 in chips) 
Seat 6: EdgarYY ($100 in chips) 
AlexEliseev7: posts small blind $0.50
socito: posts big blind $1
*** HOLE CARDS ***
EdgarYY: folds 
elcutez: folds 
Altius86: raises $2 to $3
AlexEliseev7: folds 
socito: folds 
Uncalled bet ($2) returned to Altius86
Altius86 collected $2.50 from pot
Altius86: doesn't show hand 
YeeesMan joins the table at seat #3 
*** SUMMARY ***
Total pot $2.50 | Rake $0 
Seat 1: elcutez folded before Flop (didn't bet)
Seat 2: Altius86 (button) collected ($2.50)
Seat 4: AlexEliseev7 (small blind) folded before Flop
Seat 5: socito (big blind) folded before Flop
Seat 6: EdgarYY folded before Flop (didn't bet)



PokerStars Hand #254432991860:  Hold'em No Limit ($0.50/$1.00 USD) - 2025/01/18 16:33:25 WET [2025/01/18 11:33:25 ET]
Table 'Glaukos IV' 6-max Seat #4 is the button
Seat 3: YeeesMan ($100 in chips) is sitting out
Seat 1: elcutez ($184 in chips) 
Seat 2: Altius86 ($133.77 in chips) 
Seat 4: AlexEliseev7 ($130.83 in chips) 
Seat 5: socito ($100.39 in chips) 
Seat 6: EdgarYY ($100 in chips) 
socito: posts small blind $0.50
EdgarYY: posts big blind $1
YeeesMan: sits out 
*** HOLE CARDS ***
elcutez: folds 
Altius86: folds 
AlexEliseev7: folds 
socito: raises $2 to $3
EdgarYY: folds 
Uncalled bet ($2) returned to socito
socito collected $2 from pot
socito: doesn't show hand 
*** SUMMARY ***
Total pot $2 | Rake $0 
Seat 3: YeeesMan
Seat 1: elcutez folded before Flop (didn't bet)
Seat 2: Altius86 folded before Flop (didn't bet)
Seat 4: AlexEliseev7 (button) folded before Flop (didn't bet)
Seat 5: socito (small blind) collected ($2)
Seat 6: EdgarYY (big blind) folded before Flop



PokerStars Hand #254432998641:  Hold'em No Limit ($0.50/$1.00 USD) - 2025/01/18 16:33:53 WET [2025/01/18 11:33:53 ET]
Table 'Glaukos IV' 6-max Seat #5 is the button
Seat 3: YeeesMan ($100 in chips) is sitting out
Seat 1: elcutez ($184 in chips) 
Seat 2: Altius86 ($133.77 in chips) 
Seat 4: AlexEliseev7 ($130.83 in chips) 
Seat 5: socito ($101.39 in chips) 
Seat 6: EdgarYY ($100 in chips) 
EdgarYY: posts small blind $0.50
elcutez: posts big blind $1
YeeesMan: sits out 
*** HOLE CARDS ***
Altius86: raises $2 to $3
AlexEliseev7: folds 
socito: folds 
EdgarYY: folds 
elcutez: folds 
Uncalled bet ($2) returned to Altius86
Altius86 collected $2.50 from pot
Altius86: doesn't show hand 
*** SUMMARY ***
Total pot $2.50 | Rake $0 
Seat 3: YeeesMan
Seat 1: elcutez (big blind) folded before Flop
Seat 2: Altius86 collected ($2.50)
Seat 4: AlexEliseev7 folded before Flop (didn't bet)
Seat 5: socito (button) folded before Flop (didn't bet)
Seat 6: EdgarYY (small blind) folded before Flop



PokerStars Hand #254433002371:  Hold'em No Limit ($0.50/$1.00 USD) - 2025/01/18 16:34:08 WET [2025/01/18 11:34:08 ET]
Table 'Glaukos IV' 6-max Seat #6 is the button
Seat 3: YeeesMan ($100 in chips) is sitting out
Seat 1: elcutez ($183 in chips) 
Seat 2: Altius86 ($135.27 in chips) 
Seat 4: AlexEliseev7 ($130.83 in chips) 
Seat 5: socito ($101.39 in chips) 
Seat 6: EdgarYY ($100 in chips) 
elcutez: posts small blind $0.50
Altius86: posts big blind $1
YeeesMan: sits out 
*** HOLE CARDS ***
AlexEliseev7: folds 
socito: folds 
EdgarYY: raises $1.50 to $2.50
elcutez: folds 
Altius86: calls $1.50
*** FLOP *** [2h Ts Jd]
Altius86: checks 
EdgarYY: checks 
*** TURN *** [2h Ts Jd] [3h]
Altius86: bets $3
EdgarYY: calls $3
*** RIVER *** [2h Ts Jd 3h] [9s]
Altius86: checks 
EdgarYY: checks 
*** SHOW DOWN ***
Altius86: shows [Tc 8s] (a pair of Tens)
EdgarYY: mucks hand 
Altius86 collected $10.92 from pot
*** SUMMARY ***
Total pot $11.50 | Rake $0.58 
Board [2h Ts Jd 3h 9s]
Seat 3: YeeesMan
Seat 1: elcutez (small blind) folded before Flop
Seat 2: Altius86 (big blind) showed [Tc 8s] and won ($10.92) with a pair of Tens
Seat 4: AlexEliseev7 folded before Flop (didn't bet)
Seat 5: socito folded before Flop (didn't bet)
Seat 6: EdgarYY (button) mucked



PokerStars Hand #254433013836:  Hold'em No Limit ($0.50/$1.00 USD) - 2025/01/18 16:34:54 WET [2025/01/18 11:34:54 ET]
Table 'Glaukos IV' 6-max Seat #1 is the button
Seat 1: elcutez ($182.50 in chips) 
Seat 2: Altius86 ($140.69 in chips) 
Seat 3: YeeesMan ($100 in chips) 
Seat 4: AlexEliseev7 ($130.83 in chips) 
Seat 5: socito ($101.39 in chips) 
Seat 6: EdgarYY ($100 in chips) 
Altius86: posts small blind $0.50
YeeesMan: posts big blind $1
*** HOLE CARDS ***
AlexEliseev7: folds 
socito: folds 
EdgarYY: folds 
elcutez: raises $2 to $3
Altius86: calls $2.50
YeeesMan: calls $2
*** FLOP *** [Tc Ks 3c]
Altius86: checks 
YeeesMan: checks 
elcutez: bets $5
Altius86: folds 
YeeesMan: calls $5
*** TURN *** [Tc Ks 3c] [4c]
YeeesMan: checks 
elcutez: checks 
*** RIVER *** [Tc Ks 3c 4c] [7s]
YeeesMan: bets $27.08
elcutez: folds 
Uncalled bet ($27.08) returned to YeeesMan
YeeesMan collected $18.05 from pot
YeeesMan: doesn't show hand 
*** SUMMARY ***
Total pot $19 | Rake $0.95 
Board [Tc Ks 3c 4c 7s]
Seat 1: elcutez (button) folded on the River
Seat 2: Altius86 (small blind) folded on the Flop
Seat 3: YeeesMan (big blind) collected ($18.05)
Seat 4: AlexEliseev7 folded before Flop (didn't bet)
Seat 5: socito folded before Flop (didn't bet)
Seat 6: EdgarYY folded before Flop (didn't bet)



PokerStars Hand #254433033081:  Hold'em No Limit ($0.50/$1.00 USD) - 2025/01/18 16:36:12 WET [2025/01/18 11:36:12 ET]
Table 'Glaukos IV' 6-max Seat #2 is the button
Seat 1: elcutez ($174.50 in chips) 
Seat 2: Altius86 ($137.69 in chips) 
Seat 3: YeeesMan ($110.05 in chips) 
Seat 4: AlexEliseev7 ($130.83 in chips) 
Seat 5: socito ($101.39 in chips) 
Seat 6: EdgarYY ($100 in chips) 
YeeesMan: posts small blind $0.50
AlexEliseev7: posts big blind $1
*** HOLE CARDS ***
socito: raises $1.50 to $2.50
EdgarYY: folds 
elcutez: folds 
elcutez leaves the table
Altius86: folds 
YeeesMan: folds 
AlexEliseev7: folds 
Uncalled bet ($1.50) returned to socito
socito collected $2.50 from pot
socito: doesn't show hand 
*** SUMMARY ***
Total pot $2.50 | Rake $0 
Seat 1: elcutez folded before Flop (didn't bet)
Seat 2: Altius86 (button) folded before Flop (didn't bet)
Seat 3: YeeesMan (small blind) folded before Flop
Seat 4: AlexEliseev7 (big blind) folded before Flop
Seat 5: socito collected ($2.50)
Seat 6: EdgarYY folded before Flop (didn't bet)



PokerStars Hand #254433038784:  Hold'em No Limit ($0.50/$1.00 USD) - 2025/01/18 16:36:35 WET [2025/01/18 11:36:35 ET]
Table 'Glaukos IV' 6-max Seat #3 is the button
Seat 2: Altius86 ($137.69 in chips) 
Seat 3: YeeesMan ($109.55 in chips) 
Seat 4: AlexEliseev7 ($129.83 in chips) 
Seat 5: socito ($102.89 in chips) 
Seat 6: EdgarYY ($100 in chips) 
AlexEliseev7: posts small blind $0.50
socito: posts big blind $1
*** HOLE CARDS ***
EdgarYY: folds 
Altius86: folds 
YeeesMan: folds 
AlexEliseev7: raises $2 to $3
socito: raises $6 to $9
AlexEliseev7: raises $15 to $24
Pon4uk.ua joins the table at seat #1 
socito: raises $78.89 to $102.89 and is all-in
AlexEliseev7: folds 
Uncalled bet ($78.89) returned to socito
socito collected $48 from pot
socito: doesn't show hand 
*** SUMMARY ***
Total pot $48 | Rake $0 
Seat 2: Altius86 folded before Flop (didn't bet)
Seat 3: YeeesMan (button) folded before Flop (didn't bet)
Seat 4: AlexEliseev7 (small blind) folded before Flop
Seat 5: socito (big blind) collected ($48)
Seat 6: EdgarYY folded before Flop (didn't bet)



PokerStars Hand #254433052006:  Hold'em No Limit ($0.50/$1.00 USD) - 2025/01/18 16:37:29 WET [2025/01/18 11:37:29 ET]
Table 'Glaukos IV' 6-max Seat #4 is the button
Seat 1: Pon4uk.ua ($124.52 in chips) is sitting out
Seat 2: Altius86 ($137.69 in chips) 
Seat 3: YeeesMan ($109.55 in chips) 
Seat 4: AlexEliseev7 ($105.83 in chips) 
Seat 5: socito ($126.89 in chips) 
Seat 6: EdgarYY ($100 in chips) 
socito: posts small blind $0.50
EdgarYY: posts big blind $1
Pon4uk.ua: sits out 
*** HOLE CARDS ***
Altius86: folds 
YeeesMan: raises $1.50 to $2.50
AlexEliseev7: folds 
socito: folds 
EdgarYY: folds 
Uncalled bet ($1.50) returned to YeeesMan
YeeesMan collected $2.50 from pot
YeeesMan: doesn't show hand 
*** SUMMARY ***
Total pot $2.50 | Rake $0 
Seat 1: Pon4uk.ua
Seat 2: Altius86 folded before Flop (didn't bet)
Seat 3: YeeesMan collected ($2.50)
Seat 4: AlexEliseev7 (button) folded before Flop (didn't bet)
Seat 5: socito (small blind) folded before Flop
Seat 6: EdgarYY (big blind) folded before Flop



PokerStars Hand #254433056007:  Hold'em No Limit ($0.50/$1.00 USD) - 2025/01/18 16:37:45 WET [2025/01/18 11:37:45 ET]
Table 'Glaukos IV' 6-max Seat #5 is the button
Seat 1: Pon4uk.ua ($124.52 in chips) 
Seat 2: Altius86 ($137.69 in chips) 
Seat 3: YeeesMan ($111.05 in chips) 
Seat 4: AlexEliseev7 ($105.83 in chips) 
Seat 5: socito ($126.39 in chips) 
Seat 6: EdgarYY ($100 in chips) 
EdgarYY: posts small blind $0.50
Pon4uk.ua: posts big blind $1
*** HOLE CARDS ***
Altius86: folds 
YeeesMan: raises $1.50 to $2.50
AlexEliseev7: folds 
socito: folds 
EdgarYY: folds 
Pon4uk.ua: calls $1.50
*** FLOP *** [Js 2s 7h]
Pon4uk.ua: checks 
YeeesMan: bets $3.92
Pon4uk.ua: folds 
Uncalled bet ($3.92) returned to YeeesMan
YeeesMan collected $5.22 from pot
YeeesMan: doesn't show hand 
*** SUMMARY ***
Total pot $5.50 | Rake $0.28 
Board [Js 2s 7h]
Seat 1: Pon4uk.ua (big blind) folded on the Flop
Seat 2: Altius86 folded before Flop (didn't bet)
Seat 3: YeeesMan collected ($5.22)
Seat 4: AlexEliseev7 folded before Flop (didn't bet)
Seat 5: socito (button) folded before Flop (didn't bet)
Seat 6: EdgarYY (small blind) folded before Flop



PokerStars Hand #254433063957:  Hold'em No Limit ($0.50/$1.00 USD) - 2025/01/18 16:38:18 WET [2025/01/18 11:38:18 ET]
Table 'Glaukos IV' 6-max Seat #6 is the button
Seat 1: Pon4uk.ua ($122.02 in chips) 
Seat 2: Altius86 ($137.69 in chips) 
Seat 3: YeeesMan ($113.77 in chips) 
Seat 4: AlexEliseev7 ($105.83 in chips) 
Seat 5: socito ($126.39 in chips) 
Seat 6: EdgarYY ($100 in chips) 
Pon4uk.ua: posts small blind $0.50
Altius86: posts big blind $1
*** HOLE CARDS ***
YeeesMan: folds 
AlexEliseev7: raises $1.50 to $2.50
socito: folds 
EdgarYY: folds 
Pon4uk.ua: folds 
Altius86: folds 
Uncalled bet ($1.50) returned to AlexEliseev7
AlexEliseev7 collected $2.50 from pot
AlexEliseev7: doesn't show hand 
*** SUMMARY ***
Total pot $2.50 | Rake $0 
Seat 1: Pon4uk.ua (small blind) folded before Flop
Seat 2: Altius86 (big blind) folded before Flop
Seat 3: YeeesMan folded before Flop (didn't bet)
Seat 4: AlexEliseev7 collected ($2.50)
Seat 5: socito folded before Flop (didn't bet)
Seat 6: EdgarYY (button) folded before Flop (didn't bet)



PokerStars Hand #254433068391:  Hold'em No Limit ($0.50/$1.00 USD) - 2025/01/18 16:38:36 WET [2025/01/18 11:38:36 ET]
Table 'Glaukos IV' 6-max Seat #1 is the button
Seat 3: YeeesMan ($113.77 in chips) is sitting out
Seat 1: Pon4uk.ua ($121.52 in chips) 
Seat 2: Altius86 ($136.69 in chips) 
Seat 4: AlexEliseev7 ($107.33 in chips) 
Seat 5: socito ($126.39 in chips) 
Seat 6: EdgarYY ($100 in chips) 
Altius86: posts small blind $0.50
YeeesMan: is sitting out 
AlexEliseev7: posts big blind $1
*** HOLE CARDS ***
socito: folds 
EdgarYY: folds 
Pon4uk.ua: raises $1.50 to $2.50
Altius86: folds 
AlexEliseev7: calls $1.50
*** FLOP *** [9d Jd 8h]
AlexEliseev7: checks 
YeeesMan leaves the table
Pon4uk.ua: bets $1.72
AlexEliseev7: folds 
Uncalled bet ($1.72) returned to Pon4uk.ua
Pon4uk.ua collected $5.22 from pot
Pon4uk.ua: doesn't show hand 
*** SUMMARY ***
Total pot $5.50 | Rake $0.28 
Board [9d Jd 8h]
Seat 3: YeeesMan
Seat 1: Pon4uk.ua (button) collected ($5.22)
Seat 2: Altius86 (small blind) folded before Flop
Seat 4: AlexEliseev7 (big blind) folded on the Flop
Seat 5: socito folded before Flop (didn't bet)
Seat 6: EdgarYY folded before Flop (didn't bet)



PokerStars Hand #254433079985:  Hold'em No Limit ($0.50/$1.00 USD) - 2025/01/18 16:39:23 WET [2025/01/18 11:39:23 ET]
Table 'Glaukos IV' 6-max Seat #2 is the button
Seat 1: Pon4uk.ua ($124.24 in chips) 
Seat 2: Altius86 ($136.19 in chips) 
Seat 4: AlexEliseev7 ($104.83 in chips) 
Seat 5: socito ($126.39 in chips) 
Seat 6: EdgarYY ($100 in chips) 
AlexEliseev7: posts small blind $0.50
socito: posts big blind $1
*** HOLE CARDS ***
Joe_Li7 joins the table at seat #3 
EdgarYY: raises $1 to $2
Pon4uk.ua: folds 
Altius86: folds 
AlexEliseev7: folds 
socito: folds 
Uncalled bet ($1) returned to EdgarYY
EdgarYY collected $2.50 from pot
EdgarYY: doesn't show hand 
*** SUMMARY ***
Total pot $2.50 | Rake $0 
Seat 1: Pon4uk.ua folded before Flop (didn't bet)
Seat 2: Altius86 (button) folded before Flop (didn't bet)
Seat 4: AlexEliseev7 (small blind) folded before Flop
Seat 5: socito (big blind) folded before Flop
Seat 6: EdgarYY collected ($2.50)



PokerStars Hand #254433083467:  Hold'em No Limit ($0.50/$1.00 USD) - 2025/01/18 16:39:37 WET [2025/01/18 11:39:37 ET]
Table 'Glaukos IV' 6-max Seat #4 is the button
Seat 3: Joe_Li7 ($100 in chips) is sitting out
Seat 1: Pon4uk.ua ($124.24 in chips) 
Seat 2: Altius86 ($136.19 in chips) 
Seat 4: AlexEliseev7 ($104.33 in chips) 
Seat 5: socito ($125.39 in chips) 
Seat 6: EdgarYY ($101.50 in chips) 
socito: posts small blind $0.50
EdgarYY: posts big blind $1
Joe_Li7: sits out 
*** HOLE CARDS ***
Pon4uk.ua has timed out
Pon4uk.ua: folds 
Altius86: folds 
AlexEliseev7: folds 
socito: folds 
Uncalled bet ($0.50) returned to EdgarYY
EdgarYY collected $1 from pot
EdgarYY: doesn't show hand 
*** SUMMARY ***
Total pot $1 | Rake $0 
Seat 3: Joe_Li7
Seat 1: Pon4uk.ua folded before Flop (didn't bet)
Seat 2: Altius86 folded before Flop (didn't bet)
Seat 4: AlexEliseev7 (button) folded before Flop (didn't bet)
Seat 5: socito (small blind) folded before Flop
Seat 6: EdgarYY (big blind) collected ($1)



PokerStars Hand #254433088362:  Hold'em No Limit ($0.50/$1.00 USD) - 2025/01/18 16:39:57 WET [2025/01/18 11:39:57 ET]
Table 'Glaukos IV' 6-max Seat #5 is the button
Seat 3: Joe_Li7 ($100 in chips) is sitting out
Seat 1: Pon4uk.ua ($124.24 in chips) 
Seat 2: Altius86 ($136.19 in chips) 
Seat 4: AlexEliseev7 ($104.33 in chips) 
Seat 5: socito ($124.89 in chips) 
Seat 6: EdgarYY ($102 in chips) 
EdgarYY: posts small blind $0.50
Pon4uk.ua: posts big blind $1
Joe_Li7: sits out 
*** HOLE CARDS ***
Altius86: folds 
AlexEliseev7: folds 
socito: raises $1.50 to $2.50
EdgarYY: raises $8.50 to $11
Pon4uk.ua: folds 
socito: folds 
Uncalled bet ($8.50) returned to EdgarYY
EdgarYY collected $6 from pot
EdgarYY: doesn't show hand 
*** SUMMARY ***
Total pot $6 | Rake $0 
Seat 3: Joe_Li7
Seat 1: Pon4uk.ua (big blind) folded before Flop
Seat 2: Altius86 folded before Flop (didn't bet)
Seat 4: AlexEliseev7 folded before Flop (didn't bet)
Seat 5: socito (button) folded before Flop
Seat 6: EdgarYY (small blind) collected ($6)



PokerStars Hand #254433096813:  Hold'em No Limit ($0.50/$1.00 USD) - 2025/01/18 16:40:32 WET [2025/01/18 11:40:32 ET]
Table 'Glaukos IV' 6-max Seat #6 is the button
Seat 3: Joe_Li7 ($100 in chips) is sitting out
Seat 1: Pon4uk.ua ($123.24 in chips) 
Seat 2: Altius86 ($136.19 in chips) 
Seat 4: AlexEliseev7 ($104.33 in chips) 
Seat 5: socito ($122.39 in chips) 
Seat 6: EdgarYY ($105.50 in chips) 
Pon4uk.ua: posts small blind $0.50
Altius86: posts big blind $1
Joe_Li7: sits out 
*** HOLE CARDS ***
AlexEliseev7: folds 
socito: folds 
EdgarYY: folds 
Pon4uk.ua: raises $1.75 to $2.75
Altius86: folds 
Uncalled bet ($1.75) returned to Pon4uk.ua
Pon4uk.ua collected $2 from pot
Pon4uk.ua: doesn't show hand 
*** SUMMARY ***
Total pot $2 | Rake $0 
Seat 3: Joe_Li7
Seat 1: Pon4uk.ua (small blind) collected ($2)
Seat 2: Altius86 (big blind) folded before Flop
Seat 4: AlexEliseev7 folded before Flop (didn't bet)
Seat 5: socito folded before Flop (didn't bet)
Seat 6: EdgarYY (button) folded before Flop (didn't bet)



PokerStars Hand #254433099452:  Hold'em No Limit ($0.50/$1.00 USD) - 2025/01/18 16:40:43 WET [2025/01/18 11:40:43 ET]
Table 'Glaukos IV' 6-max Seat #1 is the button
Seat 1: Pon4uk.ua ($124.24 in chips) 
Seat 2: Altius86 ($135.19 in chips) 
Seat 3: Joe_Li7 ($100 in chips) 
Seat 4: AlexEliseev7 ($104.33 in chips) 
Seat 5: socito ($122.39 in chips) 
Seat 6: EdgarYY ($105.50 in chips) 
Altius86: posts small blind $0.50
Joe_Li7: posts big blind $1
*** HOLE CARDS ***
AlexEliseev7: raises $1.50 to $2.50
socito: folds 
EdgarYY: folds 
Pon4uk.ua: raises $5 to $7.50
Altius86: folds 
Joe_Li7: folds 
AlexEliseev7: raises $14 to $21.50
Pon4uk.ua: calls $14
*** FLOP *** [5h Tc 5d]
AlexEliseev7: bets $10.50
Pon4uk.ua: calls $10.50
*** TURN *** [5h Tc 5d] [9d]
AlexEliseev7: bets $17.50
Pon4uk.ua: folds 
Uncalled bet ($17.50) returned to AlexEliseev7
AlexEliseev7 collected $63 from pot
AlexEliseev7: doesn't show hand 
*** SUMMARY ***
Total pot $65.50 | Rake $2.50 
Board [5h Tc 5d 9d]
Seat 1: Pon4uk.ua (button) folded on the Turn
Seat 2: Altius86 (small blind) folded before Flop
Seat 3: Joe_Li7 (big blind) folded before Flop
Seat 4: AlexEliseev7 collected ($63)
Seat 5: socito folded before Flop (didn't bet)
Seat 6: EdgarYY folded before Flop (didn't bet)



PokerStars Hand #254433121980:  Hold'em No Limit ($0.50/$1.00 USD) - 2025/01/18 16:42:14 WET [2025/01/18 11:42:14 ET]
Table 'Glaukos IV' 6-max Seat #2 is the button
Seat 1: Pon4uk.ua ($100 in chips) 
Seat 2: Altius86 ($134.69 in chips) 
Seat 3: Joe_Li7 ($100 in chips) 
Seat 4: AlexEliseev7 ($135.33 in chips) 
Seat 5: socito ($122.39 in chips) 
Seat 6: EdgarYY ($105.50 in chips) 
Joe_Li7: posts small blind $0.50
AlexEliseev7: posts big blind $1
*** HOLE CARDS ***
socito: folds 
EdgarYY: folds 
Pon4uk.ua has timed out
Pon4uk.ua: folds 
Altius86: raises $2 to $3
Joe_Li7: raises $9 to $12
AlexEliseev7: folds 
Altius86: calls $9
*** FLOP *** [9h 7d 6s]
Joe_Li7: bets $9.52
Altius86: calls $9.52
*** TURN *** [9h 7d 6s] [Ad]
Joe_Li7: bets $13.79
Altius86: folds 
Uncalled bet ($13.79) returned to Joe_Li7
Joe_Li7 collected $41.84 from pot
*** SUMMARY ***
Total pot $44.04 | Rake $2.20 
Board [9h 7d 6s Ad]
Seat 1: Pon4uk.ua folded before Flop (didn't bet)
Seat 2: Altius86 (button) folded on the Turn
Seat 3: Joe_Li7 (small blind) collected ($41.84)
Seat 4: AlexEliseev7 (big blind) folded before Flop
Seat 5: socito folded before Flop (didn't bet)
Seat 6: EdgarYY folded before Flop (didn't bet)



PokerStars Hand #254433145388:  Hold'em No Limit ($0.50/$1.00 USD) - 2025/01/18 16:43:49 WET [2025/01/18 11:43:49 ET]
Table 'Glaukos IV' 6-max Seat #3 is the button
Seat 1: Pon4uk.ua ($100 in chips) 
Seat 2: Altius86 ($113.17 in chips) 
Seat 3: Joe_Li7 ($120.32 in chips) 
Seat 4: AlexEliseev7 ($134.33 in chips) 
Seat 5: socito ($122.39 in chips) 
Seat 6: EdgarYY ($105.50 in chips) 
AlexEliseev7: posts small blind $0.50
socito: posts big blind $1
*** HOLE CARDS ***
EdgarYY: folds 
Pon4uk.ua: folds 
Altius86: folds 
Joe_Li7: raises $1.50 to $2.50
AlexEliseev7: folds 
Pon4uk.ua leaves the table
peak joker33 joins the table at seat #1 
socito: calls $1.50
*** FLOP *** [Tc 5s 3s]
socito: checks 
Joe_Li7: checks 
*** TURN *** [Tc 5s 3s] [4s]
socito: bets $3.45
Joe_Li7: folds 
Uncalled bet ($3.45) returned to socito
socito collected $5.22 from pot
socito: doesn't show hand 
*** SUMMARY ***
Total pot $5.50 | Rake $0.28 
Board [Tc 5s 3s 4s]
Seat 1: Pon4uk.ua folded before Flop (didn't bet)
Seat 2: Altius86 folded before Flop (didn't bet)
Seat 3: Joe_Li7 (button) folded on the Turn
Seat 4: AlexEliseev7 (small blind) folded before Flop
Seat 5: socito (big blind) collected ($5.22)
Seat 6: EdgarYY folded before Flop (didn't bet)



PokerStars Hand #254433159657:  Hold'em No Limit ($0.50/$1.00 USD) - 2025/01/18 16:44:47 WET [2025/01/18 11:44:47 ET]
Table 'Glaukos IV' 6-max Seat #4 is the button
Seat 1: peak joker33 ($101.50 in chips) is sitting out
Seat 2: Altius86 ($113.17 in chips) 
Seat 3: Joe_Li7 ($117.82 in chips) 
Seat 4: AlexEliseev7 ($133.83 in chips) 
Seat 5: socito ($125.11 in chips) 
Seat 6: EdgarYY ($105.50 in chips) 
socito: posts small blind $0.50
EdgarYY: posts big blind $1
peak joker33: sits out 
*** HOLE CARDS ***
Altius86: raises $2 to $3
Joe_Li7: folds 
AlexEliseev7: folds 
socito: folds 
EdgarYY: calls $2
*** FLOP *** [4d 3c Qh]
EdgarYY: checks 
Altius86: bets $2
EdgarYY: calls $2
*** TURN *** [4d 3c Qh] [Kd]
EdgarYY: checks 
Altius86: checks 
*** RIVER *** [4d 3c Qh Kd] [4h]
EdgarYY: checks 
Altius86: checks 
*** SHOW DOWN ***
EdgarYY: shows [7s 7h] (two pair, Sevens and Fours)
Altius86: mucks hand 
EdgarYY collected $9.98 from pot
*** SUMMARY ***
Total pot $10.50 | Rake $0.52 
Board [4d 3c Qh Kd 4h]
Seat 1: peak joker33
Seat 2: Altius86 mucked
Seat 3: Joe_Li7 folded before Flop (didn't bet)
Seat 4: AlexEliseev7 (button) folded before Flop (didn't bet)
Seat 5: socito (small blind) folded before Flop
Seat 6: EdgarYY (big blind) showed [7s 7h] and won ($9.98) with two pair, Sevens and Fours



PokerStars Hand #254433171123:  Hold'em No Limit ($0.50/$1.00 USD) - 2025/01/18 16:45:33 WET [2025/01/18 11:45:33 ET]
Table 'Glaukos IV' 6-max Seat #5 is the button
Seat 1: peak joker33 ($101.50 in chips) 
Seat 2: Altius86 ($108.17 in chips) 
Seat 3: Joe_Li7 ($117.82 in chips) 
Seat 4: AlexEliseev7 ($133.83 in chips) 
Seat 5: socito ($124.61 in chips) 
Seat 6: EdgarYY ($110.48 in chips) 
EdgarYY: posts small blind $0.50
peak joker33: posts big blind $1
*** HOLE CARDS ***
Altius86: folds 
Joe_Li7: folds 
AlexEliseev7: folds 
socito: raises $1.50 to $2.50
EdgarYY: folds 
peak joker33: calls $1.50
*** FLOP *** [2s 5c Kd]
peak joker33: checks 
socito: bets $1.72
peak joker33: calls $1.72
*** TURN *** [2s 5c Kd] [Th]
peak joker33: checks 
socito: bets $12.74
peak joker33: calls $12.74
*** RIVER *** [2s 5c Kd Th] [2d]
peak joker33: checks 
socito: bets $107.65 and is all-in
peak joker33: folds 
Uncalled bet ($107.65) returned to socito
socito collected $32.70 from pot
socito: doesn't show hand 
*** SUMMARY ***
Total pot $34.42 | Rake $1.72 
Board [2s 5c Kd Th 2d]
Seat 1: peak joker33 (big blind) folded on the River
Seat 2: Altius86 folded before Flop (didn't bet)
Seat 3: Joe_Li7 folded before Flop (didn't bet)
Seat 4: AlexEliseev7 folded before Flop (didn't bet)
Seat 5: socito (button) collected ($32.70)
Seat 6: EdgarYY (small blind) folded before Flop



PokerStars Hand #254433191143:  Hold'em No Limit ($0.50/$1.00 USD) - 2025/01/18 16:46:55 WET [2025/01/18 11:46:55 ET]
Table 'Glaukos IV' 6-max Seat #6 is the button
Seat 1: peak joker33 ($100 in chips) 
Seat 2: Altius86 ($108.17 in chips) 
Seat 3: Joe_Li7 ($117.82 in chips) 
Seat 4: AlexEliseev7 ($133.83 in chips) 
Seat 5: socito ($140.35 in chips) 
Seat 6: EdgarYY ($109.98 in chips) 
peak joker33: posts small blind $0.50
Altius86: posts big blind $1
*** HOLE CARDS ***
Joe_Li7: folds 
AlexEliseev7: folds 
socito: raises $1.50 to $2.50
EdgarYY: folds 
peak joker33: folds 
Altius86: raises $8.50 to $11
socito: folds 
Uncalled bet ($8.50) returned to Altius86
Altius86 collected $5.50 from pot
Altius86: doesn't show hand 
*** SUMMARY ***
Total pot $5.50 | Rake $0 
Seat 1: peak joker33 (small blind) folded before Flop
Seat 2: Altius86 (big blind) collected ($5.50)
Seat 3: Joe_Li7 folded before Flop (didn't bet)
Seat 4: AlexEliseev7 folded before Flop (didn't bet)
Seat 5: socito folded before Flop
Seat 6: EdgarYY (button) folded before Flop (didn't bet)



PokerStars Hand #254433197536:  Hold'em No Limit ($0.50/$1.00 USD) - 2025/01/18 16:47:21 WET [2025/01/18 11:47:21 ET]
Table 'Glaukos IV' 6-max Seat #1 is the button
Seat 3: Joe_Li7 ($117.82 in chips) is sitting out
Seat 1: peak joker33 ($100 in chips) 
Seat 2: Altius86 ($111.17 in chips) 
Seat 4: AlexEliseev7 ($133.83 in chips) 
Seat 5: socito ($137.85 in chips) 
Seat 6: EdgarYY ($109.98 in chips) 
Altius86: posts small blind $0.50
Joe_Li7: is sitting out 
AlexEliseev7: posts big blind $1
*** HOLE CARDS ***
socito: folds 
Joe_Li7 leaves the table
EdgarYY: raises $1.20 to $2.20
peak joker33: raises $4.80 to $7
Altius86: folds 
AlexEliseev7: folds 
EdgarYY: folds 
Uncalled bet ($4.80) returned to peak joker33
peak joker33 collected $5.90 from pot
peak joker33: doesn't show hand 
*** SUMMARY ***
Total pot $5.90 | Rake $0 
Seat 3: Joe_Li7
Seat 1: peak joker33 (button) collected ($5.90)
Seat 2: Altius86 (small blind) folded before Flop
Seat 4: AlexEliseev7 (big blind) folded before Flop
Seat 5: socito folded before Flop (didn't bet)
Seat 6: EdgarYY folded before Flop



PokerStars Hand #254433203560:  Hold'em No Limit ($0.50/$1.00 USD) - 2025/01/18 16:47:46 WET [2025/01/18 11:47:46 ET]
Table 'Glaukos IV' 6-max Seat #2 is the button
Seat 1: peak joker33 ($103.70 in chips) 
Seat 2: Altius86 ($110.67 in chips) 
Seat 4: AlexEliseev7 ($132.83 in chips) 
Seat 5: socito ($137.85 in chips) 
Seat 6: EdgarYY ($107.78 in chips) 
AlexEliseev7: posts small blind $0.50
socito: posts big blind $1
*** HOLE CARDS ***
EdgarYY: raises $1 to $2
peak joker33: folds 
Altius86: raises $3 to $5
AlexEliseev7: folds 
socito: folds 
EdgarYY: calls $3
*** FLOP *** [9d Ts 3c]
Evelexy1 joins the table at seat #3 
EdgarYY: checks 
Altius86: bets $4.46
EdgarYY: raises $10.54 to $15
Altius86: calls $10.54
*** TURN *** [9d Ts 3c] [3s]
EdgarYY: bets $13.01
Altius86: calls $13.01
*** RIVER *** [9d Ts 3c 3s] [As]
EdgarYY: checks 
Altius86: bets $77.66 and is all-in
EdgarYY: calls $74.77 and is all-in
Uncalled bet ($2.89) returned to Altius86
*** SHOW DOWN ***
Altius86: shows [Ac Qh] (two pair, Aces and Threes)
EdgarYY: shows [9h Th] (two pair, Tens and Nines)
Altius86 collected $214.56 from pot
*** SUMMARY ***
Total pot $217.06 | Rake $2.50 
Board [9d Ts 3c 3s As]
Seat 1: peak joker33 folded before Flop (didn't bet)
Seat 2: Altius86 (button) showed [Ac Qh] and won ($214.56) with two pair, Aces and Threes
Seat 4: AlexEliseev7 (small blind) folded before Flop
Seat 5: socito (big blind) folded before Flop
Seat 6: EdgarYY showed [9h Th] and lost with two pair, Tens and Nines



PokerStars Hand #254433223364:  Hold'em No Limit ($0.50/$1.00 USD) - 2025/01/18 16:49:06 WET [2025/01/18 11:49:06 ET]
Table 'Glaukos IV' 6-max Seat #4 is the button
Seat 3: Evelexy1 ($101 in chips) is sitting out
Seat 1: peak joker33 ($103.70 in chips) 
Seat 2: Altius86 ($217.45 in chips) 
Seat 4: AlexEliseev7 ($132.33 in chips) 
Seat 5: socito ($136.85 in chips) 
Seat 6: EdgarYY ($64.96 in chips) 
socito: posts small blind $0.50
EdgarYY: posts big blind $1
Evelexy1: sits out 
*** HOLE CARDS ***
peak joker33: folds 
Altius86: raises $2 to $3
AlexEliseev7: folds 
socito: folds 
EdgarYY: folds 
Uncalled bet ($2) returned to Altius86
Altius86 collected $2.50 from pot
Altius86: doesn't show hand 
EdgarYY leaves the table
*** SUMMARY ***
Total pot $2.50 | Rake $0 
Seat 3: Evelexy1
Seat 1: peak joker33 folded before Flop (didn't bet)
Seat 2: Altius86 collected ($2.50)
Seat 4: AlexEliseev7 (button) folded before Flop (didn't bet)
Seat 5: socito (small blind) folded before Flop
Seat 6: EdgarYY (big blind) folded before Flop



PokerStars Hand #254433226667:  Hold'em No Limit ($0.50/$1.00 USD) - 2025/01/18 16:49:20 WET [2025/01/18 11:49:20 ET]
Table 'Glaukos IV' 6-max Seat #5 is the button
Seat 3: Evelexy1 ($101 in chips) is sitting out
Seat 1: peak joker33 ($103.70 in chips) 
Seat 2: Altius86 ($218.95 in chips) 
Seat 4: AlexEliseev7 ($132.33 in chips) 
Seat 5: socito ($136.35 in chips) 
peak joker33: posts small blind $0.50
Altius86: posts big blind $1
Evelexy1: sits out 
*** HOLE CARDS ***
AlexEliseev7: folds 
socito: raises $1.50 to $2.50
peak joker33: folds 
Altius86: folds 
Uncalled bet ($1.50) returned to socito
socito collected $2.50 from pot
socito: doesn't show hand 
*** SUMMARY ***
Total pot $2.50 | Rake $0 
Seat 3: Evelexy1
Seat 1: peak joker33 (small blind) folded before Flop
Seat 2: Altius86 (big blind) folded before Flop
Seat 4: AlexEliseev7 folded before Flop (didn't bet)
Seat 5: socito (button) collected ($2.50)



PokerStars Hand #254433229879:  Hold'em No Limit ($0.50/$1.00 USD) - 2025/01/18 16:49:33 WET [2025/01/18 11:49:33 ET]
Table 'Glaukos IV' 6-max Seat #1 is the button
Seat 1: peak joker33 ($103.20 in chips) 
Seat 2: Altius86 ($217.95 in chips) 
Seat 3: Evelexy1 ($101 in chips) 
Seat 4: AlexEliseev7 ($132.33 in chips) 
Seat 5: socito ($137.85 in chips) 
Altius86: posts small blind $0.50
Evelexy1: posts big blind $1
*** HOLE CARDS ***
AlexEliseev7: folds 
socito: folds 
peak joker33: folds 
Altius86: calls $0.50
Evelexy1: checks 
*** FLOP *** [7d Kh 6h]
Altius86: checks 
Evelexy1: bets $1.43
Altius86: calls $1.43
*** TURN *** [7d Kh 6h] [3c]
Altius86: checks 
Evelexy1: bets $4.50
Altius86: folds 
Uncalled bet ($4.50) returned to Evelexy1
Evelexy1 collected $4.62 from pot
Evelexy1: doesn't show hand 
*** SUMMARY ***
Total pot $4.86 | Rake $0.24 
Board [7d Kh 6h 3c]
Seat 1: peak joker33 (button) folded before Flop (didn't bet)
Seat 2: Altius86 (small blind) folded on the Turn
Seat 3: Evelexy1 (big blind) collected ($4.62)
Seat 4: AlexEliseev7 folded before Flop (didn't bet)
Seat 5: socito folded before Flop (didn't bet)



PokerStars Hand #254433236522:  Hold'em No Limit ($0.50/$1.00 USD) - 2025/01/18 16:50:00 WET [2025/01/18 11:50:00 ET]
Table 'Glaukos IV' 6-max Seat #2 is the button
Seat 1: peak joker33 ($103.20 in chips) 
Seat 2: Altius86 ($215.52 in chips) 
Seat 3: Evelexy1 ($103.19 in chips) 
Seat 4: AlexEliseev7 ($132.33 in chips) 
Seat 5: socito ($137.85 in chips) 
Evelexy1: posts small blind $0.50
AlexEliseev7: posts big blind $1
*** HOLE CARDS ***
socito: raises $1.50 to $2.50
peak joker33: folds 
Altius86: calls $2.50
Evelexy1: folds 
AlexEliseev7: folds 
*** FLOP *** [Ks Qs 6h]
socito: checks 
Altius86: bets $4
socito: calls $4
*** TURN *** [Ks Qs 6h] [9d]
socito: checks 
Altius86: checks 
*** RIVER *** [Ks Qs 6h 9d] [5d]
socito: checks 
Altius86: checks 
*** SHOW DOWN ***
socito: shows [Ah Tc] (high card Ace)
Altius86: mucks hand 
socito collected $13.78 from pot
*** SUMMARY ***
Total pot $14.50 | Rake $0.72 
Board [Ks Qs 6h 9d 5d]
Seat 1: peak joker33 folded before Flop (didn't bet)
Seat 2: Altius86 (button) mucked
Seat 3: Evelexy1 (small blind) folded before Flop
Seat 4: AlexEliseev7 (big blind) folded before Flop
Seat 5: socito showed [Ah Tc] and won ($13.78) with high card Ace



PokerStars Hand #254433249313:  Hold'em No Limit ($0.50/$1.00 USD) - 2025/01/18 16:50:51 WET [2025/01/18 11:50:51 ET]
Table 'Glaukos IV' 6-max Seat #3 is the button
Seat 1: peak joker33 ($103.20 in chips) 
Seat 2: Altius86 ($209.02 in chips) 
Seat 3: Evelexy1 ($102.69 in chips) 
Seat 4: AlexEliseev7 ($131.33 in chips) 
Seat 5: socito ($145.13 in chips) 
AlexEliseev7: posts small blind $0.50
socito: posts big blind $1
*** HOLE CARDS ***
peak joker33: raises $1.50 to $2.50
Altius86: folds 
Evelexy1: folds 
AlexEliseev7: raises $8.50 to $11
socito: folds 
peak joker33: folds 
Uncalled bet ($8.50) returned to AlexEliseev7
AlexEliseev7 collected $6 from pot
AlexEliseev7: doesn't show hand 
*** SUMMARY ***
Total pot $6 | Rake $0 
Seat 1: peak joker33 folded before Flop
Seat 2: Altius86 folded before Flop (didn't bet)
Seat 3: Evelexy1 (button) folded before Flop (didn't bet)
Seat 4: AlexEliseev7 (small blind) collected ($6)
Seat 5: socito (big blind) folded before Flop



PokerStars Hand #254433254295:  Hold'em No Limit ($0.50/$1.00 USD) - 2025/01/18 16:51:11 WET [2025/01/18 11:51:11 ET]
Table 'Glaukos IV' 6-max Seat #4 is the button
Seat 1: peak joker33 ($100.70 in chips) 
Seat 2: Altius86 ($209.02 in chips) 
Seat 3: Evelexy1 ($102.69 in chips) 
Seat 4: AlexEliseev7 ($134.83 in chips) 
Seat 5: socito ($144.13 in chips) 
socito: posts small blind $0.50
peak joker33: posts big blind $1
*** HOLE CARDS ***
Altius86: folds 
Evelexy1: raises $1.50 to $2.50
AlexEliseev7: folds 
socito: folds 
peak joker33: raises $8.50 to $11
Evelexy1: calls $8.50
*** FLOP *** [9s 7c 6h]
peak joker33: checks 
Evelexy1: checks 
*** TURN *** [9s 7c 6h] [Ts]
peak joker33: checks 
Evelexy1: checks 
*** RIVER *** [9s 7c 6h Ts] [Jc]
Altius86 leaves the table
peak joker33: bets $7.06
Evelexy1: folds 
Uncalled bet ($7.06) returned to peak joker33
peak joker33 collected $21.38 from pot
peak joker33: doesn't show hand 
*** SUMMARY ***
Total pot $22.50 | Rake $1.12 
Board [9s 7c 6h Ts Jc]
Seat 1: peak joker33 (big blind) collected ($21.38)
Seat 2: Altius86 folded before Flop (didn't bet)
Seat 3: Evelexy1 folded on the River
Seat 4: AlexEliseev7 (button) folded before Flop (didn't bet)
Seat 5: socito (small blind) folded before Flop



PokerStars Hand #254433267402:  Hold'em No Limit ($0.50/$1.00 USD) - 2025/01/18 16:52:04 WET [2025/01/18 11:52:04 ET]
Table 'Glaukos IV' 6-max Seat #5 is the button
Seat 1: peak joker33 ($111.08 in chips) 
Seat 3: Evelexy1 ($100 in chips) 
Seat 4: AlexEliseev7 ($134.83 in chips) 
Seat 5: socito ($143.63 in chips) 
peak joker33: posts small blind $0.50
Evelexy1: posts big blind $1
*** HOLE CARDS ***
AlexEliseev7: raises $1.50 to $2.50
socito: folds 
peak joker33: raises $9.50 to $12
Evelexy1: folds 
AlexEliseev7: folds 
Uncalled bet ($9.50) returned to peak joker33
peak joker33 collected $6 from pot
peak joker33: doesn't show hand 
*** SUMMARY ***
Total pot $6 | Rake $0 
Seat 1: peak joker33 (small blind) collected ($6)
Seat 3: Evelexy1 (big blind) folded before Flop
Seat 4: AlexEliseev7 folded before Flop
Seat 5: socito (button) folded before Flop (didn't bet)



PokerStars Hand #254433275274:  Hold'em No Limit ($0.50/$1.00 USD) - 2025/01/18 16:52:36 WET [2025/01/18 11:52:36 ET]
Table 'Glaukos IV' 6-max Seat #1 is the button
Seat 4: AlexEliseev7 ($132.33 in chips) is sitting out
Seat 1: peak joker33 ($114.58 in chips) 
Seat 3: Evelexy1 ($100 in chips) 
Seat 5: socito ($143.63 in chips) 
Evelexy1: posts small blind $0.50
AlexEliseev7: is sitting out 
socito: posts big blind $1
*** HOLE CARDS ***
peak joker33: folds 
Evelexy1: raises $1.50 to $2.50
AlexEliseev7 leaves the table
socito: raises $5 to $7.50
Evelexy1: folds 
Uncalled bet ($5) returned to socito
socito collected $5 from pot
socito: doesn't show hand 
*** SUMMARY ***
Total pot $5 | Rake $0 
Seat 4: AlexEliseev7
Seat 1: peak joker33 (button) folded before Flop (didn't bet)
Seat 3: Evelexy1 (small blind) folded before Flop
Seat 5: socito (big blind) collected ($5)



PokerStars Hand #254433279317:  Hold'em No Limit ($0.50/$1.00 USD) - 2025/01/18 16:52:52 WET [2025/01/18 11:52:52 ET]
Table 'Glaukos IV' 6-max Seat #3 is the button
Seat 1: peak joker33 ($114.58 in chips) 
Seat 3: Evelexy1 ($100 in chips) 
Seat 5: socito ($146.13 in chips) 
socito: posts small blind $0.50
peak joker33: posts big blind $1
*** HOLE CARDS ***
Evelexy1: raises $1.50 to $2.50
socito: folds 
peak joker33: calls $1.50
*** FLOP *** [Qs 3h Qc]
peak joker33: checks 
Evelexy1: bets $1.74
peak joker33: calls $1.74
*** TURN *** [Qs 3h Qc] [As]
peak joker33: checks 
Evelexy1: bets $5.63
peak joker33: calls $5.63
*** RIVER *** [Qs 3h Qc As] [2c]
peak joker33: checks 
Evelexy1: checks 
*** SHOW DOWN ***
peak joker33: shows [9s Kh] (a pair of Queens)
Evelexy1: shows [8s 8h] (two pair, Queens and Eights)
Evelexy1 collected $19.24 from pot
*** SUMMARY ***
Total pot $20.24 | Rake $1 
Board [Qs 3h Qc As 2c]
Seat 1: peak joker33 (big blind) showed [9s Kh] and lost with a pair of Queens
Seat 3: Evelexy1 (button) showed [8s 8h] and won ($19.24) with two pair, Queens and Eights
Seat 5: socito (small blind) folded before Flop



