PokerStars Hand #254428304877:  Hold'em No Limit ($0.50/$1.00 USD) - 2025/01/18 8:20:38 WET [2025/01/18 3:20:38 ET]
Table 'Russia III' 6-max Seat #6 is the button
Seat 2: janarr5 ($100 in chips) 
Seat 4: Kristo 914 ($100 in chips) 
Seat 6: CEPTT ($100 in chips) 
janarr5: posts small blind $0.50
Kristo 914: posts big blind $1
*** HOLE CARDS ***
CEPTT: raises $1.85 to $2.85
janarr5: folds 
Kristo 914: folds 
Uncalled bet ($1.85) returned to CEPTT
CEPTT collected $2.50 from pot
CEPTT: doesn't show hand 
*** SUMMARY ***
Total pot $2.50 | Rake $0 
Seat 2: janarr5 (small blind) folded before Flop
Seat 4: Kristo 914 (big blind) folded before Flop
Seat 6: CEPTT (button) collected ($2.50)



PokerStars Hand #254428305670:  Hold'em No Limit ($0.50/$1.00 USD) - 2025/01/18 8:20:46 WET [2025/01/18 3:20:46 ET]
Table 'Russia III' 6-max Seat #2 is the button
Seat 2: janarr5 ($100 in chips) 
Seat 4: Kristo 914 ($100 in chips) 
Seat 6: CEPTT ($101.50 in chips) 
Kristo 914: posts small blind $0.50
CEPTT: posts big blind $1
*** HOLE CARDS ***
janarr5: folds 
Kristo 914: raises $2 to $3
CEPTT: folds 
Uncalled bet ($2) returned to Kristo 914
Kristo 914 collected $2 from pot
Kristo 914: doesn't show hand 
*** SUMMARY ***
Total pot $2 | Rake $0 
Seat 2: janarr5 (button) folded before Flop (didn't bet)
Seat 4: Kristo 914 (small blind) collected ($2)
Seat 6: CEPTT (big blind) folded before Flop



PokerStars Hand #254428306846:  Hold'em No Limit ($0.50/$1.00 USD) - 2025/01/18 8:20:59 WET [2025/01/18 3:20:59 ET]
Table 'Russia III' 6-max Seat #4 is the button
Seat 2: janarr5 ($100 in chips) 
Seat 4: Kristo 914 ($101 in chips) 
Seat 6: CEPTT ($100.50 in chips) 
CEPTT: posts small blind $0.50
janarr5: posts big blind $1
*** HOLE CARDS ***
Kristo 914: raises $1.40 to $2.40
CEPTT: raises $9.60 to $12
janarr5: folds 
Kristo 914: folds 
Uncalled bet ($9.60) returned to CEPTT
CEPTT collected $5.80 from pot
CEPTT: doesn't show hand 
*** SUMMARY ***
Total pot $5.80 | Rake $0 
Seat 2: janarr5 (big blind) folded before Flop
Seat 4: Kristo 914 (button) folded before Flop
Seat 6: CEPTT (small blind) collected ($5.80)



PokerStars Hand #254428308743:  Hold'em No Limit ($0.50/$1.00 USD) - 2025/01/18 8:21:21 WET [2025/01/18 3:21:21 ET]
Table 'Russia III' 6-max Seat #6 is the button
Seat 2: janarr5 ($100 in chips) 
Seat 4: Kristo 914 ($100 in chips) 
Seat 6: CEPTT ($103.90 in chips) 
janarr5: posts small blind $0.50
Kristo 914: posts big blind $1
*** HOLE CARDS ***
CEPTT: raises $1.85 to $2.85
janarr5: raises $9.15 to $12
Kristo 914: folds 
CEPTT: calls $9.15
*** FLOP *** [Js Jd 2c]
janarr5: bets $12
CEPTT: folds 
Uncalled bet ($12) returned to janarr5
janarr5 collected $24 from pot
janarr5: doesn't show hand 
*** SUMMARY ***
Total pot $25 | Rake $1 
Board [Js Jd 2c]
Seat 2: janarr5 (small blind) collected ($24)
Seat 4: Kristo 914 (big blind) folded before Flop
Seat 6: CEPTT (button) folded on the Flop



PokerStars Hand #254428311761:  Hold'em No Limit ($0.50/$1.00 USD) - 2025/01/18 8:21:55 WET [2025/01/18 3:21:55 ET]
Table 'Russia III' 6-max Seat #2 is the button
Seat 2: janarr5 ($112 in chips) 
Seat 4: Kristo 914 ($100 in chips) 
Seat 6: CEPTT ($100 in chips) 
Kristo 914: posts small blind $0.50
CEPTT: posts big blind $1
*** HOLE CARDS ***
janarr5: folds 
Kristo 914: folds 
Uncalled bet ($0.50) returned to CEPTT
CEPTT collected $1 from pot
CEPTT: doesn't show hand 
*** SUMMARY ***
Total pot $1 | Rake $0 
Seat 2: janarr5 (button) folded before Flop (didn't bet)
Seat 4: Kristo 914 (small blind) folded before Flop
Seat 6: CEPTT (big blind) collected ($1)



PokerStars Hand #254428312751:  Hold'em No Limit ($0.50/$1.00 USD) - 2025/01/18 8:22:07 WET [2025/01/18 3:22:07 ET]
Table 'Russia III' 6-max Seat #4 is the button
Seat 2: janarr5 ($112 in chips) 
Seat 4: Kristo 914 ($100 in chips) 
Seat 6: CEPTT ($100.50 in chips) 
CEPTT: posts small blind $0.50
janarr5: posts big blind $1
*** HOLE CARDS ***
Kristo 914: raises $1.40 to $2.40
CEPTT: folds 
janarr5: folds 
Uncalled bet ($1.40) returned to Kristo 914
Kristo 914 collected $2.50 from pot
Kristo 914: doesn't show hand 
*** SUMMARY ***
Total pot $2.50 | Rake $0 
Seat 2: janarr5 (big blind) folded before Flop
Seat 4: Kristo 914 (button) collected ($2.50)
Seat 6: CEPTT (small blind) folded before Flop



PokerStars Hand #254428313859:  Hold'em No Limit ($0.50/$1.00 USD) - 2025/01/18 8:22:20 WET [2025/01/18 3:22:20 ET]
Table 'Russia III' 6-max Seat #6 is the button
Seat 2: janarr5 ($111 in chips) 
Seat 4: Kristo 914 ($101.50 in chips) 
Seat 6: CEPTT ($100 in chips) 
janarr5: posts small blind $0.50
Kristo 914: posts big blind $1
*** HOLE CARDS ***
CEPTT: raises $1.85 to $2.85
janarr5: folds 
Kristo 914: raises $9.15 to $12
CEPTT: calls $9.15
*** FLOP *** [9s 8d Kd]
Kristo 914: bets $6.82
CEPTT: folds 
Uncalled bet ($6.82) returned to Kristo 914
Kristo 914 collected $23.50 from pot
Kristo 914: doesn't show hand 
*** SUMMARY ***
Total pot $24.50 | Rake $1 
Board [9s 8d Kd]
Seat 2: janarr5 (small blind) folded before Flop
Seat 4: Kristo 914 (big blind) collected ($23.50)
Seat 6: CEPTT (button) folded on the Flop



PokerStars Hand #254428317090:  Hold'em No Limit ($0.50/$1.00 USD) - 2025/01/18 8:22:57 WET [2025/01/18 3:22:57 ET]
Table 'Russia III' 6-max Seat #2 is the button
Seat 2: janarr5 ($110.50 in chips) 
Seat 4: Kristo 914 ($113 in chips) 
Seat 6: CEPTT ($100 in chips) 
Kristo 914: posts small blind $0.50
CEPTT: posts big blind $1
*** HOLE CARDS ***
janarr5: raises $1.50 to $2.50
Kristo 914: folds 
CEPTT: folds 
Uncalled bet ($1.50) returned to janarr5
janarr5 collected $2.50 from pot
janarr5: doesn't show hand 
*** SUMMARY ***
Total pot $2.50 | Rake $0 
Seat 2: janarr5 (button) collected ($2.50)
Seat 4: Kristo 914 (small blind) folded before Flop
Seat 6: CEPTT (big blind) folded before Flop



PokerStars Hand #254428318585:  Hold'em No Limit ($0.50/$1.00 USD) - 2025/01/18 8:23:13 WET [2025/01/18 3:23:13 ET]
Table 'Russia III' 6-max Seat #4 is the button
Seat 2: janarr5 ($112 in chips) 
Seat 4: Kristo 914 ($112.50 in chips) 
Seat 6: CEPTT ($100 in chips) 
CEPTT: posts small blind $0.50
janarr5: posts big blind $1
*** HOLE CARDS ***
Kristo 914: raises $1.40 to $2.40
CEPTT: raises $9.60 to $12
janarr5: folds 
Kristo 914: folds 
Uncalled bet ($9.60) returned to CEPTT
CEPTT collected $5.80 from pot
CEPTT: doesn't show hand 
*** SUMMARY ***
Total pot $5.80 | Rake $0 
Seat 2: janarr5 (big blind) folded before Flop
Seat 4: Kristo 914 (button) folded before Flop
Seat 6: CEPTT (small blind) collected ($5.80)



PokerStars Hand #254428321078:  Hold'em No Limit ($0.50/$1.00 USD) - 2025/01/18 8:23:41 WET [2025/01/18 3:23:41 ET]
Table 'Russia III' 6-max Seat #6 is the button
Seat 2: janarr5 ($111 in chips) 
Seat 4: Kristo 914 ($110.10 in chips) 
Seat 6: CEPTT ($103.40 in chips) 
janarr5: posts small blind $0.50
Kristo 914: posts big blind $1
*** HOLE CARDS ***
CEPTT: folds 
janarr5: raises $2 to $3
Kristo 914: calls $2
*** FLOP *** [5h 4h Th]
Burlica2013 joins the table at seat #5 
janarr5: checks 
canon562105 joins the table at seat #3 
Kristo 914: checks 
*** TURN *** [5h 4h Th] [9s]
KeR888 joins the table at seat #1 
janarr5: bets $1.88
Kristo 914: folds 
Uncalled bet ($1.88) returned to janarr5
janarr5 collected $5.70 from pot
janarr5: doesn't show hand 
*** SUMMARY ***
Total pot $6 | Rake $0.30 
Board [5h 4h Th 9s]
Seat 2: janarr5 (small blind) collected ($5.70)
Seat 4: Kristo 914 (big blind) folded on the Turn
Seat 6: CEPTT (button) folded before Flop (didn't bet)



PokerStars Hand #254428324939:  Hold'em No Limit ($0.50/$1.00 USD) - 2025/01/18 8:24:25 WET [2025/01/18 3:24:25 ET]
Table 'Russia III' 6-max Seat #2 is the button
Seat 1: KeR888 ($100 in chips) is sitting out
Seat 3: canon562105 ($100 in chips) is sitting out
Seat 2: janarr5 ($113.70 in chips) 
Seat 4: Kristo 914 ($107.10 in chips) 
Seat 5: Burlica2013 ($100 in chips) 
Seat 6: CEPTT ($103.40 in chips) 
Kristo 914: posts small blind $0.50
Burlica2013: posts big blind $1
KeR888: sits out 
*** HOLE CARDS ***
CEPTT: folds 
janarr5: folds 
Kristo 914: folds 
Uncalled bet ($0.50) returned to Burlica2013
Burlica2013 collected $1 from pot
Burlica2013: doesn't show hand 
*** SUMMARY ***
Total pot $1 | Rake $0 
Seat 1: KeR888
Seat 3: canon562105
Seat 2: janarr5 (button) folded before Flop (didn't bet)
Seat 4: Kristo 914 (small blind) folded before Flop
Seat 5: Burlica2013 (big blind) collected ($1)
Seat 6: CEPTT folded before Flop (didn't bet)



PokerStars Hand #254428325714:  Hold'em No Limit ($0.50/$1.00 USD) - 2025/01/18 8:24:33 WET [2025/01/18 3:24:33 ET]
Table 'Russia III' 6-max Seat #4 is the button
Seat 1: KeR888 ($100 in chips) is sitting out
Seat 2: janarr5 ($113.70 in chips) 
Seat 3: canon562105 ($100 in chips) 
Seat 4: Kristo 914 ($106.60 in chips) 
Seat 5: Burlica2013 ($100.50 in chips) 
Seat 6: CEPTT ($103.40 in chips) 
Burlica2013: posts small blind $0.50
CEPTT: posts big blind $1
KeR888: sits out 
canon562105: posts big blind $1
*** HOLE CARDS ***
janarr5: folds 
canon562105: raises $1 to $2
Kristo 914: folds 
Burlica2013: folds 
CEPTT: calls $1
*** FLOP *** [9c Td 3h]
CEPTT: checks 
canon562105: checks 
*** TURN *** [9c Td 3h] [7d]
CEPTT: checks 
canon562105: checks 
*** RIVER *** [9c Td 3h 7d] [5c]
CEPTT: checks 
canon562105: checks 
*** SHOW DOWN ***
CEPTT: shows [3s 2s] (a pair of Threes)
canon562105: mucks hand 
CEPTT collected $4.28 from pot
*** SUMMARY ***
Total pot $4.50 | Rake $0.22 
Board [9c Td 3h 7d 5c]
Seat 1: KeR888
Seat 2: janarr5 folded before Flop (didn't bet)
Seat 3: canon562105 mucked
Seat 4: Kristo 914 (button) folded before Flop (didn't bet)
Seat 5: Burlica2013 (small blind) folded before Flop
Seat 6: CEPTT (big blind) showed [3s 2s] and won ($4.28) with a pair of Threes



PokerStars Hand #254428329716:  Hold'em No Limit ($0.50/$1.00 USD) - 2025/01/18 8:25:19 WET [2025/01/18 3:25:19 ET]
Table 'Russia III' 6-max Seat #5 is the button
Seat 1: KeR888 ($100 in chips) 
Seat 2: janarr5 ($113.70 in chips) 
Seat 3: canon562105 ($98 in chips) 
Seat 4: Kristo 914 ($106.60 in chips) 
Seat 5: Burlica2013 ($100 in chips) 
Seat 6: CEPTT ($105.68 in chips) 
CEPTT: posts small blind $0.50
KeR888: posts big blind $1
*** HOLE CARDS ***
janarr5: folds 
canon562105: folds 
Kristo 914: raises $1.40 to $2.40
Burlica2013: folds 
CEPTT: folds 
KeR888: raises $8.60 to $11
Kristo 914: calls $8.60
*** FLOP *** [8s 4s 9d]
KeR888: checks 
Kristo 914: checks 
*** TURN *** [8s 4s 9d] [2d]
KeR888: bets $22
Kristo 914: raises $73.60 to $95.60 and is all-in
KeR888: calls $67 and is all-in
Uncalled bet ($6.60) returned to Kristo 914
*** RIVER *** [8s 4s 9d 2d] [Jd]
*** SHOW DOWN ***
KeR888: shows [Qc Qh] (a pair of Queens)
Kristo 914: shows [Th Tc] (a pair of Tens)
KeR888 collected $198 from pot
*** SUMMARY ***
Total pot $200.50 | Rake $2.50 
Board [8s 4s 9d 2d Jd]
Seat 1: KeR888 (big blind) showed [Qc Qh] and won ($198) with a pair of Queens
Seat 2: janarr5 folded before Flop (didn't bet)
Seat 3: canon562105 folded before Flop (didn't bet)
Seat 4: Kristo 914 showed [Th Tc] and lost with a pair of Tens
Seat 5: Burlica2013 (button) folded before Flop (didn't bet)
Seat 6: CEPTT (small blind) folded before Flop



PokerStars Hand #254428336996:  Hold'em No Limit ($0.50/$1.00 USD) - 2025/01/18 8:26:40 WET [2025/01/18 3:26:40 ET]
Table 'Russia III' 6-max Seat #6 is the button
Seat 1: KeR888 ($198 in chips) 
Seat 2: janarr5 ($113.70 in chips) 
Seat 3: canon562105 ($98 in chips) 
Seat 4: Kristo 914 ($100 in chips) 
Seat 5: Burlica2013 ($100 in chips) 
Seat 6: CEPTT ($105.18 in chips) 
KeR888: posts small blind $0.50
janarr5: posts big blind $1
*** HOLE CARDS ***
canon562105: raises $1 to $2
Kristo 914: folds 
Burlica2013: folds 
CEPTT: folds 
KeR888: folds 
janarr5: folds 
Uncalled bet ($1) returned to canon562105
canon562105 collected $2.50 from pot
canon562105: doesn't show hand 
*** SUMMARY ***
Total pot $2.50 | Rake $0 
Seat 1: KeR888 (small blind) folded before Flop
Seat 2: janarr5 (big blind) folded before Flop
Seat 3: canon562105 collected ($2.50)
Seat 4: Kristo 914 folded before Flop (didn't bet)
Seat 5: Burlica2013 folded before Flop (didn't bet)
Seat 6: CEPTT (button) folded before Flop (didn't bet)



PokerStars Hand #254428338668:  Hold'em No Limit ($0.50/$1.00 USD) - 2025/01/18 8:26:59 WET [2025/01/18 3:26:59 ET]
Table 'Russia III' 6-max Seat #1 is the button
Seat 1: KeR888 ($197.50 in chips) 
Seat 2: janarr5 ($112.70 in chips) 
Seat 3: canon562105 ($99.50 in chips) 
Seat 4: Kristo 914 ($100 in chips) 
Seat 5: Burlica2013 ($100 in chips) 
Seat 6: CEPTT ($105.18 in chips) 
janarr5: posts small blind $0.50
canon562105: posts big blind $1
*** HOLE CARDS ***
Kristo 914: raises $1.40 to $2.40
Burlica2013: folds 
CEPTT: folds 
KeR888: folds 
janarr5: folds 
canon562105: calls $1.40
*** FLOP *** [7c 3s Qs]
canon562105: bets $3
Kristo 914: calls $3
*** TURN *** [7c 3s Qs] [Ad]
canon562105: bets $3
Kristo 914: folds 
Uncalled bet ($3) returned to canon562105
canon562105 collected $10.74 from pot
canon562105: doesn't show hand 
*** SUMMARY ***
Total pot $11.30 | Rake $0.56 
Board [7c 3s Qs Ad]
Seat 1: KeR888 (button) folded before Flop (didn't bet)
Seat 2: janarr5 (small blind) folded before Flop
Seat 3: canon562105 (big blind) collected ($10.74)
Seat 4: Kristo 914 folded on the Turn
Seat 5: Burlica2013 folded before Flop (didn't bet)
Seat 6: CEPTT folded before Flop (didn't bet)



PokerStars Hand #254428343243:  Hold'em No Limit ($0.50/$1.00 USD) - 2025/01/18 8:27:50 WET [2025/01/18 3:27:50 ET]
Table 'Russia III' 6-max Seat #2 is the button
Seat 1: KeR888 ($197.50 in chips) 
Seat 2: janarr5 ($112.20 in chips) 
Seat 3: canon562105 ($104.84 in chips) 
Seat 4: Kristo 914 ($100 in chips) 
Seat 5: Burlica2013 ($100 in chips) 
Seat 6: CEPTT ($105.18 in chips) 
canon562105: posts small blind $0.50
Kristo 914: posts big blind $1
*** HOLE CARDS ***
Burlica2013: folds 
CEPTT: raises $1.25 to $2.25
KeR888: folds 
janarr5: folds 
canon562105: calls $1.75
Kristo 914: folds 
*** FLOP *** [Ad Tc 3h]
canon562105: checks 
CEPTT: bets $1.57
canon562105: calls $1.57
*** TURN *** [Ad Tc 3h] [Js]
canon562105: checks 
CEPTT: bets $4.11
canon562105: calls $4.11
*** RIVER *** [Ad Tc 3h Js] [7s]
canon562105: checks 
CEPTT: bets $12.01
canon562105: calls $12.01
*** SHOW DOWN ***
CEPTT: shows [7c Ac] (two pair, Aces and Sevens)
canon562105: mucks hand 
CEPTT collected $38.84 from pot
*** SUMMARY ***
Total pot $40.88 | Rake $2.04 
Board [Ad Tc 3h Js 7s]
Seat 1: KeR888 folded before Flop (didn't bet)
Seat 2: janarr5 (button) folded before Flop (didn't bet)
Seat 3: canon562105 (small blind) mucked
Seat 4: Kristo 914 (big blind) folded before Flop
Seat 5: Burlica2013 folded before Flop (didn't bet)
Seat 6: CEPTT showed [7c Ac] and won ($38.84) with two pair, Aces and Sevens



PokerStars Hand #254428349807:  Hold'em No Limit ($0.50/$1.00 USD) - 2025/01/18 8:29:02 WET [2025/01/18 3:29:02 ET]
Table 'Russia III' 6-max Seat #3 is the button
Seat 1: KeR888 ($197.50 in chips) 
Seat 2: janarr5 ($112.20 in chips) 
Seat 3: canon562105 ($84.90 in chips) 
Seat 4: Kristo 914 ($100 in chips) 
Seat 5: Burlica2013 ($100 in chips) 
Seat 6: CEPTT ($124.08 in chips) 
Kristo 914: posts small blind $0.50
Burlica2013: posts big blind $1
*** HOLE CARDS ***
CEPTT: folds 
KeR888: raises $1.20 to $2.20
janarr5: raises $4.80 to $7
canon562105: raises $4.80 to $11.80
Kristo 914: folds 
Burlica2013: folds 
KeR888: folds 
janarr5: folds 
Uncalled bet ($4.80) returned to canon562105
canon562105 collected $17.70 from pot
canon562105: doesn't show hand 
*** SUMMARY ***
Total pot $17.70 | Rake $0 
Seat 1: KeR888 folded before Flop
Seat 2: janarr5 folded before Flop
Seat 3: canon562105 (button) collected ($17.70)
Seat 4: Kristo 914 (small blind) folded before Flop
Seat 5: Burlica2013 (big blind) folded before Flop
Seat 6: CEPTT folded before Flop (didn't bet)



PokerStars Hand #254428351693:  Hold'em No Limit ($0.50/$1.00 USD) - 2025/01/18 8:29:24 WET [2025/01/18 3:29:24 ET]
Table 'Russia III' 6-max Seat #4 is the button
Seat 1: KeR888 ($195.30 in chips) 
Seat 2: janarr5 ($105.20 in chips) 
Seat 3: canon562105 ($95.60 in chips) 
Seat 4: Kristo 914 ($100 in chips) 
Seat 5: Burlica2013 ($100 in chips) 
Seat 6: CEPTT ($124.08 in chips) 
Burlica2013: posts small blind $0.50
CEPTT: posts big blind $1
*** HOLE CARDS ***
KeR888: folds 
janarr5: folds 
canon562105: folds 
Kristo 914: folds 
Burlica2013: raises $2 to $3
CEPTT: calls $2
*** FLOP *** [6c 5d 9c]
Burlica2013: checks 
CEPTT: bets $1.71
Burlica2013: calls $1.71
*** TURN *** [6c 5d 9c] [4h]
Burlica2013: checks 
CEPTT: bets $13.43
Burlica2013: folds 
Uncalled bet ($13.43) returned to CEPTT
CEPTT collected $8.95 from pot
CEPTT: doesn't show hand 
*** SUMMARY ***
Total pot $9.42 | Rake $0.47 
Board [6c 5d 9c 4h]
Seat 1: KeR888 folded before Flop (didn't bet)
Seat 2: janarr5 folded before Flop (didn't bet)
Seat 3: canon562105 folded before Flop (didn't bet)
Seat 4: Kristo 914 (button) folded before Flop (didn't bet)
Seat 5: Burlica2013 (small blind) folded on the Turn
Seat 6: CEPTT (big blind) collected ($8.95)



PokerStars Hand #254428357189:  Hold'em No Limit ($0.50/$1.00 USD) - 2025/01/18 8:30:25 WET [2025/01/18 3:30:25 ET]
Table 'Russia III' 6-max Seat #5 is the button
Seat 1: KeR888 ($195.30 in chips) 
Seat 2: janarr5 ($105.20 in chips) 
Seat 3: canon562105 ($95.60 in chips) 
Seat 4: Kristo 914 ($100 in chips) 
Seat 5: Burlica2013 ($100 in chips) 
Seat 6: CEPTT ($128.32 in chips) 
CEPTT: posts small blind $0.50
KeR888: posts big blind $1
*** HOLE CARDS ***
janarr5: folds 
canon562105: folds 
Kristo 914: folds 
Burlica2013: raises $1.45 to $2.45
CEPTT: folds 
KeR888: folds 
Uncalled bet ($1.45) returned to Burlica2013
Burlica2013 collected $2.50 from pot
Burlica2013: doesn't show hand 
*** SUMMARY ***
Total pot $2.50 | Rake $0 
Seat 1: KeR888 (big blind) folded before Flop
Seat 2: janarr5 folded before Flop (didn't bet)
Seat 3: canon562105 folded before Flop (didn't bet)
Seat 4: Kristo 914 folded before Flop (didn't bet)
Seat 5: Burlica2013 (button) collected ($2.50)
Seat 6: CEPTT (small blind) folded before Flop



PokerStars Hand #254428358675:  Hold'em No Limit ($0.50/$1.00 USD) - 2025/01/18 8:30:41 WET [2025/01/18 3:30:41 ET]
Table 'Russia III' 6-max Seat #6 is the button
Seat 1: KeR888 ($194.30 in chips) 
Seat 2: janarr5 ($105.20 in chips) 
Seat 3: canon562105 ($95.60 in chips) 
Seat 4: Kristo 914 ($100 in chips) 
Seat 5: Burlica2013 ($101.50 in chips) 
Seat 6: CEPTT ($127.82 in chips) 
KeR888: posts small blind $0.50
janarr5: posts big blind $1
*** HOLE CARDS ***
canon562105: folds 
Kristo 914: folds 
Burlica2013: folds 
CEPTT: folds 
KeR888: folds 
Uncalled bet ($0.50) returned to janarr5
janarr5 collected $1 from pot
janarr5: doesn't show hand 
*** SUMMARY ***
Total pot $1 | Rake $0 
Seat 1: KeR888 (small blind) folded before Flop
Seat 2: janarr5 (big blind) collected ($1)
Seat 3: canon562105 folded before Flop (didn't bet)
Seat 4: Kristo 914 folded before Flop (didn't bet)
Seat 5: Burlica2013 folded before Flop (didn't bet)
Seat 6: CEPTT (button) folded before Flop (didn't bet)



PokerStars Hand #254428360148:  Hold'em No Limit ($0.50/$1.00 USD) - 2025/01/18 8:30:56 WET [2025/01/18 3:30:56 ET]
Table 'Russia III' 6-max Seat #1 is the button
Seat 1: KeR888 ($193.80 in chips) 
Seat 2: janarr5 ($105.70 in chips) 
Seat 3: canon562105 ($95.60 in chips) 
Seat 4: Kristo 914 ($100 in chips) 
Seat 5: Burlica2013 ($101.50 in chips) 
Seat 6: CEPTT ($127.82 in chips) 
janarr5: posts small blind $0.50
canon562105: posts big blind $1
*** HOLE CARDS ***
Kristo 914: folds 
Burlica2013: folds 
CEPTT: raises $1.25 to $2.25
KeR888: folds 
janarr5: folds 
canon562105: calls $1.25
*** FLOP *** [8h 4s 2d]
canon562105: bets $1
CEPTT: calls $1
*** TURN *** [8h 4s 2d] [5d]
canon562105: checks 
CEPTT: checks 
*** RIVER *** [8h 4s 2d 5d] [9c]
canon562105: checks 
CEPTT: checks 
*** SHOW DOWN ***
canon562105: shows [2s 6c] (a pair of Deuces)
CEPTT: mucks hand 
canon562105 collected $6.65 from pot
*** SUMMARY ***
Total pot $7 | Rake $0.35 
Board [8h 4s 2d 5d 9c]
Seat 1: KeR888 (button) folded before Flop (didn't bet)
Seat 2: janarr5 (small blind) folded before Flop
Seat 3: canon562105 (big blind) showed [2s 6c] and won ($6.65) with a pair of Deuces
Seat 4: Kristo 914 folded before Flop (didn't bet)
Seat 5: Burlica2013 folded before Flop (didn't bet)
Seat 6: CEPTT mucked



PokerStars Hand #254428363314:  Hold'em No Limit ($0.50/$1.00 USD) - 2025/01/18 8:31:31 WET [2025/01/18 3:31:31 ET]
Table 'Russia III' 6-max Seat #2 is the button
Seat 1: KeR888 ($193.80 in chips) 
Seat 2: janarr5 ($105.20 in chips) 
Seat 3: canon562105 ($99 in chips) 
Seat 4: Kristo 914 ($100 in chips) 
Seat 5: Burlica2013 ($101.50 in chips) 
Seat 6: CEPTT ($124.57 in chips) 
canon562105: posts small blind $0.50
Kristo 914: posts big blind $1
*** HOLE CARDS ***
Burlica2013: folds 
CEPTT: folds 
KeR888: folds 
janarr5: folds 
canon562105: calls $0.50
Kristo 914: checks 
*** FLOP *** [9d 8s Qs]
canon562105: bets $1
Kristo 914: folds 
Uncalled bet ($1) returned to canon562105
canon562105 collected $1.90 from pot
canon562105: doesn't show hand 
*** SUMMARY ***
Total pot $2 | Rake $0.10 
Board [9d 8s Qs]
Seat 1: KeR888 folded before Flop (didn't bet)
Seat 2: janarr5 (button) folded before Flop (didn't bet)
Seat 3: canon562105 (small blind) collected ($1.90)
Seat 4: Kristo 914 (big blind) folded on the Flop
Seat 5: Burlica2013 folded before Flop (didn't bet)
Seat 6: CEPTT folded before Flop (didn't bet)



PokerStars Hand #254428365392:  Hold'em No Limit ($0.50/$1.00 USD) - 2025/01/18 8:31:54 WET [2025/01/18 3:31:54 ET]
Table 'Russia III' 6-max Seat #3 is the button
Seat 1: KeR888 ($193.80 in chips) 
Seat 2: janarr5 ($105.20 in chips) 
Seat 3: canon562105 ($99.90 in chips) 
Seat 4: Kristo 914 ($100 in chips) 
Seat 5: Burlica2013 ($101.50 in chips) 
Seat 6: CEPTT ($124.57 in chips) 
Kristo 914: posts small blind $0.50
Burlica2013: posts big blind $1
*** HOLE CARDS ***
CEPTT: folds 
KeR888: raises $1.50 to $2.50
janarr5: folds 
canon562105: calls $2.50
Kristo 914: folds 
Burlica2013: folds 
*** FLOP *** [Ts 5h 3d]
KeR888: checks 
canon562105: checks 
*** TURN *** [Ts 5h 3d] [Js]
KeR888: bets $1.85
canon562105: calls $1.85
*** RIVER *** [Ts 5h 3d Js] [6s]
KeR888: checks 
canon562105: checks 
*** SHOW DOWN ***
KeR888: shows [Ah Kh] (high card Ace)
canon562105: shows [Th Kd] (a pair of Tens)
canon562105 collected $9.69 from pot
*** SUMMARY ***
Total pot $10.20 | Rake $0.51 
Board [Ts 5h 3d Js 6s]
Seat 1: KeR888 showed [Ah Kh] and lost with high card Ace
Seat 2: janarr5 folded before Flop (didn't bet)
Seat 3: canon562105 (button) showed [Th Kd] and won ($9.69) with a pair of Tens
Seat 4: Kristo 914 (small blind) folded before Flop
Seat 5: Burlica2013 (big blind) folded before Flop
Seat 6: CEPTT folded before Flop (didn't bet)



PokerStars Hand #254428371668:  Hold'em No Limit ($0.50/$1.00 USD) - 2025/01/18 8:33:04 WET [2025/01/18 3:33:04 ET]
Table 'Russia III' 6-max Seat #4 is the button
Seat 1: KeR888 ($189.45 in chips) 
Seat 2: janarr5 ($105.20 in chips) 
Seat 3: canon562105 ($105.24 in chips) 
Seat 4: Kristo 914 ($100 in chips) 
Seat 5: Burlica2013 ($100.50 in chips) 
Seat 6: CEPTT ($124.57 in chips) 
Burlica2013: posts small blind $0.50
CEPTT: posts big blind $1
*** HOLE CARDS ***
KeR888: folds 
janarr5: folds 
canon562105: folds 
Kristo 914: folds 
Burlica2013: folds 
Uncalled bet ($0.50) returned to CEPTT
CEPTT collected $1 from pot
CEPTT: doesn't show hand 
*** SUMMARY ***
Total pot $1 | Rake $0 
Seat 1: KeR888 folded before Flop (didn't bet)
Seat 2: janarr5 folded before Flop (didn't bet)
Seat 3: canon562105 folded before Flop (didn't bet)
Seat 4: Kristo 914 (button) folded before Flop (didn't bet)
Seat 5: Burlica2013 (small blind) folded before Flop
Seat 6: CEPTT (big blind) collected ($1)



PokerStars Hand #254428372659:  Hold'em No Limit ($0.50/$1.00 USD) - 2025/01/18 8:33:15 WET [2025/01/18 3:33:15 ET]
Table 'Russia III' 6-max Seat #5 is the button
Seat 1: KeR888 ($189.45 in chips) 
Seat 2: janarr5 ($105.20 in chips) 
Seat 3: canon562105 ($105.24 in chips) 
Seat 4: Kristo 914 ($100 in chips) 
Seat 5: Burlica2013 ($100 in chips) 
Seat 6: CEPTT ($125.07 in chips) 
CEPTT: posts small blind $0.50
KeR888: posts big blind $1
*** HOLE CARDS ***
janarr5: raises $1.25 to $2.25
canon562105: calls $2.25
Kristo 914: folds 
Burlica2013: folds 
CEPTT: raises $11.75 to $14
KeR888: folds 
janarr5: folds 
canon562105: folds 
Uncalled bet ($11.75) returned to CEPTT
CEPTT collected $7.75 from pot
CEPTT: doesn't show hand 
*** SUMMARY ***
Total pot $7.75 | Rake $0 
Seat 1: KeR888 (big blind) folded before Flop
Seat 2: janarr5 folded before Flop
Seat 3: canon562105 folded before Flop
Seat 4: Kristo 914 folded before Flop (didn't bet)
Seat 5: Burlica2013 (button) folded before Flop (didn't bet)
Seat 6: CEPTT (small blind) collected ($7.75)



PokerStars Hand #254428374466:  Hold'em No Limit ($0.50/$1.00 USD) - 2025/01/18 8:33:35 WET [2025/01/18 3:33:35 ET]
Table 'Russia III' 6-max Seat #6 is the button
Seat 1: KeR888 ($188.45 in chips) 
Seat 2: janarr5 ($102.95 in chips) 
Seat 3: canon562105 ($102.99 in chips) 
Seat 4: Kristo 914 ($100 in chips) 
Seat 5: Burlica2013 ($100 in chips) 
Seat 6: CEPTT ($130.57 in chips) 
KeR888: posts small blind $0.50
janarr5: posts big blind $1
*** HOLE CARDS ***
canon562105: raises $1 to $2
Kristo 914: folds 
Burlica2013: folds 
CEPTT: folds 
KeR888: folds 
janarr5: folds 
Uncalled bet ($1) returned to canon562105
canon562105 collected $2.50 from pot
canon562105: doesn't show hand 
*** SUMMARY ***
Total pot $2.50 | Rake $0 
Seat 1: KeR888 (small blind) folded before Flop
Seat 2: janarr5 (big blind) folded before Flop
Seat 3: canon562105 collected ($2.50)
Seat 4: Kristo 914 folded before Flop (didn't bet)
Seat 5: Burlica2013 folded before Flop (didn't bet)
Seat 6: CEPTT (button) folded before Flop (didn't bet)



PokerStars Hand #254428376411:  Hold'em No Limit ($0.50/$1.00 USD) - 2025/01/18 8:33:56 WET [2025/01/18 3:33:56 ET]
Table 'Russia III' 6-max Seat #1 is the button
Seat 1: KeR888 ($187.95 in chips) 
Seat 2: janarr5 ($101.95 in chips) 
Seat 3: canon562105 ($104.49 in chips) 
Seat 4: Kristo 914 ($100 in chips) 
Seat 5: Burlica2013 ($100 in chips) 
Seat 6: CEPTT ($130.57 in chips) 
janarr5: posts small blind $0.50
canon562105: posts big blind $1
*** HOLE CARDS ***
Kristo 914: folds 
Burlica2013: folds 
CEPTT: folds 
KeR888: raises $1.50 to $2.50
janarr5: folds 
canon562105: calls $1.50
*** FLOP *** [9h Ah 2s]
canon562105: checks 
KeR888: bets $1.57
canon562105: folds 
Uncalled bet ($1.57) returned to KeR888
KeR888 collected $5.22 from pot
KeR888: doesn't show hand 
*** SUMMARY ***
Total pot $5.50 | Rake $0.28 
Board [9h Ah 2s]
Seat 1: KeR888 (button) collected ($5.22)
Seat 2: janarr5 (small blind) folded before Flop
Seat 3: canon562105 (big blind) folded on the Flop
Seat 4: Kristo 914 folded before Flop (didn't bet)
Seat 5: Burlica2013 folded before Flop (didn't bet)
Seat 6: CEPTT folded before Flop (didn't bet)



PokerStars Hand #254428378700:  Hold'em No Limit ($0.50/$1.00 USD) - 2025/01/18 8:34:21 WET [2025/01/18 3:34:21 ET]
Table 'Russia III' 6-max Seat #2 is the button
Seat 1: KeR888 ($190.67 in chips) 
Seat 2: janarr5 ($101.45 in chips) 
Seat 3: canon562105 ($101.99 in chips) 
Seat 4: Kristo 914 ($100 in chips) 
Seat 5: Burlica2013 ($100 in chips) 
Seat 6: CEPTT ($130.57 in chips) 
canon562105: posts small blind $0.50
Kristo 914: posts big blind $1
*** HOLE CARDS ***
Burlica2013: folds 
CEPTT: folds 
KeR888: folds 
janarr5: raises $1.50 to $2.50
canon562105: folds 
Kristo 914: calls $1.50
*** FLOP *** [4d 5d 7s]
Kristo 914: checks 
janarr5: checks 
*** TURN *** [4d 5d 7s] [9d]
Kristo 914: checks 
janarr5: bets $3.45
Kristo 914: folds 
Uncalled bet ($3.45) returned to janarr5
janarr5 collected $5.22 from pot
janarr5: doesn't show hand 
*** SUMMARY ***
Total pot $5.50 | Rake $0.28 
Board [4d 5d 7s 9d]
Seat 1: KeR888 folded before Flop (didn't bet)
Seat 2: janarr5 (button) collected ($5.22)
Seat 3: canon562105 (small blind) folded before Flop
Seat 4: Kristo 914 (big blind) folded on the Turn
Seat 5: Burlica2013 folded before Flop (didn't bet)
Seat 6: CEPTT folded before Flop (didn't bet)



PokerStars Hand #254428384488:  Hold'em No Limit ($0.50/$1.00 USD) - 2025/01/18 8:35:23 WET [2025/01/18 3:35:23 ET]
Table 'Russia III' 6-max Seat #3 is the button
Seat 1: KeR888 ($190.67 in chips) 
Seat 2: janarr5 ($104.17 in chips) 
Seat 3: canon562105 ($101.49 in chips) 
Seat 4: Kristo 914 ($100 in chips) 
Seat 5: Burlica2013 ($100 in chips) 
Seat 6: CEPTT ($130.57 in chips) 
Kristo 914: posts small blind $0.50
Burlica2013: posts big blind $1
*** HOLE CARDS ***
CEPTT: folds 
KeR888: folds 
janarr5: folds 
canon562105: calls $1
Kristo 914: raises $4.75 to $5.75
Burlica2013: folds 
canon562105: folds 
Uncalled bet ($4.75) returned to Kristo 914
Kristo 914 collected $3 from pot
Kristo 914: doesn't show hand 
*** SUMMARY ***
Total pot $3 | Rake $0 
Seat 1: KeR888 folded before Flop (didn't bet)
Seat 2: janarr5 folded before Flop (didn't bet)
Seat 3: canon562105 (button) folded before Flop
Seat 4: Kristo 914 (small blind) collected ($3)
Seat 5: Burlica2013 (big blind) folded before Flop
Seat 6: CEPTT folded before Flop (didn't bet)



PokerStars Hand #254428386482:  Hold'em No Limit ($0.50/$1.00 USD) - 2025/01/18 8:35:44 WET [2025/01/18 3:35:44 ET]
Table 'Russia III' 6-max Seat #4 is the button
Seat 1: KeR888 ($190.67 in chips) 
Seat 2: janarr5 ($104.17 in chips) 
Seat 3: canon562105 ($100.49 in chips) 
Seat 4: Kristo 914 ($102 in chips) 
Seat 5: Burlica2013 ($100 in chips) 
Seat 6: CEPTT ($130.57 in chips) 
Burlica2013: posts small blind $0.50
CEPTT: posts big blind $1
*** HOLE CARDS ***
KeR888: folds 
janarr5: folds 
canon562105: folds 
Kristo 914: folds 
Burlica2013: raises $2 to $3
CEPTT: calls $2
*** FLOP *** [Jc Th 8s]
Burlica2013: bets $1.88
CEPTT: folds 
Uncalled bet ($1.88) returned to Burlica2013
Burlica2013 collected $5.70 from pot
Burlica2013: doesn't show hand 
*** SUMMARY ***
Total pot $6 | Rake $0.30 
Board [Jc Th 8s]
Seat 1: KeR888 folded before Flop (didn't bet)
Seat 2: janarr5 folded before Flop (didn't bet)
Seat 3: canon562105 folded before Flop (didn't bet)
Seat 4: Kristo 914 (button) folded before Flop (didn't bet)
Seat 5: Burlica2013 (small blind) collected ($5.70)
Seat 6: CEPTT (big blind) folded on the Flop



PokerStars Hand #254428390004:  Hold'em No Limit ($0.50/$1.00 USD) - 2025/01/18 8:36:21 WET [2025/01/18 3:36:21 ET]
Table 'Russia III' 6-max Seat #5 is the button
Seat 1: KeR888 ($190.67 in chips) 
Seat 2: janarr5 ($104.17 in chips) 
Seat 3: canon562105 ($100.49 in chips) 
Seat 4: Kristo 914 ($102 in chips) 
Seat 5: Burlica2013 ($102.70 in chips) 
Seat 6: CEPTT ($127.57 in chips) 
CEPTT: posts small blind $0.50
KeR888: posts big blind $1
*** HOLE CARDS ***
janarr5: folds 
canon562105: raises $1 to $2
Kristo 914: folds 
Burlica2013: folds 
CEPTT: raises $10 to $12
KeR888: folds 
canon562105: calls $10
*** FLOP *** [Jc Td 8s]
CEPTT: bets $7.13
canon562105: calls $7.13
*** TURN *** [Jc Td 8s] [2d]
CEPTT: checks 
canon562105: checks 
*** RIVER *** [Jc Td 8s 2d] [4h]
CEPTT: checks 
canon562105: bets $4
CEPTT: folds 
Uncalled bet ($4) returned to canon562105
canon562105 collected $37.30 from pot
canon562105: doesn't show hand 
*** SUMMARY ***
Total pot $39.26 | Rake $1.96 
Board [Jc Td 8s 2d 4h]
Seat 1: KeR888 (big blind) folded before Flop
Seat 2: janarr5 folded before Flop (didn't bet)
Seat 3: canon562105 collected ($37.30)
Seat 4: Kristo 914 folded before Flop (didn't bet)
Seat 5: Burlica2013 (button) folded before Flop (didn't bet)
Seat 6: CEPTT (small blind) folded on the River



PokerStars Hand #254428397173:  Hold'em No Limit ($0.50/$1.00 USD) - 2025/01/18 8:37:37 WET [2025/01/18 3:37:37 ET]
Table 'Russia III' 6-max Seat #6 is the button
Seat 1: KeR888 ($189.67 in chips) 
Seat 2: janarr5 ($104.17 in chips) 
Seat 3: canon562105 ($118.66 in chips) 
Seat 4: Kristo 914 ($102 in chips) 
Seat 5: Burlica2013 ($102.70 in chips) 
Seat 6: CEPTT ($108.44 in chips) 
KeR888: posts small blind $0.50
janarr5: posts big blind $1
*** HOLE CARDS ***
canon562105: folds 
Kristo 914: raises $1.40 to $2.40
Burlica2013: folds 
CEPTT: folds 
KeR888: folds 
janarr5: calls $1.40
*** FLOP *** [Jd Kc 7s]
janarr5: checks 
Kristo 914: checks 
*** TURN *** [Jd Kc 7s] [5h]
janarr5: checks 
Kristo 914: checks 
*** RIVER *** [Jd Kc 7s 5h] [3d]
janarr5: checks 
Kristo 914: bets $1.46
janarr5: calls $1.46
*** SHOW DOWN ***
Kristo 914: shows [4d Kd] (a pair of Kings)
janarr5: mucks hand 
Kristo 914 collected $7.81 from pot
*** SUMMARY ***
Total pot $8.22 | Rake $0.41 
Board [Jd Kc 7s 5h 3d]
Seat 1: KeR888 (small blind) folded before Flop
Seat 2: janarr5 (big blind) mucked
Seat 3: canon562105 folded before Flop (didn't bet)
Seat 4: Kristo 914 showed [4d Kd] and won ($7.81) with a pair of Kings
Seat 5: Burlica2013 folded before Flop (didn't bet)
Seat 6: CEPTT (button) folded before Flop (didn't bet)



PokerStars Hand #254428404445:  Hold'em No Limit ($0.50/$1.00 USD) - 2025/01/18 8:38:54 WET [2025/01/18 3:38:54 ET]
Table 'Russia III' 6-max Seat #1 is the button
Seat 1: KeR888 ($189.17 in chips) 
Seat 2: janarr5 ($100.31 in chips) 
Seat 3: canon562105 ($118.66 in chips) 
Seat 4: Kristo 914 ($105.95 in chips) 
Seat 5: Burlica2013 ($102.70 in chips) 
Seat 6: CEPTT ($108.44 in chips) 
janarr5: posts small blind $0.50
canon562105: posts big blind $1
*** HOLE CARDS ***
Kristo 914: raises $1.40 to $2.40
Burlica2013: folds 
CEPTT: folds 
KeR888: raises $5.10 to $7.50
janarr5: folds 
canon562105: folds 
Kristo 914: folds 
Uncalled bet ($5.10) returned to KeR888
KeR888 collected $6.30 from pot
KeR888: doesn't show hand 
*** SUMMARY ***
Total pot $6.30 | Rake $0 
Seat 1: KeR888 (button) collected ($6.30)
Seat 2: janarr5 (small blind) folded before Flop
Seat 3: canon562105 (big blind) folded before Flop
Seat 4: Kristo 914 folded before Flop
Seat 5: Burlica2013 folded before Flop (didn't bet)
Seat 6: CEPTT folded before Flop (didn't bet)



PokerStars Hand #254428406973:  Hold'em No Limit ($0.50/$1.00 USD) - 2025/01/18 8:39:21 WET [2025/01/18 3:39:21 ET]
Table 'Russia III' 6-max Seat #2 is the button
Seat 4: Kristo 914 ($103.55 in chips) is sitting out
Seat 1: KeR888 ($193.07 in chips) 
Seat 2: janarr5 ($100 in chips) 
Seat 3: canon562105 ($117.66 in chips) 
Seat 5: Burlica2013 ($102.70 in chips) 
Seat 6: CEPTT ($108.44 in chips) 
canon562105: posts small blind $0.50
Kristo 914: is sitting out 
Burlica2013: posts big blind $1
*** HOLE CARDS ***
Kristo 914 leaves the table
CEPTT: folds 
KeR888: folds 
janarr5: raises $1.50 to $2.50
canon562105: calls $2
LuckyShikari joins the table at seat #4 
Burlica2013: calls $1.50
*** FLOP *** [Ks 3c Kh]
canon562105: checks 
Burlica2013: checks 
janarr5: bets $1.78
canon562105: folds 
Burlica2013: calls $1.78
*** TURN *** [Ks 3c Kh] [7c]
Burlica2013: checks 
janarr5: bets $6.94
Burlica2013: folds 
Uncalled bet ($6.94) returned to janarr5
janarr5 collected $10.51 from pot
janarr5: doesn't show hand 
*** SUMMARY ***
Total pot $11.06 | Rake $0.55 
Board [Ks 3c Kh 7c]
Seat 4: Kristo 914
Seat 1: KeR888 folded before Flop (didn't bet)
Seat 2: janarr5 (button) collected ($10.51)
Seat 3: canon562105 (small blind) folded on the Flop
Seat 5: Burlica2013 (big blind) folded on the Turn
Seat 6: CEPTT folded before Flop (didn't bet)



PokerStars Hand #254428412387:  Hold'em No Limit ($0.50/$1.00 USD) - 2025/01/18 8:40:18 WET [2025/01/18 3:40:18 ET]
Table 'Russia III' 6-max Seat #3 is the button
Seat 4: LuckyShikari ($100 in chips) is sitting out
Seat 1: KeR888 ($193.07 in chips) 
Seat 2: janarr5 ($106.23 in chips) 
Seat 3: canon562105 ($115.16 in chips) 
Seat 5: Burlica2013 ($100 in chips) 
Seat 6: CEPTT ($108.44 in chips) 
Burlica2013: posts small blind $0.50
CEPTT: posts big blind $1
*** HOLE CARDS ***
KeR888: folds 
janarr5: folds 
canon562105: folds 
Burlica2013: raises $2 to $3
CEPTT: folds 
Uncalled bet ($2) returned to Burlica2013
Burlica2013 collected $2 from pot
Burlica2013: doesn't show hand 
*** SUMMARY ***
Total pot $2 | Rake $0 
Seat 4: LuckyShikari
Seat 1: KeR888 folded before Flop (didn't bet)
Seat 2: janarr5 folded before Flop (didn't bet)
Seat 3: canon562105 (button) folded before Flop (didn't bet)
Seat 5: Burlica2013 (small blind) collected ($2)
Seat 6: CEPTT (big blind) folded before Flop



PokerStars Hand #254428413690:  Hold'em No Limit ($0.50/$1.00 USD) - 2025/01/18 8:40:32 WET [2025/01/18 3:40:32 ET]
Table 'Russia III' 6-max Seat #5 is the button
Seat 4: LuckyShikari ($100 in chips) is sitting out
Seat 1: KeR888 ($193.07 in chips) 
Seat 2: janarr5 ($106.23 in chips) 
Seat 3: canon562105 ($115.16 in chips) 
Seat 5: Burlica2013 ($101 in chips) 
Seat 6: CEPTT ($107.44 in chips) 
CEPTT: posts small blind $0.50
KeR888: posts big blind $1
LuckyShikari: sits out 
*** HOLE CARDS ***
janarr5: folds 
canon562105: folds 
Burlica2013: raises $1.45 to $2.45
CEPTT: folds 
KeR888: raises $8.55 to $11
Burlica2013 has timed out
Burlica2013: folds 
Uncalled bet ($8.55) returned to KeR888
KeR888 collected $5.40 from pot
KeR888: doesn't show hand 
*** SUMMARY ***
Total pot $5.40 | Rake $0 
Seat 4: LuckyShikari
Seat 1: KeR888 (big blind) collected ($5.40)
Seat 2: janarr5 folded before Flop (didn't bet)
Seat 3: canon562105 folded before Flop (didn't bet)
Seat 5: Burlica2013 (button) folded before Flop
Seat 6: CEPTT (small blind) folded before Flop



PokerStars Hand #254428418327:  Hold'em No Limit ($0.50/$1.00 USD) - 2025/01/18 8:41:20 WET [2025/01/18 3:41:20 ET]
Table 'Russia III' 6-max Seat #6 is the button
Seat 4: LuckyShikari ($100 in chips) is sitting out
Seat 1: KeR888 ($196.02 in chips) 
Seat 2: janarr5 ($106.23 in chips) 
Seat 3: canon562105 ($115.16 in chips) 
Seat 5: Burlica2013 ($100 in chips) 
Seat 6: CEPTT ($106.94 in chips) 
KeR888: posts small blind $0.50
janarr5: posts big blind $1
LuckyShikari: sits out 
*** HOLE CARDS ***
canon562105: raises $1 to $2
Burlica2013: raises $4.68 to $6.68
CEPTT: folds 
KeR888: folds 
janarr5: folds 
canon562105: calls $4.68
*** FLOP *** [Qd 3h 9h]
canon562105: checks 
Burlica2013: bets $4.66
canon562105: folds 
Uncalled bet ($4.66) returned to Burlica2013
Burlica2013 collected $14.12 from pot
Burlica2013: doesn't show hand 
*** SUMMARY ***
Total pot $14.86 | Rake $0.74 
Board [Qd 3h 9h]
Seat 4: LuckyShikari
Seat 1: KeR888 (small blind) folded before Flop
Seat 2: janarr5 (big blind) folded before Flop
Seat 3: canon562105 folded on the Flop
Seat 5: Burlica2013 collected ($14.12)
Seat 6: CEPTT (button) folded before Flop (didn't bet)



PokerStars Hand #254428421561:  Hold'em No Limit ($0.50/$1.00 USD) - 2025/01/18 8:41:55 WET [2025/01/18 3:41:55 ET]
Table 'Russia III' 6-max Seat #1 is the button
Seat 4: LuckyShikari ($100 in chips) is sitting out
Seat 1: KeR888 ($195.52 in chips) 
Seat 2: janarr5 ($105.23 in chips) 
Seat 3: canon562105 ($108.48 in chips) 
Seat 5: Burlica2013 ($107.44 in chips) 
Seat 6: CEPTT ($106.94 in chips) 
janarr5: posts small blind $0.50
canon562105: posts big blind $1
LuckyShikari: sits out 
*** HOLE CARDS ***
Burlica2013: folds 
CEPTT: folds 
KeR888: folds 
janarr5: raises $2 to $3
canon562105: calls $2
*** FLOP *** [Qh 5h 8s]
janarr5: checks 
canon562105: checks 
*** TURN *** [Qh 5h 8s] [9c]
janarr5: checks 
canon562105: checks 
*** RIVER *** [Qh 5h 8s 9c] [2s]
janarr5: checks 
canon562105: checks 
*** SHOW DOWN ***
janarr5: shows [As Th] (high card Ace)
canon562105: shows [2c 4c] (a pair of Deuces)
canon562105 collected $5.70 from pot
*** SUMMARY ***
Total pot $6 | Rake $0.30 
Board [Qh 5h 8s 9c 2s]
Seat 4: LuckyShikari
Seat 1: KeR888 (button) folded before Flop (didn't bet)
Seat 2: janarr5 (small blind) showed [As Th] and lost with high card Ace
Seat 3: canon562105 (big blind) showed [2c 4c] and won ($5.70) with a pair of Deuces
Seat 5: Burlica2013 folded before Flop (didn't bet)
Seat 6: CEPTT folded before Flop (didn't bet)



PokerStars Hand #254428426198:  Hold'em No Limit ($0.50/$1.00 USD) - 2025/01/18 8:42:44 WET [2025/01/18 3:42:44 ET]
Table 'Russia III' 6-max Seat #2 is the button
Seat 1: KeR888 ($195.52 in chips) 
Seat 2: janarr5 ($102.23 in chips) 
Seat 3: canon562105 ($111.18 in chips) 
Seat 4: LuckyShikari ($100 in chips) 
Seat 5: Burlica2013 ($107.44 in chips) 
Seat 6: CEPTT ($106.94 in chips) 
canon562105: posts small blind $0.50
LuckyShikari: posts big blind $1
*** HOLE CARDS ***
Burlica2013: folds 
CEPTT: folds 
KeR888: raises $1.50 to $2.50
janarr5: folds 
canon562105: calls $2
LuckyShikari: folds 
*** FLOP *** [Qs 6h 6s]
canon562105: bets $4
KeR888: calls $4
*** TURN *** [Qs 6h 6s] [3s]
canon562105: checks 
KeR888: checks 
*** RIVER *** [Qs 6h 6s 3s] [As]
canon562105: checks 
KeR888: checks 
*** SHOW DOWN ***
canon562105: shows [Tc 9d] (a pair of Sixes)
KeR888: shows [Qd Kc] (two pair, Queens and Sixes)
KeR888 collected $13.30 from pot
*** SUMMARY ***
Total pot $14 | Rake $0.70 
Board [Qs 6h 6s 3s As]
Seat 1: KeR888 showed [Qd Kc] and won ($13.30) with two pair, Queens and Sixes
Seat 2: janarr5 (button) folded before Flop (didn't bet)
Seat 3: canon562105 (small blind) showed [Tc 9d] and lost with a pair of Sixes
Seat 4: LuckyShikari (big blind) folded before Flop
Seat 5: Burlica2013 folded before Flop (didn't bet)
Seat 6: CEPTT folded before Flop (didn't bet)



PokerStars Hand #254428431631:  Hold'em No Limit ($0.50/$1.00 USD) - 2025/01/18 8:43:43 WET [2025/01/18 3:43:43 ET]
Table 'Russia III' 6-max Seat #3 is the button
Seat 1: KeR888 ($202.32 in chips) 
Seat 2: janarr5 ($102.23 in chips) 
Seat 3: canon562105 ($104.68 in chips) 
Seat 4: LuckyShikari ($100 in chips) 
Seat 5: Burlica2013 ($107.44 in chips) 
Seat 6: CEPTT ($106.94 in chips) 
LuckyShikari: posts small blind $0.50
Burlica2013: posts big blind $1
*** HOLE CARDS ***
CEPTT: raises $1.25 to $2.25
KeR888: folds 
janarr5: folds 
canon562105: folds 
LuckyShikari: raises $9.75 to $12
Burlica2013: folds 
CEPTT: folds 
Uncalled bet ($9.75) returned to LuckyShikari
LuckyShikari collected $5.50 from pot
LuckyShikari: doesn't show hand 
*** SUMMARY ***
Total pot $5.50 | Rake $0 
Seat 1: KeR888 folded before Flop (didn't bet)
Seat 2: janarr5 folded before Flop (didn't bet)
Seat 3: canon562105 (button) folded before Flop (didn't bet)
Seat 4: LuckyShikari (small blind) collected ($5.50)
Seat 5: Burlica2013 (big blind) folded before Flop
Seat 6: CEPTT folded before Flop



PokerStars Hand #254428435348:  Hold'em No Limit ($0.50/$1.00 USD) - 2025/01/18 8:44:23 WET [2025/01/18 3:44:23 ET]
Table 'Russia III' 6-max Seat #4 is the button
Seat 1: KeR888 ($202.32 in chips) 
Seat 2: janarr5 ($102.23 in chips) 
Seat 3: canon562105 ($104.68 in chips) 
Seat 4: LuckyShikari ($103.25 in chips) 
Seat 5: Burlica2013 ($106.44 in chips) 
Seat 6: CEPTT ($104.69 in chips) 
Burlica2013: posts small blind $0.50
CEPTT: posts big blind $1
*** HOLE CARDS ***
KeR888: folds 
janarr5: folds 
canon562105: calls $1
LuckyShikari: folds 
Burlica2013: folds 
CEPTT: raises $4 to $5
canon562105: folds 
Uncalled bet ($4) returned to CEPTT
CEPTT collected $2.50 from pot
CEPTT: doesn't show hand 
*** SUMMARY ***
Total pot $2.50 | Rake $0 
Seat 1: KeR888 folded before Flop (didn't bet)
Seat 2: janarr5 folded before Flop (didn't bet)
Seat 3: canon562105 folded before Flop
Seat 4: LuckyShikari (button) folded before Flop (didn't bet)
Seat 5: Burlica2013 (small blind) folded before Flop
Seat 6: CEPTT (big blind) collected ($2.50)



PokerStars Hand #254428437761:  Hold'em No Limit ($0.50/$1.00 USD) - 2025/01/18 8:44:49 WET [2025/01/18 3:44:49 ET]
Table 'Russia III' 6-max Seat #5 is the button
Seat 1: KeR888 ($202.32 in chips) 
Seat 2: janarr5 ($102.23 in chips) 
Seat 3: canon562105 ($103.68 in chips) 
Seat 4: LuckyShikari ($103.25 in chips) 
Seat 5: Burlica2013 ($105.94 in chips) 
Seat 6: CEPTT ($106.19 in chips) 
CEPTT: posts small blind $0.50
KeR888: posts big blind $1
*** HOLE CARDS ***
janarr5: raises $1.25 to $2.25
canon562105: folds 
LuckyShikari: folds 
Burlica2013: raises $5.10 to $7.35
CEPTT: folds 
KeR888: folds 
janarr5: calls $5.10
*** FLOP *** [2c Ad Tc]
janarr5: checks 
Burlica2013: bets $5.08
janarr5: folds 
Uncalled bet ($5.08) returned to Burlica2013
Burlica2013 collected $15.39 from pot
Burlica2013: doesn't show hand 
*** SUMMARY ***
Total pot $16.20 | Rake $0.81 
Board [2c Ad Tc]
Seat 1: KeR888 (big blind) folded before Flop
Seat 2: janarr5 folded on the Flop
Seat 3: canon562105 folded before Flop (didn't bet)
Seat 4: LuckyShikari folded before Flop (didn't bet)
Seat 5: Burlica2013 (button) collected ($15.39)
Seat 6: CEPTT (small blind) folded before Flop



PokerStars Hand #254428442045:  Hold'em No Limit ($0.50/$1.00 USD) - 2025/01/18 8:45:36 WET [2025/01/18 3:45:36 ET]
Table 'Russia III' 6-max Seat #6 is the button
Seat 1: KeR888 ($201.32 in chips) 
Seat 2: janarr5 ($100 in chips) 
Seat 3: canon562105 ($103.68 in chips) 
Seat 4: LuckyShikari ($103.25 in chips) 
Seat 5: Burlica2013 ($113.98 in chips) 
Seat 6: CEPTT ($105.69 in chips) 
KeR888: posts small blind $0.50
janarr5: posts big blind $1
*** HOLE CARDS ***
canon562105: folds 
LuckyShikari: folds 
Burlica2013: folds 
CEPTT: raises $1.85 to $2.85
KeR888: folds 
janarr5: folds 
Uncalled bet ($1.85) returned to CEPTT
CEPTT collected $2.50 from pot
CEPTT: doesn't show hand 
*** SUMMARY ***
Total pot $2.50 | Rake $0 
Seat 1: KeR888 (small blind) folded before Flop
Seat 2: janarr5 (big blind) folded before Flop
Seat 3: canon562105 folded before Flop (didn't bet)
Seat 4: LuckyShikari folded before Flop (didn't bet)
Seat 5: Burlica2013 folded before Flop (didn't bet)
Seat 6: CEPTT (button) collected ($2.50)



PokerStars Hand #254428443363:  Hold'em No Limit ($0.50/$1.00 USD) - 2025/01/18 8:45:49 WET [2025/01/18 3:45:49 ET]
Table 'Russia III' 6-max Seat #1 is the button
Seat 1: KeR888 ($200.82 in chips) 
Seat 2: janarr5 ($100 in chips) 
Seat 3: canon562105 ($103.68 in chips) 
Seat 4: LuckyShikari ($103.25 in chips) 
Seat 5: Burlica2013 ($113.98 in chips) 
Seat 6: CEPTT ($107.19 in chips) 
janarr5: posts small blind $0.50
canon562105: posts big blind $1
*** HOLE CARDS ***
LuckyShikari: folds 
Burlica2013: folds 
CEPTT: folds 
KeR888: folds 
janarr5: raises $2 to $3
canon562105: raises $2 to $5
janarr5: calls $2
*** FLOP *** [6h 7s 7c]
janarr5: checks 
canon562105: checks 
*** TURN *** [6h 7s 7c] [Qh]
janarr5: checks 
canon562105: bets $4
janarr5: raises $11.55 to $15.55
canon562105: folds 
Uncalled bet ($11.55) returned to janarr5
janarr5 collected $17.10 from pot
janarr5: doesn't show hand 
*** SUMMARY ***
Total pot $18 | Rake $0.90 
Board [6h 7s 7c Qh]
Seat 1: KeR888 (button) folded before Flop (didn't bet)
Seat 2: janarr5 (small blind) collected ($17.10)
Seat 3: canon562105 (big blind) folded on the Turn
Seat 4: LuckyShikari folded before Flop (didn't bet)
Seat 5: Burlica2013 folded before Flop (didn't bet)
Seat 6: CEPTT folded before Flop (didn't bet)



PokerStars Hand #254428447203:  Hold'em No Limit ($0.50/$1.00 USD) - 2025/01/18 8:46:29 WET [2025/01/18 3:46:29 ET]
Table 'Russia III' 6-max Seat #2 is the button
Seat 1: KeR888 ($200.82 in chips) 
Seat 2: janarr5 ($108.10 in chips) 
Seat 3: canon562105 ($94.68 in chips) 
Seat 4: LuckyShikari ($103.25 in chips) 
Seat 5: Burlica2013 ($113.98 in chips) 
Seat 6: CEPTT ($107.19 in chips) 
canon562105: posts small blind $0.50
LuckyShikari: posts big blind $1
*** HOLE CARDS ***
Burlica2013: folds 
CEPTT: folds 
KeR888: folds 
janarr5: raises $1.50 to $2.50
canon562105: folds 
LuckyShikari: folds 
Uncalled bet ($1.50) returned to janarr5
janarr5 collected $2.50 from pot
janarr5: doesn't show hand 
*** SUMMARY ***
Total pot $2.50 | Rake $0 
Seat 1: KeR888 folded before Flop (didn't bet)
Seat 2: janarr5 (button) collected ($2.50)
Seat 3: canon562105 (small blind) folded before Flop
Seat 4: LuckyShikari (big blind) folded before Flop
Seat 5: Burlica2013 folded before Flop (didn't bet)
Seat 6: CEPTT folded before Flop (didn't bet)



PokerStars Hand #254428449508:  Hold'em No Limit ($0.50/$1.00 USD) - 2025/01/18 8:46:53 WET [2025/01/18 3:46:53 ET]
Table 'Russia III' 6-max Seat #3 is the button
Seat 1: KeR888 ($200.82 in chips) 
Seat 2: janarr5 ($109.60 in chips) 
Seat 3: canon562105 ($94.18 in chips) 
Seat 4: LuckyShikari ($102.25 in chips) 
Seat 5: Burlica2013 ($113.98 in chips) 
Seat 6: CEPTT ($107.19 in chips) 
LuckyShikari: posts small blind $0.50
Burlica2013: posts big blind $1
*** HOLE CARDS ***
CEPTT: folds 
KeR888: folds 
janarr5: folds 
canon562105: folds 
LuckyShikari: folds 
Uncalled bet ($0.50) returned to Burlica2013
Burlica2013 collected $1 from pot
Burlica2013: doesn't show hand 
*** SUMMARY ***
Total pot $1 | Rake $0 
Seat 1: KeR888 folded before Flop (didn't bet)
Seat 2: janarr5 folded before Flop (didn't bet)
Seat 3: canon562105 (button) folded before Flop (didn't bet)
Seat 4: LuckyShikari (small blind) folded before Flop
Seat 5: Burlica2013 (big blind) collected ($1)
Seat 6: CEPTT folded before Flop (didn't bet)



PokerStars Hand #254428450769:  Hold'em No Limit ($0.50/$1.00 USD) - 2025/01/18 8:47:07 WET [2025/01/18 3:47:07 ET]
Table 'Russia III' 6-max Seat #4 is the button
Seat 1: KeR888 ($200.82 in chips) 
Seat 2: janarr5 ($109.60 in chips) 
Seat 3: canon562105 ($94.18 in chips) 
Seat 4: LuckyShikari ($101.75 in chips) 
Seat 5: Burlica2013 ($114.48 in chips) 
Seat 6: CEPTT ($107.19 in chips) 
Burlica2013: posts small blind $0.50
CEPTT: posts big blind $1
*** HOLE CARDS ***
KeR888: folds 
janarr5: folds 
canon562105: raises $1 to $2
LuckyShikari: folds 
Burlica2013: folds 
CEPTT: folds 
Uncalled bet ($1) returned to canon562105
canon562105 collected $2.50 from pot
canon562105: doesn't show hand 
*** SUMMARY ***
Total pot $2.50 | Rake $0 
Seat 1: KeR888 folded before Flop (didn't bet)
Seat 2: janarr5 folded before Flop (didn't bet)
Seat 3: canon562105 collected ($2.50)
Seat 4: LuckyShikari (button) folded before Flop (didn't bet)
Seat 5: Burlica2013 (small blind) folded before Flop
Seat 6: CEPTT (big blind) folded before Flop



PokerStars Hand #254428452601:  Hold'em No Limit ($0.50/$1.00 USD) - 2025/01/18 8:47:26 WET [2025/01/18 3:47:26 ET]
Table 'Russia III' 6-max Seat #5 is the button
Seat 1: KeR888 ($200.82 in chips) 
Seat 2: janarr5 ($109.60 in chips) 
Seat 3: canon562105 ($95.68 in chips) 
Seat 4: LuckyShikari ($101.75 in chips) 
Seat 5: Burlica2013 ($113.98 in chips) 
Seat 6: CEPTT ($106.19 in chips) 
CEPTT: posts small blind $0.50
KeR888: posts big blind $1
*** HOLE CARDS ***
janarr5: folds 
canon562105: folds 
LuckyShikari: folds 
Burlica2013: raises $1.45 to $2.45
CEPTT: folds 
KeR888: calls $1.45
*** FLOP *** [Qd 8s 4h]
KeR888: checks 
Burlica2013: bets $1.69
KeR888: calls $1.69
*** TURN *** [Qd 8s 4h] [Qh]
KeR888: checks 
Burlica2013: bets $6.25
KeR888: calls $6.25
*** RIVER *** [Qd 8s 4h Qh] [8c]
KeR888: bets $1
Burlica2013: raises $9 to $10
KeR888: calls $9
*** SHOW DOWN ***
Burlica2013: shows [Qc 9s] (a full house, Queens full of Eights)
KeR888: shows [Qs 7s] (a full house, Queens full of Eights)
KeR888 collected $19.61 from pot
Burlica2013 collected $19.61 from pot
*** SUMMARY ***
Total pot $41.28 | Rake $2.06 
Board [Qd 8s 4h Qh 8c]
Seat 1: KeR888 (big blind) showed [Qs 7s] and won ($19.61) with a full house, Queens full of Eights
Seat 2: janarr5 folded before Flop (didn't bet)
Seat 3: canon562105 folded before Flop (didn't bet)
Seat 4: LuckyShikari folded before Flop (didn't bet)
Seat 5: Burlica2013 (button) showed [Qc 9s] and won ($19.61) with a full house, Queens full of Eights
Seat 6: CEPTT (small blind) folded before Flop



PokerStars Hand #254428459337:  Hold'em No Limit ($0.50/$1.00 USD) - 2025/01/18 8:48:36 WET [2025/01/18 3:48:36 ET]
Table 'Russia III' 6-max Seat #6 is the button
Seat 1: KeR888 ($200.04 in chips) 
Seat 2: janarr5 ($109.60 in chips) 
Seat 3: canon562105 ($95.68 in chips) 
Seat 4: LuckyShikari ($101.75 in chips) 
Seat 5: Burlica2013 ($113.20 in chips) 
Seat 6: CEPTT ($105.69 in chips) 
KeR888: posts small blind $0.50
janarr5: posts big blind $1
*** HOLE CARDS ***
canon562105: folds 
LuckyShikari: folds 
Burlica2013: raises $1.25 to $2.25
CEPTT: raises $5.25 to $7.50
KeR888: folds 
janarr5: folds 
Burlica2013: raises $12 to $19.50
CEPTT: calls $12
*** FLOP *** [5c 9c 6d]
Burlica2013: checks 
CEPTT: bets $15.78
Burlica2013: folds 
Uncalled bet ($15.78) returned to CEPTT
CEPTT collected $38.48 from pot
CEPTT: doesn't show hand 
*** SUMMARY ***
Total pot $40.50 | Rake $2.02 
Board [5c 9c 6d]
Seat 1: KeR888 (small blind) folded before Flop
Seat 2: janarr5 (big blind) folded before Flop
Seat 3: canon562105 folded before Flop (didn't bet)
Seat 4: LuckyShikari folded before Flop (didn't bet)
Seat 5: Burlica2013 folded on the Flop
Seat 6: CEPTT (button) collected ($38.48)



PokerStars Hand #254428466051:  Hold'em No Limit ($0.50/$1.00 USD) - 2025/01/18 8:49:47 WET [2025/01/18 3:49:47 ET]
Table 'Russia III' 6-max Seat #1 is the button
Seat 1: KeR888 ($199.54 in chips) 
Seat 2: janarr5 ($108.60 in chips) 
Seat 3: canon562105 ($95.68 in chips) 
Seat 4: LuckyShikari ($101.75 in chips) 
Seat 5: Burlica2013 ($100 in chips) 
Seat 6: CEPTT ($124.67 in chips) 
janarr5: posts small blind $0.50
canon562105: posts big blind $1
*** HOLE CARDS ***
LuckyShikari: folds 
Burlica2013: folds 
CEPTT: folds 
KeR888: folds 
janarr5: folds 
Uncalled bet ($0.50) returned to canon562105
canon562105 collected $1 from pot
canon562105: doesn't show hand 
*** SUMMARY ***
Total pot $1 | Rake $0 
Seat 1: KeR888 (button) folded before Flop (didn't bet)
Seat 2: janarr5 (small blind) folded before Flop
Seat 3: canon562105 (big blind) collected ($1)
Seat 4: LuckyShikari folded before Flop (didn't bet)
Seat 5: Burlica2013 folded before Flop (didn't bet)
Seat 6: CEPTT folded before Flop (didn't bet)



PokerStars Hand #254428467915:  Hold'em No Limit ($0.50/$1.00 USD) - 2025/01/18 8:50:07 WET [2025/01/18 3:50:07 ET]
Table 'Russia III' 6-max Seat #2 is the button
Seat 1: KeR888 ($199.54 in chips) 
Seat 2: janarr5 ($108.10 in chips) 
Seat 3: canon562105 ($96.18 in chips) 
Seat 4: LuckyShikari ($101.75 in chips) 
Seat 5: Burlica2013 ($100 in chips) 
Seat 6: CEPTT ($124.67 in chips) 
canon562105: posts small blind $0.50
LuckyShikari: posts big blind $1
*** HOLE CARDS ***
Burlica2013: folds 
CEPTT: folds 
KeR888: raises $1.50 to $2.50
janarr5: folds 
canon562105: calls $2
LuckyShikari: raises $15.50 to $18
KeR888: folds 
canon562105: calls $15.50
*** FLOP *** [2s Jd 2d]
canon562105: checks 
LuckyShikari: bets $18
canon562105: folds 
Uncalled bet ($18) returned to LuckyShikari
LuckyShikari collected $36.58 from pot
LuckyShikari: doesn't show hand 
*** SUMMARY ***
Total pot $38.50 | Rake $1.92 
Board [2s Jd 2d]
Seat 1: KeR888 folded before Flop
Seat 2: janarr5 (button) folded before Flop (didn't bet)
Seat 3: canon562105 (small blind) folded on the Flop
Seat 4: LuckyShikari (big blind) collected ($36.58)
Seat 5: Burlica2013 folded before Flop (didn't bet)
Seat 6: CEPTT folded before Flop (didn't bet)



PokerStars Hand #254428472157:  Hold'em No Limit ($0.50/$1.00 USD) - 2025/01/18 8:50:52 WET [2025/01/18 3:50:52 ET]
Table 'Russia III' 6-max Seat #3 is the button
Seat 1: KeR888 ($197.04 in chips) 
Seat 2: janarr5 ($108.10 in chips) 
Seat 3: canon562105 ($78.18 in chips) 
Seat 4: LuckyShikari ($120.33 in chips) 
Seat 5: Burlica2013 ($100 in chips) 
Seat 6: CEPTT ($124.67 in chips) 
LuckyShikari: posts small blind $0.50
Burlica2013: posts big blind $1
*** HOLE CARDS ***
CEPTT: raises $1.25 to $2.25
KeR888: folds 
janarr5: raises $5.25 to $7.50
canon562105: calls $7.50
LuckyShikari: folds 
Burlica2013: folds 
CEPTT: calls $5.25
*** FLOP *** [Td Ac 9s]
CEPTT: checks 
janarr5: bets $5.70
canon562105: raises $5.70 to $11.40
CEPTT: calls $11.40
janarr5: calls $5.70
*** TURN *** [Td Ac 9s] [9c]
CEPTT: checks 
janarr5: checks 
canon562105: checks 
*** RIVER *** [Td Ac 9s 9c] [8h]
CEPTT: checks 
janarr5: checks 
canon562105: checks 
*** SHOW DOWN ***
CEPTT: shows [As 5s] (two pair, Aces and Nines)
janarr5: shows [Qc Ah] (two pair, Aces and Nines - Queen kicker)
canon562105: mucks hand 
janarr5 collected $55.70 from pot
*** SUMMARY ***
Total pot $58.20 | Rake $2.50 
Board [Td Ac 9s 9c 8h]
Seat 1: KeR888 folded before Flop (didn't bet)
Seat 2: janarr5 showed [Qc Ah] and won ($55.70) with two pair, Aces and Nines
Seat 3: canon562105 (button) mucked
Seat 4: LuckyShikari (small blind) folded before Flop
Seat 5: Burlica2013 (big blind) folded before Flop
Seat 6: CEPTT showed [As 5s] and lost with two pair, Aces and Nines



PokerStars Hand #254428480804:  Hold'em No Limit ($0.50/$1.00 USD) - 2025/01/18 8:52:24 WET [2025/01/18 3:52:24 ET]
Table 'Russia III' 6-max Seat #4 is the button
Seat 1: KeR888 ($197.04 in chips) 
Seat 2: janarr5 ($144.90 in chips) 
Seat 3: canon562105 ($59.28 in chips) 
Seat 4: LuckyShikari ($119.83 in chips) 
Seat 5: Burlica2013 ($100 in chips) 
Seat 6: CEPTT ($105.77 in chips) 
Burlica2013: posts small blind $0.50
CEPTT: posts big blind $1
*** HOLE CARDS ***
KeR888: folds 
janarr5: folds 
canon562105: folds 
LuckyShikari: folds 
Burlica2013: raises $2 to $3
CEPTT: calls $2
*** FLOP *** [9d 4c 4d]
Burlica2013: bets $1.88
CEPTT: folds 
Uncalled bet ($1.88) returned to Burlica2013
Burlica2013 collected $5.70 from pot
Burlica2013: doesn't show hand 
*** SUMMARY ***
Total pot $6 | Rake $0.30 
Board [9d 4c 4d]
Seat 1: KeR888 folded before Flop (didn't bet)
Seat 2: janarr5 folded before Flop (didn't bet)
Seat 3: canon562105 folded before Flop (didn't bet)
Seat 4: LuckyShikari (button) folded before Flop (didn't bet)
Seat 5: Burlica2013 (small blind) collected ($5.70)
Seat 6: CEPTT (big blind) folded on the Flop



PokerStars Hand #254428483483:  Hold'em No Limit ($0.50/$1.00 USD) - 2025/01/18 8:52:52 WET [2025/01/18 3:52:52 ET]
Table 'Russia III' 6-max Seat #5 is the button
Seat 1: KeR888 ($197.04 in chips) 
Seat 2: janarr5 ($144.90 in chips) 
Seat 3: canon562105 ($59.28 in chips) 
Seat 4: LuckyShikari ($119.83 in chips) 
Seat 5: Burlica2013 ($102.70 in chips) 
Seat 6: CEPTT ($102.77 in chips) 
CEPTT: posts small blind $0.50
KeR888: posts big blind $1
*** HOLE CARDS ***
janarr5: folds 
canon562105: raises $1 to $2
LuckyShikari: folds 
Burlica2013: calls $2
CEPTT: raises $12 to $14
KeR888: folds 
canon562105: calls $12
Burlica2013: folds 
*** FLOP *** [5d Kh Kd]
CEPTT: bets $10
canon562105: raises $35.28 to $45.28 and is all-in
CEPTT: calls $35.28
*** TURN *** [5d Kh Kd] [9s]
*** RIVER *** [5d Kh Kd 9s] [2c]
*** SHOW DOWN ***
CEPTT: shows [Jc Jd] (two pair, Kings and Jacks)
canon562105: shows [Ts Js] (a pair of Kings)
CEPTT collected $119.06 from pot
*** SUMMARY ***
Total pot $121.56 | Rake $2.50 
Board [5d Kh Kd 9s 2c]
Seat 1: KeR888 (big blind) folded before Flop
Seat 2: janarr5 folded before Flop (didn't bet)
Seat 3: canon562105 showed [Ts Js] and lost with a pair of Kings
Seat 4: LuckyShikari folded before Flop (didn't bet)
Seat 5: Burlica2013 (button) folded before Flop
Seat 6: CEPTT (small blind) showed [Jc Jd] and won ($119.06) with two pair, Kings and Jacks



PokerStars Hand #254428488931:  Hold'em No Limit ($0.50/$1.00 USD) - 2025/01/18 8:53:50 WET [2025/01/18 3:53:50 ET]
Table 'Russia III' 6-max Seat #6 is the button
Seat 3: canon562105 ($0 in chips) is sitting out
Seat 1: KeR888 ($196.04 in chips) 
Seat 2: janarr5 ($144.90 in chips) 
Seat 4: LuckyShikari ($119.83 in chips) 
Seat 5: Burlica2013 ($100.70 in chips) 
Seat 6: CEPTT ($162.55 in chips) 
KeR888: posts small blind $0.50
janarr5: posts big blind $1
*** HOLE CARDS ***
canon562105 leaves the table
Kristo 914 joins the table at seat #3 
LuckyShikari: folds 
Burlica2013: folds 
Burlica2013 leaves the table
CEPTT: raises $1.85 to $2.85
KeR888: folds 
janarr5: folds 
Uncalled bet ($1.85) returned to CEPTT
CEPTT collected $2.50 from pot
CEPTT: doesn't show hand 
*** SUMMARY ***
Total pot $2.50 | Rake $0 
Seat 3: canon562105
Seat 1: KeR888 (small blind) folded before Flop
Seat 2: janarr5 (big blind) folded before Flop
Seat 4: LuckyShikari folded before Flop (didn't bet)
Seat 5: Burlica2013 folded before Flop (didn't bet)
Seat 6: CEPTT (button) collected ($2.50)



PokerStars Hand #254428491330:  Hold'em No Limit ($0.50/$1.00 USD) - 2025/01/18 8:54:15 WET [2025/01/18 3:54:15 ET]
Table 'Russia III' 6-max Seat #1 is the button
Seat 1: KeR888 ($195.54 in chips) 
Seat 2: janarr5 ($143.90 in chips) 
Seat 3: Kristo 914 ($103.55 in chips) 
Seat 4: LuckyShikari ($119.83 in chips) 
Seat 6: CEPTT ($164.05 in chips) 
janarr5: posts small blind $0.50
Kristo 914: posts big blind $1
*** HOLE CARDS ***
LuckyShikari: folds 
CEPTT: folds 
KeR888: folds 
janarr5: raises $2 to $3
Kristo 914: calls $2
*** FLOP *** [6h 9c 5c]
janarr5: checks 
Kristo 914: checks 
*** TURN *** [6h 9c 5c] [8c]
janarr5: bets $3.76
Kristo 914: calls $3.76
*** RIVER *** [6h 9c 5c 8c] [6d]
janarr5: checks 
Kristo 914: bets $9.76
janarr5: folds 
Uncalled bet ($9.76) returned to Kristo 914
Kristo 914 collected $12.84 from pot
Kristo 914: doesn't show hand 
*** SUMMARY ***
Total pot $13.52 | Rake $0.68 
Board [6h 9c 5c 8c 6d]
Seat 1: KeR888 (button) folded before Flop (didn't bet)
Seat 2: janarr5 (small blind) folded on the River
Seat 3: Kristo 914 (big blind) collected ($12.84)
Seat 4: LuckyShikari folded before Flop (didn't bet)
Seat 6: CEPTT folded before Flop (didn't bet)



PokerStars Hand #254428496550:  Hold'em No Limit ($0.50/$1.00 USD) - 2025/01/18 8:55:13 WET [2025/01/18 3:55:13 ET]
Table 'Russia III' 6-max Seat #3 is the button
Seat 1: KeR888 ($195.54 in chips) is sitting out
Seat 4: LuckyShikari ($119.83 in chips) is sitting out
Seat 6: CEPTT ($164.05 in chips) is sitting out
Seat 2: janarr5 ($137.14 in chips) 
Seat 3: Kristo 914 ($109.63 in chips) 
Kristo 914: posts small blind $0.50
LuckyShikari: is sitting out 
CEPTT: is sitting out 
KeR888: is sitting out 
janarr5: posts big blind $1
*** HOLE CARDS ***
CEPTT leaves the table
nutcrackrr joins the table at seat #5 
KeR888 leaves the table
Kristo 914: raises $1.40 to $2.40
janarr5: folds 
Uncalled bet ($1.40) returned to Kristo 914
janarr5 leaves the table
Kristo 914 collected $2 from pot
Kristo 914: doesn't show hand 
*** SUMMARY ***
Total pot $2 | Rake $0 
Seat 1: KeR888
Seat 4: LuckyShikari
Seat 6: CEPTT
Seat 2: janarr5 (big blind) folded before Flop
Seat 3: Kristo 914 (button) (small blind) collected ($2)



PokerStars Hand #254428497960:  Hold'em No Limit ($0.50/$1.00 USD) - 2025/01/18 8:55:30 WET [2025/01/18 3:55:30 ET]
Table 'Russia III' 6-max Seat #3 is the button
Seat 4: LuckyShikari ($119.83 in chips) is sitting out
Seat 3: Kristo 914 ($110.63 in chips) 
Seat 5: nutcrackrr ($100 in chips) 
Kristo 914: posts small blind $0.50
nutcrackrr: posts big blind $1
*** HOLE CARDS ***
LuckyShikari leaves the table
Kristo 914: folds 
Uncalled bet ($0.50) returned to nutcrackrr
nutcrackrr collected $1 from pot
nutcrackrr: doesn't show hand 
*** SUMMARY ***
Total pot $1 | Rake $0 
Seat 4: LuckyShikari
Seat 3: Kristo 914 (button) (small blind) folded before Flop
Seat 5: nutcrackrr (big blind) collected ($1)



PokerStars Hand #254428498492:  Hold'em No Limit ($0.50/$1.00 USD) - 2025/01/18 8:55:37 WET [2025/01/18 3:55:37 ET]
Table 'Russia III' 6-max Seat #5 is the button
Seat 3: Kristo 914 ($110.13 in chips) 
Seat 5: nutcrackrr ($100.50 in chips) 
nutcrackrr: posts small blind $0.50
Kristo 914: posts big blind $1
*** HOLE CARDS ***
nutcrackrr: raises $2 to $3
Kristo 914: raises $8 to $11
nutcrackrr: folds 
Uncalled bet ($8) returned to Kristo 914
Kristo 914 collected $6 from pot
Kristo 914: doesn't show hand 
*** SUMMARY ***
Total pot $6 | Rake $0 
Seat 3: Kristo 914 (big blind) collected ($6)
Seat 5: nutcrackrr (button) (small blind) folded before Flop



PokerStars Hand #254428500096:  Hold'em No Limit ($0.50/$1.00 USD) - 2025/01/18 8:55:56 WET [2025/01/18 3:55:56 ET]
Table 'Russia III' 6-max Seat #3 is the button
Seat 3: Kristo 914 ($113.13 in chips) 
Seat 5: nutcrackrr ($100 in chips) 
Kristo 914: posts small blind $0.50
nutcrackrr: posts big blind $1
*** HOLE CARDS ***
Kristo 914: folds 
Uncalled bet ($0.50) returned to nutcrackrr
nutcrackrr collected $1 from pot
nutcrackrr: doesn't show hand 
*** SUMMARY ***
Total pot $1 | Rake $0 
Seat 3: Kristo 914 (button) (small blind) folded before Flop
Seat 5: nutcrackrr (big blind) collected ($1)



PokerStars Hand #254428500580:  Hold'em No Limit ($0.50/$1.00 USD) - 2025/01/18 8:56:02 WET [2025/01/18 3:56:02 ET]
Table 'Russia III' 6-max Seat #5 is the button
Seat 3: Kristo 914 ($112.63 in chips) 
Seat 5: nutcrackrr ($100.50 in chips) 
nutcrackrr: posts small blind $0.50
Kristo 914: posts big blind $1
*** HOLE CARDS ***
nutcrackrr: raises $2 to $3
Kristo 914: calls $2
*** FLOP *** [8d Jh 7d]
Kristo 914: checks 
nutcrackrr: checks 
*** TURN *** [8d Jh 7d] [3s]
Kristo 914: checks 
nutcrackrr: checks 
*** RIVER *** [8d Jh 7d 3s] [9c]
Kristo 914: checks 
nutcrackrr: checks 
*** SHOW DOWN ***
Kristo 914: shows [2c Ac] (high card Ace)
nutcrackrr: shows [6h 6s] (a pair of Sixes)
nutcrackrr collected $5.70 from pot
*** SUMMARY ***
Total pot $6 | Rake $0.30 
Board [8d Jh 7d 3s 9c]
Seat 3: Kristo 914 (big blind) showed [2c Ac] and lost with high card Ace
Seat 5: nutcrackrr (button) (small blind) showed [6h 6s] and won ($5.70) with a pair of Sixes



PokerStars Hand #254428502561:  Hold'em No Limit ($0.50/$1.00 USD) - 2025/01/18 8:56:26 WET [2025/01/18 3:56:26 ET]
Table 'Russia III' 6-max Seat #3 is the button
Seat 3: Kristo 914 ($109.63 in chips) 
Seat 5: nutcrackrr ($103.20 in chips) 
Kristo 914: posts small blind $0.50
nutcrackrr: posts big blind $1
*** HOLE CARDS ***
Kristo 914: folds 
Uncalled bet ($0.50) returned to nutcrackrr
nutcrackrr collected $1 from pot
nutcrackrr: doesn't show hand 
*** SUMMARY ***
Total pot $1 | Rake $0 
Seat 3: Kristo 914 (button) (small blind) folded before Flop
Seat 5: nutcrackrr (big blind) collected ($1)



PokerStars Hand #254428504029:  Hold'em No Limit ($0.50/$1.00 USD) - 2025/01/18 8:56:44 WET [2025/01/18 3:56:44 ET]
Table 'Russia III' 6-max Seat #5 is the button
Seat 3: Kristo 914 ($109.13 in chips) 
Seat 5: nutcrackrr ($103.70 in chips) 
nutcrackrr: posts small blind $0.50
Kristo 914: posts big blind $1
*** HOLE CARDS ***
nutcrackrr: raises $2 to $3
Kristo 914: raises $8.50 to $11.50
nutcrackrr: raises $13.50 to $25
Kristo 914: calls $13.50
*** FLOP *** [2h Ad Qh]
Kristo 914: checks 
nutcrackrr: bets $16.17
Kristo 914: calls $16.17
*** TURN *** [2h Ad Qh] [7h]
Kristo 914: checks 
nutcrackrr: checks 
*** RIVER *** [2h Ad Qh 7h] [Ac]
Kristo 914: bets $8.50
nutcrackrr: calls $8.50
*** SHOW DOWN ***
Kristo 914: shows [Kc Qs] (two pair, Aces and Queens)
nutcrackrr: shows [8c As] (three of a kind, Aces)
nutcrackrr collected $98.34 from pot
*** SUMMARY ***
Total pot $99.34 | Rake $1 
Board [2h Ad Qh 7h Ac]
Seat 3: Kristo 914 (big blind) showed [Kc Qs] and lost with two pair, Aces and Queens
Seat 5: nutcrackrr (button) (small blind) showed [8c As] and won ($98.34) with three of a kind, Aces



PokerStars Hand #254428509756:  Hold'em No Limit ($0.50/$1.00 USD) - 2025/01/18 8:57:53 WET [2025/01/18 3:57:53 ET]
Table 'Russia III' 6-max Seat #3 is the button
Seat 3: Kristo 914 ($100 in chips) 
Seat 5: nutcrackrr ($152.37 in chips) 
Kristo 914: posts small blind $0.50
nutcrackrr: posts big blind $1
*** HOLE CARDS ***
Kristo 914: folds 
Uncalled bet ($0.50) returned to nutcrackrr
nutcrackrr collected $1 from pot
nutcrackrr: doesn't show hand 
*** SUMMARY ***
Total pot $1 | Rake $0 
Seat 3: Kristo 914 (button) (small blind) folded before Flop
Seat 5: nutcrackrr (big blind) collected ($1)



PokerStars Hand #254428510526:  Hold'em No Limit ($0.50/$1.00 USD) - 2025/01/18 8:58:02 WET [2025/01/18 3:58:02 ET]
Table 'Russia III' 6-max Seat #5 is the button
Seat 3: Kristo 914 ($100 in chips) 
Seat 5: nutcrackrr ($152.87 in chips) 
nutcrackrr: posts small blind $0.50
Kristo 914: posts big blind $1
*** HOLE CARDS ***
nutcrackrr: folds 
Uncalled bet ($0.50) returned to Kristo 914
Kristo 914 collected $1 from pot
Kristo 914: doesn't show hand 
*** SUMMARY ***
Total pot $1 | Rake $0 
Seat 3: Kristo 914 (big blind) collected ($1)
Seat 5: nutcrackrr (button) (small blind) folded before Flop



PokerStars Hand #254428511075:  Hold'em No Limit ($0.50/$1.00 USD) - 2025/01/18 8:58:09 WET [2025/01/18 3:58:09 ET]
Table 'Russia III' 6-max Seat #3 is the button
Seat 3: Kristo 914 ($100.50 in chips) 
Seat 5: nutcrackrr ($152.37 in chips) 
Kristo 914: posts small blind $0.50
nutcrackrr: posts big blind $1
*** HOLE CARDS ***
Kristo 914: raises $1.40 to $2.40
nutcrackrr: folds 
Uncalled bet ($1.40) returned to Kristo 914
Kristo 914 collected $2 from pot
Kristo 914: doesn't show hand 
*** SUMMARY ***
Total pot $2 | Rake $0 
Seat 3: Kristo 914 (button) (small blind) collected ($2)
Seat 5: nutcrackrr (big blind) folded before Flop



PokerStars Hand #254428511670:  Hold'em No Limit ($0.50/$1.00 USD) - 2025/01/18 8:58:16 WET [2025/01/18 3:58:16 ET]
Table 'Russia III' 6-max Seat #5 is the button
Seat 3: Kristo 914 ($101.50 in chips) 
Seat 5: nutcrackrr ($151.37 in chips) 
nutcrackrr: posts small blind $0.50
Kristo 914: posts big blind $1
*** HOLE CARDS ***
nutcrackrr: raises $1.32 to $2.32
Kristo 914: folds 
Uncalled bet ($1.32) returned to nutcrackrr
nutcrackrr collected $2 from pot
nutcrackrr: doesn't show hand 
*** SUMMARY ***
Total pot $2 | Rake $0 
Seat 3: Kristo 914 (big blind) folded before Flop
Seat 5: nutcrackrr (button) (small blind) collected ($2)



PokerStars Hand #254428512583:  Hold'em No Limit ($0.50/$1.00 USD) - 2025/01/18 8:58:27 WET [2025/01/18 3:58:27 ET]
Table 'Russia III' 6-max Seat #3 is the button
Seat 3: Kristo 914 ($100.50 in chips) 
Seat 5: nutcrackrr ($152.37 in chips) 
Kristo 914: posts small blind $0.50
nutcrackrr: posts big blind $1
*** HOLE CARDS ***
Kristo 914: folds 
Uncalled bet ($0.50) returned to nutcrackrr
JoeBlack_MS joins the table at seat #6 
nutcrackrr collected $1 from pot
nutcrackrr: doesn't show hand 
*** SUMMARY ***
Total pot $1 | Rake $0 
Seat 3: Kristo 914 (button) (small blind) folded before Flop
Seat 5: nutcrackrr (big blind) collected ($1)



PokerStars Hand #254428513046:  Hold'em No Limit ($0.50/$1.00 USD) - 2025/01/18 8:58:33 WET [2025/01/18 3:58:33 ET]
Table 'Russia III' 6-max Seat #5 is the button
Seat 6: JoeBlack_MS ($100 in chips) is sitting out
Seat 3: Kristo 914 ($100 in chips) 
Seat 5: nutcrackrr ($152.87 in chips) 
nutcrackrr: posts small blind $0.50
Kristo 914: posts big blind $1
*** HOLE CARDS ***
nutcrackrr: raises $1.32 to $2.32
Kristo 914: folds 
Uncalled bet ($1.32) returned to nutcrackrr
nutcrackrr collected $2 from pot
nutcrackrr: doesn't show hand 
*** SUMMARY ***
Total pot $2 | Rake $0 
Seat 6: JoeBlack_MS
Seat 3: Kristo 914 (big blind) folded before Flop
Seat 5: nutcrackrr (button) (small blind) collected ($2)



