PokerStars Hand #254438375232:  Hold'em No Limit ($0.50/$1.00 USD) - 2025/01/18 21:51:46 WET [2025/01/18 16:51:46 ET]
Table 'Misenus IV' 6-max Seat #2 is the button
Seat 5: vadjkeee ($100 in chips) is sitting out
Seat 2: ptolejmus ($10 in chips) 
Seat 6: AigarsK ($10 in chips) 
kris4ana94111 joins the table at seat #1 
ptolejmus: posts small blind $0.50
AigarsK: posts big blind $1
*** HOLE CARDS ***
kris4ana94111 is disconnected 
blackclan7 joins the table at seat #3 
IREQO joins the table at seat #4 
ptolejmus: folds 
Uncalled bet ($0.50) returned to AigarsK
AigarsK collected $1 from pot
AigarsK: doesn't show hand 
*** SUMMARY ***
Total pot $1 | Rake $0 
Seat 5: vadjkeee
Seat 2: ptolejmus (button) (small blind) folded before Flop
Seat 6: AigarsK (big blind) collected ($1)



PokerStars Hand #254438377927:  Hold'em No Limit ($0.50/$1.00 USD) - 2025/01/18 21:51:56 WET [2025/01/18 16:51:56 ET]
Table 'Misenus IV' 6-max Seat #6 is the button
Seat 1: kris4ana94111 ($42.46 in chips) is sitting out
Seat 4: IREQO ($100 in chips) is sitting out
Seat 5: vadjkeee ($100 in chips) is sitting out
Seat 2: ptolejmus ($10 in chips) 
Seat 3: blackclan7 ($100 in chips) 
Seat 6: AigarsK ($10.50 in chips) 
ptolejmus: posts small blind $0.50
blackclan7: posts big blind $1
IREQO: sits out 
*** HOLE CARDS ***
AigarsK: raises $2 to $3
ptolejmus: folds 
blackclan7: folds 
Uncalled bet ($2) returned to AigarsK
AigarsK collected $2.50 from pot
AigarsK: doesn't show hand 
*** SUMMARY ***
Total pot $2.50 | Rake $0 
Seat 1: kris4ana94111
Seat 4: IREQO
Seat 5: vadjkeee
Seat 2: ptolejmus (small blind) folded before Flop
Seat 3: blackclan7 (big blind) folded before Flop
Seat 6: AigarsK (button) collected ($2.50)



PokerStars Hand #254438381554:  Hold'em No Limit ($0.50/$1.00 USD) - 2025/01/18 21:52:08 WET [2025/01/18 16:52:08 ET]
Table 'Misenus IV' 6-max Seat #2 is the button
Seat 1: kris4ana94111 ($42.46 in chips) is sitting out
Seat 5: vadjkeee ($100 in chips) is sitting out
Seat 2: ptolejmus ($10 in chips) 
Seat 3: blackclan7 ($100 in chips) 
Seat 4: IREQO ($100 in chips) 
Seat 6: AigarsK ($12 in chips) 
blackclan7: posts small blind $0.50
IREQO: posts big blind $1
vadjkeee: sits out 
kris4ana94111: sits out 
*** HOLE CARDS ***
AigarsK: folds 
ptolejmus: raises $1 to $2
blackclan7: folds 
IREQO: folds 
Uncalled bet ($1) returned to ptolejmus
ptolejmus collected $2.50 from pot
*** SUMMARY ***
Total pot $2.50 | Rake $0 
Seat 1: kris4ana94111
Seat 5: vadjkeee
Seat 2: ptolejmus (button) collected ($2.50)
Seat 3: blackclan7 (small blind) folded before Flop
Seat 4: IREQO (big blind) folded before Flop
Seat 6: AigarsK folded before Flop (didn't bet)



PokerStars Hand #254438386183:  Hold'em No Limit ($0.50/$1.00 USD) - 2025/01/18 21:52:24 WET [2025/01/18 16:52:24 ET]
Table 'Misenus IV' 6-max Seat #3 is the button
Seat 1: kris4ana94111 ($42.46 in chips) is sitting out
Seat 2: ptolejmus ($11.50 in chips) 
Seat 3: blackclan7 ($100 in chips) 
Seat 4: IREQO ($100 in chips) 
Seat 5: vadjkeee ($100 in chips) 
Seat 6: AigarsK ($12 in chips) 
IREQO: posts small blind $0.50
vadjkeee: posts big blind $1
kris4ana94111: sits out 
*** HOLE CARDS ***
AigarsK: folds 
ptolejmus: folds 
blackclan7: folds 
IREQO: folds 
Uncalled bet ($0.50) returned to vadjkeee
vadjkeee collected $1 from pot
vadjkeee: doesn't show hand 
*** SUMMARY ***
Total pot $1 | Rake $0 
Seat 1: kris4ana94111
Seat 2: ptolejmus folded before Flop (didn't bet)
Seat 3: blackclan7 (button) folded before Flop (didn't bet)
Seat 4: IREQO (small blind) folded before Flop
Seat 5: vadjkeee (big blind) collected ($1)
Seat 6: AigarsK folded before Flop (didn't bet)



PokerStars Hand #254438390803:  Hold'em No Limit ($0.50/$1.00 USD) - 2025/01/18 21:52:40 WET [2025/01/18 16:52:40 ET]
Table 'Misenus IV' 6-max Seat #4 is the button
Seat 1: kris4ana94111 ($42.46 in chips) is sitting out
Seat 2: ptolejmus ($11.50 in chips) 
Seat 3: blackclan7 ($100 in chips) 
Seat 4: IREQO ($100 in chips) 
Seat 5: vadjkeee ($100.50 in chips) 
Seat 6: AigarsK ($12 in chips) 
vadjkeee: posts small blind $0.50
AigarsK: posts big blind $1
kris4ana94111: sits out 
*** HOLE CARDS ***
ptolejmus: folds 
blackclan7: folds 
IREQO: folds 
vadjkeee: calls $0.50
AigarsK: checks 
*** FLOP *** [Qd 7s 5c]
vadjkeee: bets $1
AigarsK: calls $1
*** TURN *** [Qd 7s 5c] [As]
vadjkeee: checks 
AigarsK: checks 
*** RIVER *** [Qd 7s 5c As] [6c]
vadjkeee: bets $2.50
AigarsK: folds 
Uncalled bet ($2.50) returned to vadjkeee
vadjkeee collected $3.80 from pot
vadjkeee: doesn't show hand 
*** SUMMARY ***
Total pot $4 | Rake $0.20 
Board [Qd 7s 5c As 6c]
Seat 1: kris4ana94111
Seat 2: ptolejmus folded before Flop (didn't bet)
Seat 3: blackclan7 folded before Flop (didn't bet)
Seat 4: IREQO (button) folded before Flop (didn't bet)
Seat 5: vadjkeee (small blind) collected ($3.80)
Seat 6: AigarsK (big blind) folded on the River



PokerStars Hand #254438400151:  Hold'em No Limit ($0.50/$1.00 USD) - 2025/01/18 21:53:12 WET [2025/01/18 16:53:12 ET]
Table 'Misenus IV' 6-max Seat #5 is the button
Seat 1: kris4ana94111 ($42.46 in chips) 
Seat 2: ptolejmus ($11.50 in chips) 
Seat 3: blackclan7 ($100 in chips) 
Seat 4: IREQO ($100 in chips) 
Seat 5: vadjkeee ($102.30 in chips) 
Seat 6: AigarsK ($10 in chips) 
AigarsK: posts small blind $0.50
kris4ana94111: posts big blind $1
*** HOLE CARDS ***
ptolejmus: raises $1 to $2
blackclan7: folds 
IREQO: folds 
vadjkeee: folds 
AigarsK: folds 
kris4ana94111: folds 
Uncalled bet ($1) returned to ptolejmus
ptolejmus collected $2.50 from pot
*** SUMMARY ***
Total pot $2.50 | Rake $0 
Seat 1: kris4ana94111 (big blind) folded before Flop
Seat 2: ptolejmus collected ($2.50)
Seat 3: blackclan7 folded before Flop (didn't bet)
Seat 4: IREQO folded before Flop (didn't bet)
Seat 5: vadjkeee (button) folded before Flop (didn't bet)
Seat 6: AigarsK (small blind) folded before Flop



PokerStars Hand #254438404814:  Hold'em No Limit ($0.50/$1.00 USD) - 2025/01/18 21:53:28 WET [2025/01/18 16:53:28 ET]
Table 'Misenus IV' 6-max Seat #6 is the button
Seat 1: kris4ana94111 ($41.46 in chips) 
Seat 2: ptolejmus ($13 in chips) 
Seat 3: blackclan7 ($100 in chips) 
Seat 4: IREQO ($100 in chips) 
Seat 5: vadjkeee ($102.30 in chips) 
Seat 6: AigarsK ($9.50 in chips) 
kris4ana94111: posts small blind $0.50
ptolejmus: posts big blind $1
*** HOLE CARDS ***
blackclan7: raises $1 to $2
IREQO: folds 
vadjkeee: folds 
AigarsK: raises $7.50 to $9.50 and is all-in
kris4ana94111: folds 
ptolejmus: folds 
blackclan7: folds 
Uncalled bet ($7.50) returned to AigarsK
AigarsK collected $5.50 from pot
AigarsK: doesn't show hand 
IREQO is disconnected 
*** SUMMARY ***
Total pot $5.50 | Rake $0 
Seat 1: kris4ana94111 (small blind) folded before Flop
Seat 2: ptolejmus (big blind) folded before Flop
Seat 3: blackclan7 folded before Flop
Seat 4: IREQO folded before Flop (didn't bet)
Seat 5: vadjkeee folded before Flop (didn't bet)
Seat 6: AigarsK (button) collected ($5.50)



PokerStars Hand #254438411538:  Hold'em No Limit ($0.50/$1.00 USD) - 2025/01/18 21:53:51 WET [2025/01/18 16:53:51 ET]
Table 'Misenus IV' 6-max Seat #1 is the button
Seat 1: kris4ana94111 ($40.96 in chips) 
Seat 2: ptolejmus ($12 in chips) 
Seat 3: blackclan7 ($100 in chips) 
Seat 4: IREQO ($100 in chips) 
Seat 5: vadjkeee ($102.30 in chips) 
Seat 6: AigarsK ($13 in chips) 
ptolejmus: posts small blind $0.50
blackclan7: posts big blind $1
*** HOLE CARDS ***
IREQO has timed out while disconnected
IREQO: folds 
vadjkeee: folds 
AigarsK: folds 
kris4ana94111: folds 
ptolejmus: raises $1 to $2
blackclan7: folds 
Uncalled bet ($1) returned to ptolejmus
ptolejmus collected $2 from pot
*** SUMMARY ***
Total pot $2 | Rake $0 
Seat 1: kris4ana94111 (button) folded before Flop (didn't bet)
Seat 2: ptolejmus (small blind) collected ($2)
Seat 3: blackclan7 (big blind) folded before Flop
Seat 4: IREQO folded before Flop (didn't bet)
Seat 5: vadjkeee folded before Flop (didn't bet)
Seat 6: AigarsK folded before Flop (didn't bet)



PokerStars Hand #254438418641:  Hold'em No Limit ($0.50/$1.00 USD) - 2025/01/18 21:54:16 WET [2025/01/18 16:54:16 ET]
Table 'Misenus IV' 6-max Seat #2 is the button
Seat 1: kris4ana94111 ($40.96 in chips) 
Seat 2: ptolejmus ($13 in chips) 
Seat 3: blackclan7 ($100 in chips) 
Seat 4: IREQO ($100 in chips) 
Seat 5: vadjkeee ($102.30 in chips) 
Seat 6: AigarsK ($13 in chips) 
blackclan7: posts small blind $0.50
IREQO: posts big blind $1
*** HOLE CARDS ***
vadjkeee: folds 
AigarsK: folds 
kris4ana94111: folds 
ptolejmus: folds 
blackclan7: raises $2 to $3
AigarsK leaves the table
IREQO: calls $2
*** FLOP *** [5c 8h Ah]
v1lo4ka joins the table at seat #6 
blackclan7: bets $1.88
IREQO: folds 
Uncalled bet ($1.88) returned to blackclan7
blackclan7 collected $5.70 from pot
blackclan7: doesn't show hand 
*** SUMMARY ***
Total pot $6 | Rake $0.30 
Board [5c 8h Ah]
Seat 1: kris4ana94111 folded before Flop (didn't bet)
Seat 2: ptolejmus (button) folded before Flop (didn't bet)
Seat 3: blackclan7 (small blind) collected ($5.70)
Seat 4: IREQO (big blind) folded on the Flop
Seat 5: vadjkeee folded before Flop (didn't bet)
Seat 6: AigarsK folded before Flop (didn't bet)



PokerStars Hand #254438431860:  Hold'em No Limit ($0.50/$1.00 USD) - 2025/01/18 21:55:01 WET [2025/01/18 16:55:01 ET]
Table 'Misenus IV' 6-max Seat #3 is the button
Seat 6: v1lo4ka ($100 in chips) is sitting out
Seat 1: kris4ana94111 ($40.96 in chips) 
Seat 2: ptolejmus ($13 in chips) 
Seat 3: blackclan7 ($102.70 in chips) 
Seat 4: IREQO ($100 in chips) 
Seat 5: vadjkeee ($102.30 in chips) 
IREQO: posts small blind $0.50
vadjkeee: posts big blind $1
v1lo4ka: sits out 
*** HOLE CARDS ***
kris4ana94111: folds 
ptolejmus: folds 
blackclan7: raises $1.50 to $2.50
IREQO: folds 
vadjkeee: folds 
Uncalled bet ($1.50) returned to blackclan7
blackclan7 collected $2.50 from pot
blackclan7: doesn't show hand 
*** SUMMARY ***
Total pot $2.50 | Rake $0 
Seat 6: v1lo4ka
Seat 1: kris4ana94111 folded before Flop (didn't bet)
Seat 2: ptolejmus folded before Flop (didn't bet)
Seat 3: blackclan7 (button) collected ($2.50)
Seat 4: IREQO (small blind) folded before Flop
Seat 5: vadjkeee (big blind) folded before Flop



PokerStars Hand #254438435971:  Hold'em No Limit ($0.50/$1.00 USD) - 2025/01/18 21:55:19 WET [2025/01/18 16:55:19 ET]
Table 'Misenus IV' 6-max Seat #4 is the button
Seat 1: kris4ana94111 ($40.96 in chips) 
Seat 2: ptolejmus ($13 in chips) 
Seat 3: blackclan7 ($104.20 in chips) 
Seat 4: IREQO ($100 in chips) 
Seat 5: vadjkeee ($101.30 in chips) 
Seat 6: v1lo4ka ($100 in chips) 
vadjkeee: posts small blind $0.50
v1lo4ka: posts big blind $1
*** HOLE CARDS ***
kris4ana94111: raises $2 to $3
ptolejmus: folds 
blackclan7: folds 
IREQO: folds 
vadjkeee: folds 
v1lo4ka: folds 
Uncalled bet ($2) returned to kris4ana94111
kris4ana94111 collected $2.50 from pot
*** SUMMARY ***
Total pot $2.50 | Rake $0 
Seat 1: kris4ana94111 collected ($2.50)
Seat 2: ptolejmus folded before Flop (didn't bet)
Seat 3: blackclan7 folded before Flop (didn't bet)
Seat 4: IREQO (button) folded before Flop (didn't bet)
Seat 5: vadjkeee (small blind) folded before Flop
Seat 6: v1lo4ka (big blind) folded before Flop



PokerStars Hand #254438439757:  Hold'em No Limit ($0.50/$1.00 USD) - 2025/01/18 21:55:38 WET [2025/01/18 16:55:38 ET]
Table 'Misenus IV' 6-max Seat #5 is the button
Seat 1: kris4ana94111 ($42.46 in chips) 
Seat 2: ptolejmus ($13 in chips) 
Seat 3: blackclan7 ($104.20 in chips) 
Seat 4: IREQO ($100 in chips) 
Seat 5: vadjkeee ($100.80 in chips) 
Seat 6: v1lo4ka ($100 in chips) 
v1lo4ka: posts small blind $0.50
kris4ana94111: posts big blind $1
*** HOLE CARDS ***
ptolejmus: raises $1 to $2
blackclan7: folds 
IREQO: folds 
vadjkeee: folds 
v1lo4ka: folds 
kris4ana94111: calls $1
*** FLOP *** [9h Kd 4s]
kris4ana94111: checks 
ptolejmus: checks 
*** TURN *** [9h Kd 4s] [Kh]
kris4ana94111: bets $2
ptolejmus: calls $2
*** RIVER *** [9h Kd 4s Kh] [9c]
kris4ana94111: bets $8.08
ptolejmus: folds 
Uncalled bet ($8.08) returned to kris4ana94111
kris4ana94111 collected $8.08 from pot
*** SUMMARY ***
Total pot $8.50 | Rake $0.42 
Board [9h Kd 4s Kh 9c]
Seat 1: kris4ana94111 (big blind) collected ($8.08)
Seat 2: ptolejmus folded on the River
Seat 3: blackclan7 folded before Flop (didn't bet)
Seat 4: IREQO folded before Flop (didn't bet)
Seat 5: vadjkeee (button) folded before Flop (didn't bet)
Seat 6: v1lo4ka (small blind) folded before Flop



PokerStars Hand #254438452104:  Hold'em No Limit ($0.50/$1.00 USD) - 2025/01/18 21:56:38 WET [2025/01/18 16:56:38 ET]
Table 'Misenus IV' 6-max Seat #6 is the button
Seat 1: kris4ana94111 ($46.54 in chips) 
Seat 2: ptolejmus ($10 in chips) 
Seat 3: blackclan7 ($104.20 in chips) 
Seat 4: IREQO ($100 in chips) 
Seat 5: vadjkeee ($100.80 in chips) 
Seat 6: v1lo4ka ($100 in chips) 
kris4ana94111: posts small blind $0.50
ptolejmus: posts big blind $1
*** HOLE CARDS ***
blackclan7: folds 
IREQO: folds 
vadjkeee: folds 
v1lo4ka: raises $1.20 to $2.20
kris4ana94111: calls $1.70
ptolejmus: calls $1.20
*** FLOP *** [9h Jh As]
kris4ana94111: checks 
ptolejmus: checks 
v1lo4ka: bets $2.07
kris4ana94111: folds 
ptolejmus: folds 
Uncalled bet ($2.07) returned to v1lo4ka
v1lo4ka collected $6.27 from pot
v1lo4ka: doesn't show hand 
*** SUMMARY ***
Total pot $6.60 | Rake $0.33 
Board [9h Jh As]
Seat 1: kris4ana94111 (small blind) folded on the Flop
Seat 2: ptolejmus (big blind) folded on the Flop
Seat 3: blackclan7 folded before Flop (didn't bet)
Seat 4: IREQO folded before Flop (didn't bet)
Seat 5: vadjkeee folded before Flop (didn't bet)
Seat 6: v1lo4ka (button) collected ($6.27)



PokerStars Hand #254438460119:  Hold'em No Limit ($0.50/$1.00 USD) - 2025/01/18 21:57:18 WET [2025/01/18 16:57:18 ET]
Table 'Misenus IV' 6-max Seat #1 is the button
Seat 3: blackclan7 ($104.20 in chips) is sitting out
Seat 1: kris4ana94111 ($44.34 in chips) 
Seat 2: ptolejmus ($10 in chips) 
Seat 4: IREQO ($100 in chips) 
Seat 5: vadjkeee ($100.80 in chips) 
Seat 6: v1lo4ka ($104.07 in chips) 
ptolejmus: posts small blind $0.50
blackclan7: is sitting out 
IREQO: posts big blind $1
*** HOLE CARDS ***
vadjkeee: folds 
v1lo4ka: raises $1.50 to $2.50
kris4ana94111: calls $2.50
ptolejmus: folds 
IREQO: folds 
*** FLOP *** [Kh 9d 6c]
blackclan7 leaves the table
v1lo4ka: bets $2.04
kris4ana94111: calls $2.04
*** TURN *** [Kh 9d 6c] [4d]
v1lo4ka: checks 
kris4ana94111: bets $4
v1lo4ka: calls $4
*** RIVER *** [Kh 9d 6c 4d] [Ah]
v1lo4ka: checks 
kris4ana94111: bets $6
v1lo4ka: calls $6
*** SHOW DOWN ***
kris4ana94111: shows [8d Td] (high card Ace)
v1lo4ka: shows [7h 7d] (a pair of Sevens)
v1lo4ka collected $29.05 from pot
*** SUMMARY ***
Total pot $30.58 | Rake $1.53 
Board [Kh 9d 6c 4d Ah]
Seat 3: blackclan7
Seat 1: kris4ana94111 (button) showed [8d Td] and lost with high card Ace
Seat 2: ptolejmus (small blind) folded before Flop
Seat 4: IREQO (big blind) folded before Flop
Seat 5: vadjkeee folded before Flop (didn't bet)
Seat 6: v1lo4ka showed [7h 7d] and won ($29.05) with a pair of Sevens



PokerStars Hand #254438472566:  Hold'em No Limit ($0.50/$1.00 USD) - 2025/01/18 21:58:19 WET [2025/01/18 16:58:19 ET]
Table 'Misenus IV' 6-max Seat #2 is the button
Seat 5: vadjkeee ($100.80 in chips) is sitting out
Seat 1: kris4ana94111 ($29.80 in chips) 
Seat 2: ptolejmus ($10 in chips) 
Seat 4: IREQO ($100 in chips) 
Seat 6: v1lo4ka ($118.58 in chips) 
IREQO: posts small blind $0.50
Sadyhov V.V. joins the table at seat #3 
v1lo4ka: posts big blind $1
*** HOLE CARDS ***
kris4ana94111: folds 
ptolejmus: folds 
IREQO: folds 
Uncalled bet ($0.50) returned to v1lo4ka
v1lo4ka collected $1 from pot
v1lo4ka: doesn't show hand 
*** SUMMARY ***
Total pot $1 | Rake $0 
Seat 5: vadjkeee
Seat 1: kris4ana94111 folded before Flop (didn't bet)
Seat 2: ptolejmus (button) folded before Flop (didn't bet)
Seat 4: IREQO (small blind) folded before Flop
Seat 6: v1lo4ka (big blind) collected ($1)



PokerStars Hand #254438475904:  Hold'em No Limit ($0.50/$1.00 USD) - 2025/01/18 21:58:35 WET [2025/01/18 16:58:35 ET]
Table 'Misenus IV' 6-max Seat #4 is the button
Seat 3: Sadyhov V.V. ($100 in chips) is sitting out
Seat 5: vadjkeee ($100.80 in chips) is sitting out
Seat 1: kris4ana94111 ($29.80 in chips) 
Seat 2: ptolejmus ($10 in chips) 
Seat 4: IREQO ($100 in chips) 
Seat 6: v1lo4ka ($119.08 in chips) 
v1lo4ka: posts small blind $0.50
kris4ana94111: posts big blind $1
Sadyhov V.V.: sits out 
*** HOLE CARDS ***
vadjkeee leaves the table
ptolejmus: raises $9 to $10 and is all-in
IREQO: folds 
v1lo4ka: folds 
kris4ana94111: calls $9
*** FLOP *** [7d Ts 3h]
*** TURN *** [7d Ts 3h] [Ks]
*** RIVER *** [7d Ts 3h Ks] [9c]
stevoooo34 joins the table at seat #5 
stevoooo34 is disconnected 
*** SHOW DOWN ***
kris4ana94111: shows [Jh Kh] (a pair of Kings)
ptolejmus: shows [5h 5s] (a pair of Fives)
kris4ana94111 collected $19.50 from pot
*** SUMMARY ***
Total pot $20.50 | Rake $1 
Board [7d Ts 3h Ks 9c]
Seat 3: Sadyhov V.V.
Seat 5: vadjkeee
Seat 1: kris4ana94111 (big blind) showed [Jh Kh] and won ($19.50) with a pair of Kings
Seat 2: ptolejmus showed [5h 5s] and lost with a pair of Fives
Seat 4: IREQO (button) folded before Flop (didn't bet)
Seat 6: v1lo4ka (small blind) folded before Flop



PokerStars Hand #254438480650:  Hold'em No Limit ($0.50/$1.00 USD) - 2025/01/18 21:58:58 WET [2025/01/18 16:58:58 ET]
Table 'Misenus IV' 6-max Seat #6 is the button
Seat 2: ptolejmus ($10 in chips) is sitting out
Seat 1: kris4ana94111 ($39.30 in chips) 
Seat 3: Sadyhov V.V. ($100 in chips) 
Seat 4: IREQO ($100 in chips) 
Seat 5: stevoooo34 ($14.47 in chips) 
Seat 6: v1lo4ka ($118.58 in chips) 
kris4ana94111: posts small blind $0.50
ptolejmus: is sitting out 
Sadyhov V.V.: posts big blind $1
stevoooo34: posts big blind $1
*** HOLE CARDS ***
IREQO: folds 
stevoooo34: checks 
v1lo4ka: raises $4 to $5
kris4ana94111: folds 
Sadyhov V.V.: folds 
stevoooo34: folds 
Uncalled bet ($4) returned to v1lo4ka
v1lo4ka collected $3.50 from pot
v1lo4ka: doesn't show hand 
*** SUMMARY ***
Total pot $3.50 | Rake $0 
Seat 2: ptolejmus
Seat 1: kris4ana94111 (small blind) folded before Flop
Seat 3: Sadyhov V.V. (big blind) folded before Flop
Seat 4: IREQO folded before Flop (didn't bet)
Seat 5: stevoooo34 folded before Flop (didn't bet)
Seat 6: v1lo4ka (button) collected ($3.50)



PokerStars Hand #254438487464:  Hold'em No Limit ($0.50/$1.00 USD) - 2025/01/18 21:59:31 WET [2025/01/18 16:59:31 ET]
Table 'Misenus IV' 6-max Seat #1 is the button
Seat 2: ptolejmus ($10 in chips) is sitting out
Seat 1: kris4ana94111 ($38.80 in chips) 
Seat 3: Sadyhov V.V. ($100 in chips) 
Seat 4: IREQO ($100 in chips) 
Seat 5: stevoooo34 ($13.47 in chips) 
Seat 6: v1lo4ka ($121.08 in chips) 
Sadyhov V.V.: posts small blind $0.50
IREQO: posts big blind $1
*** HOLE CARDS ***
stevoooo34: calls $1
v1lo4ka: folds 
kris4ana94111: raises $2 to $3
Sadyhov V.V.: folds 
IREQO: folds 
stevoooo34: calls $2
*** FLOP *** [As 6d 5d]
stevoooo34: checks 
kris4ana94111: bets $4
stevoooo34: folds 
Uncalled bet ($4) returned to kris4ana94111
kris4ana94111 collected $7.12 from pot
*** SUMMARY ***
Total pot $7.50 | Rake $0.38 
Board [As 6d 5d]
Seat 2: ptolejmus
Seat 1: kris4ana94111 (button) collected ($7.12)
Seat 3: Sadyhov V.V. (small blind) folded before Flop
Seat 4: IREQO (big blind) folded before Flop
Seat 5: stevoooo34 folded on the Flop
Seat 6: v1lo4ka folded before Flop (didn't bet)



PokerStars Hand #254438497599:  Hold'em No Limit ($0.50/$1.00 USD) - 2025/01/18 22:00:19 WET [2025/01/18 17:00:19 ET]
Table 'Misenus IV' 6-max Seat #3 is the button
Seat 2: ptolejmus ($10 in chips) is sitting out
Seat 1: kris4ana94111 ($42.92 in chips) 
Seat 3: Sadyhov V.V. ($100 in chips) 
Seat 4: IREQO ($100 in chips) 
Seat 5: stevoooo34 ($10.47 in chips) 
Seat 6: v1lo4ka ($121.08 in chips) 
IREQO: posts small blind $0.50
stevoooo34: posts big blind $1
*** HOLE CARDS ***
v1lo4ka: folds 
kris4ana94111: folds 
Sadyhov V.V.: folds 
IREQO: folds 
Uncalled bet ($0.50) returned to stevoooo34
stevoooo34 collected $1 from pot
*** SUMMARY ***
Total pot $1 | Rake $0 
Seat 2: ptolejmus
Seat 1: kris4ana94111 folded before Flop (didn't bet)
Seat 3: Sadyhov V.V. (button) folded before Flop (didn't bet)
Seat 4: IREQO (small blind) folded before Flop
Seat 5: stevoooo34 (big blind) collected ($1)
Seat 6: v1lo4ka folded before Flop (didn't bet)



PokerStars Hand #254438501039:  Hold'em No Limit ($0.50/$1.00 USD) - 2025/01/18 22:00:34 WET [2025/01/18 17:00:34 ET]
Table 'Misenus IV' 6-max Seat #4 is the button
Seat 2: ptolejmus ($10 in chips) is sitting out
Seat 1: kris4ana94111 ($42.92 in chips) 
Seat 3: Sadyhov V.V. ($100 in chips) 
Seat 4: IREQO ($100 in chips) 
Seat 5: stevoooo34 ($10.97 in chips) 
Seat 6: v1lo4ka ($121.08 in chips) 
stevoooo34: posts small blind $0.50
v1lo4ka: posts big blind $1
*** HOLE CARDS ***
kris4ana94111: calls $1
Sadyhov V.V.: folds 
IREQO: raises $3 to $4
stevoooo34: folds 
v1lo4ka: folds 
kris4ana94111: calls $3
*** FLOP *** [2s Qd 4h]
kris4ana94111: checks 
IREQO: bets $2.98
kris4ana94111: calls $2.98
*** TURN *** [2s Qd 4h] [Kc]
kris4ana94111: checks 
IREQO: bets $11
kris4ana94111: folds 
Uncalled bet ($11) returned to IREQO
IREQO collected $14.69 from pot
IREQO: doesn't show hand 
*** SUMMARY ***
Total pot $15.46 | Rake $0.77 
Board [2s Qd 4h Kc]
Seat 2: ptolejmus
Seat 1: kris4ana94111 folded on the Turn
Seat 3: Sadyhov V.V. folded before Flop (didn't bet)
Seat 4: IREQO (button) collected ($14.69)
Seat 5: stevoooo34 (small blind) folded before Flop
Seat 6: v1lo4ka (big blind) folded before Flop



PokerStars Hand #254438514813:  Hold'em No Limit ($0.50/$1.00 USD) - 2025/01/18 22:01:30 WET [2025/01/18 17:01:30 ET]
Table 'Misenus IV' 6-max Seat #5 is the button
Seat 2: ptolejmus ($10 in chips) is sitting out
Seat 1: kris4ana94111 ($35.94 in chips) 
Seat 3: Sadyhov V.V. ($100 in chips) 
Seat 4: IREQO ($107.71 in chips) 
Seat 5: stevoooo34 ($10.47 in chips) 
Seat 6: v1lo4ka ($120.08 in chips) 
v1lo4ka: posts small blind $0.50
kris4ana94111: posts big blind $1
*** HOLE CARDS ***
Sadyhov V.V.: folds 
IREQO: raises $1.50 to $2.50
stevoooo34: folds 
v1lo4ka: folds 
kris4ana94111: raises $33.44 to $35.94 and is all-in
IREQO: folds 
Uncalled bet ($33.44) returned to kris4ana94111
kris4ana94111 collected $5.50 from pot
*** SUMMARY ***
Total pot $5.50 | Rake $0 
Seat 2: ptolejmus
Seat 1: kris4ana94111 (big blind) collected ($5.50)
Seat 3: Sadyhov V.V. folded before Flop (didn't bet)
Seat 4: IREQO folded before Flop
Seat 5: stevoooo34 (button) folded before Flop (didn't bet)
Seat 6: v1lo4ka (small blind) folded before Flop



PokerStars Hand #254438523969:  Hold'em No Limit ($0.50/$1.00 USD) - 2025/01/18 22:02:02 WET [2025/01/18 17:02:02 ET]
Table 'Misenus IV' 6-max Seat #6 is the button
Seat 2: ptolejmus ($10 in chips) is sitting out
Seat 1: kris4ana94111 ($38.94 in chips) 
Seat 3: Sadyhov V.V. ($100 in chips) 
Seat 4: IREQO ($105.21 in chips) 
Seat 5: stevoooo34 ($10.47 in chips) 
Seat 6: v1lo4ka ($119.58 in chips) 
kris4ana94111: posts small blind $0.50
Sadyhov V.V.: posts big blind $1
*** HOLE CARDS ***
IREQO: folds 
stevoooo34: folds 
v1lo4ka: raises $1.20 to $2.20
kris4ana94111: folds 
Sadyhov V.V.: folds 
Uncalled bet ($1.20) returned to v1lo4ka
v1lo4ka collected $2.50 from pot
v1lo4ka: doesn't show hand 
*** SUMMARY ***
Total pot $2.50 | Rake $0 
Seat 2: ptolejmus
Seat 1: kris4ana94111 (small blind) folded before Flop
Seat 3: Sadyhov V.V. (big blind) folded before Flop
Seat 4: IREQO folded before Flop (didn't bet)
Seat 5: stevoooo34 folded before Flop (didn't bet)
Seat 6: v1lo4ka (button) collected ($2.50)



PokerStars Hand #254438528665:  Hold'em No Limit ($0.50/$1.00 USD) - 2025/01/18 22:02:18 WET [2025/01/18 17:02:18 ET]
Table 'Misenus IV' 6-max Seat #1 is the button
Seat 2: ptolejmus ($10 in chips) is sitting out
Seat 1: kris4ana94111 ($38.44 in chips) 
Seat 3: Sadyhov V.V. ($100 in chips) 
Seat 4: IREQO ($105.21 in chips) 
Seat 5: stevoooo34 ($10.47 in chips) 
Seat 6: v1lo4ka ($121.08 in chips) 
Sadyhov V.V.: posts small blind $0.50
IREQO: posts big blind $1
*** HOLE CARDS ***
stevoooo34: folds 
v1lo4ka: folds 
kris4ana94111: raises $2 to $3
Sadyhov V.V.: folds 
IREQO: folds 
Uncalled bet ($2) returned to kris4ana94111
kris4ana94111 collected $2.50 from pot
ptolejmus leaves the table
*** SUMMARY ***
Total pot $2.50 | Rake $0 
Seat 2: ptolejmus
Seat 1: kris4ana94111 (button) collected ($2.50)
Seat 3: Sadyhov V.V. (small blind) folded before Flop
Seat 4: IREQO (big blind) folded before Flop
Seat 5: stevoooo34 folded before Flop (didn't bet)
Seat 6: v1lo4ka folded before Flop (didn't bet)



PokerStars Hand #254438533446:  Hold'em No Limit ($0.50/$1.00 USD) - 2025/01/18 22:02:36 WET [2025/01/18 17:02:36 ET]
Table 'Misenus IV' 6-max Seat #3 is the button
Seat 1: kris4ana94111 ($39.94 in chips) 
Seat 3: Sadyhov V.V. ($100 in chips) 
Seat 4: IREQO ($104.21 in chips) 
Seat 5: stevoooo34 ($10.47 in chips) 
Seat 6: v1lo4ka ($121.08 in chips) 
IREQO: posts small blind $0.50
stevoooo34: posts big blind $1
*** HOLE CARDS ***
v1lo4ka: folds 
kris4ana94111: folds 
Sadyhov V.V.: folds 
IREQO: raises $1.50 to $2.50
stevoooo34: folds 
Uncalled bet ($1.50) returned to IREQO
IREQO collected $2 from pot
IREQO: doesn't show hand 
BGS013 joins the table at seat #2 
*** SUMMARY ***
Total pot $2 | Rake $0 
Seat 1: kris4ana94111 folded before Flop (didn't bet)
Seat 3: Sadyhov V.V. (button) folded before Flop (didn't bet)
Seat 4: IREQO (small blind) collected ($2)
Seat 5: stevoooo34 (big blind) folded before Flop
Seat 6: v1lo4ka folded before Flop (didn't bet)



PokerStars Hand #254438540071:  Hold'em No Limit ($0.50/$1.00 USD) - 2025/01/18 22:02:59 WET [2025/01/18 17:02:59 ET]
Table 'Misenus IV' 6-max Seat #4 is the button
Seat 1: kris4ana94111 ($39.94 in chips) 
Seat 2: BGS013 ($100 in chips) 
Seat 3: Sadyhov V.V. ($100 in chips) 
Seat 4: IREQO ($105.21 in chips) 
Seat 5: stevoooo34 ($9.47 in chips) 
Seat 6: v1lo4ka ($121.08 in chips) 
stevoooo34: posts small blind $0.50
v1lo4ka: posts big blind $1
BGS013 is connected 
BGS013: posts big blind $1
*** HOLE CARDS ***
kris4ana94111: folds 
BGS013: checks 
Sadyhov V.V.: folds 
IREQO: folds 
stevoooo34: folds 
v1lo4ka: raises $5 to $6
BGS013: folds 
Uncalled bet ($5) returned to v1lo4ka
v1lo4ka collected $2.50 from pot
v1lo4ka: doesn't show hand 
*** SUMMARY ***
Total pot $2.50 | Rake $0 
Seat 1: kris4ana94111 folded before Flop (didn't bet)
Seat 2: BGS013 folded before Flop (didn't bet)
Seat 3: Sadyhov V.V. folded before Flop (didn't bet)
Seat 4: IREQO (button) folded before Flop (didn't bet)
Seat 5: stevoooo34 (small blind) folded before Flop
Seat 6: v1lo4ka (big blind) collected ($2.50)



PokerStars Hand #254438553768:  Hold'em No Limit ($0.50/$1.00 USD) - 2025/01/18 22:03:45 WET [2025/01/18 17:03:45 ET]
Table 'Misenus IV' 6-max Seat #5 is the button
Seat 1: kris4ana94111 ($39.94 in chips) 
Seat 2: BGS013 ($100 in chips) 
Seat 3: Sadyhov V.V. ($100 in chips) 
Seat 4: IREQO ($105.21 in chips) 
Seat 5: stevoooo34 ($8.97 in chips) 
Seat 6: v1lo4ka ($122.58 in chips) 
v1lo4ka: posts small blind $0.50
kris4ana94111: posts big blind $1
*** HOLE CARDS ***
BGS013: folds 
Sadyhov V.V.: folds 
IREQO: folds 
stevoooo34: folds 
v1lo4ka: folds 
Uncalled bet ($0.50) returned to kris4ana94111
kris4ana94111 collected $1 from pot
*** SUMMARY ***
Total pot $1 | Rake $0 
Seat 1: kris4ana94111 (big blind) collected ($1)
Seat 2: BGS013 folded before Flop (didn't bet)
Seat 3: Sadyhov V.V. folded before Flop (didn't bet)
Seat 4: IREQO folded before Flop (didn't bet)
Seat 5: stevoooo34 (button) folded before Flop (didn't bet)
Seat 6: v1lo4ka (small blind) folded before Flop



PokerStars Hand #254438559080:  Hold'em No Limit ($0.50/$1.00 USD) - 2025/01/18 22:04:03 WET [2025/01/18 17:04:03 ET]
Table 'Misenus IV' 6-max Seat #6 is the button
Seat 1: kris4ana94111 ($40.44 in chips) 
Seat 2: BGS013 ($100 in chips) 
Seat 3: Sadyhov V.V. ($100 in chips) 
Seat 4: IREQO ($105.21 in chips) 
Seat 5: stevoooo34 ($8.97 in chips) 
Seat 6: v1lo4ka ($122.08 in chips) 
kris4ana94111: posts small blind $0.50
BGS013: posts big blind $1
*** HOLE CARDS ***
Sadyhov V.V.: folds 
IREQO: folds 
stevoooo34: folds 
v1lo4ka: folds 
kris4ana94111: calls $0.50
BGS013: checks 
*** FLOP *** [Js Ts Kh]
kris4ana94111: bets $1
BGS013: calls $1
*** TURN *** [Js Ts Kh] [2h]
kris4ana94111: bets $2
BGS013: folds 
Uncalled bet ($2) returned to kris4ana94111
kris4ana94111 collected $3.80 from pot
*** SUMMARY ***
Total pot $4 | Rake $0.20 
Board [Js Ts Kh 2h]
Seat 1: kris4ana94111 (small blind) collected ($3.80)
Seat 2: BGS013 (big blind) folded on the Turn
Seat 3: Sadyhov V.V. folded before Flop (didn't bet)
Seat 4: IREQO folded before Flop (didn't bet)
Seat 5: stevoooo34 folded before Flop (didn't bet)
Seat 6: v1lo4ka (button) folded before Flop (didn't bet)



PokerStars Hand #254438568162:  Hold'em No Limit ($0.50/$1.00 USD) - 2025/01/18 22:04:34 WET [2025/01/18 17:04:34 ET]
Table 'Misenus IV' 6-max Seat #1 is the button
Seat 1: kris4ana94111 ($42.24 in chips) 
Seat 2: BGS013 ($100 in chips) 
Seat 3: Sadyhov V.V. ($100 in chips) 
Seat 4: IREQO ($105.21 in chips) 
Seat 5: stevoooo34 ($8.97 in chips) 
Seat 6: v1lo4ka ($122.08 in chips) 
BGS013: posts small blind $0.50
Sadyhov V.V.: posts big blind $1
*** HOLE CARDS ***
IREQO: folds 
stevoooo34: folds 
v1lo4ka: folds 
kris4ana94111: raises $2 to $3
BGS013: folds 
Sadyhov V.V.: calls $2
*** FLOP *** [Jh 6h 3h]
Sadyhov V.V.: checks 
kris4ana94111: bets $3
Sadyhov V.V.: folds 
Uncalled bet ($3) returned to kris4ana94111
kris4ana94111 collected $6.18 from pot
*** SUMMARY ***
Total pot $6.50 | Rake $0.32 
Board [Jh 6h 3h]
Seat 1: kris4ana94111 (button) collected ($6.18)
Seat 2: BGS013 (small blind) folded before Flop
Seat 3: Sadyhov V.V. (big blind) folded on the Flop
Seat 4: IREQO folded before Flop (didn't bet)
Seat 5: stevoooo34 folded before Flop (didn't bet)
Seat 6: v1lo4ka folded before Flop (didn't bet)



PokerStars Hand #254438575975:  Hold'em No Limit ($0.50/$1.00 USD) - 2025/01/18 22:05:00 WET [2025/01/18 17:05:00 ET]
Table 'Misenus IV' 6-max Seat #2 is the button
Seat 1: kris4ana94111 ($45.42 in chips) 
Seat 2: BGS013 ($100 in chips) 
Seat 3: Sadyhov V.V. ($100 in chips) 
Seat 4: IREQO ($105.21 in chips) 
Seat 5: stevoooo34 ($8.97 in chips) 
Seat 6: v1lo4ka ($122.08 in chips) 
Sadyhov V.V.: posts small blind $0.50
IREQO: posts big blind $1
*** HOLE CARDS ***
stevoooo34: folds 
v1lo4ka: folds 
kris4ana94111: raises $2 to $3
BGS013: folds 
Sadyhov V.V.: folds 
IREQO: folds 
Uncalled bet ($2) returned to kris4ana94111
kris4ana94111 collected $2.50 from pot
*** SUMMARY ***
Total pot $2.50 | Rake $0 
Seat 1: kris4ana94111 collected ($2.50)
Seat 2: BGS013 (button) folded before Flop (didn't bet)
Seat 3: Sadyhov V.V. (small blind) folded before Flop
Seat 4: IREQO (big blind) folded before Flop
Seat 5: stevoooo34 folded before Flop (didn't bet)
Seat 6: v1lo4ka folded before Flop (didn't bet)



PokerStars Hand #254438581363:  Hold'em No Limit ($0.50/$1.00 USD) - 2025/01/18 22:05:18 WET [2025/01/18 17:05:18 ET]
Table 'Misenus IV' 6-max Seat #3 is the button
Seat 1: kris4ana94111 ($46.92 in chips) 
Seat 2: BGS013 ($100 in chips) 
Seat 3: Sadyhov V.V. ($100 in chips) 
Seat 4: IREQO ($104.21 in chips) 
Seat 5: stevoooo34 ($8.97 in chips) 
Seat 6: v1lo4ka ($122.08 in chips) 
IREQO: posts small blind $0.50
stevoooo34: posts big blind $1
*** HOLE CARDS ***
v1lo4ka: folds 
kris4ana94111: raises $2 to $3
BGS013: folds 
Sadyhov V.V.: folds 
IREQO: folds 
stevoooo34: calls $2
*** FLOP *** [Kc Th 7d]
stevoooo34: bets $5.97 and is all-in
kris4ana94111: folds 
Uncalled bet ($5.97) returned to stevoooo34
stevoooo34 collected $6.18 from pot
*** SUMMARY ***
Total pot $6.50 | Rake $0.32 
Board [Kc Th 7d]
Seat 1: kris4ana94111 folded on the Flop
Seat 2: BGS013 folded before Flop (didn't bet)
Seat 3: Sadyhov V.V. (button) folded before Flop (didn't bet)
Seat 4: IREQO (small blind) folded before Flop
Seat 5: stevoooo34 (big blind) collected ($6.18)
Seat 6: v1lo4ka folded before Flop (didn't bet)



PokerStars Hand #254438588954:  Hold'em No Limit ($0.50/$1.00 USD) - 2025/01/18 22:05:44 WET [2025/01/18 17:05:44 ET]
Table 'Misenus IV' 6-max Seat #4 is the button
Seat 1: kris4ana94111 ($43.92 in chips) 
Seat 2: BGS013 ($100 in chips) 
Seat 3: Sadyhov V.V. ($100 in chips) 
Seat 4: IREQO ($103.71 in chips) 
Seat 5: stevoooo34 ($12.15 in chips) 
Seat 6: v1lo4ka ($122.08 in chips) 
stevoooo34: posts small blind $0.50
v1lo4ka: posts big blind $1
*** HOLE CARDS ***
kris4ana94111: folds 
BGS013: folds 
Sadyhov V.V.: folds 
IREQO: raises $1.50 to $2.50
stevoooo34: folds 
v1lo4ka: folds 
Uncalled bet ($1.50) returned to IREQO
IREQO collected $2.50 from pot
IREQO: doesn't show hand 
*** SUMMARY ***
Total pot $2.50 | Rake $0 
Seat 1: kris4ana94111 folded before Flop (didn't bet)
Seat 2: BGS013 folded before Flop (didn't bet)
Seat 3: Sadyhov V.V. folded before Flop (didn't bet)
Seat 4: IREQO (button) collected ($2.50)
Seat 5: stevoooo34 (small blind) folded before Flop
Seat 6: v1lo4ka (big blind) folded before Flop



PokerStars Hand #254438595400:  Hold'em No Limit ($0.50/$1.00 USD) - 2025/01/18 22:06:06 WET [2025/01/18 17:06:06 ET]
Table 'Misenus IV' 6-max Seat #5 is the button
Seat 1: kris4ana94111 ($43.92 in chips) 
Seat 2: BGS013 ($100 in chips) 
Seat 3: Sadyhov V.V. ($100 in chips) 
Seat 4: IREQO ($105.21 in chips) 
Seat 5: stevoooo34 ($11.65 in chips) 
Seat 6: v1lo4ka ($121.08 in chips) 
v1lo4ka: posts small blind $0.50
kris4ana94111: posts big blind $1
*** HOLE CARDS ***
BGS013: folds 
Sadyhov V.V.: folds 
IREQO: folds 
stevoooo34: folds 
v1lo4ka: folds 
Uncalled bet ($0.50) returned to kris4ana94111
kris4ana94111 collected $1 from pot
*** SUMMARY ***
Total pot $1 | Rake $0 
Seat 1: kris4ana94111 (big blind) collected ($1)
Seat 2: BGS013 folded before Flop (didn't bet)
Seat 3: Sadyhov V.V. folded before Flop (didn't bet)
Seat 4: IREQO folded before Flop (didn't bet)
Seat 5: stevoooo34 (button) folded before Flop (didn't bet)
Seat 6: v1lo4ka (small blind) folded before Flop



PokerStars Hand #254438599339:  Hold'em No Limit ($0.50/$1.00 USD) - 2025/01/18 22:06:19 WET [2025/01/18 17:06:19 ET]
Table 'Misenus IV' 6-max Seat #6 is the button
Seat 1: kris4ana94111 ($44.42 in chips) 
Seat 2: BGS013 ($100 in chips) 
Seat 3: Sadyhov V.V. ($100 in chips) 
Seat 4: IREQO ($105.21 in chips) 
Seat 5: stevoooo34 ($11.65 in chips) 
Seat 6: v1lo4ka ($120.58 in chips) 
kris4ana94111: posts small blind $0.50
BGS013: posts big blind $1
*** HOLE CARDS ***
Sadyhov V.V.: folds 
IREQO: folds 
stevoooo34: folds 
v1lo4ka: raises $1.20 to $2.20
kris4ana94111: calls $1.70
BGS013: folds 
*** FLOP *** [2s Qc Ac]
kris4ana94111: checks 
v1lo4ka: bets $1.69
kris4ana94111: calls $1.69
*** TURN *** [2s Qc Ac] [3d]
kris4ana94111: checks 
v1lo4ka: checks 
*** RIVER *** [2s Qc Ac 3d] [Jc]
kris4ana94111: checks 
v1lo4ka: bets $4.25
kris4ana94111: calls $4.25
*** SHOW DOWN ***
v1lo4ka: shows [Qh Kc] (a pair of Queens)
kris4ana94111: shows [As 4h] (a pair of Aces)
kris4ana94111 collected $16.42 from pot
*** SUMMARY ***
Total pot $17.28 | Rake $0.86 
Board [2s Qc Ac 3d Jc]
Seat 1: kris4ana94111 (small blind) showed [As 4h] and won ($16.42) with a pair of Aces
Seat 2: BGS013 (big blind) folded before Flop
Seat 3: Sadyhov V.V. folded before Flop (didn't bet)
Seat 4: IREQO folded before Flop (didn't bet)
Seat 5: stevoooo34 folded before Flop (didn't bet)
Seat 6: v1lo4ka (button) showed [Qh Kc] and lost with a pair of Queens



PokerStars Hand #254438616714:  Hold'em No Limit ($0.50/$1.00 USD) - 2025/01/18 22:07:18 WET [2025/01/18 17:07:18 ET]
Table 'Misenus IV' 6-max Seat #1 is the button
Seat 1: kris4ana94111 ($52.70 in chips) 
Seat 2: BGS013 ($100 in chips) 
Seat 3: Sadyhov V.V. ($100 in chips) 
Seat 4: IREQO ($105.21 in chips) 
Seat 5: stevoooo34 ($11.65 in chips) 
Seat 6: v1lo4ka ($112.44 in chips) 
BGS013: posts small blind $0.50
Sadyhov V.V.: posts big blind $1
*** HOLE CARDS ***
IREQO: folds 
stevoooo34: folds 
v1lo4ka: folds 
kris4ana94111: raises $2 to $3
BGS013: folds 
Sadyhov V.V.: calls $2
*** FLOP *** [9c Ad Kd]
Sadyhov V.V.: checks 
kris4ana94111: bets $3
Sadyhov V.V.: calls $3
*** TURN *** [9c Ad Kd] [4c]
Sadyhov V.V.: checks 
kris4ana94111: checks 
*** RIVER *** [9c Ad Kd 4c] [Ac]
Sadyhov V.V.: bets $3.92
kris4ana94111: raises $10.08 to $14
Sadyhov V.V.: calls $10.08
*** SHOW DOWN ***
kris4ana94111: shows [7c 5c] (a flush, Ace high)
Sadyhov V.V.: mucks hand 
kris4ana94111 collected $38.48 from pot
*** SUMMARY ***
Total pot $40.50 | Rake $2.02 
Board [9c Ad Kd 4c Ac]
Seat 1: kris4ana94111 (button) showed [7c 5c] and won ($38.48) with a flush, Ace high
Seat 2: BGS013 (small blind) folded before Flop
Seat 3: Sadyhov V.V. (big blind) mucked
Seat 4: IREQO folded before Flop (didn't bet)
Seat 5: stevoooo34 folded before Flop (didn't bet)
Seat 6: v1lo4ka folded before Flop (didn't bet)



PokerStars Hand #254438634064:  Hold'em No Limit ($0.50/$1.00 USD) - 2025/01/18 22:08:16 WET [2025/01/18 17:08:16 ET]
Table 'Misenus IV' 6-max Seat #2 is the button
Seat 1: kris4ana94111 ($71.18 in chips) 
Seat 2: BGS013 ($100 in chips) 
Seat 3: Sadyhov V.V. ($100 in chips) 
Seat 4: IREQO ($105.21 in chips) 
Seat 5: stevoooo34 ($11.65 in chips) 
Seat 6: v1lo4ka ($112.44 in chips) 
Sadyhov V.V.: posts small blind $0.50
IREQO: posts big blind $1
*** HOLE CARDS ***
stevoooo34: folds 
v1lo4ka: raises $1.50 to $2.50
kris4ana94111: folds 
BGS013: folds 
Sadyhov V.V.: folds 
IREQO: folds 
Uncalled bet ($1.50) returned to v1lo4ka
v1lo4ka collected $2.50 from pot
v1lo4ka: doesn't show hand 
*** SUMMARY ***
Total pot $2.50 | Rake $0 
Seat 1: kris4ana94111 folded before Flop (didn't bet)
Seat 2: BGS013 (button) folded before Flop (didn't bet)
Seat 3: Sadyhov V.V. (small blind) folded before Flop
Seat 4: IREQO (big blind) folded before Flop
Seat 5: stevoooo34 folded before Flop (didn't bet)
Seat 6: v1lo4ka collected ($2.50)



PokerStars Hand #254438638889:  Hold'em No Limit ($0.50/$1.00 USD) - 2025/01/18 22:08:33 WET [2025/01/18 17:08:33 ET]
Table 'Misenus IV' 6-max Seat #3 is the button
Seat 1: kris4ana94111 ($71.18 in chips) 
Seat 2: BGS013 ($100 in chips) 
Seat 3: Sadyhov V.V. ($100 in chips) 
Seat 4: IREQO ($104.21 in chips) 
Seat 5: stevoooo34 ($11.65 in chips) 
Seat 6: v1lo4ka ($113.94 in chips) 
IREQO: posts small blind $0.50
stevoooo34: posts big blind $1
*** HOLE CARDS ***
v1lo4ka: folds 
kris4ana94111: folds 
BGS013: raises $1.50 to $2.50
Sadyhov V.V.: folds 
IREQO: folds 
stevoooo34: folds 
Uncalled bet ($1.50) returned to BGS013
BGS013 collected $2.50 from pot
BGS013: doesn't show hand 
*** SUMMARY ***
Total pot $2.50 | Rake $0 
Seat 1: kris4ana94111 folded before Flop (didn't bet)
Seat 2: BGS013 collected ($2.50)
Seat 3: Sadyhov V.V. (button) folded before Flop (didn't bet)
Seat 4: IREQO (small blind) folded before Flop
Seat 5: stevoooo34 (big blind) folded before Flop
Seat 6: v1lo4ka folded before Flop (didn't bet)



PokerStars Hand #254438643815:  Hold'em No Limit ($0.50/$1.00 USD) - 2025/01/18 22:08:49 WET [2025/01/18 17:08:49 ET]
Table 'Misenus IV' 6-max Seat #4 is the button
Seat 1: kris4ana94111 ($71.18 in chips) 
Seat 2: BGS013 ($101.50 in chips) 
Seat 3: Sadyhov V.V. ($100 in chips) 
Seat 4: IREQO ($103.71 in chips) 
Seat 5: stevoooo34 ($10.65 in chips) 
Seat 6: v1lo4ka ($113.94 in chips) 
stevoooo34: posts small blind $0.50
v1lo4ka: posts big blind $1
*** HOLE CARDS ***
kris4ana94111: folds 
BGS013: folds 
Sadyhov V.V.: raises $1.50 to $2.50
IREQO: folds 
stevoooo34: folds 
v1lo4ka: folds 
Uncalled bet ($1.50) returned to Sadyhov V.V.
Sadyhov V.V. collected $2.50 from pot
Sadyhov V.V.: doesn't show hand 
*** SUMMARY ***
Total pot $2.50 | Rake $0 
Seat 1: kris4ana94111 folded before Flop (didn't bet)
Seat 2: BGS013 folded before Flop (didn't bet)
Seat 3: Sadyhov V.V. collected ($2.50)
Seat 4: IREQO (button) folded before Flop (didn't bet)
Seat 5: stevoooo34 (small blind) folded before Flop
Seat 6: v1lo4ka (big blind) folded before Flop



PokerStars Hand #254438650045:  Hold'em No Limit ($0.50/$1.00 USD) - 2025/01/18 22:09:10 WET [2025/01/18 17:09:10 ET]
Table 'Misenus IV' 6-max Seat #5 is the button
Seat 1: kris4ana94111 ($71.18 in chips) 
Seat 2: BGS013 ($101.50 in chips) 
Seat 3: Sadyhov V.V. ($101.50 in chips) 
Seat 4: IREQO ($103.71 in chips) 
Seat 5: stevoooo34 ($10.15 in chips) 
Seat 6: v1lo4ka ($112.94 in chips) 
v1lo4ka: posts small blind $0.50
kris4ana94111: posts big blind $1
*** HOLE CARDS ***
BGS013: folds 
BGS013 leaves the table
Sadyhov V.V.: folds 
Gaita_toien joins the table at seat #2 
IREQO: raises $1.50 to $2.50
stevoooo34: folds 
v1lo4ka: folds 
kris4ana94111: calls $1.50
*** FLOP *** [Tc Jd Js]
kris4ana94111: checks 
IREQO: bets $1.72
kris4ana94111: calls $1.72
*** TURN *** [Tc Jd Js] [Ah]
kris4ana94111: checks 
IREQO: bets $7
kris4ana94111: folds 
Uncalled bet ($7) returned to IREQO
IREQO collected $8.49 from pot
IREQO: doesn't show hand 
*** SUMMARY ***
Total pot $8.94 | Rake $0.45 
Board [Tc Jd Js Ah]
Seat 1: kris4ana94111 (big blind) folded on the Turn
Seat 2: BGS013 folded before Flop (didn't bet)
Seat 3: Sadyhov V.V. folded before Flop (didn't bet)
Seat 4: IREQO collected ($8.49)
Seat 5: stevoooo34 (button) folded before Flop (didn't bet)
Seat 6: v1lo4ka (small blind) folded before Flop



PokerStars Hand #254438667414:  Hold'em No Limit ($0.50/$1.00 USD) - 2025/01/18 22:10:10 WET [2025/01/18 17:10:10 ET]
Table 'Misenus IV' 6-max Seat #6 is the button
Seat 1: kris4ana94111 ($66.96 in chips) 
Seat 2: Gaita_toien ($100 in chips) 
Seat 3: Sadyhov V.V. ($101.50 in chips) 
Seat 4: IREQO ($107.98 in chips) 
Seat 5: stevoooo34 ($10.15 in chips) 
Seat 6: v1lo4ka ($112.44 in chips) 
kris4ana94111: posts small blind $0.50
Gaita_toien: posts big blind $1
*** HOLE CARDS ***
Sadyhov V.V.: folds 
IREQO: folds 
stevoooo34: calls $1
v1lo4ka: folds 
kris4ana94111: calls $0.50
Gaita_toien: raises $4 to $5
stevoooo34: folds 
kris4ana94111: calls $4
*** FLOP *** [9s Ah 6h]
kris4ana94111: checks 
Gaita_toien: checks 
*** TURN *** [9s Ah 6h] [4h]
kris4ana94111: bets $4
Gaita_toien: folds 
Uncalled bet ($4) returned to kris4ana94111
kris4ana94111 collected $10.45 from pot
*** SUMMARY ***
Total pot $11 | Rake $0.55 
Board [9s Ah 6h 4h]
Seat 1: kris4ana94111 (small blind) collected ($10.45)
Seat 2: Gaita_toien (big blind) folded on the Turn
Seat 3: Sadyhov V.V. folded before Flop (didn't bet)
Seat 4: IREQO folded before Flop (didn't bet)
Seat 5: stevoooo34 folded before Flop
Seat 6: v1lo4ka (button) folded before Flop (didn't bet)



PokerStars Hand #254438680620:  Hold'em No Limit ($0.50/$1.00 USD) - 2025/01/18 22:10:54 WET [2025/01/18 17:10:54 ET]
Table 'Misenus IV' 6-max Seat #1 is the button
Seat 1: kris4ana94111 ($72.41 in chips) 
Seat 2: Gaita_toien ($100 in chips) 
Seat 3: Sadyhov V.V. ($101.50 in chips) 
Seat 4: IREQO ($107.98 in chips) 
Seat 5: stevoooo34 ($9.15 in chips) 
Seat 6: v1lo4ka ($112.44 in chips) 
Gaita_toien: posts small blind $0.50
Sadyhov V.V.: posts big blind $1
*** HOLE CARDS ***
IREQO: folds 
stevoooo34: calls $1
v1lo4ka: folds 
kris4ana94111: folds 
Gaita_toien: folds 
Sadyhov V.V.: checks 
*** FLOP *** [Ad 4c 4h]
Sadyhov V.V.: checks 
stevoooo34: checks 
*** TURN *** [Ad 4c 4h] [5d]
Sadyhov V.V.: bets $1
stevoooo34: folds 
Uncalled bet ($1) returned to Sadyhov V.V.
Sadyhov V.V. collected $2.38 from pot
Sadyhov V.V.: doesn't show hand 
*** SUMMARY ***
Total pot $2.50 | Rake $0.12 
Board [Ad 4c 4h 5d]
Seat 1: kris4ana94111 (button) folded before Flop (didn't bet)
Seat 2: Gaita_toien (small blind) folded before Flop
Seat 3: Sadyhov V.V. (big blind) collected ($2.38)
Seat 4: IREQO folded before Flop (didn't bet)
Seat 5: stevoooo34 folded on the Turn
Seat 6: v1lo4ka folded before Flop (didn't bet)



PokerStars Hand #254438692170:  Hold'em No Limit ($0.50/$1.00 USD) - 2025/01/18 22:11:34 WET [2025/01/18 17:11:34 ET]
Table 'Misenus IV' 6-max Seat #2 is the button
Seat 1: kris4ana94111 ($72.41 in chips) 
Seat 2: Gaita_toien ($100 in chips) 
Seat 3: Sadyhov V.V. ($102.88 in chips) 
Seat 4: IREQO ($107.98 in chips) 
Seat 5: stevoooo34 ($8.15 in chips) 
Seat 6: v1lo4ka ($112.44 in chips) 
Sadyhov V.V.: posts small blind $0.50
IREQO: posts big blind $1
*** HOLE CARDS ***
stevoooo34: calls $1
v1lo4ka: folds 
kris4ana94111: calls $1
Gaita_toien: folds 
Sadyhov V.V.: calls $0.50
IREQO: checks 
*** FLOP *** [Ac Js Ks]
Sadyhov V.V.: checks 
IREQO: checks 
stevoooo34: checks 
kris4ana94111: bets $2
Sadyhov V.V.: folds 
IREQO: folds 
stevoooo34: folds 
Uncalled bet ($2) returned to kris4ana94111
kris4ana94111 collected $3.80 from pot
*** SUMMARY ***
Total pot $4 | Rake $0.20 
Board [Ac Js Ks]
Seat 1: kris4ana94111 collected ($3.80)
Seat 2: Gaita_toien (button) folded before Flop (didn't bet)
Seat 3: Sadyhov V.V. (small blind) folded on the Flop
Seat 4: IREQO (big blind) folded on the Flop
Seat 5: stevoooo34 folded on the Flop
Seat 6: v1lo4ka folded before Flop (didn't bet)



PokerStars Hand #254438702998:  Hold'em No Limit ($0.50/$1.00 USD) - 2025/01/18 22:12:11 WET [2025/01/18 17:12:11 ET]
Table 'Misenus IV' 6-max Seat #3 is the button
Seat 1: kris4ana94111 ($75.21 in chips) 
Seat 2: Gaita_toien ($100 in chips) 
Seat 3: Sadyhov V.V. ($101.88 in chips) 
Seat 4: IREQO ($106.98 in chips) 
Seat 5: stevoooo34 ($7.15 in chips) 
Seat 6: v1lo4ka ($112.44 in chips) 
IREQO: posts small blind $0.50
stevoooo34: posts big blind $1
*** HOLE CARDS ***
v1lo4ka: folds 
kris4ana94111: folds 
Gaita_toien: raises $1.20 to $2.20
Sadyhov V.V.: folds 
IREQO: folds 
stevoooo34: folds 
Uncalled bet ($1.20) returned to Gaita_toien
Gaita_toien collected $2.50 from pot
Gaita_toien: doesn't show hand 
*** SUMMARY ***
Total pot $2.50 | Rake $0 
Seat 1: kris4ana94111 folded before Flop (didn't bet)
Seat 2: Gaita_toien collected ($2.50)
Seat 3: Sadyhov V.V. (button) folded before Flop (didn't bet)
Seat 4: IREQO (small blind) folded before Flop
Seat 5: stevoooo34 (big blind) folded before Flop
Seat 6: v1lo4ka folded before Flop (didn't bet)



PokerStars Hand #254438708221:  Hold'em No Limit ($0.50/$1.00 USD) - 2025/01/18 22:12:28 WET [2025/01/18 17:12:28 ET]
Table 'Misenus IV' 6-max Seat #4 is the button
Seat 1: kris4ana94111 ($75.21 in chips) 
Seat 2: Gaita_toien ($101.50 in chips) 
Seat 3: Sadyhov V.V. ($101.88 in chips) 
Seat 4: IREQO ($106.48 in chips) 
Seat 5: stevoooo34 ($6.15 in chips) 
Seat 6: v1lo4ka ($112.44 in chips) 
stevoooo34: posts small blind $0.50
v1lo4ka: posts big blind $1
*** HOLE CARDS ***
kris4ana94111: raises $2 to $3
Gaita_toien: folds 
Sadyhov V.V.: folds 
IREQO: folds 
stevoooo34: folds 
v1lo4ka: calls $2
*** FLOP *** [Qs 6d 2d]
v1lo4ka: checks 
kris4ana94111: bets $3
v1lo4ka: calls $3
*** TURN *** [Qs 6d 2d] [Ts]
v1lo4ka: checks 
kris4ana94111: checks 
*** RIVER *** [Qs 6d 2d Ts] [3d]
v1lo4ka: bets $9.98
kris4ana94111: raises $59.23 to $69.21 and is all-in
v1lo4ka: calls $59.23
*** SHOW DOWN ***
kris4ana94111: shows [Ad Kd] (a flush, Ace high)
v1lo4ka: shows [4d 7d] (a flush, Seven high)
kris4ana94111 collected $148.42 from pot
*** SUMMARY ***
Total pot $150.92 | Rake $2.50 
Board [Qs 6d 2d Ts 3d]
Seat 1: kris4ana94111 showed [Ad Kd] and won ($148.42) with a flush, Ace high
Seat 2: Gaita_toien folded before Flop (didn't bet)
Seat 3: Sadyhov V.V. folded before Flop (didn't bet)
Seat 4: IREQO (button) folded before Flop (didn't bet)
Seat 5: stevoooo34 (small blind) folded before Flop
Seat 6: v1lo4ka (big blind) showed [4d 7d] and lost with a flush, Seven high



PokerStars Hand #254438724780:  Hold'em No Limit ($0.50/$1.00 USD) - 2025/01/18 22:13:25 WET [2025/01/18 17:13:25 ET]
Table 'Misenus IV' 6-max Seat #5 is the button
Seat 1: kris4ana94111 ($148.42 in chips) 
Seat 2: Gaita_toien ($101.50 in chips) 
Seat 3: Sadyhov V.V. ($101.88 in chips) 
Seat 4: IREQO ($106.48 in chips) 
Seat 5: stevoooo34 ($5.65 in chips) 
Seat 6: v1lo4ka ($100 in chips) 
v1lo4ka: posts small blind $0.50
kris4ana94111: posts big blind $1
*** HOLE CARDS ***
Gaita_toien: folds 
Sadyhov V.V.: folds 
IREQO: raises $1.50 to $2.50
stevoooo34: folds 
v1lo4ka: folds 
kris4ana94111: folds 
Uncalled bet ($1.50) returned to IREQO
IREQO collected $2.50 from pot
IREQO: doesn't show hand 
*** SUMMARY ***
Total pot $2.50 | Rake $0 
Seat 1: kris4ana94111 (big blind) folded before Flop
Seat 2: Gaita_toien folded before Flop (didn't bet)
Seat 3: Sadyhov V.V. folded before Flop (didn't bet)
Seat 4: IREQO collected ($2.50)
Seat 5: stevoooo34 (button) folded before Flop (didn't bet)
Seat 6: v1lo4ka (small blind) folded before Flop



PokerStars Hand #254438732362:  Hold'em No Limit ($0.50/$1.00 USD) - 2025/01/18 22:13:51 WET [2025/01/18 17:13:51 ET]
Table 'Misenus IV' 6-max Seat #6 is the button
Seat 1: kris4ana94111 ($147.42 in chips) 
Seat 2: Gaita_toien ($101.50 in chips) 
Seat 3: Sadyhov V.V. ($101.88 in chips) 
Seat 4: IREQO ($107.98 in chips) 
Seat 5: stevoooo34 ($5.65 in chips) 
Seat 6: v1lo4ka ($100 in chips) 
kris4ana94111: posts small blind $0.50
Gaita_toien: posts big blind $1
*** HOLE CARDS ***
Sadyhov V.V.: folds 
IREQO: folds 
stevoooo34: calls $1
v1lo4ka: raises $3 to $4
kris4ana94111: calls $3.50
Gaita_toien: calls $3
stevoooo34: raises $1.65 to $5.65 and is all-in
v1lo4ka: calls $1.65
kris4ana94111: calls $1.65
Gaita_toien: folds 
*** FLOP *** [8h Kd 3s]
kris4ana94111: checks 
v1lo4ka: checks 
*** TURN *** [8h Kd 3s] [9h]
kris4ana94111: checks 
v1lo4ka: checks 
*** RIVER *** [8h Kd 3s 9h] [6c]
kris4ana94111: checks 
v1lo4ka: checks 
*** SHOW DOWN ***
kris4ana94111: shows [2h 2s] (a pair of Deuces)
stevoooo34: mucks hand 
v1lo4ka: mucks hand 
kris4ana94111 collected $19.90 from pot
*** SUMMARY ***
Total pot $20.95 | Rake $1.05 
Board [8h Kd 3s 9h 6c]
Seat 1: kris4ana94111 (small blind) showed [2h 2s] and won ($19.90) with a pair of Deuces
Seat 2: Gaita_toien (big blind) folded before Flop
Seat 3: Sadyhov V.V. folded before Flop (didn't bet)
Seat 4: IREQO folded before Flop (didn't bet)
Seat 5: stevoooo34 mucked
Seat 6: v1lo4ka (button) mucked



PokerStars Hand #254438747144:  Hold'em No Limit ($0.50/$1.00 USD) - 2025/01/18 22:14:42 WET [2025/01/18 17:14:42 ET]
Table 'Misenus IV' 6-max Seat #1 is the button
Seat 5: stevoooo34 ($0 in chips) is sitting out
Seat 1: kris4ana94111 ($161.67 in chips) 
Seat 2: Gaita_toien ($100 in chips) 
Seat 3: Sadyhov V.V. ($101.88 in chips) 
Seat 4: IREQO ($107.98 in chips) 
Seat 6: v1lo4ka ($100 in chips) 
Gaita_toien: posts small blind $0.50
Sadyhov V.V.: posts big blind $1
*** HOLE CARDS ***
IREQO: folds 
v1lo4ka: raises $1.50 to $2.50
kris4ana94111: folds 
Gaita_toien: folds 
Sadyhov V.V.: folds 
Uncalled bet ($1.50) returned to v1lo4ka
v1lo4ka collected $2.50 from pot
v1lo4ka: doesn't show hand 
*** SUMMARY ***
Total pot $2.50 | Rake $0 
Seat 5: stevoooo34
Seat 1: kris4ana94111 (button) folded before Flop (didn't bet)
Seat 2: Gaita_toien (small blind) folded before Flop
Seat 3: Sadyhov V.V. (big blind) folded before Flop
Seat 4: IREQO folded before Flop (didn't bet)
Seat 6: v1lo4ka collected ($2.50)



PokerStars Hand #254438753412:  Hold'em No Limit ($0.50/$1.00 USD) - 2025/01/18 22:15:03 WET [2025/01/18 17:15:03 ET]
Table 'Misenus IV' 6-max Seat #2 is the button
Seat 5: stevoooo34 ($0 in chips) is sitting out
Seat 1: kris4ana94111 ($161.67 in chips) 
Seat 2: Gaita_toien ($100 in chips) 
Seat 3: Sadyhov V.V. ($100.88 in chips) 
Seat 4: IREQO ($107.98 in chips) 
Seat 6: v1lo4ka ($101.50 in chips) 
Sadyhov V.V.: posts small blind $0.50
IREQO: posts big blind $1
*** HOLE CARDS ***
v1lo4ka: folds 
kris4ana94111: folds 
Gaita_toien: folds 
Sadyhov V.V.: calls $0.50
kris4ana94111 leaves the table
IREQO: raises $4 to $5
Sadyhov V.V.: folds 
Uncalled bet ($4) returned to IREQO
IREQO collected $2 from pot
IREQO: doesn't show hand 
*** SUMMARY ***
Total pot $2 | Rake $0 
Seat 5: stevoooo34
Seat 1: kris4ana94111 folded before Flop (didn't bet)
Seat 2: Gaita_toien (button) folded before Flop (didn't bet)
Seat 3: Sadyhov V.V. (small blind) folded before Flop
Seat 4: IREQO (big blind) collected ($2)
Seat 6: v1lo4ka folded before Flop (didn't bet)



PokerStars Hand #254438762539:  Hold'em No Limit ($0.50/$1.00 USD) - 2025/01/18 22:15:34 WET [2025/01/18 17:15:34 ET]
Table 'Misenus IV' 6-max Seat #3 is the button
Seat 5: stevoooo34 ($0 in chips) is sitting out
Seat 6: v1lo4ka ($101.50 in chips) is sitting out
Seat 2: Gaita_toien ($100 in chips) 
Seat 3: Sadyhov V.V. ($100 in chips) 
Seat 4: IREQO ($108.98 in chips) 
IREQO: posts small blind $0.50
v1lo4ka: is sitting out 
Gaita_toien: posts big blind $1
*** HOLE CARDS ***
Sadyhov V.V.: folds 
IREQO: folds 
Uncalled bet ($0.50) returned to Gaita_toien
Gaita_toien collected $1 from pot
Gaita_toien: doesn't show hand 
*** SUMMARY ***
Total pot $1 | Rake $0 
Seat 5: stevoooo34
Seat 6: v1lo4ka
Seat 2: Gaita_toien (big blind) collected ($1)
Seat 3: Sadyhov V.V. (button) folded before Flop (didn't bet)
Seat 4: IREQO (small blind) folded before Flop



