PokerStars Hand #254534209790:  Hold'em No Limit ($0.50/$1.00 USD) - 2025/01/24 20:15:13 WET [2025/01/24 15:15:13 ET]
Table 'Jens IV' 6-max Seat #1 is the button
Seat 1: AIien Hand ($100 in chips) 
Seat 2: vadjkeee ($100 in chips) 
Seat 4: Supermegopro ($100 in chips) 
Seat 5: Trojanovich ($109.67 in chips) 
vadjkeee: posts small blind $0.50
Supermegopro: posts big blind $1
*** HOLE CARDS ***
Trojanovich: folds 
AIien Hand: folds 
vadjkeee: folds 
Uncalled bet ($0.50) returned to Supermegopro
Supermegopro collected $1 from pot
Supermegopro: doesn't show hand 
*** SUMMARY ***
Total pot $1 | Rake $0 
Seat 1: AIien Hand (button) folded before Flop (didn't bet)
Seat 2: vadjkeee (small blind) folded before Flop
Seat 4: Supermegopro (big blind) collected ($1)
Seat 5: Trojanovich folded before Flop (didn't bet)



PokerStars Hand #254534212583:  Hold'em No Limit ($0.50/$1.00 USD) - 2025/01/24 20:15:22 WET [2025/01/24 15:15:22 ET]
Table 'Jens IV' 6-max Seat #2 is the button
Seat 1: AIien Hand ($100 in chips) 
Seat 2: vadjkeee ($100 in chips) 
Seat 4: Supermegopro ($100.50 in chips) 
Seat 5: Trojanovich ($109.67 in chips) 
Supermegopro: posts small blind $0.50
Trojanovich: posts big blind $1
*** HOLE CARDS ***
AIien Hand: folds 
vadjkeee: raises $1.50 to $2.50
Supermegopro: folds 
Trojanovich: folds 
Uncalled bet ($1.50) returned to vadjkeee
vadjkeee collected $2.50 from pot
vadjkeee: doesn't show hand 
*** SUMMARY ***
Total pot $2.50 | Rake $0 
Seat 1: AIien Hand folded before Flop (didn't bet)
Seat 2: vadjkeee (button) collected ($2.50)
Seat 4: Supermegopro (small blind) folded before Flop
Seat 5: Trojanovich (big blind) folded before Flop



PokerStars Hand #254534218193:  Hold'em No Limit ($0.50/$1.00 USD) - 2025/01/24 20:15:41 WET [2025/01/24 15:15:41 ET]
Table 'Jens IV' 6-max Seat #4 is the button
Seat 1: AIien Hand ($100 in chips) 
Seat 2: vadjkeee ($101.50 in chips) 
Seat 4: Supermegopro ($100 in chips) 
Seat 5: Trojanovich ($108.67 in chips) 
Trojanovich: posts small blind $0.50
AIien Hand: posts big blind $1
*** HOLE CARDS ***
vadjkeee: folds 
Supermegopro: raises $1.50 to $2.50
Trojanovich: raises $8.50 to $11
AIien Hand: folds 
Supermegopro: calls $8.50
*** FLOP *** [3c Ks 8h]
Trojanovich: bets $7.26
Supermegopro: folds 
Uncalled bet ($7.26) returned to Trojanovich
Trojanovich collected $22 from pot
Trojanovich: doesn't show hand 
*** SUMMARY ***
Total pot $23 | Rake $1 
Board [3c Ks 8h]
Seat 1: AIien Hand (big blind) folded before Flop
Seat 2: vadjkeee folded before Flop (didn't bet)
Seat 4: Supermegopro (button) folded on the Flop
Seat 5: Trojanovich (small blind) collected ($22)



PokerStars Hand #254534224416:  Hold'em No Limit ($0.50/$1.00 USD) - 2025/01/24 20:16:01 WET [2025/01/24 15:16:01 ET]
Table 'Jens IV' 6-max Seat #5 is the button
Seat 1: AIien Hand ($100 in chips) 
Seat 2: vadjkeee ($101.50 in chips) 
Seat 4: Supermegopro ($100 in chips) 
Seat 5: Trojanovich ($119.67 in chips) 
AIien Hand: posts small blind $0.50
vadjkeee: posts big blind $1
*** HOLE CARDS ***
Supermegopro: folds 
Trojanovich: folds 
AIien Hand: folds 
Uncalled bet ($0.50) returned to vadjkeee
vadjkeee collected $1 from pot
vadjkeee: doesn't show hand 
*** SUMMARY ***
Total pot $1 | Rake $0 
Seat 1: AIien Hand (small blind) folded before Flop
Seat 2: vadjkeee (big blind) collected ($1)
Seat 4: Supermegopro folded before Flop (didn't bet)
Seat 5: Trojanovich (button) folded before Flop (didn't bet)



PokerStars Hand #254534226894:  Hold'em No Limit ($0.50/$1.00 USD) - 2025/01/24 20:16:09 WET [2025/01/24 15:16:09 ET]
Table 'Jens IV' 6-max Seat #1 is the button
Seat 1: AIien Hand ($100 in chips) 
Seat 2: vadjkeee ($102 in chips) 
Seat 4: Supermegopro ($100 in chips) 
Seat 5: Trojanovich ($119.67 in chips) 
vadjkeee: posts small blind $0.50
Supermegopro: posts big blind $1
*** HOLE CARDS ***
Trojanovich: folds 
AIien Hand: raises $1.50 to $2.50
vadjkeee: raises $9.50 to $12
Supermegopro: folds 
AIien Hand: folds 
Uncalled bet ($9.50) returned to vadjkeee
vadjkeee collected $6 from pot
vadjkeee: doesn't show hand 
*** SUMMARY ***
Total pot $6 | Rake $0 
Seat 1: AIien Hand (button) folded before Flop
Seat 2: vadjkeee (small blind) collected ($6)
Seat 4: Supermegopro (big blind) folded before Flop
Seat 5: Trojanovich folded before Flop (didn't bet)



PokerStars Hand #254534231979:  Hold'em No Limit ($0.50/$1.00 USD) - 2025/01/24 20:16:26 WET [2025/01/24 15:16:26 ET]
Table 'Jens IV' 6-max Seat #2 is the button
Seat 1: AIien Hand ($100 in chips) 
Seat 2: vadjkeee ($105.50 in chips) 
Seat 4: Supermegopro ($100 in chips) 
Seat 5: Trojanovich ($119.67 in chips) 
Supermegopro: posts small blind $0.50
Trojanovich: posts big blind $1
*** HOLE CARDS ***
AIien Hand: raises $1.20 to $2.20
vadjkeee: folds 
Supermegopro: folds 
Trojanovich: folds 
Uncalled bet ($1.20) returned to AIien Hand
AIien Hand collected $2.50 from pot
AIien Hand: doesn't show hand 
*** SUMMARY ***
Total pot $2.50 | Rake $0 
Seat 1: AIien Hand collected ($2.50)
Seat 2: vadjkeee (button) folded before Flop (didn't bet)
Seat 4: Supermegopro (small blind) folded before Flop
Seat 5: Trojanovich (big blind) folded before Flop



PokerStars Hand #254534235368:  Hold'em No Limit ($0.50/$1.00 USD) - 2025/01/24 20:16:36 WET [2025/01/24 15:16:36 ET]
Table 'Jens IV' 6-max Seat #4 is the button
Seat 1: AIien Hand ($101.50 in chips) 
Seat 2: vadjkeee ($105.50 in chips) 
Seat 4: Supermegopro ($100 in chips) 
Seat 5: Trojanovich ($118.67 in chips) 
Trojanovich: posts small blind $0.50
AIien Hand: posts big blind $1
*** HOLE CARDS ***
vadjkeee: folds 
Supermegopro: raises $2 to $3
Trojanovich: raises $9 to $12
AIien Hand: folds 
Supermegopro: calls $9
*** FLOP *** [5h 8c 6h]
Brookstj500 joins the table at seat #6 
Manifestorr joins the table at seat #3 
Trojanovich: bets $12
Supermegopro: calls $12
*** TURN *** [5h 8c 6h] [6c]
Trojanovich: bets $94.67 and is all-in
Supermegopro: folds 
Uncalled bet ($94.67) returned to Trojanovich
Trojanovich collected $48 from pot
Trojanovich: doesn't show hand 
*** SUMMARY ***
Total pot $49 | Rake $1 
Board [5h 8c 6h 6c]
Seat 1: AIien Hand (big blind) folded before Flop
Seat 2: vadjkeee folded before Flop (didn't bet)
Seat 4: Supermegopro (button) folded on the Turn
Seat 5: Trojanovich (small blind) collected ($48)



PokerStars Hand #254534252311:  Hold'em No Limit ($0.50/$1.00 USD) - 2025/01/24 20:17:32 WET [2025/01/24 15:17:32 ET]
Table 'Jens IV' 6-max Seat #5 is the button
Seat 3: Manifestorr ($100 in chips) is sitting out
Seat 6: Brookstj500 ($40 in chips) is sitting out
Seat 1: AIien Hand ($100.50 in chips) 
Seat 2: vadjkeee ($105.50 in chips) 
Seat 4: Supermegopro ($100 in chips) 
Seat 5: Trojanovich ($142.67 in chips) 
AIien Hand: posts small blind $0.50
vadjkeee: posts big blind $1
Manifestorr: sits out 
*** HOLE CARDS ***
Supermegopro: folds 
Trojanovich: raises $1.50 to $2.50
AIien Hand: folds 
vadjkeee: folds 
Uncalled bet ($1.50) returned to Trojanovich
Trojanovich collected $2.50 from pot
Trojanovich: doesn't show hand 
*** SUMMARY ***
Total pot $2.50 | Rake $0 
Seat 3: Manifestorr
Seat 6: Brookstj500
Seat 1: AIien Hand (small blind) folded before Flop
Seat 2: vadjkeee (big blind) folded before Flop
Seat 4: Supermegopro folded before Flop (didn't bet)
Seat 5: Trojanovich (button) collected ($2.50)



PokerStars Hand #254534256971:  Hold'em No Limit ($0.50/$1.00 USD) - 2025/01/24 20:17:47 WET [2025/01/24 15:17:47 ET]
Table 'Jens IV' 6-max Seat #1 is the button
Seat 6: Brookstj500 ($40 in chips) is sitting out
Seat 1: AIien Hand ($100 in chips) 
Seat 2: vadjkeee ($104.50 in chips) 
Seat 3: Manifestorr ($100 in chips) 
Seat 4: Supermegopro ($100 in chips) 
Seat 5: Trojanovich ($144.17 in chips) 
vadjkeee: posts small blind $0.50
Manifestorr: posts big blind $1
Brookstj500: sits out 
*** HOLE CARDS ***
Supermegopro: folds 
Trojanovich: folds 
AIien Hand: raises $1.50 to $2.50
vadjkeee: folds 
Manifestorr: raises $9.50 to $12
AIien Hand: folds 
Uncalled bet ($9.50) returned to Manifestorr
Manifestorr collected $5.50 from pot
*** SUMMARY ***
Total pot $5.50 | Rake $0 
Seat 6: Brookstj500
Seat 1: AIien Hand (button) folded before Flop
Seat 2: vadjkeee (small blind) folded before Flop
Seat 3: Manifestorr (big blind) collected ($5.50)
Seat 4: Supermegopro folded before Flop (didn't bet)
Seat 5: Trojanovich folded before Flop (didn't bet)



PokerStars Hand #254534263616:  Hold'em No Limit ($0.50/$1.00 USD) - 2025/01/24 20:18:08 WET [2025/01/24 15:18:08 ET]
Table 'Jens IV' 6-max Seat #2 is the button
Seat 6: Brookstj500 ($40 in chips) is sitting out
Seat 1: AIien Hand ($100 in chips) 
Seat 2: vadjkeee ($104 in chips) 
Seat 3: Manifestorr ($103 in chips) 
Seat 4: Supermegopro ($100 in chips) 
Seat 5: Trojanovich ($144.17 in chips) 
Manifestorr: posts small blind $0.50
Supermegopro: posts big blind $1
Brookstj500: sits out 
*** HOLE CARDS ***
Trojanovich: folds 
AIien Hand: raises $1.20 to $2.20
vadjkeee: folds 
Manifestorr: folds 
Supermegopro: calls $1.20
*** FLOP *** [Js Ad 2s]
Supermegopro: checks 
AIien Hand: checks 
*** TURN *** [Js Ad 2s] [9s]
Supermegopro: checks 
AIien Hand: checks 
*** RIVER *** [Js Ad 2s 9s] [Ah]
Supermegopro: checks 
AIien Hand: checks 
*** SHOW DOWN ***
Supermegopro: shows [7d 4s] (a pair of Aces)
AIien Hand: shows [9h Kh] (two pair, Aces and Nines)
AIien Hand collected $4.66 from pot
*** SUMMARY ***
Total pot $4.90 | Rake $0.24 
Board [Js Ad 2s 9s Ah]
Seat 6: Brookstj500
Seat 1: AIien Hand showed [9h Kh] and won ($4.66) with two pair, Aces and Nines
Seat 2: vadjkeee (button) folded before Flop (didn't bet)
Seat 3: Manifestorr (small blind) folded before Flop
Seat 4: Supermegopro (big blind) showed [7d 4s] and lost with a pair of Aces
Seat 5: Trojanovich folded before Flop (didn't bet)



PokerStars Hand #254534275798:  Hold'em No Limit ($0.50/$1.00 USD) - 2025/01/24 20:18:47 WET [2025/01/24 15:18:47 ET]
Table 'Jens IV' 6-max Seat #3 is the button
Seat 6: Brookstj500 ($40 in chips) is sitting out
Seat 1: AIien Hand ($102.46 in chips) 
Seat 2: vadjkeee ($104 in chips) 
Seat 3: Manifestorr ($102.50 in chips) 
Seat 4: Supermegopro ($100 in chips) 
Seat 5: Trojanovich ($144.17 in chips) 
Supermegopro: posts small blind $0.50
Trojanovich: posts big blind $1
Brookstj500: sits out 
*** HOLE CARDS ***
AIien Hand: folds 
vadjkeee: folds 
Manifestorr: folds 
Supermegopro: raises $2 to $3
Trojanovich: calls $2
*** FLOP *** [Th 5d Qs]
Supermegopro: bets $3.80
Trojanovich: calls $3.80
*** TURN *** [Th 5d Qs] [9s]
Supermegopro: bets $9
Trojanovich: folds 
Uncalled bet ($9) returned to Supermegopro
Supermegopro collected $12.92 from pot
Supermegopro: doesn't show hand 
*** SUMMARY ***
Total pot $13.60 | Rake $0.68 
Board [Th 5d Qs 9s]
Seat 6: Brookstj500
Seat 1: AIien Hand folded before Flop (didn't bet)
Seat 2: vadjkeee folded before Flop (didn't bet)
Seat 3: Manifestorr (button) folded before Flop (didn't bet)
Seat 4: Supermegopro (small blind) collected ($12.92)
Seat 5: Trojanovich (big blind) folded on the Turn



PokerStars Hand #254534288449:  Hold'em No Limit ($0.50/$1.00 USD) - 2025/01/24 20:19:28 WET [2025/01/24 15:19:28 ET]
Table 'Jens IV' 6-max Seat #4 is the button
Seat 1: AIien Hand ($102.46 in chips) 
Seat 2: vadjkeee ($104 in chips) 
Seat 3: Manifestorr ($102.50 in chips) 
Seat 4: Supermegopro ($106.12 in chips) 
Seat 5: Trojanovich ($137.37 in chips) 
Seat 6: Brookstj500 ($40 in chips) 
Trojanovich: posts small blind $0.50
Brookstj500: posts big blind $1
*** HOLE CARDS ***
AIien Hand: raises $1.20 to $2.20
vadjkeee: folds 
Manifestorr: folds 
Supermegopro: calls $2.20
Trojanovich: folds 
Brookstj500: folds 
*** FLOP *** [Qc 9h Kd]
AIien Hand: bets $1.68
Supermegopro: calls $1.68
*** TURN *** [Qc 9h Kd] [3s]
AIien Hand: bets $4.84
Supermegopro: calls $4.84
*** RIVER *** [Qc 9h Kd 3s] [9s]
AIien Hand: bets $9.90
Supermegopro: folds 
Uncalled bet ($9.90) returned to AIien Hand
AIien Hand collected $17.99 from pot
AIien Hand: doesn't show hand 
*** SUMMARY ***
Total pot $18.94 | Rake $0.95 
Board [Qc 9h Kd 3s 9s]
Seat 1: AIien Hand collected ($17.99)
Seat 2: vadjkeee folded before Flop (didn't bet)
Seat 3: Manifestorr folded before Flop (didn't bet)
Seat 4: Supermegopro (button) folded on the River
Seat 5: Trojanovich (small blind) folded before Flop
Seat 6: Brookstj500 (big blind) folded before Flop



PokerStars Hand #254534305643:  Hold'em No Limit ($0.50/$1.00 USD) - 2025/01/24 20:20:24 WET [2025/01/24 15:20:24 ET]
Table 'Jens IV' 6-max Seat #5 is the button
Seat 1: AIien Hand ($111.73 in chips) 
Seat 2: vadjkeee ($104 in chips) 
Seat 3: Manifestorr ($102.50 in chips) 
Seat 4: Supermegopro ($100 in chips) 
Seat 5: Trojanovich ($136.87 in chips) 
Seat 6: Brookstj500 ($39 in chips) 
Brookstj500: posts small blind $0.50
AIien Hand: posts big blind $1
*** HOLE CARDS ***
vadjkeee: folds 
Manifestorr: raises $1.20 to $2.20
Supermegopro: calls $2.20
Trojanovich: folds 
Brookstj500: folds 
AIien Hand: folds 
*** FLOP *** [6d Qc Qh]
Manifestorr: checks 
Supermegopro: bets $3.73
Manifestorr: calls $3.73
*** TURN *** [6d Qc Qh] [Kh]
Manifestorr: checks 
Supermegopro: bets $8.46
Manifestorr: raises $21.54 to $30
Supermegopro: folds 
Uncalled bet ($21.54) returned to Manifestorr
Manifestorr collected $28.77 from pot
*** SUMMARY ***
Total pot $30.28 | Rake $1.51 
Board [6d Qc Qh Kh]
Seat 1: AIien Hand (big blind) folded before Flop
Seat 2: vadjkeee folded before Flop (didn't bet)
Seat 3: Manifestorr collected ($28.77)
Seat 4: Supermegopro folded on the Turn
Seat 5: Trojanovich (button) folded before Flop (didn't bet)
Seat 6: Brookstj500 (small blind) folded before Flop



PokerStars Hand #254534314811:  Hold'em No Limit ($0.50/$1.00 USD) - 2025/01/24 20:20:53 WET [2025/01/24 15:20:53 ET]
Table 'Jens IV' 6-max Seat #6 is the button
Seat 1: AIien Hand ($110.73 in chips) 
Seat 2: vadjkeee ($104 in chips) 
Seat 3: Manifestorr ($116.88 in chips) 
Seat 4: Supermegopro ($100 in chips) 
Seat 5: Trojanovich ($136.87 in chips) 
Seat 6: Brookstj500 ($38.50 in chips) 
AIien Hand: posts small blind $0.50
vadjkeee: posts big blind $1
*** HOLE CARDS ***
Manifestorr: folds 
Supermegopro: folds 
Trojanovich: folds 
Brookstj500 has timed out
Brookstj500: folds 
AIien Hand: raises $2 to $3
vadjkeee: raises $6 to $9
AIien Hand: calls $6
*** FLOP *** [4d Kc 6s]
AIien Hand: checks 
vadjkeee: bets $4.28
AIien Hand: folds 
Uncalled bet ($4.28) returned to vadjkeee
vadjkeee collected $17.10 from pot
vadjkeee: doesn't show hand 
*** SUMMARY ***
Total pot $18 | Rake $0.90 
Board [4d Kc 6s]
Seat 1: AIien Hand (small blind) folded on the Flop
Seat 2: vadjkeee (big blind) collected ($17.10)
Seat 3: Manifestorr folded before Flop (didn't bet)
Seat 4: Supermegopro folded before Flop (didn't bet)
Seat 5: Trojanovich folded before Flop (didn't bet)
Seat 6: Brookstj500 (button) folded before Flop (didn't bet)



PokerStars Hand #254534332285:  Hold'em No Limit ($0.50/$1.00 USD) - 2025/01/24 20:21:50 WET [2025/01/24 15:21:50 ET]
Table 'Jens IV' 6-max Seat #1 is the button
Seat 3: Manifestorr ($116.88 in chips) is sitting out
Seat 4: Supermegopro ($100 in chips) is sitting out
Seat 1: AIien Hand ($101.73 in chips) 
Seat 2: vadjkeee ($112.10 in chips) 
Seat 5: Trojanovich ($136.87 in chips) 
Seat 6: Brookstj500 ($38.50 in chips) 
vadjkeee: posts small blind $0.50
Manifestorr: is sitting out 
Supermegopro: is sitting out 
Trojanovich: posts big blind $1
*** HOLE CARDS ***
Manifestorr leaves the table
Brookstj500: folds 
AIien Hand: folds 
vadjkeee: folds 
Uncalled bet ($0.50) returned to Trojanovich
Supermegopro leaves the table
Trojanovich collected $1 from pot
Trojanovich: doesn't show hand 
*** SUMMARY ***
Total pot $1 | Rake $0 
Seat 3: Manifestorr
Seat 4: Supermegopro
Seat 1: AIien Hand (button) folded before Flop (didn't bet)
Seat 2: vadjkeee (small blind) folded before Flop
Seat 5: Trojanovich (big blind) collected ($1)
Seat 6: Brookstj500 folded before Flop (didn't bet)



PokerStars Hand #254534334915:  Hold'em No Limit ($0.50/$1.00 USD) - 2025/01/24 20:21:58 WET [2025/01/24 15:21:58 ET]
Table 'Jens IV' 6-max Seat #2 is the button
Seat 1: AIien Hand ($101.73 in chips) 
Seat 2: vadjkeee ($111.60 in chips) 
Seat 5: Trojanovich ($137.37 in chips) 
Seat 6: Brookstj500 ($38.50 in chips) 
Trojanovich: posts small blind $0.50
Brookstj500: posts big blind $1
*** HOLE CARDS ***
AIien Hand: folds 
vadjkeee: folds 
Trojanovich: folds 
Uncalled bet ($0.50) returned to Brookstj500
Brookstj500 collected $1 from pot
Brookstj500: doesn't show hand 
*** SUMMARY ***
Total pot $1 | Rake $0 
Seat 1: AIien Hand folded before Flop (didn't bet)
Seat 2: vadjkeee (button) folded before Flop (didn't bet)
Seat 5: Trojanovich (small blind) folded before Flop
Seat 6: Brookstj500 (big blind) collected ($1)



PokerStars Hand #254534338519:  Hold'em No Limit ($0.50/$1.00 USD) - 2025/01/24 20:22:10 WET [2025/01/24 15:22:10 ET]
Table 'Jens IV' 6-max Seat #5 is the button
Seat 1: AIien Hand ($101.73 in chips) 
Seat 2: vadjkeee ($111.60 in chips) 
Seat 5: Trojanovich ($136.87 in chips) 
Seat 6: Brookstj500 ($39 in chips) 
Brookstj500: posts small blind $0.50
AIien Hand: posts big blind $1
*** HOLE CARDS ***
2g00d4youu joins the table at seat #3 
vadjkeee: folds 
Trojanovich: raises $1.50 to $2.50
Brookstj500: calls $2
AIien Hand: folds 
*** FLOP *** [6c 8c Th]
xcinaz joins the table at seat #4 
Brookstj500: checks 
Trojanovich: bets $2.85
Brookstj500: folds 
Uncalled bet ($2.85) returned to Trojanovich
Trojanovich collected $5.70 from pot
Trojanovich: doesn't show hand 
*** SUMMARY ***
Total pot $6 | Rake $0.30 
Board [6c 8c Th]
Seat 1: AIien Hand (big blind) folded before Flop
Seat 2: vadjkeee folded before Flop (didn't bet)
Seat 5: Trojanovich (button) collected ($5.70)
Seat 6: Brookstj500 (small blind) folded on the Flop



PokerStars Hand #254534351735:  Hold'em No Limit ($0.50/$1.00 USD) - 2025/01/24 20:22:53 WET [2025/01/24 15:22:53 ET]
Table 'Jens IV' 6-max Seat #6 is the button
Seat 3: 2g00d4youu ($100 in chips) is sitting out
Seat 4: xcinaz ($100 in chips) is sitting out
Seat 1: AIien Hand ($100.73 in chips) 
Seat 2: vadjkeee ($111.60 in chips) 
Seat 5: Trojanovich ($140.07 in chips) 
Seat 6: Brookstj500 ($36.50 in chips) 
AIien Hand: posts small blind $0.50
vadjkeee: posts big blind $1
2g00d4youu: sits out 
xcinaz: sits out 
*** HOLE CARDS ***
Trojanovich: raises $1.50 to $2.50
Brookstj500: folds 
AIien Hand: raises $8 to $10.50
vadjkeee: folds 
Trojanovich: calls $8
*** FLOP *** [Kd 6s Ad]
AIien Hand: checks 
Trojanovich: checks 
*** TURN *** [Kd 6s Ad] [5h]
AIien Hand: checks 
Trojanovich: checks 
*** RIVER *** [Kd 6s Ad 5h] [Qd]
AIien Hand: checks 
Trojanovich: checks 
*** SHOW DOWN ***
AIien Hand: shows [Qs Kc] (two pair, Kings and Queens)
Trojanovich: mucks hand 
AIien Hand collected $21 from pot
*** SUMMARY ***
Total pot $22 | Rake $1 
Board [Kd 6s Ad 5h Qd]
Seat 3: 2g00d4youu
Seat 4: xcinaz
Seat 1: AIien Hand (small blind) showed [Qs Kc] and won ($21) with two pair, Kings and Queens
Seat 2: vadjkeee (big blind) folded before Flop
Seat 5: Trojanovich mucked
Seat 6: Brookstj500 (button) folded before Flop (didn't bet)



PokerStars Hand #254534370322:  Hold'em No Limit ($0.50/$1.00 USD) - 2025/01/24 20:23:53 WET [2025/01/24 15:23:53 ET]
Table 'Jens IV' 6-max Seat #1 is the button
Seat 4: xcinaz ($100 in chips) is sitting out
Seat 1: AIien Hand ($111.23 in chips) 
Seat 2: vadjkeee ($110.60 in chips) 
Seat 3: 2g00d4youu ($100 in chips) 
Seat 5: Trojanovich ($129.57 in chips) 
Seat 6: Brookstj500 ($36.50 in chips) 
vadjkeee: posts small blind $0.50
2g00d4youu: posts big blind $1
xcinaz: sits out 
*** HOLE CARDS ***
Trojanovich: folds 
Brookstj500: folds 
AIien Hand: folds 
vadjkeee: folds 
Uncalled bet ($0.50) returned to 2g00d4youu
2g00d4youu collected $1 from pot
2g00d4youu: doesn't show hand 
*** SUMMARY ***
Total pot $1 | Rake $0 
Seat 4: xcinaz
Seat 1: AIien Hand (button) folded before Flop (didn't bet)
Seat 2: vadjkeee (small blind) folded before Flop
Seat 3: 2g00d4youu (big blind) collected ($1)
Seat 5: Trojanovich folded before Flop (didn't bet)
Seat 6: Brookstj500 folded before Flop (didn't bet)



PokerStars Hand #254534372994:  Hold'em No Limit ($0.50/$1.00 USD) - 2025/01/24 20:24:02 WET [2025/01/24 15:24:02 ET]
Table 'Jens IV' 6-max Seat #2 is the button
Seat 1: AIien Hand ($111.23 in chips) 
Seat 2: vadjkeee ($110.10 in chips) 
Seat 3: 2g00d4youu ($100.50 in chips) 
Seat 4: xcinaz ($100 in chips) 
Seat 5: Trojanovich ($129.57 in chips) 
Seat 6: Brookstj500 ($36.50 in chips) 
2g00d4youu: posts small blind $0.50
xcinaz: posts big blind $1
*** HOLE CARDS ***
Trojanovich: folds 
Brookstj500: calls $1
AIien Hand: folds 
vadjkeee: raises $3 to $4
2g00d4youu: folds 
xcinaz: folds 
Brookstj500: calls $3
*** FLOP *** [Ad 7s 3d]
Brookstj500: checks 
vadjkeee: bets $2.25
Brookstj500: calls $2.25
*** TURN *** [Ad 7s 3d] [Qc]
Brookstj500: checks 
vadjkeee: checks 
*** RIVER *** [Ad 7s 3d Qc] [Kd]
Brookstj500: checks 
vadjkeee: bets $2.66
Brookstj500: folds 
Uncalled bet ($2.66) returned to vadjkeee
vadjkeee collected $13.30 from pot
vadjkeee: doesn't show hand 
*** SUMMARY ***
Total pot $14 | Rake $0.70 
Board [Ad 7s 3d Qc Kd]
Seat 1: AIien Hand folded before Flop (didn't bet)
Seat 2: vadjkeee (button) collected ($13.30)
Seat 3: 2g00d4youu (small blind) folded before Flop
Seat 4: xcinaz (big blind) folded before Flop
Seat 5: Trojanovich folded before Flop (didn't bet)
Seat 6: Brookstj500 folded on the River



PokerStars Hand #254534394867:  Hold'em No Limit ($0.50/$1.00 USD) - 2025/01/24 20:25:13 WET [2025/01/24 15:25:13 ET]
Table 'Jens IV' 6-max Seat #3 is the button
Seat 1: AIien Hand ($111.23 in chips) 
Seat 2: vadjkeee ($117.15 in chips) 
Seat 3: 2g00d4youu ($100 in chips) 
Seat 4: xcinaz ($100 in chips) 
Seat 5: Trojanovich ($129.57 in chips) 
Seat 6: Brookstj500 ($30.25 in chips) 
xcinaz: posts small blind $0.50
Trojanovich: posts big blind $1
*** HOLE CARDS ***
Brookstj500: calls $1
AIien Hand: folds 
vadjkeee: folds 
2g00d4youu: folds 
xcinaz: folds 
Trojanovich: raises $5 to $6
Brookstj500: calls $5
*** FLOP *** [8d 3h 9h]
Trojanovich: bets $5.94
Brookstj500: raises $18.31 to $24.25 and is all-in
Trojanovich: calls $18.31
*** TURN *** [8d 3h 9h] [2c]
*** RIVER *** [8d 3h 9h 2c] [4d]
*** SHOW DOWN ***
Trojanovich: shows [Jd Js] (a pair of Jacks)
Brookstj500: shows [Ah 8s] (a pair of Eights)
Trojanovich collected $58.50 from pot
*** SUMMARY ***
Total pot $61 | Rake $2.50 
Board [8d 3h 9h 2c 4d]
Seat 1: AIien Hand folded before Flop (didn't bet)
Seat 2: vadjkeee folded before Flop (didn't bet)
Seat 3: 2g00d4youu (button) folded before Flop (didn't bet)
Seat 4: xcinaz (small blind) folded before Flop
Seat 5: Trojanovich (big blind) showed [Jd Js] and won ($58.50) with a pair of Jacks
Seat 6: Brookstj500 showed [Ah 8s] and lost with a pair of Eights



PokerStars Hand #254534410762:  Hold'em No Limit ($0.50/$1.00 USD) - 2025/01/24 20:26:04 WET [2025/01/24 15:26:04 ET]
Table 'Jens IV' 6-max Seat #4 is the button
Seat 1: AIien Hand ($111.23 in chips) is sitting out
Seat 6: Brookstj500 ($0 in chips) is sitting out
Seat 2: vadjkeee ($117.15 in chips) 
Seat 3: 2g00d4youu ($100 in chips) 
Seat 4: xcinaz ($100 in chips) 
Seat 5: Trojanovich ($157.82 in chips) 
Trojanovich: posts small blind $0.50
AIien Hand: is sitting out 
vadjkeee: posts big blind $1
*** HOLE CARDS ***
Brookstj500 leaves the table
2g00d4youu: folds 
Cositorto joins the table at seat #6 
xcinaz: raises $1.50 to $2.50
Trojanovich: folds 
vadjkeee: calls $1.50
*** FLOP *** [6h Jc As]
vadjkeee: checks 
xcinaz: bets $4.44
vadjkeee: folds 
Uncalled bet ($4.44) returned to xcinaz
xcinaz collected $5.22 from pot
xcinaz: doesn't show hand 
*** SUMMARY ***
Total pot $5.50 | Rake $0.28 
Board [6h Jc As]
Seat 1: AIien Hand
Seat 6: Brookstj500
Seat 2: vadjkeee (big blind) folded on the Flop
Seat 3: 2g00d4youu folded before Flop (didn't bet)
Seat 4: xcinaz (button) collected ($5.22)
Seat 5: Trojanovich (small blind) folded before Flop



PokerStars Hand #254534421135:  Hold'em No Limit ($0.50/$1.00 USD) - 2025/01/24 20:26:38 WET [2025/01/24 15:26:38 ET]
Table 'Jens IV' 6-max Seat #5 is the button
Seat 1: AIien Hand ($111.23 in chips) is sitting out
Seat 6: Cositorto ($100 in chips) is sitting out
Seat 2: vadjkeee ($114.65 in chips) 
Seat 3: 2g00d4youu ($100 in chips) 
Seat 4: xcinaz ($102.72 in chips) 
Seat 5: Trojanovich ($157.32 in chips) 
vadjkeee: posts small blind $0.50
2g00d4youu: posts big blind $1
*** HOLE CARDS ***
xcinaz: folds 
Trojanovich: folds 
vadjkeee: raises $3 to $4
2g00d4youu: folds 
Uncalled bet ($3) returned to vadjkeee
vadjkeee collected $2 from pot
vadjkeee: doesn't show hand 
*** SUMMARY ***
Total pot $2 | Rake $0 
Seat 1: AIien Hand
Seat 6: Cositorto
Seat 2: vadjkeee (small blind) collected ($2)
Seat 3: 2g00d4youu (big blind) folded before Flop
Seat 4: xcinaz folded before Flop (didn't bet)
Seat 5: Trojanovich (button) folded before Flop (didn't bet)



PokerStars Hand #254534426274:  Hold'em No Limit ($0.50/$1.00 USD) - 2025/01/24 20:26:54 WET [2025/01/24 15:26:54 ET]
Table 'Jens IV' 6-max Seat #2 is the button
Seat 1: AIien Hand ($111.23 in chips) is sitting out
Seat 4: xcinaz ($102.72 in chips) is sitting out
Seat 5: Trojanovich ($157.32 in chips) is sitting out
Seat 2: vadjkeee ($115.65 in chips) 
Seat 3: 2g00d4youu ($100 in chips) 
Seat 6: Cositorto ($100 in chips) 
2g00d4youu: posts small blind $0.50
xcinaz: is sitting out 
Trojanovich: is sitting out 
Cositorto: posts big blind $1
*** HOLE CARDS ***
Trojanovich leaves the table
AIien Hand leaves the table
vadjkeee: folds 
xcinaz leaves the table
2g00d4youu: raises $2 to $3
Cositorto: calls $2
*** FLOP *** [7d Th 4d]
2g00d4youu: bets $1
Cositorto: raises $3 to $4
2g00d4youu: calls $3
*** TURN *** [7d Th 4d] [Kh]
2g00d4youu: checks 
Cositorto: bets $15.96
2g00d4youu: calls $15.96
*** RIVER *** [7d Th 4d Kh] [4s]
2g00d4youu: checks 
Cositorto: checks 
*** SHOW DOWN ***
2g00d4youu: shows [Kd 5d] (two pair, Kings and Fours)
Cositorto: mucks hand 
2g00d4youu collected $44.92 from pot
*** SUMMARY ***
Total pot $45.92 | Rake $1 
Board [7d Th 4d Kh 4s]
Seat 1: AIien Hand
Seat 4: xcinaz
Seat 5: Trojanovich
Seat 2: vadjkeee (button) folded before Flop (didn't bet)
Seat 3: 2g00d4youu (small blind) showed [Kd 5d] and won ($44.92) with two pair, Kings and Fours
Seat 6: Cositorto (big blind) mucked



PokerStars Hand #254534447652:  Hold'em No Limit ($0.50/$1.00 USD) - 2025/01/24 20:28:03 WET [2025/01/24 15:28:03 ET]
Table 'Jens IV' 6-max Seat #6 is the button
Seat 2: vadjkeee ($115.65 in chips) is sitting out
Seat 3: 2g00d4youu ($121.96 in chips) 
Seat 6: Cositorto ($100 in chips) 
Cositorto: posts small blind $0.50
vadjkeee: is sitting out 
2g00d4youu: posts big blind $1
*** HOLE CARDS ***
Cositorto: raises $2 to $3
2g00d4youu: calls $2
*** FLOP *** [Qh Jc 2c]
2g00d4youu: checks 
Cositorto: bets $1.54
2g00d4youu: folds 
Uncalled bet ($1.54) returned to Cositorto
Cositorto collected $5.70 from pot
Cositorto: doesn't show hand 
*** SUMMARY ***
Total pot $6 | Rake $0.30 
Board [Qh Jc 2c]
Seat 2: vadjkeee
Seat 3: 2g00d4youu (big blind) folded on the Flop
Seat 6: Cositorto (button) (small blind) collected ($5.70)



PokerStars Hand #254534454470:  Hold'em No Limit ($0.50/$1.00 USD) - 2025/01/24 20:28:26 WET [2025/01/24 15:28:26 ET]
Table 'Jens IV' 6-max Seat #3 is the button
Seat 2: vadjkeee ($115.65 in chips) is sitting out
Seat 3: 2g00d4youu ($118.96 in chips) 
Seat 6: Cositorto ($102.70 in chips) 
2g00d4youu: posts small blind $0.50
Cositorto: posts big blind $1
*** HOLE CARDS ***
2g00d4youu: raises $1.50 to $2.50
Cositorto: calls $1.50
*** FLOP *** [4d 9c 7c]
vadjkeee leaves the table
Cositorto: checks 
2g00d4youu: checks 
*** TURN *** [4d 9c 7c] [5c]
Cositorto: bets $3.50
2g00d4youu: calls $3.50
*** RIVER *** [4d 9c 7c 5c] [Jh]
Cositorto: checks 
2g00d4youu: checks 
*** SHOW DOWN ***
Cositorto: shows [Jc Qc] (a flush, Queen high)
2g00d4youu: mucks hand 
Cositorto collected $11.40 from pot
*** SUMMARY ***
Total pot $12 | Rake $0.60 
Board [4d 9c 7c 5c Jh]
Seat 2: vadjkeee
Seat 3: 2g00d4youu (button) (small blind) mucked
Seat 6: Cositorto (big blind) showed [Jc Qc] and won ($11.40) with a flush, Queen high



PokerStars Hand #254534479970:  Hold'em No Limit ($0.50/$1.00 USD) - 2025/01/24 20:29:50 WET [2025/01/24 15:29:50 ET]
Table 'Jens IV' 6-max Seat #4 is the button
Seat 1: tintin641 ($100 in chips) 
Seat 2: Manifestorr ($116.88 in chips) 
Seat 3: Khoshgel90 ($58.01 in chips) 
Seat 4: MAO_DZEDYN_S ($100 in chips) 
Seat 5: Gfoer ($100 in chips) 
Seat 6: Cositorto ($108.10 in chips) 
Gfoer: posts small blind $0.50
Cositorto: posts big blind $1
*** HOLE CARDS ***
tintin641: folds 
Manifestorr: raises $1.20 to $2.20
Khoshgel90: folds 
MAO_DZEDYN_S: folds 
Gfoer: folds 
Cositorto: calls $1.20
*** FLOP *** [Ts 3s 5d]
Cositorto: checks 
Manifestorr: bets $3.50
Cositorto: folds 
Uncalled bet ($3.50) returned to Manifestorr
Manifestorr collected $4.66 from pot
*** SUMMARY ***
Total pot $4.90 | Rake $0.24 
Board [Ts 3s 5d]
Seat 1: tintin641 folded before Flop (didn't bet)
Seat 2: Manifestorr collected ($4.66)
Seat 3: Khoshgel90 folded before Flop (didn't bet)
Seat 4: MAO_DZEDYN_S (button) folded before Flop (didn't bet)
Seat 5: Gfoer (small blind) folded before Flop
Seat 6: Cositorto (big blind) folded on the Flop



PokerStars Hand #254534548245:  Hold'em No Limit ($0.50/$1.00 USD) - 2025/01/24 20:33:34 WET [2025/01/24 15:33:34 ET]
Table 'Jens IV' 6-max Seat #3 is the button
Seat 4: Trojanovich ($157.32 in chips) is sitting out
Seat 1: tintin641 ($102.72 in chips) 
Seat 2: Manifestorr ($123.34 in chips) 
Seat 3: Khoshgel90 ($58.73 in chips) 
Seat 5: Stelian231 ($88.19 in chips) 
Seat 6: Cositorto ($104.90 in chips) 
Stelian231: posts small blind $0.50
Cositorto: posts big blind $1
*** HOLE CARDS ***
tintin641: raises $1.50 to $2.50
Manifestorr: folds 
Khoshgel90: folds 
Stelian231: calls $2
Cositorto: folds 
*** FLOP *** [9h 5s Th]
Stelian231: checks 
tintin641: checks 
*** TURN *** [9h 5s Th] [3c]
Stelian231: bets $1
tintin641: calls $1
*** RIVER *** [9h 5s Th 3c] [Jh]
Stelian231: bets $3
tintin641: folds 
Uncalled bet ($3) returned to Stelian231
Stelian231 collected $7.60 from pot
*** SUMMARY ***
Total pot $8 | Rake $0.40 
Board [9h 5s Th 3c Jh]
Seat 4: Trojanovich
Seat 1: tintin641 folded on the River
Seat 2: Manifestorr folded before Flop (didn't bet)
Seat 3: Khoshgel90 (button) folded before Flop (didn't bet)
Seat 5: Stelian231 (small blind) collected ($7.60)
Seat 6: Cositorto (big blind) folded before Flop



PokerStars Hand #254534564592:  Hold'em No Limit ($0.50/$1.00 USD) - 2025/01/24 20:34:28 WET [2025/01/24 15:34:28 ET]
Table 'Jens IV' 6-max Seat #5 is the button
Seat 4: Trojanovich ($157.32 in chips) is sitting out
Seat 1: tintin641 ($100 in chips) 
Seat 2: Manifestorr ($123.34 in chips) 
Seat 3: Khoshgel90 ($58.73 in chips) 
Seat 5: Stelian231 ($92.29 in chips) 
Seat 6: Cositorto ($103.90 in chips) 
Cositorto: posts small blind $0.50
tintin641: posts big blind $1
Trojanovich: sits out 
*** HOLE CARDS ***
Manifestorr: raises $1.20 to $2.20
Khoshgel90: folds 
Stelian231: calls $2.20
Cositorto: folds 
tintin641: folds 
*** FLOP *** [8s 9d 2d]
Manifestorr: bets $2.80
Stelian231: calls $2.80
*** TURN *** [8s 9d 2d] [Ks]
Manifestorr: bets $13.65
Stelian231: calls $13.65
*** RIVER *** [8s 9d 2d Ks] [9s]
Manifestorr: bets $104.69 and is all-in
Stelian231: folds 
Uncalled bet ($104.69) returned to Manifestorr
Manifestorr collected $36.86 from pot
*** SUMMARY ***
Total pot $38.80 | Rake $1.94 
Board [8s 9d 2d Ks 9s]
Seat 4: Trojanovich
Seat 1: tintin641 (big blind) folded before Flop
Seat 2: Manifestorr collected ($36.86)
Seat 3: Khoshgel90 folded before Flop (didn't bet)
Seat 5: Stelian231 (button) folded on the River
Seat 6: Cositorto (small blind) folded before Flop



PokerStars Hand #254534575706:  Hold'em No Limit ($0.50/$1.00 USD) - 2025/01/24 20:35:04 WET [2025/01/24 15:35:04 ET]
Table 'Jens IV' 6-max Seat #6 is the button
Seat 4: Trojanovich ($157.32 in chips) is sitting out
Seat 1: tintin641 ($100 in chips) 
Seat 2: Manifestorr ($141.55 in chips) 
Seat 3: Khoshgel90 ($58.73 in chips) 
Seat 5: Stelian231 ($73.64 in chips) 
Seat 6: Cositorto ($103.40 in chips) 
tintin641: posts small blind $0.50
Manifestorr: posts big blind $1
Trojanovich: sits out 
*** HOLE CARDS ***
Khoshgel90: folds 
Stelian231: raises $3 to $4
Cositorto: folds 
tintin641: folds 
Manifestorr: folds 
Uncalled bet ($3) returned to Stelian231
Stelian231 collected $2.50 from pot
*** SUMMARY ***
Total pot $2.50 | Rake $0 
Seat 4: Trojanovich
Seat 1: tintin641 (small blind) folded before Flop
Seat 2: Manifestorr (big blind) folded before Flop
Seat 3: Khoshgel90 folded before Flop (didn't bet)
Seat 5: Stelian231 collected ($2.50)
Seat 6: Cositorto (button) folded before Flop (didn't bet)



PokerStars Hand #254534579609:  Hold'em No Limit ($0.50/$1.00 USD) - 2025/01/24 20:35:17 WET [2025/01/24 15:35:17 ET]
Table 'Jens IV' 6-max Seat #1 is the button
Seat 4: Trojanovich ($157.32 in chips) is sitting out
Seat 1: tintin641 ($100 in chips) 
Seat 2: Manifestorr ($140.55 in chips) 
Seat 3: Khoshgel90 ($58.73 in chips) 
Seat 5: Stelian231 ($75.14 in chips) 
Seat 6: Cositorto ($103.40 in chips) 
Manifestorr: posts small blind $0.50
Khoshgel90: posts big blind $1
Trojanovich: sits out 
*** HOLE CARDS ***
Stelian231: raises $1 to $2
Cositorto: folds 
tintin641: raises $5 to $7
Manifestorr: folds 
Khoshgel90: folds 
Stelian231: calls $5
*** FLOP *** [5s Jd Tc]
Stelian231: checks 
tintin641: bets $4.86
Stelian231: folds 
Uncalled bet ($4.86) returned to tintin641
tintin641 collected $14.72 from pot
tintin641: doesn't show hand 
*** SUMMARY ***
Total pot $15.50 | Rake $0.78 
Board [5s Jd Tc]
Seat 4: Trojanovich
Seat 1: tintin641 (button) collected ($14.72)
Seat 2: Manifestorr (small blind) folded before Flop
Seat 3: Khoshgel90 (big blind) folded before Flop
Seat 5: Stelian231 folded on the Flop
Seat 6: Cositorto folded before Flop (didn't bet)



PokerStars Hand #254534587730:  Hold'em No Limit ($0.50/$1.00 USD) - 2025/01/24 20:35:44 WET [2025/01/24 15:35:44 ET]
Table 'Jens IV' 6-max Seat #2 is the button
Seat 1: tintin641 ($107.72 in chips) 
Seat 2: Manifestorr ($140.05 in chips) 
Seat 3: Khoshgel90 ($57.73 in chips) 
Seat 4: Trojanovich ($157.32 in chips) 
Seat 5: Stelian231 ($68.14 in chips) 
Seat 6: Cositorto ($103.40 in chips) 
Khoshgel90: posts small blind $0.50
Trojanovich: posts big blind $1
*** HOLE CARDS ***
Stelian231: raises $1 to $2
Cositorto: folds 
tintin641: folds 
Manifestorr: folds 
Khoshgel90: folds 
Trojanovich: folds 
Uncalled bet ($1) returned to Stelian231
Stelian231 collected $2.50 from pot
*** SUMMARY ***
Total pot $2.50 | Rake $0 
Seat 1: tintin641 folded before Flop (didn't bet)
Seat 2: Manifestorr (button) folded before Flop (didn't bet)
Seat 3: Khoshgel90 (small blind) folded before Flop
Seat 4: Trojanovich (big blind) folded before Flop
Seat 5: Stelian231 collected ($2.50)
Seat 6: Cositorto folded before Flop (didn't bet)



PokerStars Hand #254534592896:  Hold'em No Limit ($0.50/$1.00 USD) - 2025/01/24 20:36:01 WET [2025/01/24 15:36:01 ET]
Table 'Jens IV' 6-max Seat #3 is the button
Seat 1: tintin641 ($107.72 in chips) 
Seat 2: Manifestorr ($140.05 in chips) 
Seat 3: Khoshgel90 ($57.23 in chips) 
Seat 4: Trojanovich ($156.32 in chips) 
Seat 5: Stelian231 ($69.64 in chips) 
Seat 6: Cositorto ($103.40 in chips) 
Trojanovich: posts small blind $0.50
Stelian231: posts big blind $1
*** HOLE CARDS ***
Cositorto: raises $1 to $2
tintin641: folds 
Manifestorr: folds 
Khoshgel90: raises $1 to $3
Trojanovich: folds 
Stelian231: calls $2
Cositorto: calls $1
*** FLOP *** [2h 3h 3d]
Stelian231: checks 
Cositorto: checks 
Khoshgel90: checks 
*** TURN *** [2h 3h 3d] [4d]
Stelian231: checks 
Cositorto: checks 
Khoshgel90: checks 
*** RIVER *** [2h 3h 3d 4d] [Js]
Stelian231: bets $1
Cositorto: folds 
Khoshgel90: folds 
Uncalled bet ($1) returned to Stelian231
Stelian231 collected $9.02 from pot
Stelian231: doesn't show hand 
*** SUMMARY ***
Total pot $9.50 | Rake $0.48 
Board [2h 3h 3d 4d Js]
Seat 1: tintin641 folded before Flop (didn't bet)
Seat 2: Manifestorr folded before Flop (didn't bet)
Seat 3: Khoshgel90 (button) folded on the River
Seat 4: Trojanovich (small blind) folded before Flop
Seat 5: Stelian231 (big blind) collected ($9.02)
Seat 6: Cositorto folded on the River



PokerStars Hand #254534607559:  Hold'em No Limit ($0.50/$1.00 USD) - 2025/01/24 20:36:49 WET [2025/01/24 15:36:49 ET]
Table 'Jens IV' 6-max Seat #4 is the button
Seat 1: tintin641 ($107.72 in chips) 
Seat 2: Manifestorr ($140.05 in chips) 
Seat 3: Khoshgel90 ($54.23 in chips) 
Seat 4: Trojanovich ($155.82 in chips) 
Seat 5: Stelian231 ($75.66 in chips) 
Seat 6: Cositorto ($100.40 in chips) 
Stelian231: posts small blind $0.50
Cositorto: posts big blind $1
*** HOLE CARDS ***
tintin641: folds 
Manifestorr: folds 
Khoshgel90: folds 
Trojanovich: folds 
Stelian231: raises $1 to $2
Cositorto: raises $5.50 to $7.50
Stelian231: calls $5.50
*** FLOP *** [9h 6s 8s]
Stelian231: checks 
Cositorto: bets $7.13
Stelian231: calls $7.13
*** TURN *** [9h 6s 8s] [5c]
Stelian231: checks 
Cositorto: checks 
*** RIVER *** [9h 6s 8s 5c] [4h]
Stelian231: checks 
Cositorto: bets $27.80
Stelian231: calls $27.80
*** SHOW DOWN ***
Cositorto: shows [Ks Kd] (a pair of Kings)
Stelian231: shows [3s 2s] (a straight, Deuce to Six)
Stelian231 collected $82.36 from pot
*** SUMMARY ***
Total pot $84.86 | Rake $2.50 
Board [9h 6s 8s 5c 4h]
Seat 1: tintin641 folded before Flop (didn't bet)
Seat 2: Manifestorr folded before Flop (didn't bet)
Seat 3: Khoshgel90 folded before Flop (didn't bet)
Seat 4: Trojanovich (button) folded before Flop (didn't bet)
Seat 5: Stelian231 (small blind) showed [3s 2s] and won ($82.36) with a straight, Deuce to Six
Seat 6: Cositorto (big blind) showed [Ks Kd] and lost with a pair of Kings



PokerStars Hand #254534617300:  Hold'em No Limit ($0.50/$1.00 USD) - 2025/01/24 20:37:21 WET [2025/01/24 15:37:21 ET]
Table 'Jens IV' 6-max Seat #5 is the button
Seat 1: tintin641 ($107.72 in chips) 
Seat 2: Manifestorr ($140.05 in chips) 
Seat 3: Khoshgel90 ($54.23 in chips) 
Seat 4: Trojanovich ($155.82 in chips) 
Seat 5: Stelian231 ($115.59 in chips) 
Seat 6: Cositorto ($100 in chips) 
Cositorto: posts small blind $0.50
tintin641: posts big blind $1
*** HOLE CARDS ***
Manifestorr: folds 
Khoshgel90: folds 
Trojanovich: folds 
Stelian231: calls $1
Cositorto: folds 
tintin641: checks 
*** FLOP *** [7d Jh 9s]
tintin641: checks 
Stelian231: checks 
*** TURN *** [7d Jh 9s] [8c]
tintin641: bets $1.79
Stelian231: calls $1.79
*** RIVER *** [7d Jh 9s 8c] [4h]
tintin641: bets $4.34
Stelian231: calls $4.34
*** SHOW DOWN ***
tintin641: shows [3d Th] (a straight, Seven to Jack)
Stelian231: mucks hand 
tintin641 collected $14.02 from pot
*** SUMMARY ***
Total pot $14.76 | Rake $0.74 
Board [7d Jh 9s 8c 4h]
Seat 1: tintin641 (big blind) showed [3d Th] and won ($14.02) with a straight, Seven to Jack
Seat 2: Manifestorr folded before Flop (didn't bet)
Seat 3: Khoshgel90 folded before Flop (didn't bet)
Seat 4: Trojanovich folded before Flop (didn't bet)
Seat 5: Stelian231 (button) mucked
Seat 6: Cositorto (small blind) folded before Flop



PokerStars Hand #254534630406:  Hold'em No Limit ($0.50/$1.00 USD) - 2025/01/24 20:38:05 WET [2025/01/24 15:38:05 ET]
Table 'Jens IV' 6-max Seat #6 is the button
Seat 1: tintin641 ($114.61 in chips) 
Seat 2: Manifestorr ($140.05 in chips) 
Seat 3: Khoshgel90 ($54.23 in chips) 
Seat 4: Trojanovich ($155.82 in chips) 
Seat 5: Stelian231 ($108.46 in chips) 
Seat 6: Cositorto ($100 in chips) 
tintin641: posts small blind $0.50
Manifestorr: posts big blind $1
*** HOLE CARDS ***
Khoshgel90: folds 
Trojanovich: raises $1.50 to $2.50
Stelian231: calls $2.50
Cositorto: calls $2.50
tintin641: folds 
Manifestorr: folds 
*** FLOP *** [6c Jd 7s]
Trojanovich: checks 
Stelian231: checks 
Cositorto: bets $4.28
Trojanovich: folds 
Stelian231: calls $4.28
*** TURN *** [6c Jd 7s] [7c]
Stelian231: checks 
Cositorto: bets $16.68
Stelian231: calls $16.68
*** RIVER *** [6c Jd 7s 7c] [8h]
Stelian231: checks 
Cositorto: bets $76.54 and is all-in
Stelian231: calls $76.54
*** SHOW DOWN ***
Cositorto: shows [6s 6h] (a full house, Sixes full of Sevens)
Stelian231: shows [2d 7d] (three of a kind, Sevens)
Cositorto collected $201.50 from pot
*** SUMMARY ***
Total pot $204 | Rake $2.50 
Board [6c Jd 7s 7c 8h]
Seat 1: tintin641 (small blind) folded before Flop
Seat 2: Manifestorr (big blind) folded before Flop
Seat 3: Khoshgel90 folded before Flop (didn't bet)
Seat 4: Trojanovich folded on the Flop
Seat 5: Stelian231 showed [2d 7d] and lost with three of a kind, Sevens
Seat 6: Cositorto (button) showed [6s 6h] and won ($201.50) with a full house, Sixes full of Sevens



PokerStars Hand #254534648958:  Hold'em No Limit ($0.50/$1.00 USD) - 2025/01/24 20:39:06 WET [2025/01/24 15:39:06 ET]
Table 'Jens IV' 6-max Seat #1 is the button
Seat 1: tintin641 ($114.11 in chips) 
Seat 2: Manifestorr ($139.05 in chips) 
Seat 3: Khoshgel90 ($54.23 in chips) 
Seat 4: Trojanovich ($153.32 in chips) 
Seat 5: Stelian231 ($8.46 in chips) 
Seat 6: Cositorto ($201.50 in chips) 
Manifestorr: posts small blind $0.50
Khoshgel90: posts big blind $1
*** HOLE CARDS ***
Trojanovich: folds 
Stelian231: folds 
Stelian231 leaves the table
Cositorto: raises $1 to $2
tintin641: folds 
Manifestorr: folds 
Pigumelis joins the table at seat #5 
Khoshgel90: raises $2 to $4
Cositorto: calls $2
*** FLOP *** [7h Jd Qh]
Khoshgel90: checks 
Cositorto: checks 
*** TURN *** [7h Jd Qh] [3h]
Khoshgel90: bets $5
Cositorto: calls $5
*** RIVER *** [7h Jd Qh 3h] [Js]
Khoshgel90: checks 
Cositorto: bets $8.79
Khoshgel90: folds 
Uncalled bet ($8.79) returned to Cositorto
Cositorto collected $17.58 from pot
Cositorto: doesn't show hand 
*** SUMMARY ***
Total pot $18.50 | Rake $0.92 
Board [7h Jd Qh 3h Js]
Seat 1: tintin641 (button) folded before Flop (didn't bet)
Seat 2: Manifestorr (small blind) folded before Flop
Seat 3: Khoshgel90 (big blind) folded on the River
Seat 4: Trojanovich folded before Flop (didn't bet)
Seat 5: Stelian231 folded before Flop (didn't bet)
Seat 6: Cositorto collected ($17.58)



PokerStars Hand #254534675298:  Hold'em No Limit ($0.50/$1.00 USD) - 2025/01/24 20:40:34 WET [2025/01/24 15:40:34 ET]
Table 'Jens IV' 6-max Seat #2 is the button
Seat 5: Pigumelis ($100 in chips) is sitting out
Seat 1: tintin641 ($114.11 in chips) 
Seat 2: Manifestorr ($138.55 in chips) 
Seat 3: Khoshgel90 ($45.23 in chips) 
Seat 4: Trojanovich ($153.32 in chips) 
Seat 6: Cositorto ($210.08 in chips) 
Khoshgel90: posts small blind $0.50
Trojanovich: posts big blind $1
Pigumelis: sits out 
*** HOLE CARDS ***
Cositorto: raises $1 to $2
tintin641: folds 
Manifestorr: folds 
Khoshgel90: folds 
Trojanovich: folds 
Uncalled bet ($1) returned to Cositorto
Cositorto collected $2.50 from pot
Cositorto: doesn't show hand 
*** SUMMARY ***
Total pot $2.50 | Rake $0 
Seat 5: Pigumelis
Seat 1: tintin641 folded before Flop (didn't bet)
Seat 2: Manifestorr (button) folded before Flop (didn't bet)
Seat 3: Khoshgel90 (small blind) folded before Flop
Seat 4: Trojanovich (big blind) folded before Flop
Seat 6: Cositorto collected ($2.50)



PokerStars Hand #254534680417:  Hold'em No Limit ($0.50/$1.00 USD) - 2025/01/24 20:40:51 WET [2025/01/24 15:40:51 ET]
Table 'Jens IV' 6-max Seat #3 is the button
Seat 1: tintin641 ($114.11 in chips) 
Seat 2: Manifestorr ($138.55 in chips) 
Seat 3: Khoshgel90 ($44.73 in chips) 
Seat 4: Trojanovich ($152.32 in chips) 
Seat 5: Pigumelis ($100 in chips) 
Seat 6: Cositorto ($211.58 in chips) 
Trojanovich: posts small blind $0.50
Pigumelis: posts big blind $1
*** HOLE CARDS ***
Cositorto: folds 
tintin641: folds 
Manifestorr: raises $1.20 to $2.20
Khoshgel90: calls $2.20
Trojanovich: raises $8.80 to $11
Pigumelis: folds 
Manifestorr: folds 
Khoshgel90: folds 
Uncalled bet ($8.80) returned to Trojanovich
Trojanovich collected $7.60 from pot
Trojanovich: doesn't show hand 
*** SUMMARY ***
Total pot $7.60 | Rake $0 
Seat 1: tintin641 folded before Flop (didn't bet)
Seat 2: Manifestorr folded before Flop
Seat 3: Khoshgel90 (button) folded before Flop
Seat 4: Trojanovich (small blind) collected ($7.60)
Seat 5: Pigumelis (big blind) folded before Flop
Seat 6: Cositorto folded before Flop (didn't bet)



PokerStars Hand #254534688480:  Hold'em No Limit ($0.50/$1.00 USD) - 2025/01/24 20:41:17 WET [2025/01/24 15:41:17 ET]
Table 'Jens IV' 6-max Seat #4 is the button
Seat 1: tintin641 ($114.11 in chips) 
Seat 2: Manifestorr ($136.35 in chips) 
Seat 3: Khoshgel90 ($42.53 in chips) 
Seat 4: Trojanovich ($157.72 in chips) 
Seat 5: Pigumelis ($100 in chips) 
Seat 6: Cositorto ($211.58 in chips) 
Pigumelis: posts small blind $0.50
Cositorto: posts big blind $1
*** HOLE CARDS ***
tintin641: folds 
Manifestorr: folds 
Khoshgel90: folds 
Trojanovich: raises $1.50 to $2.50
Pigumelis: folds 
Cositorto: folds 
Uncalled bet ($1.50) returned to Trojanovich
Trojanovich collected $2.50 from pot
Trojanovich: doesn't show hand 
*** SUMMARY ***
Total pot $2.50 | Rake $0 
Seat 1: tintin641 folded before Flop (didn't bet)
Seat 2: Manifestorr folded before Flop (didn't bet)
Seat 3: Khoshgel90 folded before Flop (didn't bet)
Seat 4: Trojanovich (button) collected ($2.50)
Seat 5: Pigumelis (small blind) folded before Flop
Seat 6: Cositorto (big blind) folded before Flop



PokerStars Hand #254534691872:  Hold'em No Limit ($0.50/$1.00 USD) - 2025/01/24 20:41:29 WET [2025/01/24 15:41:29 ET]
Table 'Jens IV' 6-max Seat #5 is the button
Seat 1: tintin641 ($114.11 in chips) is sitting out
Seat 2: Manifestorr ($136.35 in chips) is sitting out
Seat 3: Khoshgel90 ($42.53 in chips) 
Seat 4: Trojanovich ($159.22 in chips) 
Seat 5: Pigumelis ($100 in chips) 
Seat 6: Cositorto ($210.58 in chips) 
Cositorto: posts small blind $0.50
tintin641: is sitting out 
Manifestorr: is sitting out 
Khoshgel90: posts big blind $1
*** HOLE CARDS ***
Trojanovich: raises $1.50 to $2.50
tintin641 leaves the table
Manifestorr leaves the table
Iseedora joins the table at seat #1 
Pigumelis: folds 
Cositorto: folds 
Khoshgel90: folds 
Uncalled bet ($1.50) returned to Trojanovich
Trojanovich collected $2.50 from pot
Trojanovich: doesn't show hand 
*** SUMMARY ***
Total pot $2.50 | Rake $0 
Seat 1: tintin641
Seat 2: Manifestorr
Seat 3: Khoshgel90 (big blind) folded before Flop
Seat 4: Trojanovich collected ($2.50)
Seat 5: Pigumelis (button) folded before Flop (didn't bet)
Seat 6: Cositorto (small blind) folded before Flop



PokerStars Hand #254534695186:  Hold'em No Limit ($0.50/$1.00 USD) - 2025/01/24 20:41:40 WET [2025/01/24 15:41:40 ET]
Table 'Jens IV' 6-max Seat #6 is the button
Seat 1: Iseedora ($100 in chips) is sitting out
Seat 3: Khoshgel90 ($41.53 in chips) 
Seat 4: Trojanovich ($160.72 in chips) 
Seat 5: Pigumelis ($100 in chips) 
Seat 6: Cositorto ($210.08 in chips) 
Khoshgel90: posts small blind $0.50
Trojanovich: posts big blind $1
*** HOLE CARDS ***
Birdy318 joins the table at seat #2 
Pigumelis: folds 
Cositorto: raises $1.50 to $2.50
Khoshgel90: calls $2
Trojanovich: folds 
*** FLOP *** [5s Kc 2h]
Khoshgel90: checks 
Cositorto: bets $1.54
Khoshgel90: calls $1.54
*** TURN *** [5s Kc 2h] [Ah]
Khoshgel90: checks 
Cositorto: checks 
*** RIVER *** [5s Kc 2h Ah] [Th]
Khoshgel90: checks 
Cositorto: checks 
*** SHOW DOWN ***
Khoshgel90: shows [4d 4s] (a pair of Fours)
Cositorto: shows [Jc Ks] (a pair of Kings)
Cositorto collected $8.63 from pot
*** SUMMARY ***
Total pot $9.08 | Rake $0.45 
Board [5s Kc 2h Ah Th]
Seat 1: Iseedora
Seat 3: Khoshgel90 (small blind) showed [4d 4s] and lost with a pair of Fours
Seat 4: Trojanovich (big blind) folded before Flop
Seat 5: Pigumelis folded before Flop (didn't bet)
Seat 6: Cositorto (button) showed [Jc Ks] and won ($8.63) with a pair of Kings



PokerStars Hand #254534710812:  Hold'em No Limit ($0.50/$1.00 USD) - 2025/01/24 20:42:32 WET [2025/01/24 15:42:32 ET]
Table 'Jens IV' 6-max Seat #3 is the button
Seat 1: Iseedora ($100 in chips) is sitting out
Seat 2: Birdy318 ($100 in chips) 
Seat 3: Khoshgel90 ($37.49 in chips) 
Seat 4: Trojanovich ($159.72 in chips) 
Seat 5: Pigumelis ($100 in chips) 
Seat 6: Cositorto ($214.67 in chips) 
Trojanovich: posts small blind $0.50
Pigumelis: posts big blind $1
Iseedora: sits out 
Birdy318: posts big blind $1
*** HOLE CARDS ***
Cositorto: folds 
Birdy318: raises $2 to $3
Khoshgel90: folds 
Trojanovich: folds 
Pigumelis: calls $2
*** FLOP *** [4d 9s 8h]
Pigumelis: checks 
Birdy318: checks 
*** TURN *** [4d 9s 8h] [Ks]
Pigumelis: checks 
Birdy318: bets $4
Pigumelis: folds 
Uncalled bet ($4) returned to Birdy318
Birdy318 collected $6.18 from pot
*** SUMMARY ***
Total pot $6.50 | Rake $0.32 
Board [4d 9s 8h Ks]
Seat 1: Iseedora
Seat 2: Birdy318 collected ($6.18)
Seat 3: Khoshgel90 (button) folded before Flop (didn't bet)
Seat 4: Trojanovich (small blind) folded before Flop
Seat 5: Pigumelis (big blind) folded on the Turn
Seat 6: Cositorto folded before Flop (didn't bet)



PokerStars Hand #254534724491:  Hold'em No Limit ($0.50/$1.00 USD) - 2025/01/24 20:43:17 WET [2025/01/24 15:43:17 ET]
Table 'Jens IV' 6-max Seat #4 is the button
Seat 1: Iseedora ($100 in chips) is sitting out
Seat 2: Birdy318 ($103.18 in chips) 
Seat 3: Khoshgel90 ($37.49 in chips) 
Seat 4: Trojanovich ($159.22 in chips) 
Seat 5: Pigumelis ($100 in chips) 
Seat 6: Cositorto ($214.67 in chips) 
Pigumelis: posts small blind $0.50
Cositorto: posts big blind $1
Iseedora: sits out 
*** HOLE CARDS ***
Birdy318: folds 
Khoshgel90: folds 
Trojanovich: folds 
Pigumelis: raises $1.50 to $2.50
Cositorto: raises $5.50 to $8
Pigumelis: folds 
Uncalled bet ($5.50) returned to Cositorto
Cositorto collected $5 from pot
Cositorto: doesn't show hand 
*** SUMMARY ***
Total pot $5 | Rake $0 
Seat 1: Iseedora
Seat 2: Birdy318 folded before Flop (didn't bet)
Seat 3: Khoshgel90 folded before Flop (didn't bet)
Seat 4: Trojanovich (button) folded before Flop (didn't bet)
Seat 5: Pigumelis (small blind) folded before Flop
Seat 6: Cositorto (big blind) collected ($5)



PokerStars Hand #254534732235:  Hold'em No Limit ($0.50/$1.00 USD) - 2025/01/24 20:43:43 WET [2025/01/24 15:43:43 ET]
Table 'Jens IV' 6-max Seat #5 is the button
Seat 1: Iseedora ($100 in chips) 
Seat 2: Birdy318 ($103.18 in chips) 
Seat 3: Khoshgel90 ($37.49 in chips) 
Seat 4: Trojanovich ($159.22 in chips) 
Seat 5: Pigumelis ($100 in chips) 
Seat 6: Cositorto ($217.17 in chips) 
Cositorto: posts small blind $0.50
Iseedora: posts big blind $1
*** HOLE CARDS ***
Birdy318: folds 
Khoshgel90: raises $2 to $3
Trojanovich: folds 
Pigumelis: folds 
Cositorto: folds 
Iseedora: folds 
Uncalled bet ($2) returned to Khoshgel90
Khoshgel90 collected $2.50 from pot
*** SUMMARY ***
Total pot $2.50 | Rake $0 
Seat 1: Iseedora (big blind) folded before Flop
Seat 2: Birdy318 folded before Flop (didn't bet)
Seat 3: Khoshgel90 collected ($2.50)
Seat 4: Trojanovich folded before Flop (didn't bet)
Seat 5: Pigumelis (button) folded before Flop (didn't bet)
Seat 6: Cositorto (small blind) folded before Flop



PokerStars Hand #254534737790:  Hold'em No Limit ($0.50/$1.00 USD) - 2025/01/24 20:44:01 WET [2025/01/24 15:44:01 ET]
Table 'Jens IV' 6-max Seat #6 is the button
Seat 1: Iseedora ($100 in chips) 
Seat 2: Birdy318 ($103.18 in chips) 
Seat 3: Khoshgel90 ($38.99 in chips) 
Seat 4: Trojanovich ($159.22 in chips) 
Seat 5: Pigumelis ($100 in chips) 
Seat 6: Cositorto ($216.67 in chips) 
Iseedora: posts small blind $0.50
Birdy318: posts big blind $1
*** HOLE CARDS ***
Khoshgel90: folds 
Trojanovich: folds 
Pigumelis: raises $1.10 to $2.10
Cositorto: folds 
Iseedora: folds 
Birdy318: folds 
Uncalled bet ($1.10) returned to Pigumelis
Pigumelis collected $2.50 from pot
Pigumelis: doesn't show hand 
*** SUMMARY ***
Total pot $2.50 | Rake $0 
Seat 1: Iseedora (small blind) folded before Flop
Seat 2: Birdy318 (big blind) folded before Flop
Seat 3: Khoshgel90 folded before Flop (didn't bet)
Seat 4: Trojanovich folded before Flop (didn't bet)
Seat 5: Pigumelis collected ($2.50)
Seat 6: Cositorto (button) folded before Flop (didn't bet)



PokerStars Hand #254534741348:  Hold'em No Limit ($0.50/$1.00 USD) - 2025/01/24 20:44:13 WET [2025/01/24 15:44:13 ET]
Table 'Jens IV' 6-max Seat #1 is the button
Seat 1: Iseedora ($100 in chips) 
Seat 2: Birdy318 ($102.18 in chips) 
Seat 3: Khoshgel90 ($38.99 in chips) 
Seat 4: Trojanovich ($159.22 in chips) 
Seat 5: Pigumelis ($101.50 in chips) 
Seat 6: Cositorto ($216.67 in chips) 
Birdy318: posts small blind $0.50
Khoshgel90: posts big blind $1
*** HOLE CARDS ***
Trojanovich: folds 
Pigumelis: folds 
Cositorto: folds 
Iseedora: folds 
Birdy318: folds 
Uncalled bet ($0.50) returned to Khoshgel90
Khoshgel90 collected $1 from pot
*** SUMMARY ***
Total pot $1 | Rake $0 
Seat 1: Iseedora (button) folded before Flop (didn't bet)
Seat 2: Birdy318 (small blind) folded before Flop
Seat 3: Khoshgel90 (big blind) collected ($1)
Seat 4: Trojanovich folded before Flop (didn't bet)
Seat 5: Pigumelis folded before Flop (didn't bet)
Seat 6: Cositorto folded before Flop (didn't bet)



PokerStars Hand #254534744355:  Hold'em No Limit ($0.50/$1.00 USD) - 2025/01/24 20:44:23 WET [2025/01/24 15:44:23 ET]
Table 'Jens IV' 6-max Seat #2 is the button
Seat 1: Iseedora ($100 in chips) 
Seat 2: Birdy318 ($101.68 in chips) 
Seat 3: Khoshgel90 ($39.49 in chips) 
Seat 4: Trojanovich ($159.22 in chips) 
Seat 5: Pigumelis ($101.50 in chips) 
Seat 6: Cositorto ($216.67 in chips) 
Khoshgel90: posts small blind $0.50
Trojanovich: posts big blind $1
*** HOLE CARDS ***
Pigumelis: folds 
Cositorto: folds 
Iseedora: raises $1.20 to $2.20
Birdy318: folds 
Khoshgel90: folds 
Trojanovich: folds 
Uncalled bet ($1.20) returned to Iseedora
Iseedora collected $2.50 from pot
Iseedora: doesn't show hand 
*** SUMMARY ***
Total pot $2.50 | Rake $0 
Seat 1: Iseedora collected ($2.50)
Seat 2: Birdy318 (button) folded before Flop (didn't bet)
Seat 3: Khoshgel90 (small blind) folded before Flop
Seat 4: Trojanovich (big blind) folded before Flop
Seat 5: Pigumelis folded before Flop (didn't bet)
Seat 6: Cositorto folded before Flop (didn't bet)



PokerStars Hand #254534748007:  Hold'em No Limit ($0.50/$1.00 USD) - 2025/01/24 20:44:35 WET [2025/01/24 15:44:35 ET]
Table 'Jens IV' 6-max Seat #3 is the button
Seat 1: Iseedora ($101.50 in chips) 
Seat 2: Birdy318 ($101.68 in chips) 
Seat 3: Khoshgel90 ($38.99 in chips) 
Seat 4: Trojanovich ($158.22 in chips) 
Seat 5: Pigumelis ($101.50 in chips) 
Seat 6: Cositorto ($216.67 in chips) 
Trojanovich: posts small blind $0.50
Pigumelis: posts big blind $1
*** HOLE CARDS ***
Cositorto: raises $1 to $2
Iseedora: folds 
Birdy318: folds 
Khoshgel90: folds 
Trojanovich: folds 
Pigumelis: folds 
Uncalled bet ($1) returned to Cositorto
Cositorto collected $2.50 from pot
Cositorto: doesn't show hand 
*** SUMMARY ***
Total pot $2.50 | Rake $0 
Seat 1: Iseedora folded before Flop (didn't bet)
Seat 2: Birdy318 folded before Flop (didn't bet)
Seat 3: Khoshgel90 (button) folded before Flop (didn't bet)
Seat 4: Trojanovich (small blind) folded before Flop
Seat 5: Pigumelis (big blind) folded before Flop
Seat 6: Cositorto collected ($2.50)



PokerStars Hand #254534752083:  Hold'em No Limit ($0.50/$1.00 USD) - 2025/01/24 20:44:49 WET [2025/01/24 15:44:49 ET]
Table 'Jens IV' 6-max Seat #4 is the button
Seat 1: Iseedora ($101.50 in chips) 
Seat 2: Birdy318 ($101.68 in chips) 
Seat 3: Khoshgel90 ($38.99 in chips) 
Seat 4: Trojanovich ($157.72 in chips) 
Seat 5: Pigumelis ($100.50 in chips) 
Seat 6: Cositorto ($218.17 in chips) 
Pigumelis: posts small blind $0.50
Cositorto: posts big blind $1
*** HOLE CARDS ***
Iseedora: folds 
Birdy318: raises $2 to $3
Khoshgel90: folds 
Trojanovich: folds 
Pigumelis: folds 
Cositorto: folds 
Uncalled bet ($2) returned to Birdy318
Birdy318 collected $2.50 from pot
*** SUMMARY ***
Total pot $2.50 | Rake $0 
Seat 1: Iseedora folded before Flop (didn't bet)
Seat 2: Birdy318 collected ($2.50)
Seat 3: Khoshgel90 folded before Flop (didn't bet)
Seat 4: Trojanovich (button) folded before Flop (didn't bet)
Seat 5: Pigumelis (small blind) folded before Flop
Seat 6: Cositorto (big blind) folded before Flop



PokerStars Hand #254534756184:  Hold'em No Limit ($0.50/$1.00 USD) - 2025/01/24 20:45:02 WET [2025/01/24 15:45:02 ET]
Table 'Jens IV' 6-max Seat #5 is the button
Seat 1: Iseedora ($101.50 in chips) 
Seat 2: Birdy318 ($103.18 in chips) 
Seat 3: Khoshgel90 ($38.99 in chips) 
Seat 4: Trojanovich ($157.72 in chips) 
Seat 5: Pigumelis ($100 in chips) 
Seat 6: Cositorto ($217.17 in chips) 
Cositorto: posts small blind $0.50
Iseedora: posts big blind $1
*** HOLE CARDS ***
Birdy318: folds 
Khoshgel90: raises $2 to $3
Trojanovich: folds 
Pigumelis: folds 
Cositorto: folds 
Iseedora: folds 
Uncalled bet ($2) returned to Khoshgel90
Khoshgel90 collected $2.50 from pot
*** SUMMARY ***
Total pot $2.50 | Rake $0 
Seat 1: Iseedora (big blind) folded before Flop
Seat 2: Birdy318 folded before Flop (didn't bet)
Seat 3: Khoshgel90 collected ($2.50)
Seat 4: Trojanovich folded before Flop (didn't bet)
Seat 5: Pigumelis (button) folded before Flop (didn't bet)
Seat 6: Cositorto (small blind) folded before Flop



PokerStars Hand #254534763480:  Hold'em No Limit ($0.50/$1.00 USD) - 2025/01/24 20:45:27 WET [2025/01/24 15:45:27 ET]
Table 'Jens IV' 6-max Seat #6 is the button
Seat 1: Iseedora ($100.50 in chips) 
Seat 2: Birdy318 ($103.18 in chips) 
Seat 3: Khoshgel90 ($40.49 in chips) 
Seat 4: Trojanovich ($157.72 in chips) 
Seat 5: Pigumelis ($100 in chips) 
Seat 6: Cositorto ($216.67 in chips) 
Iseedora: posts small blind $0.50
Birdy318: posts big blind $1
*** HOLE CARDS ***
Khoshgel90: raises $2 to $3
Trojanovich: folds 
Pigumelis: folds 
Cositorto: folds 
Iseedora: folds 
Birdy318: calls $2
*** FLOP *** [5h Kh Qs]
Birdy318: checks 
Khoshgel90: bets $4
Birdy318: folds 
Uncalled bet ($4) returned to Khoshgel90
Khoshgel90 collected $6.10 from pot
*** SUMMARY ***
Total pot $6.50 | Rake $0.40 
Board [5h Kh Qs]
Seat 1: Iseedora (small blind) folded before Flop
Seat 2: Birdy318 (big blind) folded on the Flop
Seat 3: Khoshgel90 collected ($6.10)
Seat 4: Trojanovich folded before Flop (didn't bet)
Seat 5: Pigumelis folded before Flop (didn't bet)
Seat 6: Cositorto (button) folded before Flop (didn't bet)



PokerStars Hand #254534769889:  Hold'em No Limit ($0.50/$1.00 USD) - 2025/01/24 20:45:49 WET [2025/01/24 15:45:49 ET]
Table 'Jens IV' 6-max Seat #1 is the button
Seat 1: Iseedora ($100 in chips) 
Seat 2: Birdy318 ($100.18 in chips) 
Seat 3: Khoshgel90 ($43.59 in chips) 
Seat 4: Trojanovich ($157.72 in chips) 
Seat 5: Pigumelis ($100 in chips) 
Seat 6: Cositorto ($216.67 in chips) 
Birdy318: posts small blind $0.50
Khoshgel90: posts big blind $1
*** HOLE CARDS ***
Trojanovich: folds 
Pigumelis: folds 
Cositorto: raises $1 to $2
Iseedora: folds 
Birdy318: folds 
Khoshgel90: raises $3 to $5
Cositorto: calls $3
*** FLOP *** [Ah 8h Th]
Khoshgel90: bets $5
Cositorto: folds 
Uncalled bet ($5) returned to Khoshgel90
Khoshgel90 collected $9.85 from pot
*** SUMMARY ***
Total pot $10.50 | Rake $0.65 
Board [Ah 8h Th]
Seat 1: Iseedora (button) folded before Flop (didn't bet)
Seat 2: Birdy318 (small blind) folded before Flop
Seat 3: Khoshgel90 (big blind) collected ($9.85)
Seat 4: Trojanovich folded before Flop (didn't bet)
Seat 5: Pigumelis folded before Flop (didn't bet)
Seat 6: Cositorto folded on the Flop



PokerStars Hand #254534785113:  Hold'em No Limit ($0.50/$1.00 USD) - 2025/01/24 20:46:39 WET [2025/01/24 15:46:39 ET]
Table 'Jens IV' 6-max Seat #2 is the button
Seat 1: Iseedora ($100 in chips) 
Seat 2: Birdy318 ($100 in chips) 
Seat 3: Khoshgel90 ($48.44 in chips) 
Seat 4: Trojanovich ($157.72 in chips) 
Seat 5: Pigumelis ($100 in chips) 
Seat 6: Cositorto ($211.67 in chips) 
Khoshgel90: posts small blind $0.50
Trojanovich: posts big blind $1
*** HOLE CARDS ***
Pigumelis: folds 
Cositorto: folds 
Iseedora: raises $1.20 to $2.20
Birdy318: calls $2.20
Khoshgel90: raises $4.20 to $6.40
Trojanovich: folds 
Iseedora: calls $4.20
Birdy318: calls $4.20
*** FLOP *** [Ks 8d 3s]
Khoshgel90: checks 
Iseedora: checks 
Birdy318: bets $10
Khoshgel90: folds 
Iseedora: folds 
Uncalled bet ($10) returned to Birdy318
Birdy318 collected $19.19 from pot
*** SUMMARY ***
Total pot $20.20 | Rake $1.01 
Board [Ks 8d 3s]
Seat 1: Iseedora folded on the Flop
Seat 2: Birdy318 (button) collected ($19.19)
Seat 3: Khoshgel90 (small blind) folded on the Flop
Seat 4: Trojanovich (big blind) folded before Flop
Seat 5: Pigumelis folded before Flop (didn't bet)
Seat 6: Cositorto folded before Flop (didn't bet)



PokerStars Hand #254534801744:  Hold'em No Limit ($0.50/$1.00 USD) - 2025/01/24 20:47:35 WET [2025/01/24 15:47:35 ET]
Table 'Jens IV' 6-max Seat #3 is the button
Seat 1: Iseedora ($100 in chips) 
Seat 2: Birdy318 ($112.79 in chips) 
Seat 3: Khoshgel90 ($42.04 in chips) 
Seat 4: Trojanovich ($156.72 in chips) 
Seat 5: Pigumelis ($100 in chips) 
Seat 6: Cositorto ($211.67 in chips) 
Trojanovich: posts small blind $0.50
Pigumelis: posts big blind $1
*** HOLE CARDS ***
Cositorto: raises $1 to $2
Iseedora: folds 
Birdy318: folds 
Khoshgel90: folds 
Trojanovich: folds 
Pigumelis: calls $1
*** FLOP *** [Kd 4h 7h]
Pigumelis: checks 
Cositorto: bets $1.16
Pigumelis: folds 
Uncalled bet ($1.16) returned to Cositorto
Cositorto collected $4.28 from pot
Cositorto: doesn't show hand 
*** SUMMARY ***
Total pot $4.50 | Rake $0.22 
Board [Kd 4h 7h]
Seat 1: Iseedora folded before Flop (didn't bet)
Seat 2: Birdy318 folded before Flop (didn't bet)
Seat 3: Khoshgel90 (button) folded before Flop (didn't bet)
Seat 4: Trojanovich (small blind) folded before Flop
Seat 5: Pigumelis (big blind) folded on the Flop
Seat 6: Cositorto collected ($4.28)



PokerStars Hand #254534810840:  Hold'em No Limit ($0.50/$1.00 USD) - 2025/01/24 20:48:06 WET [2025/01/24 15:48:06 ET]
Table 'Jens IV' 6-max Seat #4 is the button
Seat 1: Iseedora ($100 in chips) 
Seat 2: Birdy318 ($112.79 in chips) 
Seat 3: Khoshgel90 ($42.04 in chips) 
Seat 4: Trojanovich ($156.22 in chips) 
Seat 5: Pigumelis ($100 in chips) 
Seat 6: Cositorto ($213.95 in chips) 
Pigumelis: posts small blind $0.50
Cositorto: posts big blind $1
*** HOLE CARDS ***
Iseedora: raises $1.20 to $2.20
Birdy318: folds 
Khoshgel90: folds 
Trojanovich: calls $2.20
Pigumelis: folds 
Cositorto: folds 
*** FLOP *** [2s 6c Ac]
Iseedora: checks 
Trojanovich: checks 
*** TURN *** [2s 6c Ac] [9d]
Iseedora: checks 
Trojanovich: bets $1.85
Iseedora: calls $1.85
*** RIVER *** [2s 6c Ac 9d] [4h]
Iseedora: checks 
Trojanovich: bets $9.12
Iseedora: folds 
Uncalled bet ($9.12) returned to Trojanovich
Trojanovich collected $9.12 from pot
Trojanovich: doesn't show hand 
*** SUMMARY ***
Total pot $9.60 | Rake $0.48 
Board [2s 6c Ac 9d 4h]
Seat 1: Iseedora folded on the River
Seat 2: Birdy318 folded before Flop (didn't bet)
Seat 3: Khoshgel90 folded before Flop (didn't bet)
Seat 4: Trojanovich (button) collected ($9.12)
Seat 5: Pigumelis (small blind) folded before Flop
Seat 6: Cositorto (big blind) folded before Flop



PokerStars Hand #254534834916:  Hold'em No Limit ($0.50/$1.00 USD) - 2025/01/24 20:49:25 WET [2025/01/24 15:49:25 ET]
Table 'Jens IV' 6-max Seat #5 is the button
Seat 1: Iseedora ($100 in chips) 
Seat 2: Birdy318 ($112.79 in chips) 
Seat 3: Khoshgel90 ($42.04 in chips) 
Seat 4: Trojanovich ($161.29 in chips) 
Seat 5: Pigumelis ($100 in chips) 
Seat 6: Cositorto ($212.95 in chips) 
Cositorto: posts small blind $0.50
Iseedora: posts big blind $1
*** HOLE CARDS ***
Birdy318: folds 
Khoshgel90: raises $2 to $3
Trojanovich: folds 
Pigumelis: folds 
Cositorto: folds 
Iseedora: folds 
Uncalled bet ($2) returned to Khoshgel90
Khoshgel90 collected $2.50 from pot
*** SUMMARY ***
Total pot $2.50 | Rake $0 
Seat 1: Iseedora (big blind) folded before Flop
Seat 2: Birdy318 folded before Flop (didn't bet)
Seat 3: Khoshgel90 collected ($2.50)
Seat 4: Trojanovich folded before Flop (didn't bet)
Seat 5: Pigumelis (button) folded before Flop (didn't bet)
Seat 6: Cositorto (small blind) folded before Flop



PokerStars Hand #254534840145:  Hold'em No Limit ($0.50/$1.00 USD) - 2025/01/24 20:49:43 WET [2025/01/24 15:49:43 ET]
Table 'Jens IV' 6-max Seat #6 is the button
Seat 1: Iseedora ($100 in chips) 
Seat 2: Birdy318 ($112.79 in chips) 
Seat 3: Khoshgel90 ($43.54 in chips) 
Seat 4: Trojanovich ($161.29 in chips) 
Seat 5: Pigumelis ($100 in chips) 
Seat 6: Cositorto ($212.45 in chips) 
Iseedora: posts small blind $0.50
Birdy318: posts big blind $1
*** HOLE CARDS ***
Khoshgel90: folds 
Trojanovich: raises $1.50 to $2.50
Pigumelis: folds 
Cositorto: calls $2.50
Iseedora: folds 
Birdy318: folds 
*** FLOP *** [7d 3c Kd]
Trojanovich: checks 
Cositorto: bets $1.67
Trojanovich: raises $3.25 to $4.92
Cositorto: folds 
Uncalled bet ($3.25) returned to Trojanovich
Trojanovich collected $9.35 from pot
Trojanovich: doesn't show hand 
*** SUMMARY ***
Total pot $9.84 | Rake $0.49 
Board [7d 3c Kd]
Seat 1: Iseedora (small blind) folded before Flop
Seat 2: Birdy318 (big blind) folded before Flop
Seat 3: Khoshgel90 folded before Flop (didn't bet)
Seat 4: Trojanovich collected ($9.35)
Seat 5: Pigumelis folded before Flop (didn't bet)
Seat 6: Cositorto (button) folded on the Flop



PokerStars Hand #254534850390:  Hold'em No Limit ($0.50/$1.00 USD) - 2025/01/24 20:50:17 WET [2025/01/24 15:50:17 ET]
Table 'Jens IV' 6-max Seat #1 is the button
Seat 1: Iseedora ($100 in chips) 
Seat 2: Birdy318 ($111.79 in chips) 
Seat 3: Khoshgel90 ($43.54 in chips) 
Seat 4: Trojanovich ($166.47 in chips) 
Seat 5: Pigumelis ($100 in chips) 
Seat 6: Cositorto ($208.28 in chips) 
Birdy318: posts small blind $0.50
Khoshgel90: posts big blind $1
*** HOLE CARDS ***
Trojanovich: raises $1.50 to $2.50
Pigumelis: folds 
Cositorto: folds 
Iseedora: folds 
Birdy318: folds 
Khoshgel90: folds 
Uncalled bet ($1.50) returned to Trojanovich
Trojanovich collected $2.50 from pot
Trojanovich: doesn't show hand 
*** SUMMARY ***
Total pot $2.50 | Rake $0 
Seat 1: Iseedora (button) folded before Flop (didn't bet)
Seat 2: Birdy318 (small blind) folded before Flop
Seat 3: Khoshgel90 (big blind) folded before Flop
Seat 4: Trojanovich collected ($2.50)
Seat 5: Pigumelis folded before Flop (didn't bet)
Seat 6: Cositorto folded before Flop (didn't bet)



PokerStars Hand #254534853393:  Hold'em No Limit ($0.50/$1.00 USD) - 2025/01/24 20:50:27 WET [2025/01/24 15:50:27 ET]
Table 'Jens IV' 6-max Seat #2 is the button
Seat 1: Iseedora ($100 in chips) 
Seat 2: Birdy318 ($111.29 in chips) 
Seat 3: Khoshgel90 ($42.54 in chips) 
Seat 4: Trojanovich ($167.97 in chips) 
Seat 5: Pigumelis ($100 in chips) 
Seat 6: Cositorto ($208.28 in chips) 
Khoshgel90: posts small blind $0.50
Trojanovich: posts big blind $1
*** HOLE CARDS ***
Pigumelis: folds 
Cositorto: folds 
Iseedora: raises $1.20 to $2.20
Birdy318: raises $8.80 to $11
Khoshgel90: folds 
Trojanovich: folds 
Iseedora: folds 
Uncalled bet ($8.80) returned to Birdy318
Birdy318 collected $5.90 from pot
*** SUMMARY ***
Total pot $5.90 | Rake $0 
Seat 1: Iseedora folded before Flop
Seat 2: Birdy318 (button) collected ($5.90)
Seat 3: Khoshgel90 (small blind) folded before Flop
Seat 4: Trojanovich (big blind) folded before Flop
Seat 5: Pigumelis folded before Flop (didn't bet)
Seat 6: Cositorto folded before Flop (didn't bet)



PokerStars Hand #254534864222:  Hold'em No Limit ($0.50/$1.00 USD) - 2025/01/24 20:51:02 WET [2025/01/24 15:51:02 ET]
Table 'Jens IV' 6-max Seat #3 is the button
Seat 1: Iseedora ($100 in chips) 
Seat 2: Birdy318 ($114.99 in chips) 
Seat 3: Khoshgel90 ($42.04 in chips) 
Seat 4: Trojanovich ($166.97 in chips) 
Seat 5: Pigumelis ($100 in chips) 
Seat 6: Cositorto ($208.28 in chips) 
Trojanovich: posts small blind $0.50
Pigumelis: posts big blind $1
*** HOLE CARDS ***
Cositorto: raises $1 to $2
Iseedora: folds 
Birdy318: folds 
Khoshgel90: folds 
Trojanovich: folds 
Pigumelis: calls $1
*** FLOP *** [4d 7h 2d]
Pigumelis: checks 
Cositorto: bets $2.14
Pigumelis: folds 
Uncalled bet ($2.14) returned to Cositorto
Cositorto collected $4.28 from pot
Cositorto: doesn't show hand 
*** SUMMARY ***
Total pot $4.50 | Rake $0.22 
Board [4d 7h 2d]
Seat 1: Iseedora folded before Flop (didn't bet)
Seat 2: Birdy318 folded before Flop (didn't bet)
Seat 3: Khoshgel90 (button) folded before Flop (didn't bet)
Seat 4: Trojanovich (small blind) folded before Flop
Seat 5: Pigumelis (big blind) folded on the Flop
Seat 6: Cositorto collected ($4.28)



PokerStars Hand #254534873771:  Hold'em No Limit ($0.50/$1.00 USD) - 2025/01/24 20:51:34 WET [2025/01/24 15:51:34 ET]
Table 'Jens IV' 6-max Seat #4 is the button
Seat 1: Iseedora ($100 in chips) 
Seat 2: Birdy318 ($114.99 in chips) 
Seat 3: Khoshgel90 ($42.04 in chips) 
Seat 4: Trojanovich ($166.47 in chips) 
Seat 5: Pigumelis ($100 in chips) 
Seat 6: Cositorto ($210.56 in chips) 
Pigumelis: posts small blind $0.50
Cositorto: posts big blind $1
*** HOLE CARDS ***
Iseedora: folds 
Birdy318: folds 
Khoshgel90: raises $2 to $3
Trojanovich: folds 
Pigumelis: folds 
Cositorto: folds 
Uncalled bet ($2) returned to Khoshgel90
Khoshgel90 collected $2.50 from pot
*** SUMMARY ***
Total pot $2.50 | Rake $0 
Seat 1: Iseedora folded before Flop (didn't bet)
Seat 2: Birdy318 folded before Flop (didn't bet)
Seat 3: Khoshgel90 collected ($2.50)
Seat 4: Trojanovich (button) folded before Flop (didn't bet)
Seat 5: Pigumelis (small blind) folded before Flop
Seat 6: Cositorto (big blind) folded before Flop



PokerStars Hand #254534882294:  Hold'em No Limit ($0.50/$1.00 USD) - 2025/01/24 20:52:02 WET [2025/01/24 15:52:02 ET]
Table 'Jens IV' 6-max Seat #5 is the button
Seat 1: Iseedora ($100 in chips) 
Seat 2: Birdy318 ($114.99 in chips) 
Seat 3: Khoshgel90 ($43.54 in chips) 
Seat 4: Trojanovich ($166.47 in chips) 
Seat 5: Pigumelis ($100 in chips) 
Seat 6: Cositorto ($209.56 in chips) 
Cositorto: posts small blind $0.50
Iseedora: posts big blind $1
*** HOLE CARDS ***
Birdy318: raises $2 to $3
Khoshgel90: folds 
Trojanovich: folds 
Pigumelis: folds 
Cositorto: folds 
Iseedora: folds 
Uncalled bet ($2) returned to Birdy318
Birdy318 collected $2.50 from pot
*** SUMMARY ***
Total pot $2.50 | Rake $0 
Seat 1: Iseedora (big blind) folded before Flop
Seat 2: Birdy318 collected ($2.50)
Seat 3: Khoshgel90 folded before Flop (didn't bet)
Seat 4: Trojanovich folded before Flop (didn't bet)
Seat 5: Pigumelis (button) folded before Flop (didn't bet)
Seat 6: Cositorto (small blind) folded before Flop



PokerStars Hand #254534887956:  Hold'em No Limit ($0.50/$1.00 USD) - 2025/01/24 20:52:21 WET [2025/01/24 15:52:21 ET]
Table 'Jens IV' 6-max Seat #6 is the button
Seat 1: Iseedora ($100 in chips) 
Seat 2: Birdy318 ($116.49 in chips) 
Seat 3: Khoshgel90 ($43.54 in chips) 
Seat 4: Trojanovich ($166.47 in chips) 
Seat 5: Pigumelis ($100 in chips) 
Seat 6: Cositorto ($209.06 in chips) 
Iseedora: posts small blind $0.50
Birdy318: posts big blind $1
*** HOLE CARDS ***
Khoshgel90: folds 
Trojanovich: folds 
Pigumelis: folds 
Cositorto: raises $1.50 to $2.50
Iseedora: folds 
Birdy318: calls $1.50
*** FLOP *** [Jc 7c As]
Birdy318: checks 
Cositorto: bets $5.22
Birdy318: raises $15.78 to $21
Cositorto: calls $15.78
*** TURN *** [Jc 7c As] [6d]
Birdy318: bets $92.99 and is all-in
Cositorto: folds 
Uncalled bet ($92.99) returned to Birdy318
Birdy318 collected $45.12 from pot
*** SUMMARY ***
Total pot $47.50 | Rake $2.38 
Board [Jc 7c As 6d]
Seat 1: Iseedora (small blind) folded before Flop
Seat 2: Birdy318 (big blind) collected ($45.12)
Seat 3: Khoshgel90 folded before Flop (didn't bet)
Seat 4: Trojanovich folded before Flop (didn't bet)
Seat 5: Pigumelis folded before Flop (didn't bet)
Seat 6: Cositorto (button) folded on the Turn



PokerStars Hand #254534914533:  Hold'em No Limit ($0.50/$1.00 USD) - 2025/01/24 20:53:49 WET [2025/01/24 15:53:49 ET]
Table 'Jens IV' 6-max Seat #1 is the button
Seat 1: Iseedora ($100 in chips) 
Seat 2: Birdy318 ($138.11 in chips) 
Seat 3: Khoshgel90 ($43.54 in chips) 
Seat 4: Trojanovich ($166.47 in chips) 
Seat 5: Pigumelis ($100 in chips) 
Seat 6: Cositorto ($185.56 in chips) 
Birdy318: posts small blind $0.50
Khoshgel90: posts big blind $1
*** HOLE CARDS ***
Trojanovich: raises $1.50 to $2.50
Pigumelis: folds 
Cositorto: folds 
Iseedora: folds 
Birdy318: folds 
Khoshgel90: folds 
Uncalled bet ($1.50) returned to Trojanovich
Trojanovich collected $2.50 from pot
Trojanovich: doesn't show hand 
*** SUMMARY ***
Total pot $2.50 | Rake $0 
Seat 1: Iseedora (button) folded before Flop (didn't bet)
Seat 2: Birdy318 (small blind) folded before Flop
Seat 3: Khoshgel90 (big blind) folded before Flop
Seat 4: Trojanovich collected ($2.50)
Seat 5: Pigumelis folded before Flop (didn't bet)
Seat 6: Cositorto folded before Flop (didn't bet)



PokerStars Hand #254534924408:  Hold'em No Limit ($0.50/$1.00 USD) - 2025/01/24 20:54:23 WET [2025/01/24 15:54:23 ET]
Table 'Jens IV' 6-max Seat #2 is the button
Seat 1: Iseedora ($100 in chips) 
Seat 2: Birdy318 ($137.61 in chips) 
Seat 3: Khoshgel90 ($42.54 in chips) 
Seat 4: Trojanovich ($167.97 in chips) 
Seat 5: Pigumelis ($100 in chips) 
Seat 6: Cositorto ($185.56 in chips) 
Khoshgel90: posts small blind $0.50
Trojanovich: posts big blind $1
*** HOLE CARDS ***
Pigumelis: raises $1.10 to $2.10
Cositorto: folds 
Iseedora: folds 
Birdy318: calls $2.10
Khoshgel90: calls $1.60
Trojanovich: folds 
*** FLOP *** [8s 3h 6d]
Khoshgel90: checks 
Pigumelis: checks 
Birdy318: bets $5
Khoshgel90: folds 
Pigumelis: folds 
Uncalled bet ($5) returned to Birdy318
Birdy318 collected $6.94 from pot
*** SUMMARY ***
Total pot $7.30 | Rake $0.36 
Board [8s 3h 6d]
Seat 1: Iseedora folded before Flop (didn't bet)
Seat 2: Birdy318 (button) collected ($6.94)
Seat 3: Khoshgel90 (small blind) folded on the Flop
Seat 4: Trojanovich (big blind) folded before Flop
Seat 5: Pigumelis folded on the Flop
Seat 6: Cositorto folded before Flop (didn't bet)



PokerStars Hand #254534936248:  Hold'em No Limit ($0.50/$1.00 USD) - 2025/01/24 20:55:02 WET [2025/01/24 15:55:02 ET]
Table 'Jens IV' 6-max Seat #3 is the button
Seat 5: Pigumelis ($100 in chips) is sitting out
Seat 1: Iseedora ($100 in chips) 
Seat 2: Birdy318 ($142.45 in chips) 
Seat 3: Khoshgel90 ($40.44 in chips) 
Seat 4: Trojanovich ($166.97 in chips) 
Seat 6: Cositorto ($185.56 in chips) 
Trojanovich: posts small blind $0.50
Pigumelis: is sitting out 
Cositorto: posts big blind $1
*** HOLE CARDS ***
Iseedora: folds 
Pigumelis leaves the table
Birdy318: raises $2 to $3
BGS013 joins the table at seat #5 
Khoshgel90: folds 
Trojanovich: folds 
Cositorto: folds 
Uncalled bet ($2) returned to Birdy318
Birdy318 collected $2.50 from pot
*** SUMMARY ***
Total pot $2.50 | Rake $0 
Seat 5: Pigumelis
Seat 1: Iseedora folded before Flop (didn't bet)
Seat 2: Birdy318 collected ($2.50)
Seat 3: Khoshgel90 (button) folded before Flop (didn't bet)
Seat 4: Trojanovich (small blind) folded before Flop
Seat 6: Cositorto (big blind) folded before Flop



PokerStars Hand #254534942517:  Hold'em No Limit ($0.50/$1.00 USD) - 2025/01/24 20:55:28 WET [2025/01/24 15:55:28 ET]
Table 'Jens IV' 6-max Seat #4 is the button
Seat 1: Iseedora ($100 in chips) is sitting out
Seat 5: BGS013 ($100 in chips) is sitting out
Seat 2: Birdy318 ($143.95 in chips) 
Seat 3: Khoshgel90 ($40.44 in chips) 
Seat 4: Trojanovich ($166.47 in chips) 
Seat 6: Cositorto ($184.56 in chips) 
Cositorto: posts small blind $0.50
Iseedora: is sitting out 
Birdy318: posts big blind $1
*** HOLE CARDS ***
Khoshgel90: folds 
Trojanovich: folds 
Cositorto: raises $2 to $3
Birdy318: folds 
Uncalled bet ($2) returned to Cositorto
Cositorto collected $2 from pot
Cositorto: doesn't show hand 
*** SUMMARY ***
Total pot $2 | Rake $0 
Seat 1: Iseedora
Seat 5: BGS013
Seat 2: Birdy318 (big blind) folded before Flop
Seat 3: Khoshgel90 folded before Flop (didn't bet)
Seat 4: Trojanovich (button) folded before Flop (didn't bet)
Seat 6: Cositorto (small blind) collected ($2)



PokerStars Hand #254534945212:  Hold'em No Limit ($0.50/$1.00 USD) - 2025/01/24 20:55:41 WET [2025/01/24 15:55:41 ET]
Table 'Jens IV' 6-max Seat #6 is the button
Seat 1: Iseedora ($100 in chips) is sitting out
Seat 5: BGS013 ($100 in chips) is sitting out
Seat 2: Birdy318 ($142.95 in chips) 
Seat 3: Khoshgel90 ($40.44 in chips) 
Seat 4: Trojanovich ($166.47 in chips) 
Seat 6: Cositorto ($185.56 in chips) 
Birdy318: posts small blind $0.50
Khoshgel90: posts big blind $1
BGS013: sits out 
*** HOLE CARDS ***
Trojanovich: folds 
Cositorto: folds 
Birdy318: raises $141.95 to $142.95 and is all-in
Khoshgel90: folds 
Uncalled bet ($141.95) returned to Birdy318
Birdy318 collected $2 from pot
*** SUMMARY ***
Total pot $2 | Rake $0 
Seat 1: Iseedora
Seat 5: BGS013
Seat 2: Birdy318 (small blind) collected ($2)
Seat 3: Khoshgel90 (big blind) folded before Flop
Seat 4: Trojanovich folded before Flop (didn't bet)
Seat 6: Cositorto (button) folded before Flop (didn't bet)



PokerStars Hand #254534949279:  Hold'em No Limit ($0.50/$1.00 USD) - 2025/01/24 20:56:00 WET [2025/01/24 15:56:00 ET]
Table 'Jens IV' 6-max Seat #2 is the button
Seat 1: Iseedora ($100 in chips) is sitting out
Seat 5: BGS013 ($100 in chips) is sitting out
Seat 2: Birdy318 ($143.95 in chips) 
Seat 3: Khoshgel90 ($39.44 in chips) 
Seat 4: Trojanovich ($166.47 in chips) 
Seat 6: Cositorto ($185.56 in chips) 
Khoshgel90: posts small blind $0.50
Trojanovich: posts big blind $1
BGS013: sits out 
*** HOLE CARDS ***
Cositorto: folds 
Birdy318: folds 
Khoshgel90: folds 
Uncalled bet ($0.50) returned to Trojanovich
Trojanovich collected $1 from pot
Trojanovich: doesn't show hand 
*** SUMMARY ***
Total pot $1 | Rake $0 
Seat 1: Iseedora
Seat 5: BGS013
Seat 2: Birdy318 (button) folded before Flop (didn't bet)
Seat 3: Khoshgel90 (small blind) folded before Flop
Seat 4: Trojanovich (big blind) collected ($1)
Seat 6: Cositorto folded before Flop (didn't bet)



PokerStars Hand #254534951059:  Hold'em No Limit ($0.50/$1.00 USD) - 2025/01/24 20:56:09 WET [2025/01/24 15:56:09 ET]
Table 'Jens IV' 6-max Seat #3 is the button
Seat 1: Iseedora ($100 in chips) is sitting out
Seat 2: Birdy318 ($143.95 in chips) 
Seat 3: Khoshgel90 ($38.94 in chips) 
Seat 4: Trojanovich ($166.97 in chips) 
Seat 5: BGS013 ($100 in chips) 
Seat 6: Cositorto ($185.56 in chips) 
Trojanovich: posts small blind $0.50
BGS013: posts big blind $1
*** HOLE CARDS ***
Cositorto: folds 
Birdy318: folds 
Khoshgel90: folds 
Trojanovich: raises $2 to $3
BGS013: folds 
Uncalled bet ($2) returned to Trojanovich
Trojanovich collected $2 from pot
Trojanovich: doesn't show hand 
*** SUMMARY ***
Total pot $2 | Rake $0 
Seat 1: Iseedora
Seat 2: Birdy318 folded before Flop (didn't bet)
Seat 3: Khoshgel90 (button) folded before Flop (didn't bet)
Seat 4: Trojanovich (small blind) collected ($2)
Seat 5: BGS013 (big blind) folded before Flop
Seat 6: Cositorto folded before Flop (didn't bet)



PokerStars Hand #254534952617:  Hold'em No Limit ($0.50/$1.00 USD) - 2025/01/24 20:56:16 WET [2025/01/24 15:56:16 ET]
Table 'Jens IV' 6-max Seat #4 is the button
Seat 1: Iseedora ($100 in chips) is sitting out
Seat 2: Birdy318 ($143.95 in chips) 
Seat 3: Khoshgel90 ($38.94 in chips) 
Seat 4: Trojanovich ($167.97 in chips) 
Seat 5: BGS013 ($100 in chips) 
Seat 6: Cositorto ($185.56 in chips) 
BGS013: posts small blind $0.50
Cositorto: posts big blind $1
*** HOLE CARDS ***
Birdy318: folds 
Khoshgel90: folds 
Trojanovich: folds 
BGS013: raises $2 to $3
Cositorto: folds 
Uncalled bet ($2) returned to BGS013
BGS013 collected $2 from pot
BGS013: doesn't show hand 
*** SUMMARY ***
Total pot $2 | Rake $0 
Seat 1: Iseedora
Seat 2: Birdy318 folded before Flop (didn't bet)
Seat 3: Khoshgel90 folded before Flop (didn't bet)
Seat 4: Trojanovich (button) folded before Flop (didn't bet)
Seat 5: BGS013 (small blind) collected ($2)
Seat 6: Cositorto (big blind) folded before Flop



PokerStars Hand #254534955765:  Hold'em No Limit ($0.50/$1.00 USD) - 2025/01/24 20:56:31 WET [2025/01/24 15:56:31 ET]
Table 'Jens IV' 6-max Seat #5 is the button
Seat 1: Iseedora ($100 in chips) is sitting out
Seat 2: Birdy318 ($143.95 in chips) 
Seat 3: Khoshgel90 ($38.94 in chips) 
Seat 4: Trojanovich ($167.97 in chips) 
Seat 5: BGS013 ($101 in chips) 
Seat 6: Cositorto ($184.56 in chips) 
Cositorto: posts small blind $0.50
Birdy318: posts big blind $1
*** HOLE CARDS ***
Khoshgel90: raises $2 to $3
Trojanovich: folds 
BGS013: folds 
Cositorto: folds 
Birdy318: folds 
Uncalled bet ($2) returned to Khoshgel90
Khoshgel90 collected $2.50 from pot
*** SUMMARY ***
Total pot $2.50 | Rake $0 
Seat 1: Iseedora
Seat 2: Birdy318 (big blind) folded before Flop
Seat 3: Khoshgel90 collected ($2.50)
Seat 4: Trojanovich folded before Flop (didn't bet)
Seat 5: BGS013 (button) folded before Flop (didn't bet)
Seat 6: Cositorto (small blind) folded before Flop



PokerStars Hand #254534960022:  Hold'em No Limit ($0.50/$1.00 USD) - 2025/01/24 20:56:51 WET [2025/01/24 15:56:51 ET]
Table 'Jens IV' 6-max Seat #6 is the button
Seat 1: Iseedora ($100 in chips) is sitting out
Seat 2: Birdy318 ($142.95 in chips) 
Seat 3: Khoshgel90 ($40.44 in chips) 
Seat 4: Trojanovich ($167.97 in chips) 
Seat 5: BGS013 ($101 in chips) 
Seat 6: Cositorto ($184.06 in chips) 
Birdy318: posts small blind $0.50
Khoshgel90: posts big blind $1
*** HOLE CARDS ***
Trojanovich: folds 
BGS013: folds 
Cositorto: folds 
Birdy318: folds 
Uncalled bet ($0.50) returned to Khoshgel90
Khoshgel90 collected $1 from pot
*** SUMMARY ***
Total pot $1 | Rake $0 
Seat 1: Iseedora
Seat 2: Birdy318 (small blind) folded before Flop
Seat 3: Khoshgel90 (big blind) collected ($1)
Seat 4: Trojanovich folded before Flop (didn't bet)
Seat 5: BGS013 folded before Flop (didn't bet)
Seat 6: Cositorto (button) folded before Flop (didn't bet)



PokerStars Hand #254534961811:  Hold'em No Limit ($0.50/$1.00 USD) - 2025/01/24 20:57:00 WET [2025/01/24 15:57:00 ET]
Table 'Jens IV' 6-max Seat #2 is the button
Seat 1: Iseedora ($100 in chips) is sitting out
Seat 2: Birdy318 ($142.45 in chips) 
Seat 3: Khoshgel90 ($40.94 in chips) 
Seat 4: Trojanovich ($167.97 in chips) 
Seat 5: BGS013 ($101 in chips) 
Seat 6: Cositorto ($184.06 in chips) 
Khoshgel90: posts small blind $0.50
Trojanovich: posts big blind $1
*** HOLE CARDS ***
BGS013: folds 
Cositorto: folds 
Birdy318: raises $2 to $3
Khoshgel90: raises $3 to $6
Trojanovich: folds 
Birdy318: calls $3
*** FLOP *** [3h 8d Ts]
Khoshgel90: bets $5
Birdy318: folds 
Uncalled bet ($5) returned to Khoshgel90
Khoshgel90 collected $12.19 from pot
*** SUMMARY ***
Total pot $13 | Rake $0.81 
Board [3h 8d Ts]
Seat 1: Iseedora
Seat 2: Birdy318 (button) folded on the Flop
Seat 3: Khoshgel90 (small blind) collected ($12.19)
Seat 4: Trojanovich (big blind) folded before Flop
Seat 5: BGS013 folded before Flop (didn't bet)
Seat 6: Cositorto folded before Flop (didn't bet)



PokerStars Hand #254534971280:  Hold'em No Limit ($0.50/$1.00 USD) - 2025/01/24 20:57:44 WET [2025/01/24 15:57:44 ET]
Table 'Jens IV' 6-max Seat #3 is the button
Seat 1: Iseedora ($100 in chips) is sitting out
Seat 2: Birdy318 ($136.45 in chips) 
Seat 3: Khoshgel90 ($47.13 in chips) 
Seat 4: Trojanovich ($166.97 in chips) 
Seat 5: BGS013 ($101 in chips) 
Seat 6: Cositorto ($184.06 in chips) 
Trojanovich: posts small blind $0.50
BGS013: posts big blind $1
*** HOLE CARDS ***
Cositorto: folds 
Birdy318: raises $2 to $3
Khoshgel90: folds 
Trojanovich: folds 
BGS013: folds 
Uncalled bet ($2) returned to Birdy318
Birdy318 collected $2.50 from pot
*** SUMMARY ***
Total pot $2.50 | Rake $0 
Seat 1: Iseedora
Seat 2: Birdy318 collected ($2.50)
Seat 3: Khoshgel90 (button) folded before Flop (didn't bet)
Seat 4: Trojanovich (small blind) folded before Flop
Seat 5: BGS013 (big blind) folded before Flop
Seat 6: Cositorto folded before Flop (didn't bet)



PokerStars Hand #254534975143:  Hold'em No Limit ($0.50/$1.00 USD) - 2025/01/24 20:58:02 WET [2025/01/24 15:58:02 ET]
Table 'Jens IV' 6-max Seat #4 is the button
Seat 1: Iseedora ($100 in chips) is sitting out
Seat 2: Birdy318 ($137.95 in chips) 
Seat 3: Khoshgel90 ($47.13 in chips) 
Seat 4: Trojanovich ($166.47 in chips) 
Seat 5: BGS013 ($100 in chips) 
Seat 6: Cositorto ($184.06 in chips) 
BGS013: posts small blind $0.50
Cositorto: posts big blind $1
*** HOLE CARDS ***
Birdy318: folds 
Khoshgel90: folds 
Trojanovich: raises $1.50 to $2.50
BGS013: folds 
Cositorto: folds 
Uncalled bet ($1.50) returned to Trojanovich
Trojanovich collected $2.50 from pot
Trojanovich: doesn't show hand 
*** SUMMARY ***
Total pot $2.50 | Rake $0 
Seat 1: Iseedora
Seat 2: Birdy318 folded before Flop (didn't bet)
Seat 3: Khoshgel90 folded before Flop (didn't bet)
Seat 4: Trojanovich (button) collected ($2.50)
Seat 5: BGS013 (small blind) folded before Flop
Seat 6: Cositorto (big blind) folded before Flop



PokerStars Hand #254534977961:  Hold'em No Limit ($0.50/$1.00 USD) - 2025/01/24 20:58:15 WET [2025/01/24 15:58:15 ET]
Table 'Jens IV' 6-max Seat #5 is the button
Seat 1: Iseedora ($100 in chips) is sitting out
Seat 2: Birdy318 ($137.95 in chips) 
Seat 3: Khoshgel90 ($47.13 in chips) 
Seat 4: Trojanovich ($167.97 in chips) 
Seat 5: BGS013 ($100 in chips) 
Seat 6: Cositorto ($183.06 in chips) 
Cositorto: posts small blind $0.50
Birdy318: posts big blind $1
*** HOLE CARDS ***
Khoshgel90: folds 
Trojanovich: folds 
BGS013: folds 
Cositorto: folds 
Uncalled bet ($0.50) returned to Birdy318
Birdy318 collected $1 from pot
*** SUMMARY ***
Total pot $1 | Rake $0 
Seat 1: Iseedora
Seat 2: Birdy318 (big blind) collected ($1)
Seat 3: Khoshgel90 folded before Flop (didn't bet)
Seat 4: Trojanovich folded before Flop (didn't bet)
Seat 5: BGS013 (button) folded before Flop (didn't bet)
Seat 6: Cositorto (small blind) folded before Flop



PokerStars Hand #254534979718:  Hold'em No Limit ($0.50/$1.00 USD) - 2025/01/24 20:58:23 WET [2025/01/24 15:58:23 ET]
Table 'Jens IV' 6-max Seat #6 is the button
Seat 1: Iseedora ($100 in chips) is sitting out
Seat 2: Birdy318 ($138.45 in chips) 
Seat 3: Khoshgel90 ($47.13 in chips) 
Seat 4: Trojanovich ($167.97 in chips) 
Seat 5: BGS013 ($100 in chips) 
Seat 6: Cositorto ($182.56 in chips) 
Birdy318: posts small blind $0.50
Khoshgel90: posts big blind $1
*** HOLE CARDS ***
Trojanovich: folds 
BGS013: folds 
Cositorto: raises $1.50 to $2.50
Birdy318: folds 
Khoshgel90: folds 
Uncalled bet ($1.50) returned to Cositorto
Cositorto collected $2.50 from pot
Cositorto: doesn't show hand 
*** SUMMARY ***
Total pot $2.50 | Rake $0 
Seat 1: Iseedora
Seat 2: Birdy318 (small blind) folded before Flop
Seat 3: Khoshgel90 (big blind) folded before Flop
Seat 4: Trojanovich folded before Flop (didn't bet)
Seat 5: BGS013 folded before Flop (didn't bet)
Seat 6: Cositorto (button) collected ($2.50)



PokerStars Hand #254534982933:  Hold'em No Limit ($0.50/$1.00 USD) - 2025/01/24 20:58:38 WET [2025/01/24 15:58:38 ET]
Table 'Jens IV' 6-max Seat #2 is the button
Seat 1: Iseedora ($100 in chips) is sitting out
Seat 2: Birdy318 ($137.95 in chips) 
Seat 3: Khoshgel90 ($46.13 in chips) 
Seat 4: Trojanovich ($167.97 in chips) 
Seat 5: BGS013 ($100 in chips) 
Seat 6: Cositorto ($184.06 in chips) 
Khoshgel90: posts small blind $0.50
Trojanovich: posts big blind $1
*** HOLE CARDS ***
BGS013: folds 
Cositorto: folds 
Birdy318: raises $2 to $3
Khoshgel90: raises $4 to $7
Trojanovich: calls $6
Birdy318: calls $4
*** FLOP *** [3s 9c Jd]
Khoshgel90: bets $13
Trojanovich: folds 
Birdy318: folds 
Uncalled bet ($13) returned to Khoshgel90
Khoshgel90 collected $19.69 from pot
*** SUMMARY ***
Total pot $21 | Rake $1.31 
Board [3s 9c Jd]
Seat 1: Iseedora
Seat 2: Birdy318 (button) folded on the Flop
Seat 3: Khoshgel90 (small blind) collected ($19.69)
Seat 4: Trojanovich (big blind) folded on the Flop
Seat 5: BGS013 folded before Flop (didn't bet)
Seat 6: Cositorto folded before Flop (didn't bet)



PokerStars Hand #254534993220:  Hold'em No Limit ($0.50/$1.00 USD) - 2025/01/24 20:59:26 WET [2025/01/24 15:59:26 ET]
Table 'Jens IV' 6-max Seat #3 is the button
Seat 1: Iseedora ($100 in chips) is sitting out
Seat 2: Birdy318 ($130.95 in chips) 
Seat 3: Khoshgel90 ($58.82 in chips) 
Seat 4: Trojanovich ($160.97 in chips) 
Seat 5: BGS013 ($100 in chips) 
Seat 6: Cositorto ($184.06 in chips) 
Trojanovich: posts small blind $0.50
BGS013: posts big blind $1
Iseedora: sits out 
*** HOLE CARDS ***
Cositorto: folds 
Birdy318: folds 
Khoshgel90: raises $2 to $3
Trojanovich: folds 
BGS013: folds 
Uncalled bet ($2) returned to Khoshgel90
Khoshgel90 collected $2.50 from pot
*** SUMMARY ***
Total pot $2.50 | Rake $0 
Seat 1: Iseedora
Seat 2: Birdy318 folded before Flop (didn't bet)
Seat 3: Khoshgel90 (button) collected ($2.50)
Seat 4: Trojanovich (small blind) folded before Flop
Seat 5: BGS013 (big blind) folded before Flop
Seat 6: Cositorto folded before Flop (didn't bet)



PokerStars Hand #254534997445:  Hold'em No Limit ($0.50/$1.00 USD) - 2025/01/24 20:59:45 WET [2025/01/24 15:59:45 ET]
Table 'Jens IV' 6-max Seat #4 is the button
Seat 1: Iseedora ($100 in chips) is sitting out
Seat 2: Birdy318 ($130.95 in chips) 
Seat 3: Khoshgel90 ($60.32 in chips) 
Seat 4: Trojanovich ($160.47 in chips) 
Seat 5: BGS013 ($100 in chips) 
Seat 6: Cositorto ($184.06 in chips) 
BGS013: posts small blind $0.50
Cositorto: posts big blind $1
Iseedora: sits out 
*** HOLE CARDS ***
Birdy318: folds 
Khoshgel90: folds 
Trojanovich: raises $1.50 to $2.50
BGS013: folds 
Cositorto: folds 
Uncalled bet ($1.50) returned to Trojanovich
Trojanovich collected $2.50 from pot
Trojanovich: doesn't show hand 
*** SUMMARY ***
Total pot $2.50 | Rake $0 
Seat 1: Iseedora
Seat 2: Birdy318 folded before Flop (didn't bet)
Seat 3: Khoshgel90 folded before Flop (didn't bet)
Seat 4: Trojanovich (button) collected ($2.50)
Seat 5: BGS013 (small blind) folded before Flop
Seat 6: Cositorto (big blind) folded before Flop



PokerStars Hand #254535001028:  Hold'em No Limit ($0.50/$1.00 USD) - 2025/01/24 21:00:01 WET [2025/01/24 16:00:01 ET]
Table 'Jens IV' 6-max Seat #5 is the button
Seat 1: Iseedora ($100 in chips) 
Seat 2: Birdy318 ($130.95 in chips) 
Seat 3: Khoshgel90 ($60.32 in chips) 
Seat 4: Trojanovich ($161.97 in chips) 
Seat 5: BGS013 ($100 in chips) 
Seat 6: Cositorto ($183.06 in chips) 
Cositorto: posts small blind $0.50
Iseedora: posts big blind $1
*** HOLE CARDS ***
Birdy318: folds 
Khoshgel90: folds 
Trojanovich: folds 
BGS013: raises $1.50 to $2.50
Cositorto: raises $8.75 to $11.25
Iseedora: folds 
BGS013: folds 
Uncalled bet ($8.75) returned to Cositorto
Cositorto collected $6 from pot
Cositorto: doesn't show hand 
*** SUMMARY ***
Total pot $6 | Rake $0 
Seat 1: Iseedora (big blind) folded before Flop
Seat 2: Birdy318 folded before Flop (didn't bet)
Seat 3: Khoshgel90 folded before Flop (didn't bet)
Seat 4: Trojanovich folded before Flop (didn't bet)
Seat 5: BGS013 (button) folded before Flop
Seat 6: Cositorto (small blind) collected ($6)



PokerStars Hand #254535011976:  Hold'em No Limit ($0.50/$1.00 USD) - 2025/01/24 21:00:50 WET [2025/01/24 16:00:50 ET]
Table 'Jens IV' 6-max Seat #6 is the button
Seat 1: Iseedora ($100 in chips) 
Seat 2: Birdy318 ($130.95 in chips) 
Seat 3: Khoshgel90 ($60.32 in chips) 
Seat 4: Trojanovich ($161.97 in chips) 
Seat 5: BGS013 ($100 in chips) 
Seat 6: Cositorto ($186.56 in chips) 
Iseedora: posts small blind $0.50
Birdy318: posts big blind $1
*** HOLE CARDS ***
Khoshgel90: folds 
Trojanovich: raises $1.50 to $2.50
BGS013: folds 
Cositorto: folds 
Iseedora: folds 
Birdy318: calls $1.50
*** FLOP *** [8d 6c 6h]
Birdy318: checks 
Trojanovich: bets $1.30
Birdy318: raises $3.70 to $5
Trojanovich: folds 
Uncalled bet ($3.70) returned to Birdy318
Birdy318 collected $7.70 from pot
*** SUMMARY ***
Total pot $8.10 | Rake $0.40 
Board [8d 6c 6h]
Seat 1: Iseedora (small blind) folded before Flop
Seat 2: Birdy318 (big blind) collected ($7.70)
Seat 3: Khoshgel90 folded before Flop (didn't bet)
Seat 4: Trojanovich folded on the Flop
Seat 5: BGS013 folded before Flop (didn't bet)
Seat 6: Cositorto (button) folded before Flop (didn't bet)



PokerStars Hand #254535023464:  Hold'em No Limit ($0.50/$1.00 USD) - 2025/01/24 21:01:34 WET [2025/01/24 16:01:34 ET]
Table 'Jens IV' 6-max Seat #1 is the button
Seat 1: Iseedora ($100 in chips) 
Seat 2: Birdy318 ($134.85 in chips) 
Seat 3: Khoshgel90 ($60.32 in chips) 
Seat 4: Trojanovich ($158.17 in chips) 
Seat 5: BGS013 ($100 in chips) 
Seat 6: Cositorto ($186.56 in chips) 
Birdy318: posts small blind $0.50
Khoshgel90: posts big blind $1
*** HOLE CARDS ***
Trojanovich: folds 
BGS013: raises $1 to $2
Cositorto: folds 
Iseedora: folds 
Birdy318: folds 
Khoshgel90: folds 
Uncalled bet ($1) returned to BGS013
BGS013 collected $2.50 from pot
BGS013: doesn't show hand 
*** SUMMARY ***
Total pot $2.50 | Rake $0 
Seat 1: Iseedora (button) folded before Flop (didn't bet)
Seat 2: Birdy318 (small blind) folded before Flop
Seat 3: Khoshgel90 (big blind) folded before Flop
Seat 4: Trojanovich folded before Flop (didn't bet)
Seat 5: BGS013 collected ($2.50)
Seat 6: Cositorto folded before Flop (didn't bet)



PokerStars Hand #254535027470:  Hold'em No Limit ($0.50/$1.00 USD) - 2025/01/24 21:01:49 WET [2025/01/24 16:01:49 ET]
Table 'Jens IV' 6-max Seat #2 is the button
Seat 1: Iseedora ($100 in chips) 
Seat 2: Birdy318 ($134.35 in chips) 
Seat 3: Khoshgel90 ($59.32 in chips) 
Seat 4: Trojanovich ($158.17 in chips) 
Seat 5: BGS013 ($101.50 in chips) 
Seat 6: Cositorto ($186.56 in chips) 
Khoshgel90: posts small blind $0.50
Trojanovich: posts big blind $1
*** HOLE CARDS ***
BGS013: folds 
Cositorto: folds 
Iseedora: folds 
Birdy318: raises $2 to $3
Khoshgel90: folds 
Trojanovich: folds 
Uncalled bet ($2) returned to Birdy318
Birdy318 collected $2.50 from pot
*** SUMMARY ***
Total pot $2.50 | Rake $0 
Seat 1: Iseedora folded before Flop (didn't bet)
Seat 2: Birdy318 (button) collected ($2.50)
Seat 3: Khoshgel90 (small blind) folded before Flop
Seat 4: Trojanovich (big blind) folded before Flop
Seat 5: BGS013 folded before Flop (didn't bet)
Seat 6: Cositorto folded before Flop (didn't bet)



PokerStars Hand #254535032906:  Hold'em No Limit ($0.50/$1.00 USD) - 2025/01/24 21:02:06 WET [2025/01/24 16:02:06 ET]
Table 'Jens IV' 6-max Seat #3 is the button
Seat 1: Iseedora ($100 in chips) 
Seat 2: Birdy318 ($135.85 in chips) 
Seat 3: Khoshgel90 ($58.82 in chips) 
Seat 4: Trojanovich ($157.17 in chips) 
Seat 5: BGS013 ($101.50 in chips) 
Seat 6: Cositorto ($186.56 in chips) 
Trojanovich: posts small blind $0.50
BGS013: posts big blind $1
*** HOLE CARDS ***
Cositorto: raises $1 to $2
Iseedora: folds 
Birdy318: raises $9 to $11
Khoshgel90: folds 
Trojanovich: folds 
BGS013: folds 
Cositorto: calls $9
*** FLOP *** [Kh 5s 7d]
Cositorto: checks 
Birdy318: bets $7
Cositorto: calls $7
*** TURN *** [Kh 5s 7d] [6d]
Cositorto: checks 
Birdy318: checks 
*** RIVER *** [Kh 5s 7d 6d] [Td]
Cositorto: bets $17.81
Birdy318: folds 
Uncalled bet ($17.81) returned to Cositorto
Cositorto collected $35.62 from pot
Cositorto: doesn't show hand 
*** SUMMARY ***
Total pot $37.50 | Rake $1.88 
Board [Kh 5s 7d 6d Td]
Seat 1: Iseedora folded before Flop (didn't bet)
Seat 2: Birdy318 folded on the River
Seat 3: Khoshgel90 (button) folded before Flop (didn't bet)
Seat 4: Trojanovich (small blind) folded before Flop
Seat 5: BGS013 (big blind) folded before Flop
Seat 6: Cositorto collected ($35.62)



PokerStars Hand #254535053626:  Hold'em No Limit ($0.50/$1.00 USD) - 2025/01/24 21:03:17 WET [2025/01/24 16:03:17 ET]
Table 'Jens IV' 6-max Seat #4 is the button
Seat 1: Iseedora ($100 in chips) 
Seat 2: Birdy318 ($117.85 in chips) 
Seat 3: Khoshgel90 ($58.82 in chips) 
Seat 4: Trojanovich ($156.67 in chips) 
Seat 5: BGS013 ($100.50 in chips) 
Seat 6: Cositorto ($204.18 in chips) 
BGS013: posts small blind $0.50
Cositorto: posts big blind $1
*** HOLE CARDS ***
Iseedora: folds 
Birdy318: folds 
Khoshgel90: raises $2 to $3
Trojanovich: folds 
BGS013: folds 
Cositorto: calls $2
*** FLOP *** [6s 3d Th]
Cositorto: checks 
Khoshgel90: bets $4
Cositorto: calls $4
*** TURN *** [6s 3d Th] [4h]
Cositorto: checks 
Khoshgel90: bets $9
Cositorto: calls $9
*** RIVER *** [6s 3d Th 4h] [2c]
Cositorto: checks 
Khoshgel90: checks 
*** SHOW DOWN ***
Cositorto: shows [6c Ac] (a pair of Sixes)
Khoshgel90: mucks hand 
Cositorto collected $30.88 from pot
*** SUMMARY ***
Total pot $32.50 | Rake $1.62 
Board [6s 3d Th 4h 2c]
Seat 1: Iseedora folded before Flop (didn't bet)
Seat 2: Birdy318 folded before Flop (didn't bet)
Seat 3: Khoshgel90 mucked
Seat 4: Trojanovich (button) folded before Flop (didn't bet)
Seat 5: BGS013 (small blind) folded before Flop
Seat 6: Cositorto (big blind) showed [6c Ac] and won ($30.88) with a pair of Sixes



PokerStars Hand #254535070954:  Hold'em No Limit ($0.50/$1.00 USD) - 2025/01/24 21:04:15 WET [2025/01/24 16:04:15 ET]
Table 'Jens IV' 6-max Seat #5 is the button
Seat 1: Iseedora ($100 in chips) 
Seat 2: Birdy318 ($117.85 in chips) 
Seat 3: Khoshgel90 ($42.82 in chips) 
Seat 4: Trojanovich ($156.67 in chips) 
Seat 5: BGS013 ($100 in chips) 
Seat 6: Cositorto ($219.06 in chips) 
Cositorto: posts small blind $0.50
Iseedora: posts big blind $1
*** HOLE CARDS ***
Birdy318: folds 
Khoshgel90: folds 
Trojanovich: folds 
BGS013: raises $1.50 to $2.50
Cositorto: raises $8.75 to $11.25
Iseedora: folds 
BGS013: folds 
Uncalled bet ($8.75) returned to Cositorto
Cositorto collected $6 from pot
Cositorto: doesn't show hand 
*** SUMMARY ***
Total pot $6 | Rake $0 
Seat 1: Iseedora (big blind) folded before Flop
Seat 2: Birdy318 folded before Flop (didn't bet)
Seat 3: Khoshgel90 folded before Flop (didn't bet)
Seat 4: Trojanovich folded before Flop (didn't bet)
Seat 5: BGS013 (button) folded before Flop
Seat 6: Cositorto (small blind) collected ($6)



PokerStars Hand #254535077240:  Hold'em No Limit ($0.50/$1.00 USD) - 2025/01/24 21:04:36 WET [2025/01/24 16:04:36 ET]
Table 'Jens IV' 6-max Seat #6 is the button
Seat 1: Iseedora ($100 in chips) 
Seat 2: Birdy318 ($117.85 in chips) 
Seat 3: Khoshgel90 ($42.82 in chips) 
Seat 4: Trojanovich ($156.67 in chips) 
Seat 5: BGS013 ($100 in chips) 
Seat 6: Cositorto ($222.56 in chips) 
Iseedora: posts small blind $0.50
Birdy318: posts big blind $1
*** HOLE CARDS ***
Khoshgel90: folds 
Trojanovich: folds 
BGS013: folds 
Cositorto: raises $1.50 to $2.50
Iseedora: folds 
Birdy318: calls $1.50
*** FLOP *** [Ts 5s 8c]
Birdy318: checks 
Cositorto: bets $2.61
Birdy318: calls $2.61
*** TURN *** [Ts 5s 8c] [Kh]
Birdy318: checks 
Cositorto: checks 
*** RIVER *** [Ts 5s 8c Kh] [Qc]
Birdy318: checks 
Cositorto: checks 
*** SHOW DOWN ***
Birdy318: shows [Tc 3c] (a pair of Tens)
Cositorto: shows [Th 9h] (a pair of Tens - King+Queen+Nine kicker)
Cositorto collected $10.18 from pot
*** SUMMARY ***
Total pot $10.72 | Rake $0.54 
Board [Ts 5s 8c Kh Qc]
Seat 1: Iseedora (small blind) folded before Flop
Seat 2: Birdy318 (big blind) showed [Tc 3c] and lost with a pair of Tens
Seat 3: Khoshgel90 folded before Flop (didn't bet)
Seat 4: Trojanovich folded before Flop (didn't bet)
Seat 5: BGS013 folded before Flop (didn't bet)
Seat 6: Cositorto (button) showed [Th 9h] and won ($10.18) with a pair of Tens



PokerStars Hand #254535094161:  Hold'em No Limit ($0.50/$1.00 USD) - 2025/01/24 21:05:31 WET [2025/01/24 16:05:31 ET]
Table 'Jens IV' 6-max Seat #1 is the button
Seat 1: Iseedora ($100 in chips) 
Seat 2: Birdy318 ($112.74 in chips) 
Seat 3: Khoshgel90 ($42.82 in chips) 
Seat 4: Trojanovich ($156.67 in chips) 
Seat 5: BGS013 ($100 in chips) 
Seat 6: Cositorto ($227.63 in chips) 
Birdy318: posts small blind $0.50
Khoshgel90: posts big blind $1
*** HOLE CARDS ***
Trojanovich: folds 
BGS013 has timed out
BGS013: folds 
Cositorto: folds 
Iseedora: folds 
Birdy318: calls $0.50
Khoshgel90: checks 
*** FLOP *** [8c 5s Th]
Birdy318: checks 
Khoshgel90: checks 
*** TURN *** [8c 5s Th] [Ah]
Birdy318: checks 
Khoshgel90: checks 
*** RIVER *** [8c 5s Th Ah] [As]
Birdy318: bets $6
Khoshgel90: folds 
Uncalled bet ($6) returned to Birdy318
Birdy318 collected $1.90 from pot
*** SUMMARY ***
Total pot $2 | Rake $0.10 
Board [8c 5s Th Ah As]
Seat 1: Iseedora (button) folded before Flop (didn't bet)
Seat 2: Birdy318 (small blind) collected ($1.90)
Seat 3: Khoshgel90 (big blind) folded on the River
Seat 4: Trojanovich folded before Flop (didn't bet)
Seat 5: BGS013 folded before Flop (didn't bet)
Seat 6: Cositorto folded before Flop (didn't bet)



PokerStars Hand #254535121172:  Hold'em No Limit ($0.50/$1.00 USD) - 2025/01/24 21:06:58 WET [2025/01/24 16:06:58 ET]
Table 'Jens IV' 6-max Seat #2 is the button
Seat 1: Iseedora ($100 in chips) 
Seat 2: Birdy318 ($113.64 in chips) 
Seat 3: Khoshgel90 ($41.82 in chips) 
Seat 4: Trojanovich ($156.67 in chips) 
Seat 5: BGS013 ($100 in chips) 
Seat 6: Cositorto ($227.63 in chips) 
Khoshgel90: posts small blind $0.50
Trojanovich: posts big blind $1
*** HOLE CARDS ***
BGS013: folds 
Cositorto: raises $1 to $2
Iseedora: folds 
Birdy318: raises $8 to $10
Khoshgel90: folds 
Trojanovich: folds 
Cositorto: folds 
Uncalled bet ($8) returned to Birdy318
Birdy318 collected $5.50 from pot
*** SUMMARY ***
Total pot $5.50 | Rake $0 
Seat 1: Iseedora folded before Flop (didn't bet)
Seat 2: Birdy318 (button) collected ($5.50)
Seat 3: Khoshgel90 (small blind) folded before Flop
Seat 4: Trojanovich (big blind) folded before Flop
Seat 5: BGS013 folded before Flop (didn't bet)
Seat 6: Cositorto folded before Flop



PokerStars Hand #254535131747:  Hold'em No Limit ($0.50/$1.00 USD) - 2025/01/24 21:07:33 WET [2025/01/24 16:07:33 ET]
Table 'Jens IV' 6-max Seat #3 is the button
Seat 1: Iseedora ($100 in chips) 
Seat 2: Birdy318 ($117.14 in chips) 
Seat 3: Khoshgel90 ($41.32 in chips) 
Seat 4: Trojanovich ($155.67 in chips) 
Seat 5: BGS013 ($100 in chips) 
Seat 6: Cositorto ($225.63 in chips) 
Trojanovich: posts small blind $0.50
BGS013: posts big blind $1
*** HOLE CARDS ***
Cositorto: folds 
Iseedora: folds 
Birdy318: raises $2 to $3
Khoshgel90: calls $3
Trojanovich: folds 
BGS013: folds 
*** FLOP *** [3c 3h 5c]
Birdy318: bets $3
Khoshgel90: folds 
Uncalled bet ($3) returned to Birdy318
Birdy318 collected $7.12 from pot
*** SUMMARY ***
Total pot $7.50 | Rake $0.38 
Board [3c 3h 5c]
Seat 1: Iseedora folded before Flop (didn't bet)
Seat 2: Birdy318 collected ($7.12)
Seat 3: Khoshgel90 (button) folded on the Flop
Seat 4: Trojanovich (small blind) folded before Flop
Seat 5: BGS013 (big blind) folded before Flop
Seat 6: Cositorto folded before Flop (didn't bet)



PokerStars Hand #254535141653:  Hold'em No Limit ($0.50/$1.00 USD) - 2025/01/24 21:08:06 WET [2025/01/24 16:08:06 ET]
Table 'Jens IV' 6-max Seat #4 is the button
Seat 1: Iseedora ($100 in chips) 
Seat 2: Birdy318 ($121.26 in chips) 
Seat 3: Khoshgel90 ($38.32 in chips) 
Seat 4: Trojanovich ($155.17 in chips) 
Seat 5: BGS013 ($100 in chips) 
Seat 6: Cositorto ($225.63 in chips) 
BGS013: posts small blind $0.50
Cositorto: posts big blind $1
*** HOLE CARDS ***
Iseedora: folds 
Birdy318: folds 
Khoshgel90: folds 
Trojanovich: folds 
BGS013: folds 
Uncalled bet ($0.50) returned to Cositorto
Cositorto collected $1 from pot
Cositorto: doesn't show hand 
*** SUMMARY ***
Total pot $1 | Rake $0 
Seat 1: Iseedora folded before Flop (didn't bet)
Seat 2: Birdy318 folded before Flop (didn't bet)
Seat 3: Khoshgel90 folded before Flop (didn't bet)
Seat 4: Trojanovich (button) folded before Flop (didn't bet)
Seat 5: BGS013 (small blind) folded before Flop
Seat 6: Cositorto (big blind) collected ($1)



PokerStars Hand #254535146837:  Hold'em No Limit ($0.50/$1.00 USD) - 2025/01/24 21:08:23 WET [2025/01/24 16:08:23 ET]
Table 'Jens IV' 6-max Seat #5 is the button
Seat 1: Iseedora ($100 in chips) 
Seat 2: Birdy318 ($121.26 in chips) 
Seat 3: Khoshgel90 ($38.32 in chips) 
Seat 4: Trojanovich ($155.17 in chips) 
Seat 5: BGS013 ($100 in chips) 
Seat 6: Cositorto ($226.13 in chips) 
Cositorto: posts small blind $0.50
Iseedora: posts big blind $1
*** HOLE CARDS ***
Birdy318: folds 
Khoshgel90: folds 
Trojanovich: folds 
BGS013: folds 
Cositorto: raises $2 to $3
Iseedora: raises $6 to $9
Cositorto: folds 
Uncalled bet ($6) returned to Iseedora
Iseedora collected $6 from pot
Iseedora: doesn't show hand 
*** SUMMARY ***
Total pot $6 | Rake $0 
Seat 1: Iseedora (big blind) collected ($6)
Seat 2: Birdy318 folded before Flop (didn't bet)
Seat 3: Khoshgel90 folded before Flop (didn't bet)
Seat 4: Trojanovich folded before Flop (didn't bet)
Seat 5: BGS013 (button) folded before Flop (didn't bet)
Seat 6: Cositorto (small blind) folded before Flop



PokerStars Hand #254535156387:  Hold'em No Limit ($0.50/$1.00 USD) - 2025/01/24 21:08:54 WET [2025/01/24 16:08:54 ET]
Table 'Jens IV' 6-max Seat #6 is the button
Seat 1: Iseedora ($103 in chips) 
Seat 2: Birdy318 ($121.26 in chips) 
Seat 3: Khoshgel90 ($38.32 in chips) 
Seat 4: Trojanovich ($155.17 in chips) 
Seat 5: BGS013 ($100 in chips) 
Seat 6: Cositorto ($223.13 in chips) 
Iseedora: posts small blind $0.50
Birdy318: posts big blind $1
*** HOLE CARDS ***
Khoshgel90: raises $2 to $3
Trojanovich: folds 
BGS013: folds 
Cositorto: folds 
Iseedora: folds 
Birdy318: calls $2
*** FLOP *** [6s 2d As]
Birdy318: checks 
Khoshgel90: checks 
*** TURN *** [6s 2d As] [Kd]
Birdy318: bets $4
Khoshgel90: calls $4
*** RIVER *** [6s 2d As Kd] [4c]
Birdy318: bets $8
Khoshgel90: calls $8
*** SHOW DOWN ***
Birdy318: shows [9c 8c] (high card Ace)
Khoshgel90: shows [Qc Ad] (a pair of Aces)
Khoshgel90 collected $28.60 from pot
*** SUMMARY ***
Total pot $30.50 | Rake $1.90 
Board [6s 2d As Kd 4c]
Seat 1: Iseedora (small blind) folded before Flop
Seat 2: Birdy318 (big blind) showed [9c 8c] and lost with high card Ace
Seat 3: Khoshgel90 showed [Qc Ad] and won ($28.60) with a pair of Aces
Seat 4: Trojanovich folded before Flop (didn't bet)
Seat 5: BGS013 folded before Flop (didn't bet)
Seat 6: Cositorto (button) folded before Flop (didn't bet)



PokerStars Hand #254535169482:  Hold'em No Limit ($0.50/$1.00 USD) - 2025/01/24 21:09:38 WET [2025/01/24 16:09:38 ET]
Table 'Jens IV' 6-max Seat #1 is the button
Seat 1: Iseedora ($102.50 in chips) 
Seat 2: Birdy318 ($106.26 in chips) 
Seat 3: Khoshgel90 ($51.92 in chips) 
Seat 4: Trojanovich ($155.17 in chips) 
Seat 5: BGS013 ($100 in chips) 
Seat 6: Cositorto ($223.13 in chips) 
Birdy318: posts small blind $0.50
Khoshgel90: posts big blind $1
*** HOLE CARDS ***
Trojanovich: folds 
BGS013: folds 
Cositorto: folds 
Iseedora: folds 
Birdy318: calls $0.50
Khoshgel90: checks 
*** FLOP *** [Kh Qs Tc]
Birdy318: bets $1
Khoshgel90: calls $1
*** TURN *** [Kh Qs Tc] [4s]
Birdy318: bets $1
Khoshgel90: calls $1
*** RIVER *** [Kh Qs Tc 4s] [9s]
Birdy318: checks 
Khoshgel90: bets $2
Birdy318: folds 
Uncalled bet ($2) returned to Khoshgel90
Khoshgel90 collected $5.62 from pot
*** SUMMARY ***
Total pot $6 | Rake $0.38 
Board [Kh Qs Tc 4s 9s]
Seat 1: Iseedora (button) folded before Flop (didn't bet)
Seat 2: Birdy318 (small blind) folded on the River
Seat 3: Khoshgel90 (big blind) collected ($5.62)
Seat 4: Trojanovich folded before Flop (didn't bet)
Seat 5: BGS013 folded before Flop (didn't bet)
Seat 6: Cositorto folded before Flop (didn't bet)



PokerStars Hand #254535181613:  Hold'em No Limit ($0.50/$1.00 USD) - 2025/01/24 21:10:18 WET [2025/01/24 16:10:18 ET]
Table 'Jens IV' 6-max Seat #2 is the button
Seat 1: Iseedora ($102.50 in chips) 
Seat 2: Birdy318 ($103.26 in chips) 
Seat 3: Khoshgel90 ($54.54 in chips) 
Seat 4: Trojanovich ($155.17 in chips) 
Seat 5: BGS013 ($100 in chips) 
Seat 6: Cositorto ($223.13 in chips) 
Khoshgel90: posts small blind $0.50
Trojanovich: posts big blind $1
*** HOLE CARDS ***
BGS013: folds 
Cositorto: folds 
Iseedora: folds 
Birdy318: raises $2 to $3
Khoshgel90: folds 
Trojanovich: folds 
Uncalled bet ($2) returned to Birdy318
Birdy318 collected $2.50 from pot
*** SUMMARY ***
Total pot $2.50 | Rake $0 
Seat 1: Iseedora folded before Flop (didn't bet)
Seat 2: Birdy318 (button) collected ($2.50)
Seat 3: Khoshgel90 (small blind) folded before Flop
Seat 4: Trojanovich (big blind) folded before Flop
Seat 5: BGS013 folded before Flop (didn't bet)
Seat 6: Cositorto folded before Flop (didn't bet)



PokerStars Hand #254535186423:  Hold'em No Limit ($0.50/$1.00 USD) - 2025/01/24 21:10:34 WET [2025/01/24 16:10:34 ET]
Table 'Jens IV' 6-max Seat #3 is the button
Seat 1: Iseedora ($102.50 in chips) 
Seat 2: Birdy318 ($104.76 in chips) 
Seat 3: Khoshgel90 ($54.04 in chips) 
Seat 4: Trojanovich ($154.17 in chips) 
Seat 5: BGS013 ($100 in chips) 
Seat 6: Cositorto ($223.13 in chips) 
Trojanovich: posts small blind $0.50
BGS013: posts big blind $1
*** HOLE CARDS ***
Cositorto: folds 
Iseedora: raises $1.20 to $2.20
Birdy318: folds 
Khoshgel90: folds 
Trojanovich: folds 
BGS013: folds 
Uncalled bet ($1.20) returned to Iseedora
Iseedora collected $2.50 from pot
Iseedora: doesn't show hand 
*** SUMMARY ***
Total pot $2.50 | Rake $0 
Seat 1: Iseedora collected ($2.50)
Seat 2: Birdy318 folded before Flop (didn't bet)
Seat 3: Khoshgel90 (button) folded before Flop (didn't bet)
Seat 4: Trojanovich (small blind) folded before Flop
Seat 5: BGS013 (big blind) folded before Flop
Seat 6: Cositorto folded before Flop (didn't bet)



PokerStars Hand #254535190845:  Hold'em No Limit ($0.50/$1.00 USD) - 2025/01/24 21:10:48 WET [2025/01/24 16:10:48 ET]
Table 'Jens IV' 6-max Seat #4 is the button
Seat 1: Iseedora ($104 in chips) 
Seat 2: Birdy318 ($104.76 in chips) 
Seat 3: Khoshgel90 ($54.04 in chips) 
Seat 4: Trojanovich ($153.67 in chips) 
Seat 5: BGS013 ($100 in chips) 
Seat 6: Cositorto ($223.13 in chips) 
BGS013: posts small blind $0.50
Cositorto: posts big blind $1
*** HOLE CARDS ***
Iseedora: folds 
Birdy318: raises $2 to $3
Khoshgel90: folds 
Trojanovich: folds 
BGS013: folds 
Cositorto: calls $2
*** FLOP *** [5d Th 7d]
Cositorto: checks 
Birdy318: checks 
*** TURN *** [5d Th 7d] [Qd]
Cositorto: bets $2.04
Birdy318: folds 
Uncalled bet ($2.04) returned to Cositorto
Cositorto collected $6.18 from pot
Cositorto: doesn't show hand 
*** SUMMARY ***
Total pot $6.50 | Rake $0.32 
Board [5d Th 7d Qd]
Seat 1: Iseedora folded before Flop (didn't bet)
Seat 2: Birdy318 folded on the Turn
Seat 3: Khoshgel90 folded before Flop (didn't bet)
Seat 4: Trojanovich (button) folded before Flop (didn't bet)
Seat 5: BGS013 (small blind) folded before Flop
Seat 6: Cositorto (big blind) collected ($6.18)



PokerStars Hand #254535206292:  Hold'em No Limit ($0.50/$1.00 USD) - 2025/01/24 21:11:38 WET [2025/01/24 16:11:38 ET]
Table 'Jens IV' 6-max Seat #5 is the button
Seat 1: Iseedora ($104 in chips) 
Seat 2: Birdy318 ($101.76 in chips) 
Seat 3: Khoshgel90 ($54.04 in chips) 
Seat 4: Trojanovich ($153.67 in chips) 
Seat 5: BGS013 ($100 in chips) 
Seat 6: Cositorto ($226.31 in chips) 
Cositorto: posts small blind $0.50
Iseedora: posts big blind $1
*** HOLE CARDS ***
Birdy318: raises $2 to $3
Khoshgel90: folds 
Trojanovich: raises $4.50 to $7.50
BGS013: folds 
Cositorto: folds 
Iseedora: folds 
Birdy318: calls $4.50
*** FLOP *** [Jh Kc Th]
Birdy318: checks 
Trojanovich: bets $3.87
Birdy318: calls $3.87
*** TURN *** [Jh Kc Th] [6c]
Birdy318: checks 
Trojanovich: checks 
*** RIVER *** [Jh Kc Th 6c] [7h]
Birdy318: bets $42
Trojanovich: folds 
Uncalled bet ($42) returned to Birdy318
Birdy318 collected $23.03 from pot
*** SUMMARY ***
Total pot $24.24 | Rake $1.21 
Board [Jh Kc Th 6c 7h]
Seat 1: Iseedora (big blind) folded before Flop
Seat 2: Birdy318 collected ($23.03)
Seat 3: Khoshgel90 folded before Flop (didn't bet)
Seat 4: Trojanovich folded on the River
Seat 5: BGS013 (button) folded before Flop (didn't bet)
Seat 6: Cositorto (small blind) folded before Flop



PokerStars Hand #254535223775:  Hold'em No Limit ($0.50/$1.00 USD) - 2025/01/24 21:12:34 WET [2025/01/24 16:12:34 ET]
Table 'Jens IV' 6-max Seat #6 is the button
Seat 1: Iseedora ($103 in chips) 
Seat 2: Birdy318 ($113.42 in chips) 
Seat 3: Khoshgel90 ($54.04 in chips) 
Seat 4: Trojanovich ($142.30 in chips) 
Seat 5: BGS013 ($100 in chips) 
Seat 6: Cositorto ($225.81 in chips) 
Iseedora: posts small blind $0.50
Birdy318: posts big blind $1
*** HOLE CARDS ***
Khoshgel90: folds 
Trojanovich: folds 
BGS013: folds 
Cositorto: folds 
Iseedora: folds 
Uncalled bet ($0.50) returned to Birdy318
Birdy318 collected $1 from pot
*** SUMMARY ***
Total pot $1 | Rake $0 
Seat 1: Iseedora (small blind) folded before Flop
Seat 2: Birdy318 (big blind) collected ($1)
Seat 3: Khoshgel90 folded before Flop (didn't bet)
Seat 4: Trojanovich folded before Flop (didn't bet)
Seat 5: BGS013 folded before Flop (didn't bet)
Seat 6: Cositorto (button) folded before Flop (didn't bet)



PokerStars Hand #254535226529:  Hold'em No Limit ($0.50/$1.00 USD) - 2025/01/24 21:12:43 WET [2025/01/24 16:12:43 ET]
Table 'Jens IV' 6-max Seat #1 is the button
Seat 1: Iseedora ($102.50 in chips) 
Seat 2: Birdy318 ($113.92 in chips) 
Seat 3: Khoshgel90 ($54.04 in chips) 
Seat 4: Trojanovich ($142.30 in chips) 
Seat 5: BGS013 ($100 in chips) 
Seat 6: Cositorto ($225.81 in chips) 
Birdy318: posts small blind $0.50
Khoshgel90: posts big blind $1
*** HOLE CARDS ***
Trojanovich: folds 
BGS013: folds 
Cositorto: folds 
Iseedora: folds 
Birdy318: folds 
Uncalled bet ($0.50) returned to Khoshgel90
Khoshgel90 collected $1 from pot
*** SUMMARY ***
Total pot $1 | Rake $0 
Seat 1: Iseedora (button) folded before Flop (didn't bet)
Seat 2: Birdy318 (small blind) folded before Flop
Seat 3: Khoshgel90 (big blind) collected ($1)
Seat 4: Trojanovich folded before Flop (didn't bet)
Seat 5: BGS013 folded before Flop (didn't bet)
Seat 6: Cositorto folded before Flop (didn't bet)



PokerStars Hand #254535231317:  Hold'em No Limit ($0.50/$1.00 USD) - 2025/01/24 21:12:58 WET [2025/01/24 16:12:58 ET]
Table 'Jens IV' 6-max Seat #2 is the button
Seat 1: Iseedora ($102.50 in chips) 
Seat 2: Birdy318 ($113.42 in chips) 
Seat 3: Khoshgel90 ($54.54 in chips) 
Seat 4: Trojanovich ($142.30 in chips) 
Seat 5: BGS013 ($100 in chips) 
Seat 6: Cositorto ($225.81 in chips) 
Khoshgel90: posts small blind $0.50
Trojanovich: posts big blind $1
*** HOLE CARDS ***
BGS013: folds 
Cositorto: folds 
Iseedora: folds 
Birdy318: raises $2 to $3
Khoshgel90: folds 
Trojanovich: raises $9 to $12
Birdy318: folds 
Uncalled bet ($9) returned to Trojanovich
Trojanovich collected $6.50 from pot
Trojanovich: doesn't show hand 
*** SUMMARY ***
Total pot $6.50 | Rake $0 
Seat 1: Iseedora folded before Flop (didn't bet)
Seat 2: Birdy318 (button) folded before Flop
Seat 3: Khoshgel90 (small blind) folded before Flop
Seat 4: Trojanovich (big blind) collected ($6.50)
Seat 5: BGS013 folded before Flop (didn't bet)
Seat 6: Cositorto folded before Flop (didn't bet)



PokerStars Hand #254535237143:  Hold'em No Limit ($0.50/$1.00 USD) - 2025/01/24 21:13:17 WET [2025/01/24 16:13:17 ET]
Table 'Jens IV' 6-max Seat #3 is the button
Seat 1: Iseedora ($102.50 in chips) 
Seat 2: Birdy318 ($110.42 in chips) 
Seat 3: Khoshgel90 ($54.04 in chips) 
Seat 4: Trojanovich ($145.80 in chips) 
Seat 5: BGS013 ($100 in chips) 
Seat 6: Cositorto ($225.81 in chips) 
Trojanovich: posts small blind $0.50
BGS013: posts big blind $1
*** HOLE CARDS ***
Cositorto: raises $1 to $2
Iseedora: folds 
Birdy318: folds 
Khoshgel90: folds 
Trojanovich: folds 
BGS013: calls $1
*** FLOP *** [3d 6h 3h]
BGS013: checks 
Cositorto: bets $1.16
BGS013: calls $1.16
*** TURN *** [3d 6h 3h] [9h]
BGS013: checks 
Cositorto: bets $4.50
BGS013: calls $4.50
*** RIVER *** [3d 6h 3h 9h] [5h]
BGS013: checks 
Cositorto: bets $18.04
BGS013: folds 
Uncalled bet ($18.04) returned to Cositorto
Cositorto collected $15.03 from pot
Cositorto: doesn't show hand 
*** SUMMARY ***
Total pot $15.82 | Rake $0.79 
Board [3d 6h 3h 9h 5h]
Seat 1: Iseedora folded before Flop (didn't bet)
Seat 2: Birdy318 folded before Flop (didn't bet)
Seat 3: Khoshgel90 (button) folded before Flop (didn't bet)
Seat 4: Trojanovich (small blind) folded before Flop
Seat 5: BGS013 (big blind) folded on the River
Seat 6: Cositorto collected ($15.03)



PokerStars Hand #254535259574:  Hold'em No Limit ($0.50/$1.00 USD) - 2025/01/24 21:14:29 WET [2025/01/24 16:14:29 ET]
Table 'Jens IV' 6-max Seat #4 is the button
Seat 1: Iseedora ($102.50 in chips) 
Seat 2: Birdy318 ($110.42 in chips) 
Seat 3: Khoshgel90 ($54.04 in chips) 
Seat 4: Trojanovich ($145.30 in chips) 
Seat 5: BGS013 ($100 in chips) 
Seat 6: Cositorto ($233.18 in chips) 
BGS013: posts small blind $0.50
Cositorto: posts big blind $1
*** HOLE CARDS ***
Iseedora: raises $1.20 to $2.20
Birdy318: folds 
Khoshgel90: folds 
Trojanovich: folds 
BGS013: folds 
Cositorto: calls $1.20
*** FLOP *** [4d Ah Jc]
Cositorto: checks 
Iseedora: bets $5.83
Cositorto: calls $5.83
*** TURN *** [4d Ah Jc] [3h]
Cositorto: checks 
Iseedora: bets $19.66
Cositorto: calls $19.66
*** RIVER *** [4d Ah Jc 3h] [6d]
Cositorto: bets $5
Iseedora: calls $5
*** SHOW DOWN ***
Cositorto: shows [Ad Jd] (two pair, Aces and Jacks)
Iseedora: mucks hand 
Cositorto collected $63.38 from pot
*** SUMMARY ***
Total pot $65.88 | Rake $2.50 
Board [4d Ah Jc 3h 6d]
Seat 1: Iseedora mucked
Seat 2: Birdy318 folded before Flop (didn't bet)
Seat 3: Khoshgel90 folded before Flop (didn't bet)
Seat 4: Trojanovich (button) folded before Flop (didn't bet)
Seat 5: BGS013 (small blind) folded before Flop
Seat 6: Cositorto (big blind) showed [Ad Jd] and won ($63.38) with two pair, Aces and Jacks



PokerStars Hand #254535287044:  Hold'em No Limit ($0.50/$1.00 USD) - 2025/01/24 21:15:56 WET [2025/01/24 16:15:56 ET]
Table 'Jens IV' 6-max Seat #5 is the button
Seat 1: Iseedora ($100 in chips) 
Seat 2: Birdy318 ($110.42 in chips) 
Seat 3: Khoshgel90 ($54.04 in chips) 
Seat 4: Trojanovich ($145.30 in chips) 
Seat 5: BGS013 ($100 in chips) 
Seat 6: Cositorto ($263.87 in chips) 
Cositorto: posts small blind $0.50
Iseedora: posts big blind $1
*** HOLE CARDS ***
Birdy318: folds 
Khoshgel90: raises $2 to $3
Trojanovich: folds 
BGS013: folds 
Cositorto: folds 
Iseedora: folds 
Uncalled bet ($2) returned to Khoshgel90
Khoshgel90 collected $2.50 from pot
*** SUMMARY ***
Total pot $2.50 | Rake $0 
Seat 1: Iseedora (big blind) folded before Flop
Seat 2: Birdy318 folded before Flop (didn't bet)
Seat 3: Khoshgel90 collected ($2.50)
Seat 4: Trojanovich folded before Flop (didn't bet)
Seat 5: BGS013 (button) folded before Flop (didn't bet)
Seat 6: Cositorto (small blind) folded before Flop



PokerStars Hand #254535294980:  Hold'em No Limit ($0.50/$1.00 USD) - 2025/01/24 21:16:21 WET [2025/01/24 16:16:21 ET]
Table 'Jens IV' 6-max Seat #6 is the button
Seat 1: Iseedora ($100 in chips) 
Seat 2: Birdy318 ($110.42 in chips) 
Seat 3: Khoshgel90 ($55.54 in chips) 
Seat 4: Trojanovich ($145.30 in chips) 
Seat 5: BGS013 ($100 in chips) 
Seat 6: Cositorto ($263.37 in chips) 
Iseedora: posts small blind $0.50
Birdy318: posts big blind $1
*** HOLE CARDS ***
Khoshgel90: folds 
Trojanovich: folds 
BGS013: folds 
Cositorto: folds 
Iseedora: raises $2 to $3
Birdy318: calls $2
*** FLOP *** [7d 6d 8c]
Iseedora: checks 
Birdy318: bets $2
Iseedora: raises $5 to $7
Birdy318: folds 
Uncalled bet ($5) returned to Iseedora
Iseedora collected $9.50 from pot
Iseedora: doesn't show hand 
*** SUMMARY ***
Total pot $10 | Rake $0.50 
Board [7d 6d 8c]
Seat 1: Iseedora (small blind) collected ($9.50)
Seat 2: Birdy318 (big blind) folded on the Flop
Seat 3: Khoshgel90 folded before Flop (didn't bet)
Seat 4: Trojanovich folded before Flop (didn't bet)
Seat 5: BGS013 folded before Flop (didn't bet)
Seat 6: Cositorto (button) folded before Flop (didn't bet)



PokerStars Hand #254535306256:  Hold'em No Limit ($0.50/$1.00 USD) - 2025/01/24 21:16:56 WET [2025/01/24 16:16:56 ET]
Table 'Jens IV' 6-max Seat #1 is the button
Seat 3: Khoshgel90 ($55.54 in chips) is sitting out
Seat 1: Iseedora ($104.50 in chips) 
Seat 2: Birdy318 ($105.42 in chips) 
Seat 4: Trojanovich ($145.30 in chips) 
Seat 5: BGS013 ($100 in chips) 
Seat 6: Cositorto ($263.37 in chips) 
Birdy318: posts small blind $0.50
Khoshgel90 has timed out
Khoshgel90: is sitting out 
Trojanovich: posts big blind $1
*** HOLE CARDS ***
BGS013: folds 
Cositorto: raises $1 to $2
Iseedora: folds 
Birdy318: folds 
Trojanovich: calls $1
*** FLOP *** [Qs 4h 2d]
Trojanovich: checks 
Cositorto: bets $1.16
Trojanovich: calls $1.16
*** TURN *** [Qs 4h 2d] [8d]
Trojanovich: checks 
Cositorto: checks 
*** RIVER *** [Qs 4h 2d 8d] [Ah]
Trojanovich: bets $2.14
Cositorto: calls $2.14
*** SHOW DOWN ***
Trojanovich: shows [As 8s] (two pair, Aces and Eights)
Cositorto: mucks hand 
Trojanovich collected $10.54 from pot
*** SUMMARY ***
Total pot $11.10 | Rake $0.56 
Board [Qs 4h 2d 8d Ah]
Seat 3: Khoshgel90
Seat 1: Iseedora (button) folded before Flop (didn't bet)
Seat 2: Birdy318 (small blind) folded before Flop
Seat 4: Trojanovich (big blind) showed [As 8s] and won ($10.54) with two pair, Aces and Eights
Seat 5: BGS013 folded before Flop (didn't bet)
Seat 6: Cositorto mucked



PokerStars Hand #254535326002:  Hold'em No Limit ($0.50/$1.00 USD) - 2025/01/24 21:17:59 WET [2025/01/24 16:17:59 ET]
Table 'Jens IV' 6-max Seat #2 is the button
Seat 3: Khoshgel90 ($55.54 in chips) is sitting out
Seat 5: BGS013 ($100 in chips) is sitting out
Seat 1: Iseedora ($104.50 in chips) 
Seat 2: Birdy318 ($104.92 in chips) 
Seat 4: Trojanovich ($150.54 in chips) 
Seat 6: Cositorto ($258.07 in chips) 
Trojanovich: posts small blind $0.50
BGS013: is sitting out 
Cositorto: posts big blind $1
*** HOLE CARDS ***
Iseedora: folds 
Birdy318: folds 
Trojanovich: raises $2 to $3
Cositorto: folds 
Uncalled bet ($2) returned to Trojanovich
Trojanovich collected $2 from pot
Trojanovich: doesn't show hand 
*** SUMMARY ***
Total pot $2 | Rake $0 
Seat 3: Khoshgel90
Seat 5: BGS013
Seat 1: Iseedora folded before Flop (didn't bet)
Seat 2: Birdy318 (button) folded before Flop (didn't bet)
Seat 4: Trojanovich (small blind) collected ($2)
Seat 6: Cositorto (big blind) folded before Flop



PokerStars Hand #254535330025:  Hold'em No Limit ($0.50/$1.00 USD) - 2025/01/24 21:18:11 WET [2025/01/24 16:18:11 ET]
Table 'Jens IV' 6-max Seat #4 is the button
Seat 5: BGS013 ($100 in chips) is sitting out
Seat 1: Iseedora ($104.50 in chips) 
Seat 2: Birdy318 ($104.92 in chips) 
Seat 3: Khoshgel90 ($55.54 in chips) 
Seat 4: Trojanovich ($151.54 in chips) 
Seat 6: Cositorto ($257.07 in chips) 
Cositorto: posts small blind $0.50
Iseedora: posts big blind $1
Khoshgel90: posts small & big blinds $1.50
*** HOLE CARDS ***
Birdy318: folds 
Khoshgel90: raises $2 to $3
BGS013 leaves the table
Trojanovich: raises $4.50 to $7.50
BoyLoc0 joins the table at seat #5 
Cositorto: folds 
Iseedora: folds 
Khoshgel90: folds 
Uncalled bet ($4.50) returned to Trojanovich
Trojanovich collected $8 from pot
Trojanovich: doesn't show hand 
*** SUMMARY ***
Total pot $8 | Rake $0 
Seat 5: BGS013
Seat 1: Iseedora (big blind) folded before Flop
Seat 2: Birdy318 folded before Flop (didn't bet)
Seat 3: Khoshgel90 folded before Flop
Seat 4: Trojanovich (button) collected ($8)
Seat 6: Cositorto (small blind) folded before Flop



PokerStars Hand #254535338537:  Hold'em No Limit ($0.50/$1.00 USD) - 2025/01/24 21:18:39 WET [2025/01/24 16:18:39 ET]
Table 'Jens IV' 6-max Seat #6 is the button
Seat 5: BoyLoc0 ($100 in chips) is sitting out
Seat 1: Iseedora ($103.50 in chips) 
Seat 2: Birdy318 ($104.92 in chips) 
Seat 3: Khoshgel90 ($52.04 in chips) 
Seat 4: Trojanovich ($156.54 in chips) 
Seat 6: Cositorto ($256.57 in chips) 
Iseedora: posts small blind $0.50
Birdy318: posts big blind $1
BoyLoc0: sits out 
*** HOLE CARDS ***
Khoshgel90: folds 
Trojanovich: folds 
Cositorto: folds 
Iseedora: calls $0.50
Birdy318: raises $2 to $3
Iseedora: folds 
Uncalled bet ($2) returned to Birdy318
Birdy318 collected $2 from pot
*** SUMMARY ***
Total pot $2 | Rake $0 
Seat 5: BoyLoc0
Seat 1: Iseedora (small blind) folded before Flop
Seat 2: Birdy318 (big blind) collected ($2)
Seat 3: Khoshgel90 folded before Flop (didn't bet)
Seat 4: Trojanovich folded before Flop (didn't bet)
Seat 6: Cositorto (button) folded before Flop (didn't bet)



PokerStars Hand #254535345941:  Hold'em No Limit ($0.50/$1.00 USD) - 2025/01/24 21:19:02 WET [2025/01/24 16:19:02 ET]
Table 'Jens IV' 6-max Seat #1 is the button
Seat 5: BoyLoc0 ($100 in chips) is sitting out
Seat 1: Iseedora ($102.50 in chips) 
Seat 2: Birdy318 ($105.92 in chips) 
Seat 3: Khoshgel90 ($52.04 in chips) 
Seat 4: Trojanovich ($156.54 in chips) 
Seat 6: Cositorto ($256.57 in chips) 
Birdy318: posts small blind $0.50
Khoshgel90: posts big blind $1
BoyLoc0: sits out 
*** HOLE CARDS ***
Trojanovich: folds 
Cositorto: folds 
Iseedora: raises $1.50 to $2.50
BoyLoc0 leaves the table
Birdy318: raises $8.50 to $11
Khoshgel90: folds 
Iseedora: folds 
Uncalled bet ($8.50) returned to Birdy318
Birdy318 collected $6 from pot
*** SUMMARY ***
Total pot $6 | Rake $0 
Seat 5: BoyLoc0
Seat 1: Iseedora (button) folded before Flop
Seat 2: Birdy318 (small blind) collected ($6)
Seat 3: Khoshgel90 (big blind) folded before Flop
Seat 4: Trojanovich folded before Flop (didn't bet)
Seat 6: Cositorto folded before Flop (didn't bet)



PokerStars Hand #254535355828:  Hold'em No Limit ($0.50/$1.00 USD) - 2025/01/24 21:19:33 WET [2025/01/24 16:19:33 ET]
Table 'Jens IV' 6-max Seat #2 is the button
Seat 1: Iseedora ($100 in chips) 
Seat 2: Birdy318 ($109.42 in chips) 
Seat 3: Khoshgel90 ($51.04 in chips) 
Seat 4: Trojanovich ($156.54 in chips) 
Seat 6: Cositorto ($256.57 in chips) 
Khoshgel90: posts small blind $0.50
Trojanovich: posts big blind $1
*** HOLE CARDS ***
vadjkeee joins the table at seat #5 
Cositorto: folds 
Iseedora: folds 
Birdy318: folds 
Khoshgel90: raises $2 to $3
Trojanovich: raises $6 to $9
Khoshgel90: folds 
Uncalled bet ($6) returned to Trojanovich
Trojanovich collected $6 from pot
Trojanovich: doesn't show hand 
*** SUMMARY ***
Total pot $6 | Rake $0 
Seat 1: Iseedora folded before Flop (didn't bet)
Seat 2: Birdy318 (button) folded before Flop (didn't bet)
Seat 3: Khoshgel90 (small blind) folded before Flop
Seat 4: Trojanovich (big blind) collected ($6)
Seat 6: Cositorto folded before Flop (didn't bet)



PokerStars Hand #254535362447:  Hold'em No Limit ($0.50/$1.00 USD) - 2025/01/24 21:19:54 WET [2025/01/24 16:19:54 ET]
Table 'Jens IV' 6-max Seat #3 is the button
Seat 1: Iseedora ($100 in chips) 
Seat 2: Birdy318 ($109.42 in chips) 
Seat 3: Khoshgel90 ($48.04 in chips) 
Seat 4: Trojanovich ($159.54 in chips) 
Seat 5: vadjkeee ($115.65 in chips) 
Seat 6: Cositorto ($256.57 in chips) 
Trojanovich: posts small blind $0.50
vadjkeee: posts big blind $1
*** HOLE CARDS ***
Cositorto: folds 
Iseedora: folds 
Birdy318: raises $2 to $3
Khoshgel90: folds 
Trojanovich: raises $8 to $11
vadjkeee: folds 
Birdy318: calls $8
*** FLOP *** [9h Ah 4c]
Trojanovich: bets $5.50
Birdy318: folds 
Uncalled bet ($5.50) returned to Trojanovich
Trojanovich collected $21.85 from pot
Trojanovich: doesn't show hand 
*** SUMMARY ***
Total pot $23 | Rake $1.15 
Board [9h Ah 4c]
Seat 1: Iseedora folded before Flop (didn't bet)
Seat 2: Birdy318 folded on the Flop
Seat 3: Khoshgel90 (button) folded before Flop (didn't bet)
Seat 4: Trojanovich (small blind) collected ($21.85)
Seat 5: vadjkeee (big blind) folded before Flop
Seat 6: Cositorto folded before Flop (didn't bet)



PokerStars Hand #254535381397:  Hold'em No Limit ($0.50/$1.00 USD) - 2025/01/24 21:20:54 WET [2025/01/24 16:20:54 ET]
Table 'Jens IV' 6-max Seat #4 is the button
Seat 1: Iseedora ($100 in chips) 
Seat 2: Birdy318 ($100 in chips) 
Seat 3: Khoshgel90 ($48.04 in chips) 
Seat 4: Trojanovich ($170.39 in chips) 
Seat 5: vadjkeee ($114.65 in chips) 
Seat 6: Cositorto ($256.57 in chips) 
vadjkeee: posts small blind $0.50
Cositorto: posts big blind $1
*** HOLE CARDS ***
Iseedora: folds 
Birdy318: raises $2 to $3
Khoshgel90: folds 
Trojanovich: folds 
vadjkeee: folds 
Cositorto: calls $2
*** FLOP *** [2h 5h Qs]
Cositorto: checks 
Birdy318: bets $2
Cositorto: calls $2
*** TURN *** [2h 5h Qs] [Ah]
Cositorto: checks 
Birdy318: checks 
*** RIVER *** [2h 5h Qs Ah] [Ks]
Cositorto: bets $2.69
Birdy318: folds 
Uncalled bet ($2.69) returned to Cositorto
Cositorto collected $9.98 from pot
Cositorto: doesn't show hand 
*** SUMMARY ***
Total pot $10.50 | Rake $0.52 
Board [2h 5h Qs Ah Ks]
Seat 1: Iseedora folded before Flop (didn't bet)
Seat 2: Birdy318 folded on the River
Seat 3: Khoshgel90 folded before Flop (didn't bet)
Seat 4: Trojanovich (button) folded before Flop (didn't bet)
Seat 5: vadjkeee (small blind) folded before Flop
Seat 6: Cositorto (big blind) collected ($9.98)



PokerStars Hand #254535398873:  Hold'em No Limit ($0.50/$1.00 USD) - 2025/01/24 21:21:49 WET [2025/01/24 16:21:49 ET]
Table 'Jens IV' 6-max Seat #5 is the button
Seat 1: Iseedora ($100 in chips) 
Seat 2: Birdy318 ($100 in chips) 
Seat 3: Khoshgel90 ($48.04 in chips) 
Seat 4: Trojanovich ($170.39 in chips) 
Seat 5: vadjkeee ($114.15 in chips) 
Seat 6: Cositorto ($261.55 in chips) 
Cositorto: posts small blind $0.50
Iseedora: posts big blind $1
*** HOLE CARDS ***
Birdy318: folds 
Khoshgel90: folds 
Trojanovich: folds 
vadjkeee: raises $1.50 to $2.50
Cositorto: folds 
Iseedora: folds 
Uncalled bet ($1.50) returned to vadjkeee
vadjkeee collected $2.50 from pot
vadjkeee: doesn't show hand 
*** SUMMARY ***
Total pot $2.50 | Rake $0 
Seat 1: Iseedora (big blind) folded before Flop
Seat 2: Birdy318 folded before Flop (didn't bet)
Seat 3: Khoshgel90 folded before Flop (didn't bet)
Seat 4: Trojanovich folded before Flop (didn't bet)
Seat 5: vadjkeee (button) collected ($2.50)
Seat 6: Cositorto (small blind) folded before Flop



PokerStars Hand #254535402716:  Hold'em No Limit ($0.50/$1.00 USD) - 2025/01/24 21:22:01 WET [2025/01/24 16:22:01 ET]
Table 'Jens IV' 6-max Seat #6 is the button
Seat 1: Iseedora ($100 in chips) 
Seat 2: Birdy318 ($100 in chips) 
Seat 3: Khoshgel90 ($48.04 in chips) 
Seat 4: Trojanovich ($170.39 in chips) 
Seat 5: vadjkeee ($115.65 in chips) 
Seat 6: Cositorto ($261.05 in chips) 
Iseedora: posts small blind $0.50
Birdy318: posts big blind $1
*** HOLE CARDS ***
Khoshgel90: folds 
Trojanovich: folds 
vadjkeee: raises $1.50 to $2.50
Cositorto: folds 
Iseedora: folds 
Birdy318: calls $1.50
*** FLOP *** [4s 8d 3d]
Birdy318: checks 
vadjkeee: checks 
*** TURN *** [4s 8d 3d] [6h]
Birdy318: bets $3
vadjkeee: folds 
Uncalled bet ($3) returned to Birdy318
Birdy318 collected $5.22 from pot
*** SUMMARY ***
Total pot $5.50 | Rake $0.28 
Board [4s 8d 3d 6h]
Seat 1: Iseedora (small blind) folded before Flop
Seat 2: Birdy318 (big blind) collected ($5.22)
Seat 3: Khoshgel90 folded before Flop (didn't bet)
Seat 4: Trojanovich folded before Flop (didn't bet)
Seat 5: vadjkeee folded on the Turn
Seat 6: Cositorto (button) folded before Flop (didn't bet)



PokerStars Hand #254535414545:  Hold'em No Limit ($0.50/$1.00 USD) - 2025/01/24 21:22:39 WET [2025/01/24 16:22:39 ET]
Table 'Jens IV' 6-max Seat #1 is the button
Seat 1: Iseedora ($100 in chips) 
Seat 2: Birdy318 ($102.72 in chips) 
Seat 3: Khoshgel90 ($48.04 in chips) 
Seat 4: Trojanovich ($170.39 in chips) 
Seat 5: vadjkeee ($113.15 in chips) 
Seat 6: Cositorto ($261.05 in chips) 
Birdy318: posts small blind $0.50
Khoshgel90: posts big blind $1
*** HOLE CARDS ***
Trojanovich: folds 
vadjkeee: folds 
Cositorto: raises $1 to $2
Iseedora: folds 
Birdy318: folds 
Khoshgel90: calls $1
*** FLOP *** [Tc 9s 3s]
Khoshgel90: checks 
Cositorto: bets $1.16
Khoshgel90: calls $1.16
*** TURN *** [Tc 9s 3s] [Jc]
Khoshgel90: checks 
Cositorto: bets $3.24
Khoshgel90: folds 
Uncalled bet ($3.24) returned to Cositorto
Cositorto collected $6.48 from pot
Cositorto: doesn't show hand 
*** SUMMARY ***
Total pot $6.82 | Rake $0.34 
Board [Tc 9s 3s Jc]
Seat 1: Iseedora (button) folded before Flop (didn't bet)
Seat 2: Birdy318 (small blind) folded before Flop
Seat 3: Khoshgel90 (big blind) folded on the Turn
Seat 4: Trojanovich folded before Flop (didn't bet)
Seat 5: vadjkeee folded before Flop (didn't bet)
Seat 6: Cositorto collected ($6.48)



PokerStars Hand #254535426260:  Hold'em No Limit ($0.50/$1.00 USD) - 2025/01/24 21:23:16 WET [2025/01/24 16:23:16 ET]
Table 'Jens IV' 6-max Seat #2 is the button
Seat 1: Iseedora ($100 in chips) 
Seat 2: Birdy318 ($102.22 in chips) 
Seat 3: Khoshgel90 ($44.88 in chips) 
Seat 4: Trojanovich ($170.39 in chips) 
Seat 5: vadjkeee ($113.15 in chips) 
Seat 6: Cositorto ($264.37 in chips) 
Khoshgel90: posts small blind $0.50
Trojanovich: posts big blind $1
*** HOLE CARDS ***
vadjkeee: folds 
Cositorto: raises $1 to $2
Iseedora: folds 
Birdy318: raises $9 to $11
Khoshgel90: calls $10.50
Trojanovich: folds 
Cositorto: calls $9
*** FLOP *** [8c 8s Ad]
Khoshgel90: checks 
Cositorto: checks 
Birdy318: bets $5
Khoshgel90: calls $5
Cositorto: calls $5
*** TURN *** [8c 8s Ad] [Ts]
Khoshgel90: checks 
Cositorto: checks 
Birdy318: checks 
*** RIVER *** [8c 8s Ad Ts] [Td]
Khoshgel90: bets $28.88 and is all-in
Cositorto: calls $28.88
Birdy318: raises $57.34 to $86.22 and is all-in
Cositorto: calls $57.34
*** SHOW DOWN ***
Birdy318: shows [9h Th] (a full house, Tens full of Eights)
Cositorto: shows [Ah 2h] (two pair, Aces and Tens)
Birdy318 collected $114.68 from side pot
Khoshgel90: shows [Js Jh] (two pair, Jacks and Tens)
Birdy318 collected $133.14 from main pot
*** SUMMARY ***
Total pot $250.32 Main pot $133.14. Side pot $114.68. | Rake $2.50 
Board [8c 8s Ad Ts Td]
Seat 1: Iseedora folded before Flop (didn't bet)
Seat 2: Birdy318 (button) showed [9h Th] and won ($247.82) with a full house, Tens full of Eights
Seat 3: Khoshgel90 (small blind) showed [Js Jh] and lost with two pair, Jacks and Tens
Seat 4: Trojanovich (big blind) folded before Flop
Seat 5: vadjkeee folded before Flop (didn't bet)
Seat 6: Cositorto showed [Ah 2h] and lost with two pair, Aces and Tens



PokerStars Hand #254535462333:  Hold'em No Limit ($0.50/$1.00 USD) - 2025/01/24 21:25:11 WET [2025/01/24 16:25:11 ET]
Table 'Jens IV' 6-max Seat #4 is the button
Seat 3: Khoshgel90 ($0 in chips) is sitting out
Seat 1: Iseedora ($100 in chips) 
Seat 2: Birdy318 ($247.82 in chips) 
Seat 4: Trojanovich ($169.39 in chips) 
Seat 5: vadjkeee ($113.15 in chips) 
Seat 6: Cositorto ($162.15 in chips) 
vadjkeee: posts small blind $0.50
Cositorto: posts big blind $1
*** HOLE CARDS ***
Iseedora: raises $1.20 to $2.20
Birdy318: calls $2.20
Trojanovich: folds 
vadjkeee: folds 
Khoshgel90 is disconnected 
Cositorto: calls $1.20
*** FLOP *** [Qc Qh Tc]
Cositorto: checks 
Iseedora: checks 
Birdy318: checks 
*** TURN *** [Qc Qh Tc] [Ad]
Cositorto: bets $5.93
Iseedora: folds 
Birdy318: folds 
Uncalled bet ($5.93) returned to Cositorto
Cositorto collected $6.74 from pot
Cositorto: doesn't show hand 
*** SUMMARY ***
Total pot $7.10 | Rake $0.36 
Board [Qc Qh Tc Ad]
Seat 3: Khoshgel90
Seat 1: Iseedora folded on the Turn
Seat 2: Birdy318 folded on the Turn
Seat 4: Trojanovich (button) folded before Flop (didn't bet)
Seat 5: vadjkeee (small blind) folded before Flop
Seat 6: Cositorto (big blind) collected ($6.74)



PokerStars Hand #254535474701:  Hold'em No Limit ($0.50/$1.00 USD) - 2025/01/24 21:25:51 WET [2025/01/24 16:25:51 ET]
Table 'Jens IV' 6-max Seat #5 is the button
Seat 3: Khoshgel90 ($0 in chips) is sitting out
Seat 1: Iseedora ($100 in chips) 
Seat 2: Birdy318 ($245.62 in chips) 
Seat 4: Trojanovich ($169.39 in chips) 
Seat 5: vadjkeee ($112.65 in chips) 
Seat 6: Cositorto ($166.69 in chips) 
Cositorto: posts small blind $0.50
Iseedora: posts big blind $1
*** HOLE CARDS ***
Birdy318: folds 
Trojanovich: raises $1.50 to $2.50
vadjkeee: folds 
Cositorto: folds 
Iseedora: raises $9 to $11.50
Trojanovich: calls $9
*** FLOP *** [5s Qd 7d]
Iseedora: bets $6
Trojanovich: calls $6
*** TURN *** [5s Qd 7d] [3h]
Iseedora: bets $24
Trojanovich: folds 
Uncalled bet ($24) returned to Iseedora
Iseedora collected $33.72 from pot
Iseedora: doesn't show hand 
*** SUMMARY ***
Total pot $35.50 | Rake $1.78 
Board [5s Qd 7d 3h]
Seat 3: Khoshgel90
Seat 1: Iseedora (big blind) collected ($33.72)
Seat 2: Birdy318 folded before Flop (didn't bet)
Seat 4: Trojanovich folded on the Turn
Seat 5: vadjkeee (button) folded before Flop (didn't bet)
Seat 6: Cositorto (small blind) folded before Flop



PokerStars Hand #254535497095:  Hold'em No Limit ($0.50/$1.00 USD) - 2025/01/24 21:27:03 WET [2025/01/24 16:27:03 ET]
Table 'Jens IV' 6-max Seat #6 is the button
Seat 3: Khoshgel90 ($0 in chips) is sitting out
Seat 1: Iseedora ($116.22 in chips) 
Seat 2: Birdy318 ($245.62 in chips) 
Seat 4: Trojanovich ($151.89 in chips) 
Seat 5: vadjkeee ($112.65 in chips) 
Seat 6: Cositorto ($166.19 in chips) 
Iseedora: posts small blind $0.50
Birdy318: posts big blind $1
*** HOLE CARDS ***
Trojanovich: folds 
vadjkeee: raises $1.50 to $2.50
Cositorto: folds 
Iseedora: folds 
Birdy318: calls $1.50
*** FLOP *** [5c 5d 5s]
Birdy318: checks 
vadjkeee: bets $2.87
Birdy318: calls $2.87
*** TURN *** [5c 5d 5s] [Kc]
Birdy318: checks 
vadjkeee: bets $5.87
Birdy318: folds 
Uncalled bet ($5.87) returned to vadjkeee
vadjkeee collected $10.68 from pot
vadjkeee: doesn't show hand 
*** SUMMARY ***
Total pot $11.24 | Rake $0.56 
Board [5c 5d 5s Kc]
Seat 3: Khoshgel90
Seat 1: Iseedora (small blind) folded before Flop
Seat 2: Birdy318 (big blind) folded on the Turn
Seat 4: Trojanovich folded before Flop (didn't bet)
Seat 5: vadjkeee collected ($10.68)
Seat 6: Cositorto (button) folded before Flop (didn't bet)



PokerStars Hand #254535509315:  Hold'em No Limit ($0.50/$1.00 USD) - 2025/01/24 21:27:42 WET [2025/01/24 16:27:42 ET]
Table 'Jens IV' 6-max Seat #1 is the button
Seat 3: Khoshgel90 ($0 in chips) is sitting out
Seat 1: Iseedora ($115.72 in chips) 
Seat 2: Birdy318 ($240.25 in chips) 
Seat 4: Trojanovich ($151.89 in chips) 
Seat 5: vadjkeee ($117.96 in chips) 
Seat 6: Cositorto ($166.19 in chips) 
Birdy318: posts small blind $0.50
Trojanovich: posts big blind $1
*** HOLE CARDS ***
vadjkeee: folds 
Cositorto: folds 
Iseedora: folds 
Birdy318: folds 
Uncalled bet ($0.50) returned to Trojanovich
Trojanovich collected $1 from pot
Trojanovich: doesn't show hand 
*** SUMMARY ***
Total pot $1 | Rake $0 
Seat 3: Khoshgel90
Seat 1: Iseedora (button) folded before Flop (didn't bet)
Seat 2: Birdy318 (small blind) folded before Flop
Seat 4: Trojanovich (big blind) collected ($1)
Seat 5: vadjkeee folded before Flop (didn't bet)
Seat 6: Cositorto folded before Flop (didn't bet)



PokerStars Hand #254535513250:  Hold'em No Limit ($0.50/$1.00 USD) - 2025/01/24 21:27:54 WET [2025/01/24 16:27:54 ET]
Table 'Jens IV' 6-max Seat #2 is the button
Seat 3: Khoshgel90 ($0 in chips) is sitting out
Seat 1: Iseedora ($115.72 in chips) 
Seat 2: Birdy318 ($239.75 in chips) 
Seat 4: Trojanovich ($152.39 in chips) 
Seat 5: vadjkeee ($117.96 in chips) 
Seat 6: Cositorto ($166.19 in chips) 
Trojanovich: posts small blind $0.50
vadjkeee: posts big blind $1
*** HOLE CARDS ***
Cositorto: raises $1 to $2
Iseedora: folds 
Birdy318: calls $2
Trojanovich: calls $1.50
vadjkeee: folds 
*** FLOP *** [2h Ah 5h]
Trojanovich: checks 
Cositorto: checks 
Birdy318: checks 
*** TURN *** [2h Ah 5h] [6h]
Trojanovich: checks 
Cositorto: bets $1.80
Birdy318: raises $1.80 to $3.60
Trojanovich: folds 
Cositorto: calls $1.80
*** RIVER *** [2h Ah 5h 6h] [Jc]
Cositorto: checks 
Birdy318: checks 
*** SHOW DOWN ***
Cositorto: shows [9h 9s] (a flush, Ace high)
Birdy318: mucks hand 
Cositorto collected $13.49 from pot
*** SUMMARY ***
Total pot $14.20 | Rake $0.71 
Board [2h Ah 5h 6h Jc]
Seat 3: Khoshgel90
Seat 1: Iseedora folded before Flop (didn't bet)
Seat 2: Birdy318 (button) mucked
Seat 4: Trojanovich (small blind) folded on the Turn
Seat 5: vadjkeee (big blind) folded before Flop
Seat 6: Cositorto showed [9h 9s] and won ($13.49) with a flush, Ace high



PokerStars Hand #254535528654:  Hold'em No Limit ($0.50/$1.00 USD) - 2025/01/24 21:28:44 WET [2025/01/24 16:28:44 ET]
Table 'Jens IV' 6-max Seat #4 is the button
Seat 3: Khoshgel90 ($0 in chips) is sitting out
Seat 1: Iseedora ($115.72 in chips) 
Seat 2: Birdy318 ($234.15 in chips) 
Seat 4: Trojanovich ($150.39 in chips) 
Seat 5: vadjkeee ($116.96 in chips) 
Seat 6: Cositorto ($174.08 in chips) 
vadjkeee: posts small blind $0.50
Cositorto: posts big blind $1
*** HOLE CARDS ***
Iseedora: folds 
Birdy318: raises $2 to $3
Trojanovich: raises $5 to $8
vadjkeee: folds 
Cositorto: folds 
Birdy318: calls $5
*** FLOP *** [Kd Jd 2h]
Birdy318: checks 
Trojanovich: bets $5.48
Birdy318: folds 
Uncalled bet ($5.48) returned to Trojanovich
Trojanovich collected $16.62 from pot
Trojanovich: doesn't show hand 
*** SUMMARY ***
Total pot $17.50 | Rake $0.88 
Board [Kd Jd 2h]
Seat 3: Khoshgel90
Seat 1: Iseedora folded before Flop (didn't bet)
Seat 2: Birdy318 folded on the Flop
Seat 4: Trojanovich (button) collected ($16.62)
Seat 5: vadjkeee (small blind) folded before Flop
Seat 6: Cositorto (big blind) folded before Flop



PokerStars Hand #254535539824:  Hold'em No Limit ($0.50/$1.00 USD) - 2025/01/24 21:29:20 WET [2025/01/24 16:29:20 ET]
Table 'Jens IV' 6-max Seat #5 is the button
Seat 3: Khoshgel90 ($0 in chips) is sitting out
Seat 1: Iseedora ($115.72 in chips) 
Seat 2: Birdy318 ($226.15 in chips) 
Seat 4: Trojanovich ($159.01 in chips) 
Seat 5: vadjkeee ($116.46 in chips) 
Seat 6: Cositorto ($173.08 in chips) 
Cositorto: posts small blind $0.50
Iseedora: posts big blind $1
*** HOLE CARDS ***
Birdy318: raises $2 to $3
Trojanovich: folds 
vadjkeee: folds 
Cositorto: folds 
Iseedora: folds 
Uncalled bet ($2) returned to Birdy318
Birdy318 collected $2.50 from pot
*** SUMMARY ***
Total pot $2.50 | Rake $0 
Seat 3: Khoshgel90
Seat 1: Iseedora (big blind) folded before Flop
Seat 2: Birdy318 collected ($2.50)
Seat 4: Trojanovich folded before Flop (didn't bet)
Seat 5: vadjkeee (button) folded before Flop (didn't bet)
Seat 6: Cositorto (small blind) folded before Flop



PokerStars Hand #254535545220:  Hold'em No Limit ($0.50/$1.00 USD) - 2025/01/24 21:29:37 WET [2025/01/24 16:29:37 ET]
Table 'Jens IV' 6-max Seat #6 is the button
Seat 3: Khoshgel90 ($0 in chips) is sitting out
Seat 1: Iseedora ($114.72 in chips) 
Seat 2: Birdy318 ($227.65 in chips) 
Seat 4: Trojanovich ($159.01 in chips) 
Seat 5: vadjkeee ($116.46 in chips) 
Seat 6: Cositorto ($172.58 in chips) 
Iseedora: posts small blind $0.50
Birdy318: posts big blind $1
*** HOLE CARDS ***
Trojanovich: folds 
vadjkeee: folds 
Cositorto: raises $1.50 to $2.50
Iseedora: folds 
Birdy318: calls $1.50
*** FLOP *** [2s 6h 9s]
Birdy318: checks 
Cositorto: checks 
*** TURN *** [2s 6h 9s] [3h]
Birdy318: bets $3
Cositorto: calls $3
*** RIVER *** [2s 6h 9s 3h] [Qh]
Birdy318: checks 
Cositorto: bets $13.10
Birdy318: calls $13.10
*** SHOW DOWN ***
Cositorto: shows [Tc Ac] (high card Ace)
Birdy318: shows [7c 9d] (a pair of Nines)
Birdy318 collected $35.82 from pot
*** SUMMARY ***
Total pot $37.70 | Rake $1.88 
Board [2s 6h 9s 3h Qh]
Seat 3: Khoshgel90
Seat 1: Iseedora (small blind) folded before Flop
Seat 2: Birdy318 (big blind) showed [7c 9d] and won ($35.82) with a pair of Nines
Seat 4: Trojanovich folded before Flop (didn't bet)
Seat 5: vadjkeee folded before Flop (didn't bet)
Seat 6: Cositorto (button) showed [Tc Ac] and lost with high card Ace



PokerStars Hand #254536201802:  Hold'em No Limit ($0.50/$1.00 USD) - 2025/01/24 21:37:54 WET [2025/01/24 16:37:54 ET]
Table 'Jens IV' 6-max Seat #5 is the button
Seat 1: Iseedora ($101.50 in chips) 
Seat 2: Birdy318 ($337.54 in chips) 
Seat 3: Seavus10 ($102.70 in chips) 
Seat 4: Trojanovich ($146.01 in chips) 
Seat 5: vadjkeee ($100 in chips) 
Seat 6: Cositorto ($143.57 in chips) 
Cositorto: posts small blind $0.50
Iseedora: posts big blind $1
*** HOLE CARDS ***
Birdy318: folds 
Seavus10: folds 
Trojanovich: folds 
vadjkeee: folds 
Cositorto: raises $2 to $3
Iseedora: folds 
Uncalled bet ($2) returned to Cositorto
Cositorto collected $2 from pot
Cositorto: doesn't show hand 
*** SUMMARY ***
Total pot $2 | Rake $0 
Seat 1: Iseedora (big blind) folded before Flop
Seat 2: Birdy318 folded before Flop (didn't bet)
Seat 3: Seavus10 folded before Flop (didn't bet)
Seat 4: Trojanovich folded before Flop (didn't bet)
Seat 5: vadjkeee (button) folded before Flop (didn't bet)
Seat 6: Cositorto (small blind) collected ($2)



PokerStars Hand #254536207914:  Hold'em No Limit ($0.50/$1.00 USD) - 2025/01/24 21:38:14 WET [2025/01/24 16:38:14 ET]
Table 'Jens IV' 6-max Seat #6 is the button
Seat 1: Iseedora ($100.50 in chips) 
Seat 2: Birdy318 ($337.54 in chips) 
Seat 3: Seavus10 ($102.70 in chips) 
Seat 4: Trojanovich ($146.01 in chips) 
Seat 5: vadjkeee ($100 in chips) 
Seat 6: Cositorto ($144.57 in chips) 
Iseedora: posts small blind $0.50
Birdy318: posts big blind $1
*** HOLE CARDS ***
Seavus10: folds 
Trojanovich: raises $1.50 to $2.50
vadjkeee: folds 
Cositorto: folds 
Iseedora: raises $7.50 to $10
Birdy318: folds 
Trojanovich: folds 
Uncalled bet ($7.50) returned to Iseedora
Iseedora collected $6 from pot
Iseedora: doesn't show hand 
*** SUMMARY ***
Total pot $6 | Rake $0 
Seat 1: Iseedora (small blind) collected ($6)
Seat 2: Birdy318 (big blind) folded before Flop
Seat 3: Seavus10 folded before Flop (didn't bet)
Seat 4: Trojanovich folded before Flop
Seat 5: vadjkeee folded before Flop (didn't bet)
Seat 6: Cositorto (button) folded before Flop (didn't bet)



PokerStars Hand #254536218332:  Hold'em No Limit ($0.50/$1.00 USD) - 2025/01/24 21:38:47 WET [2025/01/24 16:38:47 ET]
Table 'Jens IV' 6-max Seat #1 is the button
Seat 1: Iseedora ($104 in chips) 
Seat 2: Birdy318 ($336.54 in chips) 
Seat 3: Seavus10 ($102.70 in chips) 
Seat 4: Trojanovich ($143.51 in chips) 
Seat 5: vadjkeee ($100 in chips) 
Seat 6: Cositorto ($144.57 in chips) 
Birdy318: posts small blind $0.50
Seavus10: posts big blind $1
*** HOLE CARDS ***
Trojanovich: raises $1.50 to $2.50
vadjkeee: folds 
Cositorto: folds 
Iseedora: folds 
Birdy318: folds 
Seavus10: folds 
Uncalled bet ($1.50) returned to Trojanovich
Trojanovich collected $2.50 from pot
Trojanovich: doesn't show hand 
*** SUMMARY ***
Total pot $2.50 | Rake $0 
Seat 1: Iseedora (button) folded before Flop (didn't bet)
Seat 2: Birdy318 (small blind) folded before Flop
Seat 3: Seavus10 (big blind) folded before Flop
Seat 4: Trojanovich collected ($2.50)
Seat 5: vadjkeee folded before Flop (didn't bet)
Seat 6: Cositorto folded before Flop (didn't bet)



PokerStars Hand #254536229838:  Hold'em No Limit ($0.50/$1.00 USD) - 2025/01/24 21:39:24 WET [2025/01/24 16:39:24 ET]
Table 'Jens IV' 6-max Seat #2 is the button
Seat 1: Iseedora ($104 in chips) 
Seat 2: Birdy318 ($336.04 in chips) 
Seat 3: Seavus10 ($101.70 in chips) 
Seat 4: Trojanovich ($145.01 in chips) 
Seat 5: vadjkeee ($100 in chips) 
Seat 6: Cositorto ($144.57 in chips) 
Seavus10: posts small blind $0.50
Trojanovich: posts big blind $1
*** HOLE CARDS ***
vadjkeee: raises $1.50 to $2.50
Cositorto: folds 
Iseedora: folds 
Birdy318: folds 
Seavus10: folds 
Trojanovich: folds 
Uncalled bet ($1.50) returned to vadjkeee
vadjkeee collected $2.50 from pot
vadjkeee: doesn't show hand 
*** SUMMARY ***
Total pot $2.50 | Rake $0 
Seat 1: Iseedora folded before Flop (didn't bet)
Seat 2: Birdy318 (button) folded before Flop (didn't bet)
Seat 3: Seavus10 (small blind) folded before Flop
Seat 4: Trojanovich (big blind) folded before Flop
Seat 5: vadjkeee collected ($2.50)
Seat 6: Cositorto folded before Flop (didn't bet)



PokerStars Hand #254536236333:  Hold'em No Limit ($0.50/$1.00 USD) - 2025/01/24 21:39:45 WET [2025/01/24 16:39:45 ET]
Table 'Jens IV' 6-max Seat #3 is the button
Seat 1: Iseedora ($104 in chips) 
Seat 2: Birdy318 ($336.04 in chips) 
Seat 3: Seavus10 ($101.20 in chips) 
Seat 4: Trojanovich ($144.01 in chips) 
Seat 5: vadjkeee ($101.50 in chips) 
Seat 6: Cositorto ($144.57 in chips) 
Trojanovich: posts small blind $0.50
vadjkeee: posts big blind $1
*** HOLE CARDS ***
Cositorto: folds 
Iseedora: folds 
Birdy318: folds 
Seavus10: raises $1.50 to $2.50
Trojanovich: folds 
vadjkeee: calls $1.50
*** FLOP *** [Ac As 7s]
vadjkeee: checks 
Seavus10: bets $1.74
vadjkeee: folds 
Uncalled bet ($1.74) returned to Seavus10
Seavus10 collected $5.22 from pot
Seavus10: doesn't show hand 
*** SUMMARY ***
Total pot $5.50 | Rake $0.28 
Board [Ac As 7s]
Seat 1: Iseedora folded before Flop (didn't bet)
Seat 2: Birdy318 folded before Flop (didn't bet)
Seat 3: Seavus10 (button) collected ($5.22)
Seat 4: Trojanovich (small blind) folded before Flop
Seat 5: vadjkeee (big blind) folded on the Flop
Seat 6: Cositorto folded before Flop (didn't bet)



PokerStars Hand #254536245863:  Hold'em No Limit ($0.50/$1.00 USD) - 2025/01/24 21:40:15 WET [2025/01/24 16:40:15 ET]
Table 'Jens IV' 6-max Seat #4 is the button
Seat 1: Iseedora ($104 in chips) 
Seat 2: Birdy318 ($336.04 in chips) 
Seat 3: Seavus10 ($103.92 in chips) 
Seat 4: Trojanovich ($143.51 in chips) 
Seat 5: vadjkeee ($100 in chips) 
Seat 6: Cositorto ($144.57 in chips) 
vadjkeee: posts small blind $0.50
Cositorto: posts big blind $1
*** HOLE CARDS ***
Iseedora: folds 
Birdy318: folds 
Seavus10: folds 
Trojanovich: folds 
vadjkeee: folds 
Uncalled bet ($0.50) returned to Cositorto
Cositorto collected $1 from pot
Cositorto: doesn't show hand 
*** SUMMARY ***
Total pot $1 | Rake $0 
Seat 1: Iseedora folded before Flop (didn't bet)
Seat 2: Birdy318 folded before Flop (didn't bet)
Seat 3: Seavus10 folded before Flop (didn't bet)
Seat 4: Trojanovich (button) folded before Flop (didn't bet)
Seat 5: vadjkeee (small blind) folded before Flop
Seat 6: Cositorto (big blind) collected ($1)



PokerStars Hand #254536250498:  Hold'em No Limit ($0.50/$1.00 USD) - 2025/01/24 21:40:30 WET [2025/01/24 16:40:30 ET]
Table 'Jens IV' 6-max Seat #5 is the button
Seat 1: Iseedora ($104 in chips) 
Seat 2: Birdy318 ($336.04 in chips) 
Seat 3: Seavus10 ($103.92 in chips) 
Seat 4: Trojanovich ($143.51 in chips) 
Seat 5: vadjkeee ($100 in chips) 
Seat 6: Cositorto ($145.07 in chips) 
Cositorto: posts small blind $0.50
Iseedora: posts big blind $1
*** HOLE CARDS ***
Birdy318: folds 
Seavus10: folds 
Trojanovich: folds 
vadjkeee: raises $1.50 to $2.50
Cositorto: folds 
Iseedora: calls $1.50
*** FLOP *** [9d 4c 3h]
Iseedora: checks 
vadjkeee: checks 
*** TURN *** [9d 4c 3h] [5c]
Iseedora: checks 
vadjkeee: checks 
*** RIVER *** [9d 4c 3h 5c] [Ks]
Iseedora: checks 
vadjkeee: checks 
*** SHOW DOWN ***
Iseedora: shows [9s Kd] (two pair, Kings and Nines)
vadjkeee: mucks hand 
Iseedora collected $5.22 from pot
*** SUMMARY ***
Total pot $5.50 | Rake $0.28 
Board [9d 4c 3h 5c Ks]
Seat 1: Iseedora (big blind) showed [9s Kd] and won ($5.22) with two pair, Kings and Nines
Seat 2: Birdy318 folded before Flop (didn't bet)
Seat 3: Seavus10 folded before Flop (didn't bet)
Seat 4: Trojanovich folded before Flop (didn't bet)
Seat 5: vadjkeee (button) mucked
Seat 6: Cositorto (small blind) folded before Flop



PokerStars Hand #254536271657:  Hold'em No Limit ($0.50/$1.00 USD) - 2025/01/24 21:41:38 WET [2025/01/24 16:41:38 ET]
Table 'Jens IV' 6-max Seat #6 is the button
Seat 1: Iseedora ($106.72 in chips) 
Seat 2: Birdy318 ($336.04 in chips) 
Seat 3: Seavus10 ($103.92 in chips) 
Seat 4: Trojanovich ($143.51 in chips) 
Seat 5: vadjkeee ($100 in chips) 
Seat 6: Cositorto ($144.57 in chips) 
Iseedora: posts small blind $0.50
Birdy318: posts big blind $1
*** HOLE CARDS ***
Seavus10: raises $1.50 to $2.50
Trojanovich: folds 
vadjkeee: folds 
Cositorto: raises $5 to $7.50
Iseedora: folds 
Birdy318: raises $10.50 to $18
Seavus10: folds 
Cositorto: folds 
Uncalled bet ($10.50) returned to Birdy318
Birdy318 collected $18 from pot
*** SUMMARY ***
Total pot $18 | Rake $0 
Seat 1: Iseedora (small blind) folded before Flop
Seat 2: Birdy318 (big blind) collected ($18)
Seat 3: Seavus10 folded before Flop
Seat 4: Trojanovich folded before Flop (didn't bet)
Seat 5: vadjkeee folded before Flop (didn't bet)
Seat 6: Cositorto (button) folded before Flop



PokerStars Hand #254536286231:  Hold'em No Limit ($0.50/$1.00 USD) - 2025/01/24 21:42:25 WET [2025/01/24 16:42:25 ET]
Table 'Jens IV' 6-max Seat #1 is the button
Seat 1: Iseedora ($106.22 in chips) 
Seat 2: Birdy318 ($346.54 in chips) 
Seat 3: Seavus10 ($101.42 in chips) 
Seat 4: Trojanovich ($143.51 in chips) 
Seat 5: vadjkeee ($100 in chips) 
Seat 6: Cositorto ($137.07 in chips) 
Birdy318: posts small blind $0.50
Seavus10: posts big blind $1
*** HOLE CARDS ***
Trojanovich: folds 
vadjkeee: folds 
Cositorto: folds 
Iseedora: raises $1.50 to $2.50
Birdy318: folds 
Seavus10: folds 
Uncalled bet ($1.50) returned to Iseedora
Iseedora collected $2.50 from pot
Iseedora: doesn't show hand 
*** SUMMARY ***
Total pot $2.50 | Rake $0 
Seat 1: Iseedora (button) collected ($2.50)
Seat 2: Birdy318 (small blind) folded before Flop
Seat 3: Seavus10 (big blind) folded before Flop
Seat 4: Trojanovich folded before Flop (didn't bet)
Seat 5: vadjkeee folded before Flop (didn't bet)
Seat 6: Cositorto folded before Flop (didn't bet)



PokerStars Hand #254536292326:  Hold'em No Limit ($0.50/$1.00 USD) - 2025/01/24 21:42:45 WET [2025/01/24 16:42:45 ET]
Table 'Jens IV' 6-max Seat #2 is the button
Seat 1: Iseedora ($107.72 in chips) 
Seat 2: Birdy318 ($346.04 in chips) 
Seat 3: Seavus10 ($100.42 in chips) 
Seat 4: Trojanovich ($143.51 in chips) 
Seat 5: vadjkeee ($100 in chips) 
Seat 6: Cositorto ($137.07 in chips) 
Seavus10: posts small blind $0.50
Trojanovich: posts big blind $1
*** HOLE CARDS ***
vadjkeee: folds 
Cositorto: folds 
Iseedora: folds 
Birdy318: folds 
Seavus10: raises $2 to $3
Trojanovich: raises $6 to $9
Seavus10: folds 
Uncalled bet ($6) returned to Trojanovich
Trojanovich collected $6 from pot
Trojanovich: doesn't show hand 
*** SUMMARY ***
Total pot $6 | Rake $0 
Seat 1: Iseedora folded before Flop (didn't bet)
Seat 2: Birdy318 (button) folded before Flop (didn't bet)
Seat 3: Seavus10 (small blind) folded before Flop
Seat 4: Trojanovich (big blind) collected ($6)
Seat 5: vadjkeee folded before Flop (didn't bet)
Seat 6: Cositorto folded before Flop (didn't bet)



PokerStars Hand #254536300533:  Hold'em No Limit ($0.50/$1.00 USD) - 2025/01/24 21:43:11 WET [2025/01/24 16:43:11 ET]
Table 'Jens IV' 6-max Seat #3 is the button
Seat 1: Iseedora ($107.72 in chips) 
Seat 2: Birdy318 ($346.04 in chips) 
Seat 3: Seavus10 ($100 in chips) 
Seat 4: Trojanovich ($146.51 in chips) 
Seat 5: vadjkeee ($100 in chips) 
Seat 6: Cositorto ($137.07 in chips) 
Trojanovich: posts small blind $0.50
vadjkeee: posts big blind $1
*** HOLE CARDS ***
Cositorto: raises $1 to $2
Iseedora: folds 
Birdy318: folds 
Seavus10: folds 
Trojanovich: folds 
vadjkeee: folds 
Uncalled bet ($1) returned to Cositorto
Cositorto collected $2.50 from pot
Cositorto: doesn't show hand 
*** SUMMARY ***
Total pot $2.50 | Rake $0 
Seat 1: Iseedora folded before Flop (didn't bet)
Seat 2: Birdy318 folded before Flop (didn't bet)
Seat 3: Seavus10 (button) folded before Flop (didn't bet)
Seat 4: Trojanovich (small blind) folded before Flop
Seat 5: vadjkeee (big blind) folded before Flop
Seat 6: Cositorto collected ($2.50)



PokerStars Hand #254536308285:  Hold'em No Limit ($0.50/$1.00 USD) - 2025/01/24 21:43:36 WET [2025/01/24 16:43:36 ET]
Table 'Jens IV' 6-max Seat #4 is the button
Seat 1: Iseedora ($107.72 in chips) 
Seat 2: Birdy318 ($346.04 in chips) 
Seat 3: Seavus10 ($100 in chips) 
Seat 4: Trojanovich ($146.01 in chips) 
Seat 5: vadjkeee ($100 in chips) 
Seat 6: Cositorto ($138.57 in chips) 
vadjkeee: posts small blind $0.50
Cositorto: posts big blind $1
*** HOLE CARDS ***
Iseedora: folds 
Birdy318: folds 
Seavus10: folds 
Trojanovich: raises $1.50 to $2.50
vadjkeee: raises $9.50 to $12
Cositorto: folds 
Trojanovich: raises $13.50 to $25.50
vadjkeee: calls $13.50
*** FLOP *** [7c 2c 2d]
vadjkeee: checks 
Trojanovich: bets $11.50
vadjkeee: calls $11.50
*** TURN *** [7c 2c 2d] [6s]
vadjkeee: checks 
Trojanovich: checks 
*** RIVER *** [7c 2c 2d 6s] [3h]
vadjkeee: checks 
Trojanovich: bets $109.01 and is all-in
vadjkeee: folds 
Uncalled bet ($109.01) returned to Trojanovich
Trojanovich collected $72.50 from pot
Trojanovich: doesn't show hand 
*** SUMMARY ***
Total pot $75 | Rake $2.50 
Board [7c 2c 2d 6s 3h]
Seat 1: Iseedora folded before Flop (didn't bet)
Seat 2: Birdy318 folded before Flop (didn't bet)
Seat 3: Seavus10 folded before Flop (didn't bet)
Seat 4: Trojanovich (button) collected ($72.50)
Seat 5: vadjkeee (small blind) folded on the River
Seat 6: Cositorto (big blind) folded before Flop



PokerStars Hand #254536344847:  Hold'em No Limit ($0.50/$1.00 USD) - 2025/01/24 21:45:35 WET [2025/01/24 16:45:35 ET]
Table 'Jens IV' 6-max Seat #5 is the button
Seat 1: Iseedora ($107.72 in chips) 
Seat 2: Birdy318 ($346.04 in chips) 
Seat 3: Seavus10 ($100 in chips) 
Seat 4: Trojanovich ($181.51 in chips) 
Seat 5: vadjkeee ($100 in chips) 
Seat 6: Cositorto ($137.57 in chips) 
Cositorto: posts small blind $0.50
Iseedora: posts big blind $1
*** HOLE CARDS ***
Birdy318: folds 
Seavus10: folds 
Trojanovich: raises $1.50 to $2.50
vadjkeee: folds 
Cositorto: raises $8.75 to $11.25
Iseedora: folds 
Trojanovich: folds 
Uncalled bet ($8.75) returned to Cositorto
Cositorto collected $6 from pot
Cositorto: doesn't show hand 
*** SUMMARY ***
Total pot $6 | Rake $0 
Seat 1: Iseedora (big blind) folded before Flop
Seat 2: Birdy318 folded before Flop (didn't bet)
Seat 3: Seavus10 folded before Flop (didn't bet)
Seat 4: Trojanovich folded before Flop
Seat 5: vadjkeee (button) folded before Flop (didn't bet)
Seat 6: Cositorto (small blind) collected ($6)



PokerStars Hand #254536349297:  Hold'em No Limit ($0.50/$1.00 USD) - 2025/01/24 21:45:50 WET [2025/01/24 16:45:50 ET]
Table 'Jens IV' 6-max Seat #6 is the button
Seat 1: Iseedora ($106.72 in chips) 
Seat 2: Birdy318 ($346.04 in chips) 
Seat 3: Seavus10 ($100 in chips) 
Seat 4: Trojanovich ($179.01 in chips) 
Seat 5: vadjkeee ($100 in chips) 
Seat 6: Cositorto ($141.07 in chips) 
Iseedora: posts small blind $0.50
Birdy318: posts big blind $1
*** HOLE CARDS ***
Seavus10: raises $1.50 to $2.50
Trojanovich: folds 
vadjkeee: folds 
Cositorto: folds 
Iseedora: folds 
Birdy318: calls $1.50
*** FLOP *** [3d 8h Ks]
Birdy318: checks 
Seavus10: bets $1.31
Birdy318: folds 
Uncalled bet ($1.31) returned to Seavus10
Seavus10 collected $5.22 from pot
Seavus10: doesn't show hand 
*** SUMMARY ***
Total pot $5.50 | Rake $0.28 
Board [3d 8h Ks]
Seat 1: Iseedora (small blind) folded before Flop
Seat 2: Birdy318 (big blind) folded on the Flop
Seat 3: Seavus10 collected ($5.22)
Seat 4: Trojanovich folded before Flop (didn't bet)
Seat 5: vadjkeee folded before Flop (didn't bet)
Seat 6: Cositorto (button) folded before Flop (didn't bet)



PokerStars Hand #254536358252:  Hold'em No Limit ($0.50/$1.00 USD) - 2025/01/24 21:46:19 WET [2025/01/24 16:46:19 ET]
Table 'Jens IV' 6-max Seat #1 is the button
Seat 3: Seavus10 ($102.72 in chips) is sitting out
Seat 1: Iseedora ($106.22 in chips) 
Seat 2: Birdy318 ($343.54 in chips) 
Seat 4: Trojanovich ($179.01 in chips) 
Seat 5: vadjkeee ($100 in chips) 
Seat 6: Cositorto ($141.07 in chips) 
Birdy318: posts small blind $0.50
Seavus10: is sitting out 
Trojanovich: posts big blind $1
*** HOLE CARDS ***
vadjkeee: folds 
Cositorto: raises $1 to $2
Iseedora: folds 
Seavus10 leaves the table
Birdy318: folds 
Trojanovich: folds 
Uncalled bet ($1) returned to Cositorto
Cositorto collected $2.50 from pot
Cositorto: doesn't show hand 
*** SUMMARY ***
Total pot $2.50 | Rake $0 
Seat 3: Seavus10
Seat 1: Iseedora (button) folded before Flop (didn't bet)
Seat 2: Birdy318 (small blind) folded before Flop
Seat 4: Trojanovich (big blind) folded before Flop
Seat 5: vadjkeee folded before Flop (didn't bet)
Seat 6: Cositorto collected ($2.50)



PokerStars Hand #254536361591:  Hold'em No Limit ($0.50/$1.00 USD) - 2025/01/24 21:46:30 WET [2025/01/24 16:46:30 ET]
Table 'Jens IV' 6-max Seat #2 is the button
Seat 1: Iseedora ($106.22 in chips) 
Seat 2: Birdy318 ($343.04 in chips) 
Seat 4: Trojanovich ($178.01 in chips) 
Seat 5: vadjkeee ($100 in chips) 
Seat 6: Cositorto ($142.57 in chips) 
Trojanovich: posts small blind $0.50
vadjkeee: posts big blind $1
*** HOLE CARDS ***
Cositorto: folds 
Iseedora: folds 
Birdy318: folds 
Trojanovich: folds 
Uncalled bet ($0.50) returned to vadjkeee
vadjkeee collected $1 from pot
vadjkeee: doesn't show hand 
*** SUMMARY ***
Total pot $1 | Rake $0 
Seat 1: Iseedora folded before Flop (didn't bet)
Seat 2: Birdy318 (button) folded before Flop (didn't bet)
Seat 4: Trojanovich (small blind) folded before Flop
Seat 5: vadjkeee (big blind) collected ($1)
Seat 6: Cositorto folded before Flop (didn't bet)



PokerStars Hand #254536364194:  Hold'em No Limit ($0.50/$1.00 USD) - 2025/01/24 21:46:38 WET [2025/01/24 16:46:38 ET]
Table 'Jens IV' 6-max Seat #4 is the button
Seat 1: Iseedora ($106.22 in chips) 
Seat 2: Birdy318 ($343.04 in chips) 
Seat 4: Trojanovich ($177.51 in chips) 
Seat 5: vadjkeee ($100.50 in chips) 
Seat 6: Cositorto ($142.57 in chips) 
vadjkeee: posts small blind $0.50
Cositorto: posts big blind $1
*** HOLE CARDS ***
Iseedora: folds 
Birdy318: folds 
Trojanovich: raises $1.50 to $2.50
vadjkeee: folds 
xcinaz joins the table at seat #3 
Cositorto: calls $1.50
*** FLOP *** [7d Qs 4c]
Cositorto: checks 
Trojanovich: bets $1.72
Cositorto: calls $1.72
*** TURN *** [7d Qs 4c] [Th]
Cositorto: checks 
Trojanovich: bets $12.74
Cositorto: calls $12.74
*** RIVER *** [7d Qs 4c Th] [7c]
Cositorto: checks 
Trojanovich: checks 
*** SHOW DOWN ***
Cositorto: shows [7s Ah] (three of a kind, Sevens)
Trojanovich: mucks hand 
Cositorto collected $32.70 from pot
*** SUMMARY ***
Total pot $34.42 | Rake $1.72 
Board [7d Qs 4c Th 7c]
Seat 1: Iseedora folded before Flop (didn't bet)
Seat 2: Birdy318 folded before Flop (didn't bet)
Seat 4: Trojanovich (button) mucked
Seat 5: vadjkeee (small blind) folded before Flop
Seat 6: Cositorto (big blind) showed [7s Ah] and won ($32.70) with three of a kind, Sevens



PokerStars Hand #254536390149:  Hold'em No Limit ($0.50/$1.00 USD) - 2025/01/24 21:48:02 WET [2025/01/24 16:48:02 ET]
Table 'Jens IV' 6-max Seat #5 is the button
Seat 3: xcinaz ($102.72 in chips) is sitting out
Seat 1: Iseedora ($106.22 in chips) 
Seat 2: Birdy318 ($343.04 in chips) 
Seat 4: Trojanovich ($160.55 in chips) 
Seat 5: vadjkeee ($100 in chips) 
Seat 6: Cositorto ($158.31 in chips) 
Cositorto: posts small blind $0.50
Iseedora: posts big blind $1
xcinaz: sits out 
*** HOLE CARDS ***
Birdy318: folds 
Trojanovich: raises $1.50 to $2.50
vadjkeee: folds 
Cositorto: folds 
Iseedora: folds 
Uncalled bet ($1.50) returned to Trojanovich
Trojanovich collected $2.50 from pot
Trojanovich: doesn't show hand 
*** SUMMARY ***
Total pot $2.50 | Rake $0 
Seat 3: xcinaz
Seat 1: Iseedora (big blind) folded before Flop
Seat 2: Birdy318 folded before Flop (didn't bet)
Seat 4: Trojanovich collected ($2.50)
Seat 5: vadjkeee (button) folded before Flop (didn't bet)
Seat 6: Cositorto (small blind) folded before Flop



PokerStars Hand #254536397764:  Hold'em No Limit ($0.50/$1.00 USD) - 2025/01/24 21:48:27 WET [2025/01/24 16:48:27 ET]
Table 'Jens IV' 6-max Seat #6 is the button
Seat 3: xcinaz ($102.72 in chips) is sitting out
Seat 1: Iseedora ($105.22 in chips) 
Seat 2: Birdy318 ($343.04 in chips) 
Seat 4: Trojanovich ($162.05 in chips) 
Seat 5: vadjkeee ($100 in chips) 
Seat 6: Cositorto ($157.81 in chips) 
Iseedora: posts small blind $0.50
Birdy318: posts big blind $1
xcinaz: sits out 
*** HOLE CARDS ***
Trojanovich: raises $1.50 to $2.50
vadjkeee: raises $5 to $7.50
Cositorto: raises $9.38 to $16.88
Iseedora: folds 
Birdy318: folds 
Trojanovich: folds 
vadjkeee: folds 
Uncalled bet ($9.38) returned to Cositorto
Cositorto collected $19 from pot
Cositorto: doesn't show hand 
*** SUMMARY ***
Total pot $19 | Rake $0 
Seat 3: xcinaz
Seat 1: Iseedora (small blind) folded before Flop
Seat 2: Birdy318 (big blind) folded before Flop
Seat 4: Trojanovich folded before Flop
Seat 5: vadjkeee folded before Flop
Seat 6: Cositorto (button) collected ($19)



PokerStars Hand #254536404149:  Hold'em No Limit ($0.50/$1.00 USD) - 2025/01/24 21:48:48 WET [2025/01/24 16:48:48 ET]
Table 'Jens IV' 6-max Seat #1 is the button
Seat 1: Iseedora ($104.72 in chips) 
Seat 2: Birdy318 ($342.04 in chips) 
Seat 3: xcinaz ($102.72 in chips) 
Seat 4: Trojanovich ($159.55 in chips) 
Seat 5: vadjkeee ($100 in chips) 
Seat 6: Cositorto ($169.31 in chips) 
Birdy318: posts small blind $0.50
xcinaz: posts big blind $1
*** HOLE CARDS ***
Trojanovich: raises $1.50 to $2.50
vadjkeee: folds 
Cositorto: folds 
Iseedora: folds 
Birdy318: folds 
xcinaz: calls $1.50
*** FLOP *** [9c 8c 3h]
xcinaz: checks 
Trojanovich: bets $2.61
xcinaz: folds 
Uncalled bet ($2.61) returned to Trojanovich
Trojanovich collected $5.22 from pot
Trojanovich: doesn't show hand 
*** SUMMARY ***
Total pot $5.50 | Rake $0.28 
Board [9c 8c 3h]
Seat 1: Iseedora (button) folded before Flop (didn't bet)
Seat 2: Birdy318 (small blind) folded before Flop
Seat 3: xcinaz (big blind) folded on the Flop
Seat 4: Trojanovich collected ($5.22)
Seat 5: vadjkeee folded before Flop (didn't bet)
Seat 6: Cositorto folded before Flop (didn't bet)



PokerStars Hand #254536413011:  Hold'em No Limit ($0.50/$1.00 USD) - 2025/01/24 21:49:17 WET [2025/01/24 16:49:17 ET]
Table 'Jens IV' 6-max Seat #2 is the button
Seat 1: Iseedora ($104.72 in chips) 
Seat 2: Birdy318 ($341.54 in chips) 
Seat 3: xcinaz ($100.22 in chips) 
Seat 4: Trojanovich ($162.27 in chips) 
Seat 5: vadjkeee ($100 in chips) 
Seat 6: Cositorto ($169.31 in chips) 
xcinaz: posts small blind $0.50
Trojanovich: posts big blind $1
*** HOLE CARDS ***
vadjkeee: folds 
Cositorto: folds 
Iseedora: folds 
Birdy318: raises $2 to $3
vadjkeee leaves the table
xcinaz: folds 
Trojanovich: folds 
Uncalled bet ($2) returned to Birdy318
Birdy318 collected $2.50 from pot
*** SUMMARY ***
Total pot $2.50 | Rake $0 
Seat 1: Iseedora folded before Flop (didn't bet)
Seat 2: Birdy318 (button) collected ($2.50)
Seat 3: xcinaz (small blind) folded before Flop
Seat 4: Trojanovich (big blind) folded before Flop
Seat 5: vadjkeee folded before Flop (didn't bet)
Seat 6: Cositorto folded before Flop (didn't bet)



PokerStars Hand #254536417728:  Hold'em No Limit ($0.50/$1.00 USD) - 2025/01/24 21:49:33 WET [2025/01/24 16:49:33 ET]
Table 'Jens IV' 6-max Seat #3 is the button
Seat 1: Iseedora ($104.72 in chips) 
Seat 2: Birdy318 ($343.04 in chips) 
Seat 3: xcinaz ($100 in chips) 
Seat 4: Trojanovich ($161.27 in chips) 
Seat 6: Cositorto ($169.31 in chips) 
Trojanovich: posts small blind $0.50
Cositorto: posts big blind $1
*** HOLE CARDS ***
Iseedora: folds 
Birdy318: folds 
xcinaz: folds 
Trojanovich: raises $2 to $3
Cositorto: folds 
Uncalled bet ($2) returned to Trojanovich
Trojanovich collected $2 from pot
Trojanovich: doesn't show hand 
*** SUMMARY ***
Total pot $2 | Rake $0 
Seat 1: Iseedora folded before Flop (didn't bet)
Seat 2: Birdy318 folded before Flop (didn't bet)
Seat 3: xcinaz (button) folded before Flop (didn't bet)
Seat 4: Trojanovich (small blind) collected ($2)
Seat 6: Cositorto (big blind) folded before Flop



PokerStars Hand #254536423588:  Hold'em No Limit ($0.50/$1.00 USD) - 2025/01/24 21:49:52 WET [2025/01/24 16:49:52 ET]
Table 'Jens IV' 6-max Seat #4 is the button
Seat 1: Iseedora ($104.72 in chips) 
Seat 2: Birdy318 ($343.04 in chips) 
Seat 3: xcinaz ($100 in chips) 
Seat 4: Trojanovich ($162.27 in chips) 
Seat 6: Cositorto ($168.31 in chips) 
Cositorto: posts small blind $0.50
Iseedora: posts big blind $1
*** HOLE CARDS ***
Birdy318: folds 
xcinaz: raises $1.20 to $2.20
Trojanovich: folds 
Cositorto: folds 
Iseedora: calls $1.20
*** FLOP *** [5s Ac Td]
Iseedora: checks 
xcinaz: bets $1.17
Iseedora: raises $5.83 to $7
xcinaz: calls $5.83
*** TURN *** [5s Ac Td] [Tc]
Iseedora: checks 
xcinaz: bets $4.49
Iseedora: calls $4.49
*** RIVER *** [5s Ac Td Tc] [6h]
Iseedora: checks 
xcinaz: bets $22.52
Iseedora: folds 
Uncalled bet ($22.52) returned to xcinaz
xcinaz collected $26.49 from pot
xcinaz: doesn't show hand 
*** SUMMARY ***
Total pot $27.88 | Rake $1.39 
Board [5s Ac Td Tc 6h]
Seat 1: Iseedora (big blind) folded on the River
Seat 2: Birdy318 folded before Flop (didn't bet)
Seat 3: xcinaz collected ($26.49)
Seat 4: Trojanovich (button) folded before Flop (didn't bet)
Seat 6: Cositorto (small blind) folded before Flop



PokerStars Hand #254536454658:  Hold'em No Limit ($0.50/$1.00 USD) - 2025/01/24 21:51:34 WET [2025/01/24 16:51:34 ET]
Table 'Jens IV' 6-max Seat #6 is the button
Seat 1: Iseedora ($100 in chips) 
Seat 2: Birdy318 ($343.04 in chips) 
Seat 3: xcinaz ($112.80 in chips) 
Seat 4: Trojanovich ($162.27 in chips) 
Seat 6: Cositorto ($167.81 in chips) 
Iseedora: posts small blind $0.50
Birdy318: posts big blind $1
*** HOLE CARDS ***
xcinaz: folds 
Trojanovich: folds 
Cositorto: folds 
Iseedora: raises $2 to $3
Birdy318: raises $7 to $10
Iseedora: raises $14 to $24
Birdy318: folds 
Uncalled bet ($14) returned to Iseedora
Iseedora collected $20 from pot
Iseedora: doesn't show hand 
*** SUMMARY ***
Total pot $20 | Rake $0 
Seat 1: Iseedora (small blind) collected ($20)
Seat 2: Birdy318 (big blind) folded before Flop
Seat 3: xcinaz folded before Flop (didn't bet)
Seat 4: Trojanovich folded before Flop (didn't bet)
Seat 6: Cositorto (button) folded before Flop (didn't bet)



PokerStars Hand #254536462678:  Hold'em No Limit ($0.50/$1.00 USD) - 2025/01/24 21:52:00 WET [2025/01/24 16:52:00 ET]
Table 'Jens IV' 6-max Seat #1 is the button
Seat 1: Iseedora ($110 in chips) 
Seat 2: Birdy318 ($333.04 in chips) 
Seat 3: xcinaz ($112.80 in chips) 
Seat 4: Trojanovich ($162.27 in chips) 
Seat 6: Cositorto ($167.81 in chips) 
Birdy318: posts small blind $0.50
xcinaz: posts big blind $1
*** HOLE CARDS ***
Trojanovich: raises $1.50 to $2.50
Cositorto: folds 
Iseedora: calls $2.50
Birdy318: raises $11.50 to $14
xcinaz: folds 
Trojanovich: folds 
Iseedora: calls $11.50
*** FLOP *** [As 2c Jc]
Birdy318: bets $17
Iseedora: calls $17
*** TURN *** [As 2c Jc] [Th]
Birdy318: checks 
Iseedora: checks 
*** RIVER *** [As 2c Jc Th] [Qd]
Birdy318: bets $32
YeeesMan joins the table at seat #5 
Iseedora: raises $47 to $79 and is all-in
Birdy318: calls $47
*** SHOW DOWN ***
Iseedora: shows [Js Ks] (a straight, Ten to Ace)
Birdy318: shows [Kd Ah] (a straight, Ten to Ace)
Birdy318 collected $110.50 from pot
Iseedora collected $110.50 from pot
*** SUMMARY ***
Total pot $223.50 | Rake $2.50 
Board [As 2c Jc Th Qd]
Seat 1: Iseedora (button) showed [Js Ks] and won ($110.50) with a straight, Ten to Ace
Seat 2: Birdy318 (small blind) showed [Kd Ah] and won ($110.50) with a straight, Ten to Ace
Seat 3: xcinaz (big blind) folded before Flop
Seat 4: Trojanovich folded before Flop
Seat 6: Cositorto folded before Flop (didn't bet)



PokerStars Hand #254536502346:  Hold'em No Limit ($0.50/$1.00 USD) - 2025/01/24 21:54:09 WET [2025/01/24 16:54:09 ET]
Table 'Jens IV' 6-max Seat #2 is the button
Seat 5: YeeesMan ($100 in chips) is sitting out
Seat 1: Iseedora ($110.50 in chips) 
Seat 2: Birdy318 ($333.54 in chips) 
Seat 3: xcinaz ($111.80 in chips) 
Seat 4: Trojanovich ($159.77 in chips) 
Seat 6: Cositorto ($167.81 in chips) 
xcinaz: posts small blind $0.50
Trojanovich: posts big blind $1
YeeesMan: sits out 
*** HOLE CARDS ***
Cositorto: folds 
Iseedora: folds 
Birdy318: folds 
xcinaz: raises $2 to $3
Trojanovich: calls $2
*** FLOP *** [Td 7s 4s]
xcinaz: checks 
Trojanovich: checks 
*** TURN *** [Td 7s 4s] [As]
xcinaz: bets $1.88
Trojanovich: calls $1.88
*** RIVER *** [Td 7s 4s As] [4h]
xcinaz: bets $3.06
Trojanovich: raises $17.94 to $21
xcinaz: calls $17.94
*** SHOW DOWN ***
Trojanovich: shows [Js Qc] (a pair of Fours)
xcinaz: shows [Ac 8c] (two pair, Aces and Fours)
xcinaz collected $49.26 from pot
*** SUMMARY ***
Total pot $51.76 | Rake $2.50 
Board [Td 7s 4s As 4h]
Seat 5: YeeesMan
Seat 1: Iseedora folded before Flop (didn't bet)
Seat 2: Birdy318 (button) folded before Flop (didn't bet)
Seat 3: xcinaz (small blind) showed [Ac 8c] and won ($49.26) with two pair, Aces and Fours
Seat 4: Trojanovich (big blind) showed [Js Qc] and lost with a pair of Fours
Seat 6: Cositorto folded before Flop (didn't bet)



PokerStars Hand #254536533215:  Hold'em No Limit ($0.50/$1.00 USD) - 2025/01/24 21:56:03 WET [2025/01/24 16:56:03 ET]
Table 'Jens IV' 6-max Seat #3 is the button
Seat 1: Iseedora ($110.50 in chips) 
Seat 2: Birdy318 ($333.54 in chips) 
Seat 3: xcinaz ($135.18 in chips) 
Seat 4: Trojanovich ($133.89 in chips) 
Seat 5: YeeesMan ($100 in chips) 
Seat 6: Cositorto ($167.81 in chips) 
Trojanovich: posts small blind $0.50
YeeesMan: posts big blind $1
*** HOLE CARDS ***
Cositorto: folds 
Iseedora: folds 
Birdy318: folds 
xcinaz: folds 
Trojanovich: raises $2 to $3
YeeesMan: folds 
Uncalled bet ($2) returned to Trojanovich
Trojanovich collected $2 from pot
Trojanovich: doesn't show hand 
*** SUMMARY ***
Total pot $2 | Rake $0 
Seat 1: Iseedora folded before Flop (didn't bet)
Seat 2: Birdy318 folded before Flop (didn't bet)
Seat 3: xcinaz (button) folded before Flop (didn't bet)
Seat 4: Trojanovich (small blind) collected ($2)
Seat 5: YeeesMan (big blind) folded before Flop
Seat 6: Cositorto folded before Flop (didn't bet)



PokerStars Hand #254536537793:  Hold'em No Limit ($0.50/$1.00 USD) - 2025/01/24 21:56:23 WET [2025/01/24 16:56:23 ET]
Table 'Jens IV' 6-max Seat #4 is the button
Seat 6: Cositorto ($167.81 in chips) is sitting out
Seat 1: Iseedora ($110.50 in chips) 
Seat 2: Birdy318 ($333.54 in chips) 
Seat 3: xcinaz ($135.18 in chips) 
Seat 4: Trojanovich ($134.89 in chips) 
Seat 5: YeeesMan ($100 in chips) 
YeeesMan: posts small blind $0.50
Cositorto: is sitting out 
Iseedora: posts big blind $1
*** HOLE CARDS ***
Cositorto leaves the table
Birdy318: folds 
xcinaz: raises $1.20 to $2.20
Trojanovich: folds 
nastja336 joins the table at seat #6 
YeeesMan: folds 
Iseedora: folds 
Uncalled bet ($1.20) returned to xcinaz
xcinaz collected $2.50 from pot
xcinaz: doesn't show hand 
*** SUMMARY ***
Total pot $2.50 | Rake $0 
Seat 6: Cositorto
Seat 1: Iseedora (big blind) folded before Flop
Seat 2: Birdy318 folded before Flop (didn't bet)
Seat 3: xcinaz collected ($2.50)
Seat 4: Trojanovich (button) folded before Flop (didn't bet)
Seat 5: YeeesMan (small blind) folded before Flop



PokerStars Hand #254536541977:  Hold'em No Limit ($0.50/$1.00 USD) - 2025/01/24 21:56:41 WET [2025/01/24 16:56:41 ET]
Table 'Jens IV' 6-max Seat #5 is the button
Seat 6: nastja336 ($100 in chips) is sitting out
Seat 1: Iseedora ($109.50 in chips) 
Seat 2: Birdy318 ($333.54 in chips) 
Seat 3: xcinaz ($136.68 in chips) 
Seat 4: Trojanovich ($134.89 in chips) 
Seat 5: YeeesMan ($100 in chips) 
Iseedora: posts small blind $0.50
Birdy318: posts big blind $1
*** HOLE CARDS ***
xcinaz: raises $1 to $2
Trojanovich: folds 
YeeesMan: folds 
Iseedora: folds 
Birdy318: calls $1
*** FLOP *** [3d Ah 3c]
Birdy318: checks 
xcinaz: checks 
*** TURN *** [3d Ah 3c] [8s]
Birdy318: checks 
xcinaz: checks 
*** RIVER *** [3d Ah 3c 8s] [Kc]
Birdy318: checks 
xcinaz: bets $3.64
Birdy318: folds 
Uncalled bet ($3.64) returned to xcinaz
xcinaz collected $4.28 from pot
xcinaz: doesn't show hand 
*** SUMMARY ***
Total pot $4.50 | Rake $0.22 
Board [3d Ah 3c 8s Kc]
Seat 6: nastja336
Seat 1: Iseedora (small blind) folded before Flop
Seat 2: Birdy318 (big blind) folded on the River
Seat 3: xcinaz collected ($4.28)
Seat 4: Trojanovich folded before Flop (didn't bet)
Seat 5: YeeesMan (button) folded before Flop (didn't bet)



PokerStars Hand #254536558433:  Hold'em No Limit ($0.50/$1.00 USD) - 2025/01/24 21:57:53 WET [2025/01/24 16:57:53 ET]
Table 'Jens IV' 6-max Seat #1 is the button
Seat 6: nastja336 ($100 in chips) is sitting out
Seat 1: Iseedora ($109 in chips) 
Seat 2: Birdy318 ($331.54 in chips) 
Seat 3: xcinaz ($138.96 in chips) 
Seat 4: Trojanovich ($134.89 in chips) 
Seat 5: YeeesMan ($100 in chips) 
Birdy318: posts small blind $0.50
xcinaz: posts big blind $1
nastja336: sits out 
*** HOLE CARDS ***
Trojanovich: folds 
YeeesMan: folds 
Iseedora: raises $1.50 to $2.50
Birdy318: folds 
xcinaz: raises $9 to $11.50
Iseedora: calls $9
*** FLOP *** [5c Ah As]
xcinaz: bets $7.37
Iseedora: folds 
Uncalled bet ($7.37) returned to xcinaz
xcinaz collected $22.32 from pot
xcinaz: doesn't show hand 
*** SUMMARY ***
Total pot $23.50 | Rake $1.18 
Board [5c Ah As]
Seat 6: nastja336
Seat 1: Iseedora (button) folded on the Flop
Seat 2: Birdy318 (small blind) folded before Flop
Seat 3: xcinaz (big blind) collected ($22.32)
Seat 4: Trojanovich folded before Flop (didn't bet)
Seat 5: YeeesMan folded before Flop (didn't bet)



PokerStars Hand #254536576413:  Hold'em No Limit ($0.50/$1.00 USD) - 2025/01/24 21:59:11 WET [2025/01/24 16:59:11 ET]
Table 'Jens IV' 6-max Seat #2 is the button
Seat 6: nastja336 ($100 in chips) is sitting out
Seat 1: Iseedora ($100 in chips) 
Seat 2: Birdy318 ($331.04 in chips) 
Seat 3: xcinaz ($149.78 in chips) 
Seat 4: Trojanovich ($134.89 in chips) 
Seat 5: YeeesMan ($100 in chips) 
xcinaz: posts small blind $0.50
Trojanovich: posts big blind $1
nastja336: sits out 
*** HOLE CARDS ***
YeeesMan: folds 
Iseedora: folds 
Birdy318: folds 
xcinaz: folds 
Uncalled bet ($0.50) returned to Trojanovich
Trojanovich collected $1 from pot
Trojanovich: doesn't show hand 
*** SUMMARY ***
Total pot $1 | Rake $0 
Seat 6: nastja336
Seat 1: Iseedora folded before Flop (didn't bet)
Seat 2: Birdy318 (button) folded before Flop (didn't bet)
Seat 3: xcinaz (small blind) folded before Flop
Seat 4: Trojanovich (big blind) collected ($1)
Seat 5: YeeesMan folded before Flop (didn't bet)



PokerStars Hand #254536580110:  Hold'em No Limit ($0.50/$1.00 USD) - 2025/01/24 21:59:27 WET [2025/01/24 16:59:27 ET]
Table 'Jens IV' 6-max Seat #3 is the button
Seat 5: YeeesMan ($100 in chips) is sitting out
Seat 1: Iseedora ($100 in chips) 
Seat 2: Birdy318 ($331.04 in chips) 
Seat 3: xcinaz ($149.28 in chips) 
Seat 4: Trojanovich ($135.39 in chips) 
Seat 6: nastja336 ($100 in chips) 
Trojanovich: posts small blind $0.50
YeeesMan: is sitting out 
nastja336: posts big blind $1
*** HOLE CARDS ***
Iseedora: raises $1.20 to $2.20
Birdy318: folds 
YeeesMan leaves the table
xcinaz: folds 
Trojanovich: folds 
nastja336: calls $1.20
*** FLOP *** [Ts 2c 7d]
nastja336: checks 
Iseedora: bets $1.17
nastja336: calls $1.17
*** TURN *** [Ts 2c 7d] [6s]
nastja336: checks 
Iseedora: checks 
*** RIVER *** [Ts 2c 7d 6s] [3c]
nastja336: bets $5.60
Iseedora: folds 
Uncalled bet ($5.60) returned to nastja336
nastja336 collected $6.88 from pot
nastja336: doesn't show hand 
*** SUMMARY ***
Total pot $7.24 | Rake $0.36 
Board [Ts 2c 7d 6s 3c]
Seat 5: YeeesMan
Seat 1: Iseedora folded on the River
Seat 2: Birdy318 folded before Flop (didn't bet)
Seat 3: xcinaz (button) folded before Flop (didn't bet)
Seat 4: Trojanovich (small blind) folded before Flop
Seat 6: nastja336 (big blind) collected ($6.88)



PokerStars Hand #254536598351:  Hold'em No Limit ($0.50/$1.00 USD) - 2025/01/24 22:00:45 WET [2025/01/24 17:00:45 ET]
Table 'Jens IV' 6-max Seat #4 is the button
Seat 1: Iseedora ($100 in chips) 
Seat 2: Birdy318 ($331.04 in chips) 
Seat 3: xcinaz ($149.28 in chips) 
Seat 4: Trojanovich ($134.89 in chips) 
Seat 6: nastja336 ($103.51 in chips) 
nastja336: posts small blind $0.50
Iseedora: posts big blind $1
*** HOLE CARDS ***
Birdy318: raises $2 to $3
xcinaz: folds 
Trojanovich: folds 
nastja336: folds 
Iseedora: calls $2
*** FLOP *** [5d 2d 9d]
Iseedora: checks 
Birdy318: bets $4
Iseedora: folds 
Uncalled bet ($4) returned to Birdy318
Birdy318 collected $6.18 from pot
*** SUMMARY ***
Total pot $6.50 | Rake $0.32 
Board [5d 2d 9d]
Seat 1: Iseedora (big blind) folded on the Flop
Seat 2: Birdy318 collected ($6.18)
Seat 3: xcinaz folded before Flop (didn't bet)
Seat 4: Trojanovich (button) folded before Flop (didn't bet)
Seat 6: nastja336 (small blind) folded before Flop



PokerStars Hand #254536606823:  Hold'em No Limit ($0.50/$1.00 USD) - 2025/01/24 22:01:17 WET [2025/01/24 17:01:17 ET]
Table 'Jens IV' 6-max Seat #6 is the button
Seat 1: Iseedora ($100 in chips) 
Seat 2: Birdy318 ($334.22 in chips) 
Seat 3: xcinaz ($149.28 in chips) 
Seat 4: Trojanovich ($134.89 in chips) 
Seat 6: nastja336 ($103.01 in chips) 
Iseedora: posts small blind $0.50
Birdy318: posts big blind $1
*** HOLE CARDS ***
xcinaz: folds 
Trojanovich: folds 
nastja336: raises $1.50 to $2.50
Iseedora: folds 
Birdy318: calls $1.50
*** FLOP *** [2d 6h 9s]
Birdy318: checks 
nastja336: bets $1.72
Birdy318: raises $3.28 to $5
nastja336: folds 
Uncalled bet ($3.28) returned to Birdy318
Birdy318 collected $8.49 from pot
*** SUMMARY ***
Total pot $8.94 | Rake $0.45 
Board [2d 6h 9s]
Seat 1: Iseedora (small blind) folded before Flop
Seat 2: Birdy318 (big blind) collected ($8.49)
Seat 3: xcinaz folded before Flop (didn't bet)
Seat 4: Trojanovich folded before Flop (didn't bet)
Seat 6: nastja336 (button) folded on the Flop



PokerStars Hand #254536618190:  Hold'em No Limit ($0.50/$1.00 USD) - 2025/01/24 22:01:58 WET [2025/01/24 17:01:58 ET]
Table 'Jens IV' 6-max Seat #1 is the button
Seat 1: Iseedora ($100 in chips) 
Seat 2: Birdy318 ($338.49 in chips) 
Seat 3: xcinaz ($149.28 in chips) 
Seat 4: Trojanovich ($134.89 in chips) 
Seat 6: nastja336 ($100 in chips) 
Birdy318: posts small blind $0.50
xcinaz: posts big blind $1
*** HOLE CARDS ***
Trojanovich: folds 
nastja336: folds 
Iseedora: raises $1.50 to $2.50
Birdy318: folds 
xcinaz: folds 
Uncalled bet ($1.50) returned to Iseedora
Iseedora collected $2.50 from pot
Iseedora: doesn't show hand 
*** SUMMARY ***
Total pot $2.50 | Rake $0 
Seat 1: Iseedora (button) collected ($2.50)
Seat 2: Birdy318 (small blind) folded before Flop
Seat 3: xcinaz (big blind) folded before Flop
Seat 4: Trojanovich folded before Flop (didn't bet)
Seat 6: nastja336 folded before Flop (didn't bet)



PokerStars Hand #254536625130:  Hold'em No Limit ($0.50/$1.00 USD) - 2025/01/24 22:02:22 WET [2025/01/24 17:02:22 ET]
Table 'Jens IV' 6-max Seat #2 is the button
Seat 1: Iseedora ($101.50 in chips) 
Seat 2: Birdy318 ($337.99 in chips) 
Seat 3: xcinaz ($148.28 in chips) 
Seat 4: Trojanovich ($134.89 in chips) 
Seat 6: nastja336 ($100 in chips) 
xcinaz: posts small blind $0.50
Trojanovich: posts big blind $1
*** HOLE CARDS ***
nastja336: folds 
Iseedora: raises $1.20 to $2.20
Birdy318: folds 
xcinaz: folds 
Trojanovich: calls $1.20
*** FLOP *** [6d Ac 3h]
Trojanovich: checks 
Iseedora: checks 
*** TURN *** [6d Ac 3h] [Tc]
Trojanovich: bets $6.99
Iseedora: calls $6.99
*** RIVER *** [6d Ac 3h Tc] [2h]
Trojanovich: checks 
Iseedora: checks 
*** SHOW DOWN ***
Trojanovich: shows [Jd Kc] (high card Ace)
Iseedora: shows [Js As] (a pair of Aces)
Iseedora collected $17.94 from pot
*** SUMMARY ***
Total pot $18.88 | Rake $0.94 
Board [6d Ac 3h Tc 2h]
Seat 1: Iseedora showed [Js As] and won ($17.94) with a pair of Aces
Seat 2: Birdy318 (button) folded before Flop (didn't bet)
Seat 3: xcinaz (small blind) folded before Flop
Seat 4: Trojanovich (big blind) showed [Jd Kc] and lost with high card Ace
Seat 6: nastja336 folded before Flop (didn't bet)



PokerStars Hand #254536650680:  Hold'em No Limit ($0.50/$1.00 USD) - 2025/01/24 22:03:47 WET [2025/01/24 17:03:47 ET]
Table 'Jens IV' 6-max Seat #3 is the button
Seat 6: nastja336 ($100 in chips) is sitting out
Seat 1: Iseedora ($110.25 in chips) 
Seat 2: Birdy318 ($337.99 in chips) 
Seat 3: xcinaz ($147.78 in chips) 
Seat 4: Trojanovich ($125.70 in chips) 
Trojanovich: posts small blind $0.50
nastja336: is sitting out 
Iseedora: posts big blind $1
*** HOLE CARDS ***
nastja336 leaves the table
Birdy318: folds 
xcinaz: raises $1.50 to $2.50
Trojanovich: folds 
Birdy318 leaves the table
Iseedora: calls $1.50
*** FLOP *** [Kd Jh 5s]
Iseedora: checks 
xcinaz: bets $1.31
Iseedora: calls $1.31
*** TURN *** [Kd Jh 5s] [4d]
Iseedora: checks 
xcinaz: checks 
*** RIVER *** [Kd Jh 5s 4d] [Jd]
Iseedora: checks 
xcinaz: bets $2.54
Iseedora: folds 
Uncalled bet ($2.54) returned to xcinaz
xcinaz collected $7.71 from pot
xcinaz: doesn't show hand 
*** SUMMARY ***
Total pot $8.12 | Rake $0.41 
Board [Kd Jh 5s 4d Jd]
Seat 6: nastja336
Seat 1: Iseedora (big blind) folded on the River
Seat 2: Birdy318 folded before Flop (didn't bet)
Seat 3: xcinaz (button) collected ($7.71)
Seat 4: Trojanovich (small blind) folded before Flop



PokerStars Hand #254536674394:  Hold'em No Limit ($0.50/$1.00 USD) - 2025/01/24 22:05:05 WET [2025/01/24 17:05:05 ET]
Table 'Jens IV' 6-max Seat #1 is the button
Seat 3: xcinaz ($151.68 in chips) is sitting out
Seat 1: Iseedora ($106.44 in chips) 
Seat 4: Trojanovich ($125.20 in chips) 
Iseedora: posts small blind $0.50
xcinaz: is sitting out 
Trojanovich: posts big blind $1
*** HOLE CARDS ***
xcinaz leaves the table
Iseedora: raises $1.50 to $2.50
Trojanovich: folds 
Uncalled bet ($1.50) returned to Iseedora
Iseedora collected $2 from pot
Iseedora: doesn't show hand 
*** SUMMARY ***
Total pot $2 | Rake $0 
Seat 3: xcinaz
Seat 1: Iseedora (button) (small blind) collected ($2)
Seat 4: Trojanovich (big blind) folded before Flop



