PokerStars Hand #254528600274:  Hold'em No Limit ($0.50/$1.00 USD) - 2025/01/24 13:28:34 WET [2025/01/24 8:28:34 ET]
Table 'Sorga IV' 6-max Seat #2 is the button
Seat 6: LeaveItYeah ($100 in chips) is sitting out
Seat 2: 3EPH ($100 in chips) 
Seat 3: cryptobotqb8 ($100 in chips) 
3EPH: posts small blind $0.50
cryptobotqb8: posts big blind $1
*** HOLE CARDS ***
3EPH: raises $1.50 to $2.50
cryptobotqb8: raises $5 to $7.50
3EPH: calls $5
*** FLOP *** [Tc 2h Ah]
cryptobotqb8: bets $14.25
3EPH: folds 
Uncalled bet ($14.25) returned to cryptobotqb8
cryptobotqb8 collected $14.25 from pot
cryptobotqb8: doesn't show hand 
*** SUMMARY ***
Total pot $15 | Rake $0.75 
Board [Tc 2h Ah]
Seat 6: LeaveItYeah
Seat 2: 3EPH (button) (small blind) folded on the Flop
Seat 3: cryptobotqb8 (big blind) collected ($14.25)



PokerStars Hand #254528604439:  Hold'em No Limit ($0.50/$1.00 USD) - 2025/01/24 13:29:00 WET [2025/01/24 8:29:00 ET]
Table 'Sorga IV' 6-max Seat #3 is the button
Seat 6: LeaveItYeah ($100 in chips) is sitting out
Seat 2: 3EPH ($100 in chips) 
Seat 3: cryptobotqb8 ($106.75 in chips) 
cryptobotqb8: posts small blind $0.50
3EPH: posts big blind $1
*** HOLE CARDS ***
cryptobotqb8: raises $2 to $3
manescuctin joins the table at seat #4 
manescuctin is disconnected 
3EPH: folds 
Uncalled bet ($2) returned to cryptobotqb8
cryptobotqb8 collected $2 from pot
cryptobotqb8: doesn't show hand 
*** SUMMARY ***
Total pot $2 | Rake $0 
Seat 6: LeaveItYeah
Seat 2: 3EPH (big blind) folded before Flop
Seat 3: cryptobotqb8 (button) (small blind) collected ($2)



PokerStars Hand #254528606741:  Hold'em No Limit ($0.50/$1.00 USD) - 2025/01/24 13:29:15 WET [2025/01/24 8:29:15 ET]
Table 'Sorga IV' 6-max Seat #2 is the button
Seat 6: LeaveItYeah ($100 in chips) is sitting out
Seat 2: 3EPH ($100 in chips) 
Seat 3: cryptobotqb8 ($107.75 in chips) 
Seat 4: manescuctin ($100 in chips) 
cryptobotqb8: posts small blind $0.50
manescuctin: posts big blind $1
*** HOLE CARDS ***
3EPH: raises $1.50 to $2.50
cryptobotqb8: folds 
manescuctin: calls $1.50
*** FLOP *** [8c Qh 2d]
manescuctin: checks 
3EPH: bets $1.72
manescuctin: calls $1.72
*** TURN *** [8c Qh 2d] [6h]
manescuctin: bets $8.49
Rdalonso joins the table at seat #5 
Gfoer joins the table at seat #1 
3EPH: calls $8.49
*** RIVER *** [8c Qh 2d 6h] [5c]
manescuctin: bets $24.92
3EPH: raises $62.37 to $87.29 and is all-in
manescuctin: folds 
Uncalled bet ($62.37) returned to 3EPH
3EPH collected $74.76 from pot
3EPH: doesn't show hand 
manescuctin leaves the table
*** SUMMARY ***
Total pot $75.76 | Rake $1 
Board [8c Qh 2d 6h 5c]
Seat 6: LeaveItYeah
Seat 2: 3EPH (button) collected ($74.76)
Seat 3: cryptobotqb8 (small blind) folded before Flop
Seat 4: manescuctin (big blind) folded on the River



PokerStars Hand #254528616226:  Hold'em No Limit ($0.50/$1.00 USD) - 2025/01/24 13:30:13 WET [2025/01/24 8:30:13 ET]
Table 'Sorga IV' 6-max Seat #3 is the button
Seat 1: Gfoer ($100 in chips) is sitting out
Seat 5: Rdalonso ($100 in chips) is sitting out
Seat 6: LeaveItYeah ($100 in chips) is sitting out
Seat 2: 3EPH ($137.13 in chips) 
Seat 3: cryptobotqb8 ($107.25 in chips) 
cryptobotqb8: posts small blind $0.50
3EPH: posts big blind $1
*** HOLE CARDS ***
cryptobotqb8: folds 
Uncalled bet ($0.50) returned to 3EPH
3EPH collected $1 from pot
3EPH: doesn't show hand 
*** SUMMARY ***
Total pot $1 | Rake $0 
Seat 1: Gfoer
Seat 5: Rdalonso
Seat 6: LeaveItYeah
Seat 2: 3EPH (big blind) collected ($1)
Seat 3: cryptobotqb8 (button) (small blind) folded before Flop



PokerStars Hand #254528617314:  Hold'em No Limit ($0.50/$1.00 USD) - 2025/01/24 13:30:19 WET [2025/01/24 8:30:19 ET]
Table 'Sorga IV' 6-max Seat #2 is the button
Seat 1: Gfoer ($100 in chips) is sitting out
Seat 6: LeaveItYeah ($100 in chips) is sitting out
Seat 2: 3EPH ($137.63 in chips) 
Seat 3: cryptobotqb8 ($106.75 in chips) 
Seat 5: Rdalonso ($100 in chips) 
cryptobotqb8: posts small blind $0.50
Rdalonso: posts big blind $1
LeaveItYeah: sits out 
Gfoer: sits out 
*** HOLE CARDS ***
3EPH: folds 
cryptobotqb8: raises $2 to $3
Rdalonso: folds 
Uncalled bet ($2) returned to cryptobotqb8
cryptobotqb8 collected $2 from pot
cryptobotqb8: doesn't show hand 
*** SUMMARY ***
Total pot $2 | Rake $0 
Seat 1: Gfoer
Seat 6: LeaveItYeah
Seat 2: 3EPH (button) folded before Flop (didn't bet)
Seat 3: cryptobotqb8 (small blind) collected ($2)
Seat 5: Rdalonso (big blind) folded before Flop



PokerStars Hand #254528620037:  Hold'em No Limit ($0.50/$1.00 USD) - 2025/01/24 13:30:36 WET [2025/01/24 8:30:36 ET]
Table 'Sorga IV' 6-max Seat #3 is the button
Seat 1: Gfoer ($100 in chips) is sitting out
Seat 2: 3EPH ($137.63 in chips) 
Seat 3: cryptobotqb8 ($107.75 in chips) 
Seat 5: Rdalonso ($100 in chips) 
Seat 6: LeaveItYeah ($100 in chips) 
Rdalonso: posts small blind $0.50
LeaveItYeah: posts big blind $1
Gfoer: sits out 
*** HOLE CARDS ***
3EPH: folds 
cryptobotqb8: folds 
Rdalonso: folds 
Uncalled bet ($0.50) returned to LeaveItYeah
LeaveItYeah collected $1 from pot
LeaveItYeah: doesn't show hand 
*** SUMMARY ***
Total pot $1 | Rake $0 
Seat 1: Gfoer
Seat 2: 3EPH folded before Flop (didn't bet)
Seat 3: cryptobotqb8 (button) folded before Flop (didn't bet)
Seat 5: Rdalonso (small blind) folded before Flop
Seat 6: LeaveItYeah (big blind) collected ($1)



PokerStars Hand #254528621373:  Hold'em No Limit ($0.50/$1.00 USD) - 2025/01/24 13:30:44 WET [2025/01/24 8:30:44 ET]
Table 'Sorga IV' 6-max Seat #5 is the button
Seat 1: Gfoer ($100 in chips) 
Seat 2: 3EPH ($137.63 in chips) 
Seat 3: cryptobotqb8 ($107.75 in chips) 
Seat 5: Rdalonso ($100 in chips) 
Seat 6: LeaveItYeah ($100.50 in chips) 
LeaveItYeah: posts small blind $0.50
Gfoer: posts big blind $1
*** HOLE CARDS ***
3EPH: folds 
cryptobotqb8: raises $2.50 to $3.50
Rdalonso: raises $5.50 to $9
LeaveItYeah: folds 
Gfoer: folds 
cryptobotqb8: calls $5.50
*** FLOP *** [Kd Qc 9c]
cryptobotqb8: checks 
Rdalonso: bets $6.11
cryptobotqb8: calls $6.11
*** TURN *** [Kd Qc 9c] [7s]
cryptobotqb8: checks 
Rdalonso: checks 
*** RIVER *** [Kd Qc 9c 7s] [4c]
cryptobotqb8: checks 
Rdalonso: bets $24.68
cryptobotqb8: folds 
Uncalled bet ($24.68) returned to Rdalonso
Rdalonso collected $30.13 from pot
Rdalonso: doesn't show hand 
*** SUMMARY ***
Total pot $31.72 | Rake $1.59 
Board [Kd Qc 9c 7s 4c]
Seat 1: Gfoer (big blind) folded before Flop
Seat 2: 3EPH folded before Flop (didn't bet)
Seat 3: cryptobotqb8 folded on the River
Seat 5: Rdalonso (button) collected ($30.13)
Seat 6: LeaveItYeah (small blind) folded before Flop



PokerStars Hand #254528633328:  Hold'em No Limit ($0.50/$1.00 USD) - 2025/01/24 13:31:57 WET [2025/01/24 8:31:57 ET]
Table 'Sorga IV' 6-max Seat #6 is the button
Seat 2: 3EPH ($137.63 in chips) is sitting out
Seat 3: cryptobotqb8 ($92.64 in chips) is sitting out
Seat 1: Gfoer ($100 in chips) 
Seat 5: Rdalonso ($115.02 in chips) 
Seat 6: LeaveItYeah ($100 in chips) 
Gfoer: posts small blind $0.50
3EPH: is sitting out 
cryptobotqb8: is sitting out 
Rdalonso: posts big blind $1
*** HOLE CARDS ***
LeaveItYeah: raises $1.50 to $2.50
Gfoer: folds 
Rdalonso: folds 
Uncalled bet ($1.50) returned to LeaveItYeah
LeaveItYeah collected $2.50 from pot
LeaveItYeah: doesn't show hand 
3EPH leaves the table
*** SUMMARY ***
Total pot $2.50 | Rake $0 
Seat 2: 3EPH
Seat 3: cryptobotqb8
Seat 1: Gfoer (small blind) folded before Flop
Seat 5: Rdalonso (big blind) folded before Flop
Seat 6: LeaveItYeah (button) collected ($2.50)



PokerStars Hand #254528635329:  Hold'em No Limit ($0.50/$1.00 USD) - 2025/01/24 13:32:09 WET [2025/01/24 8:32:09 ET]
Table 'Sorga IV' 6-max Seat #1 is the button
Seat 3: cryptobotqb8 ($92.64 in chips) is sitting out
Seat 1: Gfoer ($100 in chips) 
Seat 5: Rdalonso ($114.02 in chips) 
Seat 6: LeaveItYeah ($101.50 in chips) 
Rdalonso: posts small blind $0.50
LeaveItYeah: posts big blind $1
*** HOLE CARDS ***
Gfoer: folds 
cryptobotqb8 leaves the table
Rdalonso: raises $2 to $3
LeaveItYeah: raises $7 to $10
Rdalonso: folds 
Uncalled bet ($7) returned to LeaveItYeah
LeaveItYeah collected $6 from pot
LeaveItYeah: doesn't show hand 
*** SUMMARY ***
Total pot $6 | Rake $0 
Seat 3: cryptobotqb8
Seat 1: Gfoer (button) folded before Flop (didn't bet)
Seat 5: Rdalonso (small blind) folded before Flop
Seat 6: LeaveItYeah (big blind) collected ($6)



PokerStars Hand #254528647571:  Hold'em No Limit ($0.50/$1.00 USD) - 2025/01/24 13:33:23 WET [2025/01/24 8:33:23 ET]
Table 'Sorga IV' 6-max Seat #3 is the button
Seat 6: LeaveItYeah ($104.50 in chips) is sitting out
Seat 3: fretn ($100 in chips) 
Seat 4: mr.Jckpot ($100 in chips) 
Seat 5: Gfoer ($100 in chips) 
mr.Jckpot: posts small blind $0.50
Gfoer: posts big blind $1
*** HOLE CARDS ***
fretn: calls $1
mr.Jckpot: folds 
Gfoer: checks 
*** FLOP *** [9s Kc Kd]
Rdalonso joins the table at seat #2 
Gfoer: bets $1.79
fretn: calls $1.79
*** TURN *** [9s Kc Kd] [9d]
Gfoer: checks 
fretn: checks 
*** RIVER *** [9s Kc Kd 9d] [Ks]
Gfoer: checks 
fretn: checks 
*** SHOW DOWN ***
Gfoer: shows [8s 9h] (a full house, Kings full of Nines)
fretn: shows [Ts Qd] (a full house, Kings full of Nines)
Gfoer collected $2.89 from pot
fretn collected $2.89 from pot
*** SUMMARY ***
Total pot $6.08 | Rake $0.30 
Board [9s Kc Kd 9d Ks]
Seat 6: LeaveItYeah
Seat 3: fretn (button) showed [Ts Qd] and won ($2.89) with a full house, Kings full of Nines
Seat 4: mr.Jckpot (small blind) folded before Flop
Seat 5: Gfoer (big blind) showed [8s 9h] and won ($2.89) with a full house, Kings full of Nines



PokerStars Hand #254528652063:  Hold'em No Limit ($0.50/$1.00 USD) - 2025/01/24 13:33:51 WET [2025/01/24 8:33:51 ET]
Table 'Sorga IV' 6-max Seat #4 is the button
Seat 2: Rdalonso ($111.02 in chips) is sitting out
Seat 3: fretn ($100.10 in chips) 
Seat 4: mr.Jckpot ($100 in chips) 
Seat 5: Gfoer ($100.10 in chips) 
Seat 6: LeaveItYeah ($104.50 in chips) 
Gfoer: posts small blind $0.50
LeaveItYeah: posts big blind $1
Rdalonso: sits out 
*** HOLE CARDS ***
fretn: raises $2 to $3
mr.Jckpot: folds 
Gfoer: folds 
LeaveItYeah: folds 
Uncalled bet ($2) returned to fretn
fretn collected $2.50 from pot
*** SUMMARY ***
Total pot $2.50 | Rake $0 
Seat 2: Rdalonso
Seat 3: fretn collected ($2.50)
Seat 4: mr.Jckpot (button) folded before Flop (didn't bet)
Seat 5: Gfoer (small blind) folded before Flop
Seat 6: LeaveItYeah (big blind) folded before Flop



PokerStars Hand #254528655353:  Hold'em No Limit ($0.50/$1.00 USD) - 2025/01/24 13:34:11 WET [2025/01/24 8:34:11 ET]
Table 'Sorga IV' 6-max Seat #5 is the button
Seat 2: Rdalonso ($111.02 in chips) 
Seat 3: fretn ($101.60 in chips) 
Seat 4: mr.Jckpot ($100 in chips) 
Seat 5: Gfoer ($100 in chips) 
Seat 6: LeaveItYeah ($103.50 in chips) 
LeaveItYeah: posts small blind $0.50
Rdalonso: posts big blind $1
*** HOLE CARDS ***
fretn: folds 
mr.Jckpot: folds 
Gfoer: folds 
LeaveItYeah: folds 
Uncalled bet ($0.50) returned to Rdalonso
Rdalonso collected $1 from pot
Rdalonso: doesn't show hand 
*** SUMMARY ***
Total pot $1 | Rake $0 
Seat 2: Rdalonso (big blind) collected ($1)
Seat 3: fretn folded before Flop (didn't bet)
Seat 4: mr.Jckpot folded before Flop (didn't bet)
Seat 5: Gfoer (button) folded before Flop (didn't bet)
Seat 6: LeaveItYeah (small blind) folded before Flop



PokerStars Hand #254528657617:  Hold'em No Limit ($0.50/$1.00 USD) - 2025/01/24 13:34:24 WET [2025/01/24 8:34:24 ET]
Table 'Sorga IV' 6-max Seat #6 is the button
Seat 2: Rdalonso ($111.52 in chips) 
Seat 3: fretn ($101.60 in chips) 
Seat 4: mr.Jckpot ($100 in chips) 
Seat 5: Gfoer ($100 in chips) 
Seat 6: LeaveItYeah ($103 in chips) 
Rdalonso: posts small blind $0.50
fretn: posts big blind $1
*** HOLE CARDS ***
mr.Jckpot: folds 
Gfoer: folds 
LeaveItYeah: raises $1.50 to $2.50
Rdalonso: folds 
fretn: calls $1.50
*** FLOP *** [6h 6s 4c]
fretn: checks 
LeaveItYeah: bets $2.09
fretn: raises $5.09 to $7.18
LeaveItYeah: calls $5.09
*** TURN *** [6h 6s 4c] [Ac]
fretn: checks 
LeaveItYeah: bets $5.66
fretn: calls $5.66
*** RIVER *** [6h 6s 4c Ac] [9d]
fretn: checks 
LeaveItYeah: checks 
*** SHOW DOWN ***
fretn: shows [5c 4h] (two pair, Sixes and Fours)
LeaveItYeah: shows [8h 8d] (two pair, Eights and Sixes)
LeaveItYeah collected $29.62 from pot
Mr_Dick666 joins the table at seat #1 
*** SUMMARY ***
Total pot $31.18 | Rake $1.56 
Board [6h 6s 4c Ac 9d]
Seat 2: Rdalonso (small blind) folded before Flop
Seat 3: fretn (big blind) showed [5c 4h] and lost with two pair, Sixes and Fours
Seat 4: mr.Jckpot folded before Flop (didn't bet)
Seat 5: Gfoer folded before Flop (didn't bet)
Seat 6: LeaveItYeah (button) showed [8h 8d] and won ($29.62) with two pair, Eights and Sixes



PokerStars Hand #254528667453:  Hold'em No Limit ($0.50/$1.00 USD) - 2025/01/24 13:35:25 WET [2025/01/24 8:35:25 ET]
Table 'Sorga IV' 6-max Seat #2 is the button
Seat 1: Mr_Dick666 ($100 in chips) is sitting out
Seat 2: Rdalonso ($111.02 in chips) 
Seat 3: fretn ($86.26 in chips) 
Seat 4: mr.Jckpot ($100 in chips) 
Seat 5: Gfoer ($100 in chips) 
Seat 6: LeaveItYeah ($117.28 in chips) 
fretn: posts small blind $0.50
mr.Jckpot: posts big blind $1
Mr_Dick666: sits out 
*** HOLE CARDS ***
Gfoer: folds 
LeaveItYeah: raises $1.25 to $2.25
Rdalonso: raises $5.25 to $7.50
fretn: folds 
mr.Jckpot: folds 
LeaveItYeah: folds 
Uncalled bet ($5.25) returned to Rdalonso
Rdalonso collected $6 from pot
Rdalonso: doesn't show hand 
*** SUMMARY ***
Total pot $6 | Rake $0 
Seat 1: Mr_Dick666
Seat 2: Rdalonso (button) collected ($6)
Seat 3: fretn (small blind) folded before Flop
Seat 4: mr.Jckpot (big blind) folded before Flop
Seat 5: Gfoer folded before Flop (didn't bet)
Seat 6: LeaveItYeah folded before Flop



PokerStars Hand #254528673717:  Hold'em No Limit ($0.50/$1.00 USD) - 2025/01/24 13:36:03 WET [2025/01/24 8:36:03 ET]
Table 'Sorga IV' 6-max Seat #3 is the button
Seat 1: Mr_Dick666 ($100 in chips) is sitting out
Seat 2: Rdalonso ($114.77 in chips) 
Seat 3: fretn ($85.76 in chips) 
Seat 4: mr.Jckpot ($100 in chips) 
Seat 5: Gfoer ($100 in chips) 
Seat 6: LeaveItYeah ($115.03 in chips) 
mr.Jckpot: posts small blind $0.50
Gfoer: posts big blind $1
Mr_Dick666: sits out 
*** HOLE CARDS ***
LeaveItYeah: folds 
Rdalonso: folds 
fretn: folds 
mr.Jckpot: folds 
Uncalled bet ($0.50) returned to Gfoer
Gfoer collected $1 from pot
Gfoer: doesn't show hand 
*** SUMMARY ***
Total pot $1 | Rake $0 
Seat 1: Mr_Dick666
Seat 2: Rdalonso folded before Flop (didn't bet)
Seat 3: fretn (button) folded before Flop (didn't bet)
Seat 4: mr.Jckpot (small blind) folded before Flop
Seat 5: Gfoer (big blind) collected ($1)
Seat 6: LeaveItYeah folded before Flop (didn't bet)



PokerStars Hand #254528675398:  Hold'em No Limit ($0.50/$1.00 USD) - 2025/01/24 13:36:13 WET [2025/01/24 8:36:13 ET]
Table 'Sorga IV' 6-max Seat #4 is the button
Seat 1: Mr_Dick666 ($100 in chips) is sitting out
Seat 2: Rdalonso ($114.77 in chips) 
Seat 3: fretn ($85.76 in chips) 
Seat 4: mr.Jckpot ($100 in chips) 
Seat 5: Gfoer ($100.50 in chips) 
Seat 6: LeaveItYeah ($115.03 in chips) 
Gfoer: posts small blind $0.50
LeaveItYeah: posts big blind $1
Mr_Dick666: sits out 
*** HOLE CARDS ***
Rdalonso: folds 
fretn: folds 
mr.Jckpot: raises $1.50 to $2.50
Gfoer: folds 
LeaveItYeah: calls $1.50
*** FLOP *** [6c Qc 2h]
LeaveItYeah: checks 
mr.Jckpot: bets $1.72
LeaveItYeah: folds 
Uncalled bet ($1.72) returned to mr.Jckpot
mr.Jckpot collected $5.22 from pot
mr.Jckpot: doesn't show hand 
*** SUMMARY ***
Total pot $5.50 | Rake $0.28 
Board [6c Qc 2h]
Seat 1: Mr_Dick666
Seat 2: Rdalonso folded before Flop (didn't bet)
Seat 3: fretn folded before Flop (didn't bet)
Seat 4: mr.Jckpot (button) collected ($5.22)
Seat 5: Gfoer (small blind) folded before Flop
Seat 6: LeaveItYeah (big blind) folded on the Flop



PokerStars Hand #254528681543:  Hold'em No Limit ($0.50/$1.00 USD) - 2025/01/24 13:36:51 WET [2025/01/24 8:36:51 ET]
Table 'Sorga IV' 6-max Seat #5 is the button
Seat 1: Mr_Dick666 ($100 in chips) 
Seat 2: Rdalonso ($114.77 in chips) 
Seat 3: fretn ($85.76 in chips) 
Seat 4: mr.Jckpot ($102.72 in chips) 
Seat 5: Gfoer ($100 in chips) 
Seat 6: LeaveItYeah ($112.53 in chips) 
LeaveItYeah: posts small blind $0.50
Mr_Dick666: posts big blind $1
*** HOLE CARDS ***
Rdalonso: folds 
fretn: calls $1
mr.Jckpot: folds 
Gfoer: folds 
LeaveItYeah: folds 
Mr_Dick666: checks 
*** FLOP *** [As 6h 3s]
Mr_Dick666: checks 
fretn: bets $1
Mr_Dick666: calls $1
*** TURN *** [As 6h 3s] [3h]
Mr_Dick666: bets $1.41
fretn: calls $1.41
*** RIVER *** [As 6h 3s 3h] [2d]
Mr_Dick666: bets $2.29
fretn: calls $2.29
*** SHOW DOWN ***
Mr_Dick666: shows [Ad 7h] (two pair, Aces and Threes)
fretn: mucks hand 
Mr_Dick666 collected $11.30 from pot
*** SUMMARY ***
Total pot $11.90 | Rake $0.60 
Board [As 6h 3s 3h 2d]
Seat 1: Mr_Dick666 (big blind) showed [Ad 7h] and won ($11.30) with two pair, Aces and Threes
Seat 2: Rdalonso folded before Flop (didn't bet)
Seat 3: fretn mucked
Seat 4: mr.Jckpot folded before Flop (didn't bet)
Seat 5: Gfoer (button) folded before Flop (didn't bet)
Seat 6: LeaveItYeah (small blind) folded before Flop



PokerStars Hand #254528688056:  Hold'em No Limit ($0.50/$1.00 USD) - 2025/01/24 13:37:29 WET [2025/01/24 8:37:29 ET]
Table 'Sorga IV' 6-max Seat #6 is the button
Seat 1: Mr_Dick666 ($105.60 in chips) 
Seat 2: Rdalonso ($114.77 in chips) 
Seat 3: fretn ($80.06 in chips) 
Seat 4: mr.Jckpot ($102.72 in chips) 
Seat 5: Gfoer ($100 in chips) 
Seat 6: LeaveItYeah ($112.03 in chips) 
Mr_Dick666: posts small blind $0.50
Rdalonso: posts big blind $1
*** HOLE CARDS ***
fretn: folds 
mr.Jckpot: folds 
Gfoer: raises $1.20 to $2.20
LeaveItYeah: folds 
Mr_Dick666: folds 
Rdalonso: folds 
Uncalled bet ($1.20) returned to Gfoer
Gfoer collected $2.50 from pot
Gfoer: doesn't show hand 
*** SUMMARY ***
Total pot $2.50 | Rake $0 
Seat 1: Mr_Dick666 (small blind) folded before Flop
Seat 2: Rdalonso (big blind) folded before Flop
Seat 3: fretn folded before Flop (didn't bet)
Seat 4: mr.Jckpot folded before Flop (didn't bet)
Seat 5: Gfoer collected ($2.50)
Seat 6: LeaveItYeah (button) folded before Flop (didn't bet)



PokerStars Hand #254528690509:  Hold'em No Limit ($0.50/$1.00 USD) - 2025/01/24 13:37:44 WET [2025/01/24 8:37:44 ET]
Table 'Sorga IV' 6-max Seat #1 is the button
Seat 1: Mr_Dick666 ($105.10 in chips) 
Seat 2: Rdalonso ($113.77 in chips) 
Seat 3: fretn ($80.06 in chips) 
Seat 4: mr.Jckpot ($102.72 in chips) 
Seat 5: Gfoer ($101.50 in chips) 
Seat 6: LeaveItYeah ($112.03 in chips) 
Rdalonso: posts small blind $0.50
fretn: posts big blind $1
*** HOLE CARDS ***
mr.Jckpot: raises $1.50 to $2.50
Gfoer: folds 
LeaveItYeah: folds 
Mr_Dick666: folds 
Rdalonso: folds 
fretn: calls $1.50
*** FLOP *** [3c 7c 2d]
fretn: checks 
mr.Jckpot: checks 
*** TURN *** [3c 7c 2d] [Th]
fretn: checks 
mr.Jckpot: checks 
*** RIVER *** [3c 7c 2d Th] [2h]
fretn: checks 
mr.Jckpot: checks 
*** SHOW DOWN ***
fretn: shows [9h Ac] (a pair of Deuces)
mr.Jckpot: mucks hand 
fretn collected $5.22 from pot
*** SUMMARY ***
Total pot $5.50 | Rake $0.28 
Board [3c 7c 2d Th 2h]
Seat 1: Mr_Dick666 (button) folded before Flop (didn't bet)
Seat 2: Rdalonso (small blind) folded before Flop
Seat 3: fretn (big blind) showed [9h Ac] and won ($5.22) with a pair of Deuces
Seat 4: mr.Jckpot mucked
Seat 5: Gfoer folded before Flop (didn't bet)
Seat 6: LeaveItYeah folded before Flop (didn't bet)



PokerStars Hand #254528695485:  Hold'em No Limit ($0.50/$1.00 USD) - 2025/01/24 13:38:14 WET [2025/01/24 8:38:14 ET]
Table 'Sorga IV' 6-max Seat #2 is the button
Seat 1: Mr_Dick666 ($105.10 in chips) 
Seat 2: Rdalonso ($113.27 in chips) 
Seat 3: fretn ($82.78 in chips) 
Seat 4: mr.Jckpot ($100.22 in chips) 
Seat 5: Gfoer ($101.50 in chips) 
Seat 6: LeaveItYeah ($112.03 in chips) 
fretn: posts small blind $0.50
mr.Jckpot: posts big blind $1
*** HOLE CARDS ***
Gfoer: raises $1.20 to $2.20
LeaveItYeah: folds 
Mr_Dick666: calls $2.20
Rdalonso: folds 
fretn: folds 
mr.Jckpot: calls $1.20
*** FLOP *** [3s Ah 5c]
mr.Jckpot: checks 
Gfoer: checks 
Mr_Dick666: checks 
*** TURN *** [3s Ah 5c] [Kh]
mr.Jckpot: bets $3.71
Gfoer: folds 
Mr_Dick666: folds 
Uncalled bet ($3.71) returned to mr.Jckpot
mr.Jckpot collected $6.74 from pot
mr.Jckpot: doesn't show hand 
*** SUMMARY ***
Total pot $7.10 | Rake $0.36 
Board [3s Ah 5c Kh]
Seat 1: Mr_Dick666 folded on the Turn
Seat 2: Rdalonso (button) folded before Flop (didn't bet)
Seat 3: fretn (small blind) folded before Flop
Seat 4: mr.Jckpot (big blind) collected ($6.74)
Seat 5: Gfoer folded on the Turn
Seat 6: LeaveItYeah folded before Flop (didn't bet)



PokerStars Hand #254528708043:  Hold'em No Limit ($0.50/$1.00 USD) - 2025/01/24 13:39:29 WET [2025/01/24 8:39:29 ET]
Table 'Sorga IV' 6-max Seat #3 is the button
Seat 1: Mr_Dick666 ($102.90 in chips) 
Seat 2: Rdalonso ($113.27 in chips) 
Seat 3: fretn ($82.28 in chips) 
Seat 4: mr.Jckpot ($104.76 in chips) 
Seat 5: Gfoer ($100 in chips) 
Seat 6: LeaveItYeah ($112.03 in chips) 
mr.Jckpot: posts small blind $0.50
Gfoer: posts big blind $1
*** HOLE CARDS ***
LeaveItYeah: folds 
Mr_Dick666: folds 
Rdalonso: folds 
fretn: raises $2 to $3
mr.Jckpot: folds 
Gfoer: folds 
Uncalled bet ($2) returned to fretn
fretn collected $2.50 from pot
*** SUMMARY ***
Total pot $2.50 | Rake $0 
Seat 1: Mr_Dick666 folded before Flop (didn't bet)
Seat 2: Rdalonso folded before Flop (didn't bet)
Seat 3: fretn (button) collected ($2.50)
Seat 4: mr.Jckpot (small blind) folded before Flop
Seat 5: Gfoer (big blind) folded before Flop
Seat 6: LeaveItYeah folded before Flop (didn't bet)



PokerStars Hand #254528710606:  Hold'em No Limit ($0.50/$1.00 USD) - 2025/01/24 13:39:44 WET [2025/01/24 8:39:44 ET]
Table 'Sorga IV' 6-max Seat #4 is the button
Seat 1: Mr_Dick666 ($102.90 in chips) 
Seat 2: Rdalonso ($113.27 in chips) 
Seat 3: fretn ($83.78 in chips) 
Seat 4: mr.Jckpot ($104.26 in chips) 
Seat 5: Gfoer ($100 in chips) 
Seat 6: LeaveItYeah ($112.03 in chips) 
Gfoer: posts small blind $0.50
LeaveItYeah: posts big blind $1
*** HOLE CARDS ***
Mr_Dick666: raises $1 to $2
Rdalonso: folds 
fretn: calls $2
mr.Jckpot: folds 
Gfoer: folds 
LeaveItYeah: calls $1
*** FLOP *** [2d 8s 2s]
LeaveItYeah: checks 
Mr_Dick666: checks 
fretn: bets $3.09
LeaveItYeah: raises $6.18 to $9.27
Mr_Dick666: folds 
fretn: folds 
Uncalled bet ($6.18) returned to LeaveItYeah
LeaveItYeah collected $12.05 from pot
LeaveItYeah: doesn't show hand 
*** SUMMARY ***
Total pot $12.68 | Rake $0.63 
Board [2d 8s 2s]
Seat 1: Mr_Dick666 folded on the Flop
Seat 2: Rdalonso folded before Flop (didn't bet)
Seat 3: fretn folded on the Flop
Seat 4: mr.Jckpot (button) folded before Flop (didn't bet)
Seat 5: Gfoer (small blind) folded before Flop
Seat 6: LeaveItYeah (big blind) collected ($12.05)



PokerStars Hand #254528719131:  Hold'em No Limit ($0.50/$1.00 USD) - 2025/01/24 13:40:35 WET [2025/01/24 8:40:35 ET]
Table 'Sorga IV' 6-max Seat #5 is the button
Seat 1: Mr_Dick666 ($100.90 in chips) 
Seat 2: Rdalonso ($113.27 in chips) 
Seat 3: fretn ($78.69 in chips) 
Seat 4: mr.Jckpot ($104.26 in chips) 
Seat 5: Gfoer ($100 in chips) 
Seat 6: LeaveItYeah ($118.99 in chips) 
LeaveItYeah: posts small blind $0.50
Mr_Dick666: posts big blind $1
*** HOLE CARDS ***
Rdalonso: folds 
fretn: raises $2 to $3
mr.Jckpot: folds 
Gfoer: folds 
LeaveItYeah: folds 
Mr_Dick666: folds 
Uncalled bet ($2) returned to fretn
fretn collected $2.50 from pot
*** SUMMARY ***
Total pot $2.50 | Rake $0 
Seat 1: Mr_Dick666 (big blind) folded before Flop
Seat 2: Rdalonso folded before Flop (didn't bet)
Seat 3: fretn collected ($2.50)
Seat 4: mr.Jckpot folded before Flop (didn't bet)
Seat 5: Gfoer (button) folded before Flop (didn't bet)
Seat 6: LeaveItYeah (small blind) folded before Flop



PokerStars Hand #254528721234:  Hold'em No Limit ($0.50/$1.00 USD) - 2025/01/24 13:40:47 WET [2025/01/24 8:40:47 ET]
Table 'Sorga IV' 6-max Seat #6 is the button
Seat 1: Mr_Dick666 ($100 in chips) 
Seat 2: Rdalonso ($113.27 in chips) 
Seat 3: fretn ($80.19 in chips) 
Seat 4: mr.Jckpot ($104.26 in chips) 
Seat 5: Gfoer ($100 in chips) 
Seat 6: LeaveItYeah ($118.49 in chips) 
Mr_Dick666: posts small blind $0.50
Rdalonso: posts big blind $1
*** HOLE CARDS ***
fretn: folds 
mr.Jckpot: folds 
Gfoer: folds 
LeaveItYeah: folds 
Mr_Dick666: folds 
Uncalled bet ($0.50) returned to Rdalonso
Rdalonso collected $1 from pot
Rdalonso: doesn't show hand 
*** SUMMARY ***
Total pot $1 | Rake $0 
Seat 1: Mr_Dick666 (small blind) folded before Flop
Seat 2: Rdalonso (big blind) collected ($1)
Seat 3: fretn folded before Flop (didn't bet)
Seat 4: mr.Jckpot folded before Flop (didn't bet)
Seat 5: Gfoer folded before Flop (didn't bet)
Seat 6: LeaveItYeah (button) folded before Flop (didn't bet)



PokerStars Hand #254528723089:  Hold'em No Limit ($0.50/$1.00 USD) - 2025/01/24 13:40:58 WET [2025/01/24 8:40:58 ET]
Table 'Sorga IV' 6-max Seat #1 is the button
Seat 1: Mr_Dick666 ($100 in chips) 
Seat 2: Rdalonso ($113.77 in chips) 
Seat 3: fretn ($80.19 in chips) 
Seat 4: mr.Jckpot ($104.26 in chips) 
Seat 5: Gfoer ($100 in chips) 
Seat 6: LeaveItYeah ($118.49 in chips) 
Rdalonso: posts small blind $0.50
fretn: posts big blind $1
*** HOLE CARDS ***
mr.Jckpot: folds 
Gfoer: folds 
LeaveItYeah: folds 
Mr_Dick666: folds 
Rdalonso: raises $2 to $3
fretn: calls $2
*** FLOP *** [2c 8c 8d]
Rdalonso: checks 
fretn: bets $1
Rdalonso: calls $1
*** TURN *** [2c 8c 8d] [Ah]
Rdalonso: checks 
fretn: checks 
*** RIVER *** [2c 8c 8d Ah] [7s]
Rdalonso: checks 
fretn: checks 
*** SHOW DOWN ***
Rdalonso: shows [Qd Ks] (a pair of Eights)
fretn: shows [7h 9c] (two pair, Eights and Sevens)
fretn collected $7.60 from pot
*** SUMMARY ***
Total pot $8 | Rake $0.40 
Board [2c 8c 8d Ah 7s]
Seat 1: Mr_Dick666 (button) folded before Flop (didn't bet)
Seat 2: Rdalonso (small blind) showed [Qd Ks] and lost with a pair of Eights
Seat 3: fretn (big blind) showed [7h 9c] and won ($7.60) with two pair, Eights and Sevens
Seat 4: mr.Jckpot folded before Flop (didn't bet)
Seat 5: Gfoer folded before Flop (didn't bet)
Seat 6: LeaveItYeah folded before Flop (didn't bet)



PokerStars Hand #254528731631:  Hold'em No Limit ($0.50/$1.00 USD) - 2025/01/24 13:41:49 WET [2025/01/24 8:41:49 ET]
Table 'Sorga IV' 6-max Seat #2 is the button
Seat 1: Mr_Dick666 ($100 in chips) 
Seat 2: Rdalonso ($109.77 in chips) 
Seat 3: fretn ($83.79 in chips) 
Seat 4: mr.Jckpot ($104.26 in chips) 
Seat 5: Gfoer ($100 in chips) 
Seat 6: LeaveItYeah ($118.49 in chips) 
fretn: posts small blind $0.50
mr.Jckpot: posts big blind $1
*** HOLE CARDS ***
Gfoer: folds 
LeaveItYeah: folds 
Mr_Dick666: folds 
Rdalonso: folds 
fretn: raises $1 to $2
mr.Jckpot: folds 
Uncalled bet ($1) returned to fretn
fretn collected $2 from pot
*** SUMMARY ***
Total pot $2 | Rake $0 
Seat 1: Mr_Dick666 folded before Flop (didn't bet)
Seat 2: Rdalonso (button) folded before Flop (didn't bet)
Seat 3: fretn (small blind) collected ($2)
Seat 4: mr.Jckpot (big blind) folded before Flop
Seat 5: Gfoer folded before Flop (didn't bet)
Seat 6: LeaveItYeah folded before Flop (didn't bet)



PokerStars Hand #254528734240:  Hold'em No Limit ($0.50/$1.00 USD) - 2025/01/24 13:42:05 WET [2025/01/24 8:42:05 ET]
Table 'Sorga IV' 6-max Seat #3 is the button
Seat 1: Mr_Dick666 ($100 in chips) 
Seat 2: Rdalonso ($109.77 in chips) 
Seat 3: fretn ($84.79 in chips) 
Seat 4: mr.Jckpot ($103.26 in chips) 
Seat 5: Gfoer ($100 in chips) 
Seat 6: LeaveItYeah ($118.49 in chips) 
mr.Jckpot: posts small blind $0.50
Gfoer: posts big blind $1
*** HOLE CARDS ***
LeaveItYeah: folds 
Mr_Dick666: folds 
Rdalonso: folds 
fretn: raises $1 to $2
mr.Jckpot: folds 
Gfoer: folds 
Uncalled bet ($1) returned to fretn
fretn collected $2.50 from pot
*** SUMMARY ***
Total pot $2.50 | Rake $0 
Seat 1: Mr_Dick666 folded before Flop (didn't bet)
Seat 2: Rdalonso folded before Flop (didn't bet)
Seat 3: fretn (button) collected ($2.50)
Seat 4: mr.Jckpot (small blind) folded before Flop
Seat 5: Gfoer (big blind) folded before Flop
Seat 6: LeaveItYeah folded before Flop (didn't bet)



PokerStars Hand #254528736880:  Hold'em No Limit ($0.50/$1.00 USD) - 2025/01/24 13:42:20 WET [2025/01/24 8:42:20 ET]
Table 'Sorga IV' 6-max Seat #4 is the button
Seat 1: Mr_Dick666 ($100 in chips) 
Seat 2: Rdalonso ($109.77 in chips) 
Seat 3: fretn ($86.29 in chips) 
Seat 4: mr.Jckpot ($102.76 in chips) 
Seat 5: Gfoer ($100 in chips) 
Seat 6: LeaveItYeah ($118.49 in chips) 
Gfoer: posts small blind $0.50
LeaveItYeah: posts big blind $1
*** HOLE CARDS ***
Mr_Dick666: raises $1 to $2
Rdalonso: folds 
fretn: folds 
mr.Jckpot: folds 
Gfoer: folds 
LeaveItYeah: folds 
Uncalled bet ($1) returned to Mr_Dick666
Mr_Dick666 collected $2.50 from pot
Mr_Dick666: doesn't show hand 
*** SUMMARY ***
Total pot $2.50 | Rake $0 
Seat 1: Mr_Dick666 collected ($2.50)
Seat 2: Rdalonso folded before Flop (didn't bet)
Seat 3: fretn folded before Flop (didn't bet)
Seat 4: mr.Jckpot (button) folded before Flop (didn't bet)
Seat 5: Gfoer (small blind) folded before Flop
Seat 6: LeaveItYeah (big blind) folded before Flop



PokerStars Hand #254528738786:  Hold'em No Limit ($0.50/$1.00 USD) - 2025/01/24 13:42:31 WET [2025/01/24 8:42:31 ET]
Table 'Sorga IV' 6-max Seat #5 is the button
Seat 1: Mr_Dick666 ($101.50 in chips) 
Seat 2: Rdalonso ($109.77 in chips) 
Seat 3: fretn ($86.29 in chips) 
Seat 4: mr.Jckpot ($102.76 in chips) 
Seat 5: Gfoer ($100 in chips) 
Seat 6: LeaveItYeah ($117.49 in chips) 
LeaveItYeah: posts small blind $0.50
Mr_Dick666: posts big blind $1
*** HOLE CARDS ***
Rdalonso: raises $1.50 to $2.50
fretn: folds 
mr.Jckpot: folds 
Gfoer: folds 
LeaveItYeah: folds 
Mr_Dick666: folds 
Uncalled bet ($1.50) returned to Rdalonso
Rdalonso collected $2.50 from pot
Rdalonso: doesn't show hand 
*** SUMMARY ***
Total pot $2.50 | Rake $0 
Seat 1: Mr_Dick666 (big blind) folded before Flop
Seat 2: Rdalonso collected ($2.50)
Seat 3: fretn folded before Flop (didn't bet)
Seat 4: mr.Jckpot folded before Flop (didn't bet)
Seat 5: Gfoer (button) folded before Flop (didn't bet)
Seat 6: LeaveItYeah (small blind) folded before Flop



PokerStars Hand #254528741750:  Hold'em No Limit ($0.50/$1.00 USD) - 2025/01/24 13:42:48 WET [2025/01/24 8:42:48 ET]
Table 'Sorga IV' 6-max Seat #6 is the button
Seat 1: Mr_Dick666 ($100.50 in chips) 
Seat 2: Rdalonso ($111.27 in chips) 
Seat 3: fretn ($86.29 in chips) 
Seat 4: mr.Jckpot ($102.76 in chips) 
Seat 5: Gfoer ($100 in chips) 
Seat 6: LeaveItYeah ($116.99 in chips) 
Mr_Dick666: posts small blind $0.50
Rdalonso: posts big blind $1
*** HOLE CARDS ***
fretn: raises $1 to $2
mr.Jckpot: folds 
Gfoer: folds 
LeaveItYeah: folds 
Mr_Dick666: folds 
Rdalonso: folds 
Uncalled bet ($1) returned to fretn
fretn collected $2.50 from pot
*** SUMMARY ***
Total pot $2.50 | Rake $0 
Seat 1: Mr_Dick666 (small blind) folded before Flop
Seat 2: Rdalonso (big blind) folded before Flop
Seat 3: fretn collected ($2.50)
Seat 4: mr.Jckpot folded before Flop (didn't bet)
Seat 5: Gfoer folded before Flop (didn't bet)
Seat 6: LeaveItYeah (button) folded before Flop (didn't bet)



PokerStars Hand #254528745494:  Hold'em No Limit ($0.50/$1.00 USD) - 2025/01/24 13:43:10 WET [2025/01/24 8:43:10 ET]
Table 'Sorga IV' 6-max Seat #1 is the button
Seat 1: Mr_Dick666 ($100 in chips) 
Seat 2: Rdalonso ($110.27 in chips) 
Seat 3: fretn ($87.79 in chips) 
Seat 4: mr.Jckpot ($102.76 in chips) 
Seat 5: Gfoer ($100 in chips) 
Seat 6: LeaveItYeah ($116.99 in chips) 
Rdalonso: posts small blind $0.50
fretn: posts big blind $1
*** HOLE CARDS ***
mr.Jckpot: raises $1.50 to $2.50
Gfoer: folds 
LeaveItYeah: calls $2.50
Mr_Dick666: folds 
Rdalonso: folds 
fretn: calls $1.50
*** FLOP *** [Td 7h Ts]
fretn: checks 
mr.Jckpot: bets $3.50
LeaveItYeah: folds 
fretn: folds 
Uncalled bet ($3.50) returned to mr.Jckpot
mr.Jckpot collected $7.60 from pot
mr.Jckpot: doesn't show hand 
*** SUMMARY ***
Total pot $8 | Rake $0.40 
Board [Td 7h Ts]
Seat 1: Mr_Dick666 (button) folded before Flop (didn't bet)
Seat 2: Rdalonso (small blind) folded before Flop
Seat 3: fretn (big blind) folded on the Flop
Seat 4: mr.Jckpot collected ($7.60)
Seat 5: Gfoer folded before Flop (didn't bet)
Seat 6: LeaveItYeah folded on the Flop



PokerStars Hand #254528751349:  Hold'em No Limit ($0.50/$1.00 USD) - 2025/01/24 13:43:45 WET [2025/01/24 8:43:45 ET]
Table 'Sorga IV' 6-max Seat #2 is the button
Seat 1: Mr_Dick666 ($100 in chips) 
Seat 2: Rdalonso ($109.77 in chips) 
Seat 3: fretn ($85.29 in chips) 
Seat 4: mr.Jckpot ($107.86 in chips) 
Seat 5: Gfoer ($100 in chips) 
Seat 6: LeaveItYeah ($114.49 in chips) 
fretn: posts small blind $0.50
mr.Jckpot: posts big blind $1
*** HOLE CARDS ***
Gfoer: folds 
LeaveItYeah: folds 
Mr_Dick666: folds 
Rdalonso: folds 
fretn: raises $2 to $3
mr.Jckpot: folds 
Uncalled bet ($2) returned to fretn
fretn collected $2 from pot
*** SUMMARY ***
Total pot $2 | Rake $0 
Seat 1: Mr_Dick666 folded before Flop (didn't bet)
Seat 2: Rdalonso (button) folded before Flop (didn't bet)
Seat 3: fretn (small blind) collected ($2)
Seat 4: mr.Jckpot (big blind) folded before Flop
Seat 5: Gfoer folded before Flop (didn't bet)
Seat 6: LeaveItYeah folded before Flop (didn't bet)



PokerStars Hand #254528755503:  Hold'em No Limit ($0.50/$1.00 USD) - 2025/01/24 13:44:10 WET [2025/01/24 8:44:10 ET]
Table 'Sorga IV' 6-max Seat #3 is the button
Seat 1: Mr_Dick666 ($100 in chips) 
Seat 2: Rdalonso ($109.77 in chips) 
Seat 3: fretn ($86.29 in chips) 
Seat 4: mr.Jckpot ($106.86 in chips) 
Seat 5: Gfoer ($100 in chips) 
Seat 6: LeaveItYeah ($114.49 in chips) 
mr.Jckpot: posts small blind $0.50
Gfoer: posts big blind $1
*** HOLE CARDS ***
LeaveItYeah: folds 
Mr_Dick666: raises $1 to $2
Rdalonso: folds 
fretn: calls $2
mr.Jckpot: folds 
Gfoer: calls $1
*** FLOP *** [2c 8c 9s]
Gfoer: checks 
Mr_Dick666: checks 
fretn: checks 
*** TURN *** [2c 8c 9s] [7s]
Gfoer: checks 
Mr_Dick666: bets $4.63
fretn: calls $4.63
Gfoer: folds 
*** RIVER *** [2c 8c 9s 7s] [9h]
Mr_Dick666: checks 
fretn: bets $12.49
Mr_Dick666: folds 
Uncalled bet ($12.49) returned to fretn
fretn collected $14.97 from pot
*** SUMMARY ***
Total pot $15.76 | Rake $0.79 
Board [2c 8c 9s 7s 9h]
Seat 1: Mr_Dick666 folded on the River
Seat 2: Rdalonso folded before Flop (didn't bet)
Seat 3: fretn (button) collected ($14.97)
Seat 4: mr.Jckpot (small blind) folded before Flop
Seat 5: Gfoer (big blind) folded on the Turn
Seat 6: LeaveItYeah folded before Flop (didn't bet)



PokerStars Hand #254528773246:  Hold'em No Limit ($0.50/$1.00 USD) - 2025/01/24 13:45:53 WET [2025/01/24 8:45:53 ET]
Table 'Sorga IV' 6-max Seat #4 is the button
Seat 1: Mr_Dick666 ($100 in chips) 
Seat 2: Rdalonso ($109.77 in chips) 
Seat 3: fretn ($94.63 in chips) 
Seat 4: mr.Jckpot ($106.36 in chips) 
Seat 5: Gfoer ($100 in chips) 
Seat 6: LeaveItYeah ($114.49 in chips) 
Gfoer: posts small blind $0.50
LeaveItYeah: posts big blind $1
*** HOLE CARDS ***
Mr_Dick666: folds 
Mr_Dick666 leaves the table
Rdalonso: raises $1.50 to $2.50
fretn: calls $2.50
mr.Jckpot: folds 
Gfoer: folds 
LeaveItYeah: folds 
*** FLOP *** [5c 5h Qc]
Rdalonso: checks 
fretn: checks 
*** TURN *** [5c 5h Qc] [Jh]
Rdalonso: checks 
fretn: bets $3.09
Rdalonso: calls $3.09
*** RIVER *** [5c 5h Qc Jh] [2d]
Rdalonso: checks 
fretn: bets $14.05
Rdalonso: folds 
Uncalled bet ($14.05) returned to fretn
fretn collected $12.05 from pot
*** SUMMARY ***
Total pot $12.68 | Rake $0.63 
Board [5c 5h Qc Jh 2d]
Seat 1: Mr_Dick666 folded before Flop (didn't bet)
Seat 2: Rdalonso folded on the River
Seat 3: fretn collected ($12.05)
Seat 4: mr.Jckpot (button) folded before Flop (didn't bet)
Seat 5: Gfoer (small blind) folded before Flop
Seat 6: LeaveItYeah (big blind) folded before Flop



PokerStars Hand #254528784032:  Hold'em No Limit ($0.50/$1.00 USD) - 2025/01/24 13:46:55 WET [2025/01/24 8:46:55 ET]
Table 'Sorga IV' 6-max Seat #5 is the button
Seat 2: Rdalonso ($104.18 in chips) 
Seat 3: fretn ($101.09 in chips) 
Seat 4: mr.Jckpot ($106.36 in chips) 
Seat 5: Gfoer ($100 in chips) 
Seat 6: LeaveItYeah ($113.49 in chips) 
LeaveItYeah: posts small blind $0.50
Rdalonso: posts big blind $1
*** HOLE CARDS ***
fretn: folds 
mr.Jckpot: folds 
Gfoer: raises $1 to $2
LeaveItYeah: folds 
Rdalonso: folds 
Uncalled bet ($1) returned to Gfoer
Gfoer collected $2.50 from pot
Gfoer: doesn't show hand 
*** SUMMARY ***
Total pot $2.50 | Rake $0 
Seat 2: Rdalonso (big blind) folded before Flop
Seat 3: fretn folded before Flop (didn't bet)
Seat 4: mr.Jckpot folded before Flop (didn't bet)
Seat 5: Gfoer (button) collected ($2.50)
Seat 6: LeaveItYeah (small blind) folded before Flop



PokerStars Hand #254528787150:  Hold'em No Limit ($0.50/$1.00 USD) - 2025/01/24 13:47:13 WET [2025/01/24 8:47:13 ET]
Table 'Sorga IV' 6-max Seat #6 is the button
Seat 2: Rdalonso ($103.18 in chips) 
Seat 3: fretn ($101.09 in chips) 
Seat 4: mr.Jckpot ($106.36 in chips) 
Seat 5: Gfoer ($101.50 in chips) 
Seat 6: LeaveItYeah ($112.99 in chips) 
Rdalonso: posts small blind $0.50
fretn: posts big blind $1
*** HOLE CARDS ***
mr.Jckpot: folds 
Gfoer: folds 
LeaveItYeah: raises $1.50 to $2.50
Rdalonso: folds 
fretn: folds 
Uncalled bet ($1.50) returned to LeaveItYeah
LeaveItYeah collected $2.50 from pot
LeaveItYeah: doesn't show hand 
*** SUMMARY ***
Total pot $2.50 | Rake $0 
Seat 2: Rdalonso (small blind) folded before Flop
Seat 3: fretn (big blind) folded before Flop
Seat 4: mr.Jckpot folded before Flop (didn't bet)
Seat 5: Gfoer folded before Flop (didn't bet)
Seat 6: LeaveItYeah (button) collected ($2.50)



PokerStars Hand #254528791198:  Hold'em No Limit ($0.50/$1.00 USD) - 2025/01/24 13:47:37 WET [2025/01/24 8:47:37 ET]
Table 'Sorga IV' 6-max Seat #2 is the button
Seat 2: Rdalonso ($102.68 in chips) 
Seat 3: fretn ($100.09 in chips) 
Seat 4: mr.Jckpot ($106.36 in chips) 
Seat 5: Gfoer ($101.50 in chips) 
Seat 6: LeaveItYeah ($114.49 in chips) 
fretn: posts small blind $0.50
mr.Jckpot: posts big blind $1
*** HOLE CARDS ***
Gfoer: folds 
LeaveItYeah: folds 
Rdalonso: folds 
fretn: calls $0.50
mr.Jckpot: checks 
*** FLOP *** [Qs Ac 8h]
fretn: checks 
mr.Jckpot: checks 
*** TURN *** [Qs Ac 8h] [5h]
OrioNCOOL joins the table at seat #1 
fretn: checks 
mr.Jckpot: bets $2.85
fretn: folds 
Uncalled bet ($2.85) returned to mr.Jckpot
mr.Jckpot collected $1.90 from pot
mr.Jckpot: doesn't show hand 
*** SUMMARY ***
Total pot $2 | Rake $0.10 
Board [Qs Ac 8h 5h]
Seat 2: Rdalonso (button) folded before Flop (didn't bet)
Seat 3: fretn (small blind) folded on the Turn
Seat 4: mr.Jckpot (big blind) collected ($1.90)
Seat 5: Gfoer folded before Flop (didn't bet)
Seat 6: LeaveItYeah folded before Flop (didn't bet)



PokerStars Hand #254528799193:  Hold'em No Limit ($0.50/$1.00 USD) - 2025/01/24 13:48:23 WET [2025/01/24 8:48:23 ET]
Table 'Sorga IV' 6-max Seat #3 is the button
Seat 1: OrioNCOOL ($100 in chips) is sitting out
Seat 2: Rdalonso ($102.68 in chips) 
Seat 3: fretn ($99.09 in chips) 
Seat 4: mr.Jckpot ($107.26 in chips) 
Seat 5: Gfoer ($101.50 in chips) 
Seat 6: LeaveItYeah ($114.49 in chips) 
mr.Jckpot: posts small blind $0.50
Gfoer: posts big blind $1
OrioNCOOL: sits out 
*** HOLE CARDS ***
LeaveItYeah: folds 
Rdalonso: folds 
fretn: raises $2 to $3
mr.Jckpot: folds 
Gfoer: folds 
Uncalled bet ($2) returned to fretn
fretn collected $2.50 from pot
*** SUMMARY ***
Total pot $2.50 | Rake $0 
Seat 1: OrioNCOOL
Seat 2: Rdalonso folded before Flop (didn't bet)
Seat 3: fretn (button) collected ($2.50)
Seat 4: mr.Jckpot (small blind) folded before Flop
Seat 5: Gfoer (big blind) folded before Flop
Seat 6: LeaveItYeah folded before Flop (didn't bet)



PokerStars Hand #254528801344:  Hold'em No Limit ($0.50/$1.00 USD) - 2025/01/24 13:48:36 WET [2025/01/24 8:48:36 ET]
Table 'Sorga IV' 6-max Seat #4 is the button
Seat 1: OrioNCOOL ($100 in chips) is sitting out
Seat 2: Rdalonso ($102.68 in chips) 
Seat 3: fretn ($100.59 in chips) 
Seat 4: mr.Jckpot ($106.76 in chips) 
Seat 5: Gfoer ($100.50 in chips) 
Seat 6: LeaveItYeah ($114.49 in chips) 
Gfoer: posts small blind $0.50
LeaveItYeah: posts big blind $1
OrioNCOOL: sits out 
*** HOLE CARDS ***
Rdalonso: raises $1.50 to $2.50
fretn: folds 
mr.Jckpot: folds 
Gfoer: folds 
LeaveItYeah: folds 
Uncalled bet ($1.50) returned to Rdalonso
Rdalonso collected $2.50 from pot
Rdalonso: doesn't show hand 
*** SUMMARY ***
Total pot $2.50 | Rake $0 
Seat 1: OrioNCOOL
Seat 2: Rdalonso collected ($2.50)
Seat 3: fretn folded before Flop (didn't bet)
Seat 4: mr.Jckpot (button) folded before Flop (didn't bet)
Seat 5: Gfoer (small blind) folded before Flop
Seat 6: LeaveItYeah (big blind) folded before Flop



PokerStars Hand #254528803403:  Hold'em No Limit ($0.50/$1.00 USD) - 2025/01/24 13:48:48 WET [2025/01/24 8:48:48 ET]
Table 'Sorga IV' 6-max Seat #5 is the button
Seat 1: OrioNCOOL ($100 in chips) 
Seat 2: Rdalonso ($104.18 in chips) 
Seat 3: fretn ($100.59 in chips) 
Seat 4: mr.Jckpot ($106.76 in chips) 
Seat 5: Gfoer ($100 in chips) 
Seat 6: LeaveItYeah ($113.49 in chips) 
LeaveItYeah: posts small blind $0.50
OrioNCOOL: posts big blind $1
*** HOLE CARDS ***
Rdalonso: folds 
fretn: raises $2 to $3
mr.Jckpot: folds 
Gfoer: folds 
LeaveItYeah: folds 
OrioNCOOL: raises $8 to $11
fretn: calls $8
*** FLOP *** [Jh Qh 9h]
OrioNCOOL: bets $10.69
fretn: folds 
Uncalled bet ($10.69) returned to OrioNCOOL
OrioNCOOL collected $21.38 from pot
OrioNCOOL: doesn't show hand 
*** SUMMARY ***
Total pot $22.50 | Rake $1.12 
Board [Jh Qh 9h]
Seat 1: OrioNCOOL (big blind) collected ($21.38)
Seat 2: Rdalonso folded before Flop (didn't bet)
Seat 3: fretn folded on the Flop
Seat 4: mr.Jckpot folded before Flop (didn't bet)
Seat 5: Gfoer (button) folded before Flop (didn't bet)
Seat 6: LeaveItYeah (small blind) folded before Flop



PokerStars Hand #254528808001:  Hold'em No Limit ($0.50/$1.00 USD) - 2025/01/24 13:49:14 WET [2025/01/24 8:49:14 ET]
Table 'Sorga IV' 6-max Seat #6 is the button
Seat 1: OrioNCOOL ($110.38 in chips) 
Seat 2: Rdalonso ($104.18 in chips) 
Seat 3: fretn ($89.59 in chips) 
Seat 4: mr.Jckpot ($106.76 in chips) 
Seat 5: Gfoer ($100 in chips) 
Seat 6: LeaveItYeah ($112.99 in chips) 
OrioNCOOL: posts small blind $0.50
Rdalonso: posts big blind $1
*** HOLE CARDS ***
fretn: raises $2 to $3
mr.Jckpot: folds 
Gfoer: folds 
LeaveItYeah: folds 
OrioNCOOL: folds 
Rdalonso: folds 
Uncalled bet ($2) returned to fretn
fretn collected $2.50 from pot
*** SUMMARY ***
Total pot $2.50 | Rake $0 
Seat 1: OrioNCOOL (small blind) folded before Flop
Seat 2: Rdalonso (big blind) folded before Flop
Seat 3: fretn collected ($2.50)
Seat 4: mr.Jckpot folded before Flop (didn't bet)
Seat 5: Gfoer folded before Flop (didn't bet)
Seat 6: LeaveItYeah (button) folded before Flop (didn't bet)



PokerStars Hand #254528810266:  Hold'em No Limit ($0.50/$1.00 USD) - 2025/01/24 13:49:27 WET [2025/01/24 8:49:27 ET]
Table 'Sorga IV' 6-max Seat #1 is the button
Seat 1: OrioNCOOL ($109.88 in chips) 
Seat 2: Rdalonso ($103.18 in chips) 
Seat 3: fretn ($91.09 in chips) 
Seat 4: mr.Jckpot ($106.76 in chips) 
Seat 5: Gfoer ($100 in chips) 
Seat 6: LeaveItYeah ($112.99 in chips) 
Rdalonso: posts small blind $0.50
fretn: posts big blind $1
*** HOLE CARDS ***
mr.Jckpot: raises $1.50 to $2.50
Gfoer: folds 
LeaveItYeah: folds 
OrioNCOOL: folds 
Rdalonso: folds 
fretn: calls $1.50
*** FLOP *** [6h 2s 5c]
fretn: checks 
mr.Jckpot: bets $1.72
fretn: raises $4.33 to $6.05
mr.Jckpot: folds 
Uncalled bet ($4.33) returned to fretn
fretn collected $8.49 from pot
*** SUMMARY ***
Total pot $8.94 | Rake $0.45 
Board [6h 2s 5c]
Seat 1: OrioNCOOL (button) folded before Flop (didn't bet)
Seat 2: Rdalonso (small blind) folded before Flop
Seat 3: fretn (big blind) collected ($8.49)
Seat 4: mr.Jckpot folded on the Flop
Seat 5: Gfoer folded before Flop (didn't bet)
Seat 6: LeaveItYeah folded before Flop (didn't bet)



PokerStars Hand #254528813456:  Hold'em No Limit ($0.50/$1.00 USD) - 2025/01/24 13:49:45 WET [2025/01/24 8:49:45 ET]
Table 'Sorga IV' 6-max Seat #2 is the button
Seat 1: OrioNCOOL ($109.88 in chips) 
Seat 2: Rdalonso ($102.68 in chips) 
Seat 3: fretn ($95.36 in chips) 
Seat 4: mr.Jckpot ($102.54 in chips) 
Seat 5: Gfoer ($100 in chips) 
Seat 6: LeaveItYeah ($112.99 in chips) 
fretn: posts small blind $0.50
mr.Jckpot: posts big blind $1
*** HOLE CARDS ***
Gfoer: raises $1.20 to $2.20
LeaveItYeah: folds 
OrioNCOOL: folds 
Rdalonso: folds 
fretn: folds 
mr.Jckpot: folds 
Uncalled bet ($1.20) returned to Gfoer
Gfoer collected $2.50 from pot
Gfoer: doesn't show hand 
*** SUMMARY ***
Total pot $2.50 | Rake $0 
Seat 1: OrioNCOOL folded before Flop (didn't bet)
Seat 2: Rdalonso (button) folded before Flop (didn't bet)
Seat 3: fretn (small blind) folded before Flop
Seat 4: mr.Jckpot (big blind) folded before Flop
Seat 5: Gfoer collected ($2.50)
Seat 6: LeaveItYeah folded before Flop (didn't bet)



PokerStars Hand #254528815700:  Hold'em No Limit ($0.50/$1.00 USD) - 2025/01/24 13:49:58 WET [2025/01/24 8:49:58 ET]
Table 'Sorga IV' 6-max Seat #3 is the button
Seat 1: OrioNCOOL ($109.88 in chips) 
Seat 2: Rdalonso ($102.68 in chips) 
Seat 3: fretn ($94.86 in chips) 
Seat 4: mr.Jckpot ($101.54 in chips) 
Seat 5: Gfoer ($101.50 in chips) 
Seat 6: LeaveItYeah ($112.99 in chips) 
mr.Jckpot: posts small blind $0.50
Gfoer: posts big blind $1
*** HOLE CARDS ***
LeaveItYeah: folds 
OrioNCOOL: folds 
Rdalonso: folds 
fretn: folds 
mr.Jckpot: folds 
Uncalled bet ($0.50) returned to Gfoer
Gfoer collected $1 from pot
Gfoer: doesn't show hand 
*** SUMMARY ***
Total pot $1 | Rake $0 
Seat 1: OrioNCOOL folded before Flop (didn't bet)
Seat 2: Rdalonso folded before Flop (didn't bet)
Seat 3: fretn (button) folded before Flop (didn't bet)
Seat 4: mr.Jckpot (small blind) folded before Flop
Seat 5: Gfoer (big blind) collected ($1)
Seat 6: LeaveItYeah folded before Flop (didn't bet)



PokerStars Hand #254528817355:  Hold'em No Limit ($0.50/$1.00 USD) - 2025/01/24 13:50:08 WET [2025/01/24 8:50:08 ET]
Table 'Sorga IV' 6-max Seat #4 is the button
Seat 1: OrioNCOOL ($109.88 in chips) 
Seat 2: Rdalonso ($102.68 in chips) 
Seat 3: fretn ($94.86 in chips) 
Seat 4: mr.Jckpot ($101.04 in chips) 
Seat 5: Gfoer ($102 in chips) 
Seat 6: LeaveItYeah ($112.99 in chips) 
Gfoer: posts small blind $0.50
LeaveItYeah: posts big blind $1
*** HOLE CARDS ***
OrioNCOOL: raises $1.50 to $2.50
Rdalonso: folds 
fretn: calls $2.50
mr.Jckpot: folds 
Gfoer: folds 
LeaveItYeah: folds 
*** FLOP *** [Kh 9h 2h]
OrioNCOOL: checks 
fretn: checks 
*** TURN *** [Kh 9h 2h] [9s]
OrioNCOOL: bets $2.09
fretn: folds 
Uncalled bet ($2.09) returned to OrioNCOOL
OrioNCOOL collected $6.18 from pot
OrioNCOOL: doesn't show hand 
*** SUMMARY ***
Total pot $6.50 | Rake $0.32 
Board [Kh 9h 2h 9s]
Seat 1: OrioNCOOL collected ($6.18)
Seat 2: Rdalonso folded before Flop (didn't bet)
Seat 3: fretn folded on the Turn
Seat 4: mr.Jckpot (button) folded before Flop (didn't bet)
Seat 5: Gfoer (small blind) folded before Flop
Seat 6: LeaveItYeah (big blind) folded before Flop



PokerStars Hand #254528821494:  Hold'em No Limit ($0.50/$1.00 USD) - 2025/01/24 13:50:32 WET [2025/01/24 8:50:32 ET]
Table 'Sorga IV' 6-max Seat #5 is the button
Seat 1: OrioNCOOL ($113.56 in chips) 
Seat 2: Rdalonso ($102.68 in chips) 
Seat 3: fretn ($92.36 in chips) 
Seat 4: mr.Jckpot ($101.04 in chips) 
Seat 5: Gfoer ($101.50 in chips) 
Seat 6: LeaveItYeah ($111.99 in chips) 
LeaveItYeah: posts small blind $0.50
OrioNCOOL: posts big blind $1
*** HOLE CARDS ***
Rdalonso: folds 
fretn: folds 
mr.Jckpot: folds 
Gfoer: raises $1 to $2
LeaveItYeah: folds 
OrioNCOOL: folds 
Uncalled bet ($1) returned to Gfoer
Gfoer collected $2.50 from pot
Gfoer: doesn't show hand 
*** SUMMARY ***
Total pot $2.50 | Rake $0 
Seat 1: OrioNCOOL (big blind) folded before Flop
Seat 2: Rdalonso folded before Flop (didn't bet)
Seat 3: fretn folded before Flop (didn't bet)
Seat 4: mr.Jckpot folded before Flop (didn't bet)
Seat 5: Gfoer (button) collected ($2.50)
Seat 6: LeaveItYeah (small blind) folded before Flop



PokerStars Hand #254528825159:  Hold'em No Limit ($0.50/$1.00 USD) - 2025/01/24 13:50:54 WET [2025/01/24 8:50:54 ET]
Table 'Sorga IV' 6-max Seat #6 is the button
Seat 1: OrioNCOOL ($112.56 in chips) 
Seat 2: Rdalonso ($102.68 in chips) 
Seat 3: fretn ($92.36 in chips) 
Seat 4: mr.Jckpot ($101.04 in chips) 
Seat 5: Gfoer ($103 in chips) 
Seat 6: LeaveItYeah ($111.49 in chips) 
OrioNCOOL: posts small blind $0.50
Rdalonso: posts big blind $1
*** HOLE CARDS ***
fretn: folds 
mr.Jckpot: folds 
Gfoer: folds 
LeaveItYeah: raises $1.50 to $2.50
OrioNCOOL: folds 
Rdalonso: folds 
Uncalled bet ($1.50) returned to LeaveItYeah
LeaveItYeah collected $2.50 from pot
LeaveItYeah: doesn't show hand 
*** SUMMARY ***
Total pot $2.50 | Rake $0 
Seat 1: OrioNCOOL (small blind) folded before Flop
Seat 2: Rdalonso (big blind) folded before Flop
Seat 3: fretn folded before Flop (didn't bet)
Seat 4: mr.Jckpot folded before Flop (didn't bet)
Seat 5: Gfoer folded before Flop (didn't bet)
Seat 6: LeaveItYeah (button) collected ($2.50)



PokerStars Hand #254528827838:  Hold'em No Limit ($0.50/$1.00 USD) - 2025/01/24 13:51:09 WET [2025/01/24 8:51:09 ET]
Table 'Sorga IV' 6-max Seat #1 is the button
Seat 1: OrioNCOOL ($112.06 in chips) 
Seat 2: Rdalonso ($101.68 in chips) 
Seat 3: fretn ($92.36 in chips) 
Seat 4: mr.Jckpot ($101.04 in chips) 
Seat 5: Gfoer ($103 in chips) 
Seat 6: LeaveItYeah ($112.99 in chips) 
Rdalonso: posts small blind $0.50
fretn: posts big blind $1
*** HOLE CARDS ***
mr.Jckpot: folds 
Gfoer: folds 
LeaveItYeah: folds 
OrioNCOOL: raises $1.50 to $2.50
Rdalonso: folds 
fretn: folds 
Uncalled bet ($1.50) returned to OrioNCOOL
OrioNCOOL collected $2.50 from pot
OrioNCOOL: doesn't show hand 
*** SUMMARY ***
Total pot $2.50 | Rake $0 
Seat 1: OrioNCOOL (button) collected ($2.50)
Seat 2: Rdalonso (small blind) folded before Flop
Seat 3: fretn (big blind) folded before Flop
Seat 4: mr.Jckpot folded before Flop (didn't bet)
Seat 5: Gfoer folded before Flop (didn't bet)
Seat 6: LeaveItYeah folded before Flop (didn't bet)



PokerStars Hand #254528830037:  Hold'em No Limit ($0.50/$1.00 USD) - 2025/01/24 13:51:22 WET [2025/01/24 8:51:22 ET]
Table 'Sorga IV' 6-max Seat #2 is the button
Seat 1: OrioNCOOL ($113.56 in chips) 
Seat 2: Rdalonso ($101.18 in chips) 
Seat 3: fretn ($91.36 in chips) 
Seat 4: mr.Jckpot ($101.04 in chips) 
Seat 5: Gfoer ($103 in chips) 
Seat 6: LeaveItYeah ($112.99 in chips) 
fretn: posts small blind $0.50
mr.Jckpot: posts big blind $1
*** HOLE CARDS ***
Gfoer: folds 
LeaveItYeah: folds 
OrioNCOOL: folds 
Rdalonso: raises $1.50 to $2.50
fretn: calls $2
mr.Jckpot: folds 
*** FLOP *** [Qd Ah Qh]
fretn: checks 
Rdalonso: bets $1.88
fretn: calls $1.88
*** TURN *** [Qd Ah Qh] [7h]
fretn: checks 
Rdalonso: checks 
*** RIVER *** [Qd Ah Qh 7h] [8c]
fretn: checks 
Rdalonso: checks 
*** SHOW DOWN ***
fretn: shows [Tc As] (two pair, Aces and Queens)
Rdalonso: mucks hand 
fretn collected $9.27 from pot
*** SUMMARY ***
Total pot $9.76 | Rake $0.49 
Board [Qd Ah Qh 7h 8c]
Seat 1: OrioNCOOL folded before Flop (didn't bet)
Seat 2: Rdalonso (button) mucked
Seat 3: fretn (small blind) showed [Tc As] and won ($9.27) with two pair, Aces and Queens
Seat 4: mr.Jckpot (big blind) folded before Flop
Seat 5: Gfoer folded before Flop (didn't bet)
Seat 6: LeaveItYeah folded before Flop (didn't bet)



PokerStars Hand #254528838379:  Hold'em No Limit ($0.50/$1.00 USD) - 2025/01/24 13:52:10 WET [2025/01/24 8:52:10 ET]
Table 'Sorga IV' 6-max Seat #3 is the button
Seat 1: OrioNCOOL ($113.56 in chips) 
Seat 2: Rdalonso ($100 in chips) 
Seat 3: fretn ($96.25 in chips) 
Seat 4: mr.Jckpot ($100.04 in chips) 
Seat 5: Gfoer ($103 in chips) 
Seat 6: LeaveItYeah ($112.99 in chips) 
mr.Jckpot: posts small blind $0.50
Gfoer: posts big blind $1
*** HOLE CARDS ***
LeaveItYeah: raises $1.10 to $2.10
OrioNCOOL: folds 
Rdalonso: folds 
fretn: calls $2.10
mr.Jckpot: folds 
Gfoer: folds 
*** FLOP *** [Tc 2c Qd]
LeaveItYeah: checks 
fretn: checks 
*** TURN *** [Tc 2c Qd] [Kh]
LeaveItYeah: checks 
fretn: checks 
*** RIVER *** [Tc 2c Qd Kh] [4d]
LeaveItYeah: bets $3.31
fretn: folds 
Uncalled bet ($3.31) returned to LeaveItYeah
LeaveItYeah collected $5.42 from pot
LeaveItYeah: doesn't show hand 
*** SUMMARY ***
Total pot $5.70 | Rake $0.28 
Board [Tc 2c Qd Kh 4d]
Seat 1: OrioNCOOL folded before Flop (didn't bet)
Seat 2: Rdalonso folded before Flop (didn't bet)
Seat 3: fretn (button) folded on the River
Seat 4: mr.Jckpot (small blind) folded before Flop
Seat 5: Gfoer (big blind) folded before Flop
Seat 6: LeaveItYeah collected ($5.42)



PokerStars Hand #254528845983:  Hold'em No Limit ($0.50/$1.00 USD) - 2025/01/24 13:52:55 WET [2025/01/24 8:52:55 ET]
Table 'Sorga IV' 6-max Seat #4 is the button
Seat 1: OrioNCOOL ($113.56 in chips) 
Seat 2: Rdalonso ($100 in chips) 
Seat 3: fretn ($94.15 in chips) 
Seat 4: mr.Jckpot ($100 in chips) 
Seat 5: Gfoer ($102 in chips) 
Seat 6: LeaveItYeah ($116.31 in chips) 
Gfoer: posts small blind $0.50
LeaveItYeah: posts big blind $1
*** HOLE CARDS ***
OrioNCOOL: folds 
Rdalonso: folds 
fretn: raises $1 to $2
mr.Jckpot: folds 
Gfoer: folds 
LeaveItYeah: folds 
Uncalled bet ($1) returned to fretn
fretn collected $2.50 from pot
*** SUMMARY ***
Total pot $2.50 | Rake $0 
Seat 1: OrioNCOOL folded before Flop (didn't bet)
Seat 2: Rdalonso folded before Flop (didn't bet)
Seat 3: fretn collected ($2.50)
Seat 4: mr.Jckpot (button) folded before Flop (didn't bet)
Seat 5: Gfoer (small blind) folded before Flop
Seat 6: LeaveItYeah (big blind) folded before Flop



PokerStars Hand #254528848405:  Hold'em No Limit ($0.50/$1.00 USD) - 2025/01/24 13:53:09 WET [2025/01/24 8:53:09 ET]
Table 'Sorga IV' 6-max Seat #5 is the button
Seat 1: OrioNCOOL ($113.56 in chips) 
Seat 2: Rdalonso ($100 in chips) 
Seat 3: fretn ($95.65 in chips) 
Seat 4: mr.Jckpot ($100 in chips) 
Seat 5: Gfoer ($101.50 in chips) 
Seat 6: LeaveItYeah ($115.31 in chips) 
LeaveItYeah: posts small blind $0.50
OrioNCOOL: posts big blind $1
*** HOLE CARDS ***
Rdalonso: raises $1.50 to $2.50
fretn: folds 
mr.Jckpot: folds 
Gfoer: folds 
LeaveItYeah: folds 
OrioNCOOL: calls $1.50
*** FLOP *** [8s Ac 3h]
OrioNCOOL: checks 
Rdalonso: bets $1.72
OrioNCOOL: folds 
Uncalled bet ($1.72) returned to Rdalonso
Rdalonso collected $5.22 from pot
Rdalonso: doesn't show hand 
*** SUMMARY ***
Total pot $5.50 | Rake $0.28 
Board [8s Ac 3h]
Seat 1: OrioNCOOL (big blind) folded on the Flop
Seat 2: Rdalonso collected ($5.22)
Seat 3: fretn folded before Flop (didn't bet)
Seat 4: mr.Jckpot folded before Flop (didn't bet)
Seat 5: Gfoer (button) folded before Flop (didn't bet)
Seat 6: LeaveItYeah (small blind) folded before Flop



PokerStars Hand #254528853585:  Hold'em No Limit ($0.50/$1.00 USD) - 2025/01/24 13:53:40 WET [2025/01/24 8:53:40 ET]
Table 'Sorga IV' 6-max Seat #6 is the button
Seat 1: OrioNCOOL ($111.06 in chips) 
Seat 2: Rdalonso ($102.72 in chips) 
Seat 3: fretn ($95.65 in chips) 
Seat 4: mr.Jckpot ($100 in chips) 
Seat 5: Gfoer ($101.50 in chips) 
Seat 6: LeaveItYeah ($114.81 in chips) 
OrioNCOOL: posts small blind $0.50
Rdalonso: posts big blind $1
*** HOLE CARDS ***
fretn: raises $2 to $3
mr.Jckpot: calls $3
Gfoer: raises $13 to $16
LeaveItYeah: folds 
OrioNCOOL: folds 
Rdalonso: folds 
fretn: folds 
mr.Jckpot: folds 
Uncalled bet ($13) returned to Gfoer
Gfoer collected $10.50 from pot
Gfoer: doesn't show hand 
*** SUMMARY ***
Total pot $10.50 | Rake $0 
Seat 1: OrioNCOOL (small blind) folded before Flop
Seat 2: Rdalonso (big blind) folded before Flop
Seat 3: fretn folded before Flop
Seat 4: mr.Jckpot folded before Flop
Seat 5: Gfoer collected ($10.50)
Seat 6: LeaveItYeah (button) folded before Flop (didn't bet)



PokerStars Hand #254528858509:  Hold'em No Limit ($0.50/$1.00 USD) - 2025/01/24 13:54:09 WET [2025/01/24 8:54:09 ET]
Table 'Sorga IV' 6-max Seat #1 is the button
Seat 1: OrioNCOOL ($110.56 in chips) 
Seat 2: Rdalonso ($101.72 in chips) 
Seat 3: fretn ($92.65 in chips) 
Seat 4: mr.Jckpot ($100 in chips) 
Seat 5: Gfoer ($109 in chips) 
Seat 6: LeaveItYeah ($114.81 in chips) 
Rdalonso: posts small blind $0.50
fretn: posts big blind $1
*** HOLE CARDS ***
mr.Jckpot: raises $1.50 to $2.50
Gfoer: folds 
LeaveItYeah: calls $2.50
OrioNCOOL: calls $2.50
Rdalonso: folds 
fretn: folds 
*** FLOP *** [8s 2c 3h]
mr.Jckpot: checks 
LeaveItYeah: bets $5.22
OrioNCOOL: calls $5.22
mr.Jckpot: folds 
*** TURN *** [8s 2c 3h] [2d]
LeaveItYeah: bets $13.85
OrioNCOOL: calls $13.85
*** RIVER *** [8s 2c 3h 2d] [3c]
LeaveItYeah: bets $33.59
OrioNCOOL: calls $33.59
*** SHOW DOWN ***
LeaveItYeah: shows [Jd Jh] (two pair, Jacks and Threes)
OrioNCOOL: shows [3s As] (a full house, Threes full of Deuces)
OrioNCOOL collected $111.82 from pot
*** SUMMARY ***
Total pot $114.32 | Rake $2.50 
Board [8s 2c 3h 2d 3c]
Seat 1: OrioNCOOL (button) showed [3s As] and won ($111.82) with a full house, Threes full of Deuces
Seat 2: Rdalonso (small blind) folded before Flop
Seat 3: fretn (big blind) folded before Flop
Seat 4: mr.Jckpot folded on the Flop
Seat 5: Gfoer folded before Flop (didn't bet)
Seat 6: LeaveItYeah showed [Jd Jh] and lost with two pair, Jacks and Threes



PokerStars Hand #254528870703:  Hold'em No Limit ($0.50/$1.00 USD) - 2025/01/24 13:55:24 WET [2025/01/24 8:55:24 ET]
Table 'Sorga IV' 6-max Seat #2 is the button
Seat 1: OrioNCOOL ($167.22 in chips) 
Seat 2: Rdalonso ($101.22 in chips) 
Seat 3: fretn ($91.65 in chips) 
Seat 4: mr.Jckpot ($100 in chips) 
Seat 5: Gfoer ($109 in chips) 
Seat 6: LeaveItYeah ($100 in chips) 
fretn: posts small blind $0.50
mr.Jckpot: posts big blind $1
*** HOLE CARDS ***
Gfoer: folds 
LeaveItYeah: folds 
OrioNCOOL: folds 
Rdalonso: folds 
fretn: calls $0.50
mr.Jckpot: checks 
*** FLOP *** [Th Qh 9h]
fretn: checks 
mr.Jckpot: checks 
*** TURN *** [Th Qh 9h] [3c]
fretn: checks 
mr.Jckpot: checks 
*** RIVER *** [Th Qh 9h 3c] [9c]
fretn: checks 
mr.Jckpot: checks 
*** SHOW DOWN ***
fretn: shows [Kd 7c] (a pair of Nines)
mr.Jckpot: mucks hand 
fretn collected $1.90 from pot
*** SUMMARY ***
Total pot $2 | Rake $0.10 
Board [Th Qh 9h 3c 9c]
Seat 1: OrioNCOOL folded before Flop (didn't bet)
Seat 2: Rdalonso (button) folded before Flop (didn't bet)
Seat 3: fretn (small blind) showed [Kd 7c] and won ($1.90) with a pair of Nines
Seat 4: mr.Jckpot (big blind) mucked
Seat 5: Gfoer folded before Flop (didn't bet)
Seat 6: LeaveItYeah folded before Flop (didn't bet)



PokerStars Hand #254528877572:  Hold'em No Limit ($0.50/$1.00 USD) - 2025/01/24 13:56:15 WET [2025/01/24 8:56:15 ET]
Table 'Sorga IV' 6-max Seat #3 is the button
Seat 1: OrioNCOOL ($167.22 in chips) 
Seat 2: Rdalonso ($101.22 in chips) 
Seat 3: fretn ($92.55 in chips) 
Seat 4: mr.Jckpot ($100 in chips) 
Seat 5: Gfoer ($109 in chips) 
Seat 6: LeaveItYeah ($100 in chips) 
mr.Jckpot: posts small blind $0.50
Gfoer: posts big blind $1
*** HOLE CARDS ***
LeaveItYeah: folds 
OrioNCOOL: folds 
Rdalonso: raises $1.50 to $2.50
fretn: folds 
mr.Jckpot: folds 
Gfoer: calls $1.50
*** FLOP *** [Kc 9d 4c]
Gfoer: checks 
Rdalonso: bets $1.72
Gfoer: calls $1.72
*** TURN *** [Kc 9d 4c] [Ac]
Gfoer: checks 
Rdalonso: checks 
*** RIVER *** [Kc 9d 4c Ac] [9c]
Gfoer: checks 
Rdalonso: checks 
*** SHOW DOWN ***
Gfoer: shows [5s Ks] (two pair, Kings and Nines)
Rdalonso: shows [8s Ad] (two pair, Aces and Nines)
Rdalonso collected $8.49 from pot
*** SUMMARY ***
Total pot $8.94 | Rake $0.45 
Board [Kc 9d 4c Ac 9c]
Seat 1: OrioNCOOL folded before Flop (didn't bet)
Seat 2: Rdalonso showed [8s Ad] and won ($8.49) with two pair, Aces and Nines
Seat 3: fretn (button) folded before Flop (didn't bet)
Seat 4: mr.Jckpot (small blind) folded before Flop
Seat 5: Gfoer (big blind) showed [5s Ks] and lost with two pair, Kings and Nines
Seat 6: LeaveItYeah folded before Flop (didn't bet)



PokerStars Hand #254528885943:  Hold'em No Limit ($0.50/$1.00 USD) - 2025/01/24 13:57:15 WET [2025/01/24 8:57:15 ET]
Table 'Sorga IV' 6-max Seat #4 is the button
Seat 1: OrioNCOOL ($167.22 in chips) 
Seat 2: Rdalonso ($105.49 in chips) 
Seat 3: fretn ($92.55 in chips) 
Seat 4: mr.Jckpot ($100 in chips) 
Seat 5: Gfoer ($104.78 in chips) 
Seat 6: LeaveItYeah ($100 in chips) 
Gfoer: posts small blind $0.50
LeaveItYeah: posts big blind $1
*** HOLE CARDS ***
OrioNCOOL: folds 
Rdalonso: folds 
fretn: raises $1 to $2
mr.Jckpot: folds 
Gfoer: raises $10 to $12
LeaveItYeah: folds 
fretn: folds 
Uncalled bet ($10) returned to Gfoer
Gfoer collected $5 from pot
Gfoer: doesn't show hand 
*** SUMMARY ***
Total pot $5 | Rake $0 
Seat 1: OrioNCOOL folded before Flop (didn't bet)
Seat 2: Rdalonso folded before Flop (didn't bet)
Seat 3: fretn folded before Flop
Seat 4: mr.Jckpot (button) folded before Flop (didn't bet)
Seat 5: Gfoer (small blind) collected ($5)
Seat 6: LeaveItYeah (big blind) folded before Flop



PokerStars Hand #254528889485:  Hold'em No Limit ($0.50/$1.00 USD) - 2025/01/24 13:57:41 WET [2025/01/24 8:57:41 ET]
Table 'Sorga IV' 6-max Seat #5 is the button
Seat 1: OrioNCOOL ($167.22 in chips) 
Seat 2: Rdalonso ($105.49 in chips) 
Seat 3: fretn ($90.55 in chips) 
Seat 4: mr.Jckpot ($100 in chips) 
Seat 5: Gfoer ($107.78 in chips) 
Seat 6: LeaveItYeah ($100 in chips) 
LeaveItYeah: posts small blind $0.50
OrioNCOOL: posts big blind $1
*** HOLE CARDS ***
Rdalonso: folds 
fretn: folds 
mr.Jckpot: raises $1.50 to $2.50
Gfoer: folds 
LeaveItYeah: folds 
OrioNCOOL: folds 
Uncalled bet ($1.50) returned to mr.Jckpot
mr.Jckpot collected $2.50 from pot
mr.Jckpot: doesn't show hand 
*** SUMMARY ***
Total pot $2.50 | Rake $0 
Seat 1: OrioNCOOL (big blind) folded before Flop
Seat 2: Rdalonso folded before Flop (didn't bet)
Seat 3: fretn folded before Flop (didn't bet)
Seat 4: mr.Jckpot collected ($2.50)
Seat 5: Gfoer (button) folded before Flop (didn't bet)
Seat 6: LeaveItYeah (small blind) folded before Flop



PokerStars Hand #254528892043:  Hold'em No Limit ($0.50/$1.00 USD) - 2025/01/24 13:58:00 WET [2025/01/24 8:58:00 ET]
Table 'Sorga IV' 6-max Seat #6 is the button
Seat 1: OrioNCOOL ($166.22 in chips) 
Seat 2: Rdalonso ($105.49 in chips) 
Seat 3: fretn ($90.55 in chips) 
Seat 4: mr.Jckpot ($101.50 in chips) 
Seat 5: Gfoer ($107.78 in chips) 
Seat 6: LeaveItYeah ($100 in chips) 
OrioNCOOL: posts small blind $0.50
Rdalonso: posts big blind $1
*** HOLE CARDS ***
fretn: folds 
mr.Jckpot: raises $1.50 to $2.50
Gfoer: folds 
LeaveItYeah: folds 
OrioNCOOL: folds 
Rdalonso: calls $1.50
*** FLOP *** [7h Ad Qs]
Rdalonso: checks 
mr.Jckpot: bets $1.72
Rdalonso: calls $1.72
*** TURN *** [7h Ad Qs] [Td]
Rdalonso: checks 
mr.Jckpot: bets $2.80
Rdalonso: folds 
Uncalled bet ($2.80) returned to mr.Jckpot
mr.Jckpot collected $8.49 from pot
mr.Jckpot: doesn't show hand 
*** SUMMARY ***
Total pot $8.94 | Rake $0.45 
Board [7h Ad Qs Td]
Seat 1: OrioNCOOL (small blind) folded before Flop
Seat 2: Rdalonso (big blind) folded on the Turn
Seat 3: fretn folded before Flop (didn't bet)
Seat 4: mr.Jckpot collected ($8.49)
Seat 5: Gfoer folded before Flop (didn't bet)
Seat 6: LeaveItYeah (button) folded before Flop (didn't bet)



PokerStars Hand #254528898542:  Hold'em No Limit ($0.50/$1.00 USD) - 2025/01/24 13:58:47 WET [2025/01/24 8:58:47 ET]
Table 'Sorga IV' 6-max Seat #1 is the button
Seat 1: OrioNCOOL ($165.72 in chips) 
Seat 2: Rdalonso ($101.27 in chips) 
Seat 3: fretn ($90.55 in chips) 
Seat 4: mr.Jckpot ($105.77 in chips) 
Seat 5: Gfoer ($107.78 in chips) 
Seat 6: LeaveItYeah ($100 in chips) 
Rdalonso: posts small blind $0.50
fretn: posts big blind $1
*** HOLE CARDS ***
mr.Jckpot: folds 
Gfoer: folds 
LeaveItYeah: folds 
OrioNCOOL: raises $1.50 to $2.50
Rdalonso: raises $8.50 to $11
fretn: folds 
OrioNCOOL: folds 
Uncalled bet ($8.50) returned to Rdalonso
Rdalonso collected $6 from pot
Rdalonso: doesn't show hand 
*** SUMMARY ***
Total pot $6 | Rake $0 
Seat 1: OrioNCOOL (button) folded before Flop
Seat 2: Rdalonso (small blind) collected ($6)
Seat 3: fretn (big blind) folded before Flop
Seat 4: mr.Jckpot folded before Flop (didn't bet)
Seat 5: Gfoer folded before Flop (didn't bet)
Seat 6: LeaveItYeah folded before Flop (didn't bet)



PokerStars Hand #254528901356:  Hold'em No Limit ($0.50/$1.00 USD) - 2025/01/24 13:59:08 WET [2025/01/24 8:59:08 ET]
Table 'Sorga IV' 6-max Seat #2 is the button
Seat 1: OrioNCOOL ($163.22 in chips) 
Seat 2: Rdalonso ($104.77 in chips) 
Seat 3: fretn ($89.55 in chips) 
Seat 4: mr.Jckpot ($105.77 in chips) 
Seat 5: Gfoer ($107.78 in chips) 
Seat 6: LeaveItYeah ($100 in chips) 
fretn: posts small blind $0.50
mr.Jckpot: posts big blind $1
*** HOLE CARDS ***
Gfoer: folds 
LeaveItYeah: folds 
OrioNCOOL: folds 
Rdalonso: raises $1.50 to $2.50
fretn: calls $2
mr.Jckpot: folds 
*** FLOP *** [9h Td 5h]
fretn: checks 
Rdalonso: bets $1.88
fretn: calls $1.88
*** TURN *** [9h Td 5h] [7d]
fretn: checks 
Rdalonso: checks 
*** RIVER *** [9h Td 5h 7d] [7s]
fretn: checks 
Rdalonso: bets $6.95
fretn: folds 
Uncalled bet ($6.95) returned to Rdalonso
Rdalonso collected $9.27 from pot
Rdalonso: doesn't show hand 
*** SUMMARY ***
Total pot $9.76 | Rake $0.49 
Board [9h Td 5h 7d 7s]
Seat 1: OrioNCOOL folded before Flop (didn't bet)
Seat 2: Rdalonso (button) collected ($9.27)
Seat 3: fretn (small blind) folded on the River
Seat 4: mr.Jckpot (big blind) folded before Flop
Seat 5: Gfoer folded before Flop (didn't bet)
Seat 6: LeaveItYeah folded before Flop (didn't bet)



PokerStars Hand #254528908987:  Hold'em No Limit ($0.50/$1.00 USD) - 2025/01/24 14:00:04 WET [2025/01/24 9:00:04 ET]
Table 'Sorga IV' 6-max Seat #3 is the button
Seat 6: LeaveItYeah ($100 in chips) is sitting out
Seat 1: OrioNCOOL ($163.22 in chips) 
Seat 2: Rdalonso ($109.66 in chips) 
Seat 3: fretn ($85.17 in chips) 
Seat 4: mr.Jckpot ($104.77 in chips) 
Seat 5: Gfoer ($107.78 in chips) 
mr.Jckpot: posts small blind $0.50
Gfoer: posts big blind $1
*** HOLE CARDS ***
OrioNCOOL: folds 
Rdalonso: folds 
fretn: folds 
mr.Jckpot: folds 
Uncalled bet ($0.50) returned to Gfoer
Gfoer collected $1 from pot
Gfoer: doesn't show hand 
*** SUMMARY ***
Total pot $1 | Rake $0 
Seat 6: LeaveItYeah
Seat 1: OrioNCOOL folded before Flop (didn't bet)
Seat 2: Rdalonso folded before Flop (didn't bet)
Seat 3: fretn (button) folded before Flop (didn't bet)
Seat 4: mr.Jckpot (small blind) folded before Flop
Seat 5: Gfoer (big blind) collected ($1)



PokerStars Hand #254528910615:  Hold'em No Limit ($0.50/$1.00 USD) - 2025/01/24 14:00:15 WET [2025/01/24 9:00:15 ET]
Table 'Sorga IV' 6-max Seat #4 is the button
Seat 1: OrioNCOOL ($163.22 in chips) is sitting out
Seat 6: LeaveItYeah ($100 in chips) is sitting out
Seat 2: Rdalonso ($109.66 in chips) 
Seat 3: fretn ($85.17 in chips) 
Seat 4: mr.Jckpot ($104.27 in chips) 
Seat 5: Gfoer ($108.28 in chips) 
Gfoer: posts small blind $0.50
OrioNCOOL: is sitting out 
Rdalonso: posts big blind $1
*** HOLE CARDS ***
fretn: raises $2 to $3
mr.Jckpot: folds 
Gfoer: folds 
Rdalonso: folds 
Uncalled bet ($2) returned to fretn
fretn collected $2.50 from pot
*** SUMMARY ***
Total pot $2.50 | Rake $0 
Seat 1: OrioNCOOL
Seat 6: LeaveItYeah
Seat 2: Rdalonso (big blind) folded before Flop
Seat 3: fretn collected ($2.50)
Seat 4: mr.Jckpot (button) folded before Flop (didn't bet)
Seat 5: Gfoer (small blind) folded before Flop



PokerStars Hand #254528912762:  Hold'em No Limit ($0.50/$1.00 USD) - 2025/01/24 14:00:31 WET [2025/01/24 9:00:31 ET]
Table 'Sorga IV' 6-max Seat #5 is the button
Seat 1: OrioNCOOL ($163.22 in chips) is sitting out
Seat 6: LeaveItYeah ($100 in chips) is sitting out
Seat 2: Rdalonso ($108.66 in chips) 
Seat 3: fretn ($86.67 in chips) 
Seat 4: mr.Jckpot ($104.27 in chips) 
Seat 5: Gfoer ($107.78 in chips) 
Rdalonso: posts small blind $0.50
fretn: posts big blind $1
*** HOLE CARDS ***
mr.Jckpot: raises $1.50 to $2.50
Gfoer: folds 
Rdalonso: folds 
fretn: calls $1.50
*** FLOP *** [9c Th Qs]
fretn: checks 
mr.Jckpot: bets $1.72
fretn: folds 
Uncalled bet ($1.72) returned to mr.Jckpot
mr.Jckpot collected $5.22 from pot
mr.Jckpot: doesn't show hand 
*** SUMMARY ***
Total pot $5.50 | Rake $0.28 
Board [9c Th Qs]
Seat 1: OrioNCOOL
Seat 6: LeaveItYeah
Seat 2: Rdalonso (small blind) folded before Flop
Seat 3: fretn (big blind) folded on the Flop
Seat 4: mr.Jckpot collected ($5.22)
Seat 5: Gfoer (button) folded before Flop (didn't bet)



PokerStars Hand #254528916052:  Hold'em No Limit ($0.50/$1.00 USD) - 2025/01/24 14:00:52 WET [2025/01/24 9:00:52 ET]
Table 'Sorga IV' 6-max Seat #2 is the button
Seat 1: OrioNCOOL ($163.22 in chips) is sitting out
Seat 6: LeaveItYeah ($100 in chips) is sitting out
Seat 2: Rdalonso ($108.16 in chips) 
Seat 3: fretn ($84.17 in chips) 
Seat 4: mr.Jckpot ($106.99 in chips) 
Seat 5: Gfoer ($107.78 in chips) 
fretn: posts small blind $0.50
mr.Jckpot: posts big blind $1
*** HOLE CARDS ***
Gfoer: folds 
Rdalonso: folds 
fretn: folds 
Uncalled bet ($0.50) returned to mr.Jckpot
mr.Jckpot collected $1 from pot
mr.Jckpot: doesn't show hand 
*** SUMMARY ***
Total pot $1 | Rake $0 
Seat 1: OrioNCOOL
Seat 6: LeaveItYeah
Seat 2: Rdalonso (button) folded before Flop (didn't bet)
Seat 3: fretn (small blind) folded before Flop
Seat 4: mr.Jckpot (big blind) collected ($1)
Seat 5: Gfoer folded before Flop (didn't bet)



PokerStars Hand #254528917330:  Hold'em No Limit ($0.50/$1.00 USD) - 2025/01/24 14:01:00 WET [2025/01/24 9:01:00 ET]
Table 'Sorga IV' 6-max Seat #3 is the button
Seat 1: OrioNCOOL ($163.22 in chips) is sitting out
Seat 6: LeaveItYeah ($100 in chips) is sitting out
Seat 2: Rdalonso ($108.16 in chips) 
Seat 3: fretn ($83.67 in chips) 
Seat 4: mr.Jckpot ($107.49 in chips) 
Seat 5: Gfoer ($107.78 in chips) 
mr.Jckpot: posts small blind $0.50
Gfoer: posts big blind $1
*** HOLE CARDS ***
Rdalonso: raises $1.50 to $2.50
fretn: raises $6.50 to $9
mr.Jckpot: folds 
Gfoer: folds 
Rdalonso: folds 
Uncalled bet ($6.50) returned to fretn
fretn collected $6.50 from pot
*** SUMMARY ***
Total pot $6.50 | Rake $0 
Seat 1: OrioNCOOL
Seat 6: LeaveItYeah
Seat 2: Rdalonso folded before Flop
Seat 3: fretn (button) collected ($6.50)
Seat 4: mr.Jckpot (small blind) folded before Flop
Seat 5: Gfoer (big blind) folded before Flop



PokerStars Hand #254528921229:  Hold'em No Limit ($0.50/$1.00 USD) - 2025/01/24 14:01:24 WET [2025/01/24 9:01:24 ET]
Table 'Sorga IV' 6-max Seat #4 is the button
Seat 1: OrioNCOOL ($163.22 in chips) is sitting out
Seat 6: LeaveItYeah ($100 in chips) is sitting out
Seat 2: Rdalonso ($105.66 in chips) 
Seat 3: fretn ($87.67 in chips) 
Seat 4: mr.Jckpot ($106.99 in chips) 
Seat 5: Gfoer ($106.78 in chips) 
Gfoer: posts small blind $0.50
Rdalonso: posts big blind $1
*** HOLE CARDS ***
fretn: folds 
mr.Jckpot: folds 
Gfoer: raises $1.50 to $2.50
Rdalonso: calls $1.50
*** FLOP *** [6s 8h Kc]
Gfoer: bets $1.58
Rdalonso: calls $1.58
*** TURN *** [6s 8h Kc] [5h]
Gfoer: bets $6.31
Rdalonso: folds 
Uncalled bet ($6.31) returned to Gfoer
Gfoer collected $7.75 from pot
Gfoer: doesn't show hand 
*** SUMMARY ***
Total pot $8.16 | Rake $0.41 
Board [6s 8h Kc 5h]
Seat 1: OrioNCOOL
Seat 6: LeaveItYeah
Seat 2: Rdalonso (big blind) folded on the Turn
Seat 3: fretn folded before Flop (didn't bet)
Seat 4: mr.Jckpot (button) folded before Flop (didn't bet)
Seat 5: Gfoer (small blind) collected ($7.75)



PokerStars Hand #254528930186:  Hold'em No Limit ($0.50/$1.00 USD) - 2025/01/24 14:02:16 WET [2025/01/24 9:02:16 ET]
Table 'Sorga IV' 6-max Seat #5 is the button
Seat 1: OrioNCOOL ($163.22 in chips) is sitting out
Seat 6: LeaveItYeah ($100 in chips) is sitting out
Seat 2: Rdalonso ($101.58 in chips) 
Seat 3: fretn ($87.67 in chips) 
Seat 4: mr.Jckpot ($106.99 in chips) 
Seat 5: Gfoer ($110.45 in chips) 
Rdalonso: posts small blind $0.50
fretn: posts big blind $1
*** HOLE CARDS ***
mr.Jckpot: folds 
Gfoer: raises $1 to $2
Rdalonso: folds 
fretn: folds 
Uncalled bet ($1) returned to Gfoer
Gfoer collected $2.50 from pot
Gfoer: doesn't show hand 
*** SUMMARY ***
Total pot $2.50 | Rake $0 
Seat 1: OrioNCOOL
Seat 6: LeaveItYeah
Seat 2: Rdalonso (small blind) folded before Flop
Seat 3: fretn (big blind) folded before Flop
Seat 4: mr.Jckpot folded before Flop (didn't bet)
Seat 5: Gfoer (button) collected ($2.50)



PokerStars Hand #254528931905:  Hold'em No Limit ($0.50/$1.00 USD) - 2025/01/24 14:02:26 WET [2025/01/24 9:02:26 ET]
Table 'Sorga IV' 6-max Seat #2 is the button
Seat 1: OrioNCOOL ($163.22 in chips) is sitting out
Seat 6: LeaveItYeah ($100 in chips) is sitting out
Seat 2: Rdalonso ($101.08 in chips) 
Seat 3: fretn ($86.67 in chips) 
Seat 4: mr.Jckpot ($106.99 in chips) 
Seat 5: Gfoer ($111.95 in chips) 
fretn: posts small blind $0.50
mr.Jckpot: posts big blind $1
*** HOLE CARDS ***
Gfoer: raises $1.20 to $2.20
Rdalonso: folds 
fretn: folds 
mr.Jckpot: raises $9.80 to $12
Gfoer: folds 
Uncalled bet ($9.80) returned to mr.Jckpot
mr.Jckpot collected $4.90 from pot
mr.Jckpot: doesn't show hand 
*** SUMMARY ***
Total pot $4.90 | Rake $0 
Seat 1: OrioNCOOL
Seat 6: LeaveItYeah
Seat 2: Rdalonso (button) folded before Flop (didn't bet)
Seat 3: fretn (small blind) folded before Flop
Seat 4: mr.Jckpot (big blind) collected ($4.90)
Seat 5: Gfoer folded before Flop



PokerStars Hand #254528935273:  Hold'em No Limit ($0.50/$1.00 USD) - 2025/01/24 14:02:45 WET [2025/01/24 9:02:45 ET]
Table 'Sorga IV' 6-max Seat #3 is the button
Seat 1: OrioNCOOL ($163.22 in chips) is sitting out
Seat 6: LeaveItYeah ($100 in chips) is sitting out
Seat 2: Rdalonso ($101.08 in chips) 
Seat 3: fretn ($86.17 in chips) 
Seat 4: mr.Jckpot ($109.69 in chips) 
Seat 5: Gfoer ($109.75 in chips) 
mr.Jckpot: posts small blind $0.50
Gfoer: posts big blind $1
LeaveItYeah: sits out 
*** HOLE CARDS ***
Rdalonso: folds 
fretn: raises $2 to $3
mr.Jckpot: folds 
Gfoer: folds 
Uncalled bet ($2) returned to fretn
fretn collected $2.50 from pot
*** SUMMARY ***
Total pot $2.50 | Rake $0 
Seat 1: OrioNCOOL
Seat 6: LeaveItYeah
Seat 2: Rdalonso folded before Flop (didn't bet)
Seat 3: fretn (button) collected ($2.50)
Seat 4: mr.Jckpot (small blind) folded before Flop
Seat 5: Gfoer (big blind) folded before Flop



PokerStars Hand #254528937597:  Hold'em No Limit ($0.50/$1.00 USD) - 2025/01/24 14:02:58 WET [2025/01/24 9:02:58 ET]
Table 'Sorga IV' 6-max Seat #4 is the button
Seat 1: OrioNCOOL ($163.22 in chips) is sitting out
Seat 2: Rdalonso ($101.08 in chips) 
Seat 3: fretn ($87.67 in chips) 
Seat 4: mr.Jckpot ($109.19 in chips) 
Seat 5: Gfoer ($108.75 in chips) 
Seat 6: LeaveItYeah ($100 in chips) 
Gfoer: posts small blind $0.50
LeaveItYeah: posts big blind $1
*** HOLE CARDS ***
Rdalonso: folds 
fretn: raises $2 to $3
mr.Jckpot: folds 
Gfoer: folds 
LeaveItYeah: calls $2
*** FLOP *** [8c 4s Js]
LeaveItYeah: checks 
fretn: checks 
*** TURN *** [8c 4s Js] [Jd]
LeaveItYeah: checks 
fretn: checks 
*** RIVER *** [8c 4s Js Jd] [9h]
LeaveItYeah: checks 
fretn: checks 
*** SHOW DOWN ***
LeaveItYeah: shows [7d 7s] (two pair, Jacks and Sevens)
fretn: mucks hand 
LeaveItYeah collected $6.18 from pot
*** SUMMARY ***
Total pot $6.50 | Rake $0.32 
Board [8c 4s Js Jd 9h]
Seat 1: OrioNCOOL
Seat 2: Rdalonso folded before Flop (didn't bet)
Seat 3: fretn mucked
Seat 4: mr.Jckpot (button) folded before Flop (didn't bet)
Seat 5: Gfoer (small blind) folded before Flop
Seat 6: LeaveItYeah (big blind) showed [7d 7s] and won ($6.18) with two pair, Jacks and Sevens



PokerStars Hand #254528944097:  Hold'em No Limit ($0.50/$1.00 USD) - 2025/01/24 14:03:34 WET [2025/01/24 9:03:34 ET]
Table 'Sorga IV' 6-max Seat #5 is the button
Seat 1: OrioNCOOL ($163.22 in chips) is sitting out
Seat 2: Rdalonso ($101.08 in chips) 
Seat 3: fretn ($84.67 in chips) 
Seat 4: mr.Jckpot ($109.19 in chips) 
Seat 5: Gfoer ($108.25 in chips) 
Seat 6: LeaveItYeah ($103.18 in chips) 
LeaveItYeah: posts small blind $0.50
Rdalonso: posts big blind $1
*** HOLE CARDS ***
fretn: raises $2 to $3
mr.Jckpot: folds 
Gfoer: folds 
LeaveItYeah: folds 
Rdalonso: folds 
Uncalled bet ($2) returned to fretn
fretn collected $2.50 from pot
*** SUMMARY ***
Total pot $2.50 | Rake $0 
Seat 1: OrioNCOOL
Seat 2: Rdalonso (big blind) folded before Flop
Seat 3: fretn collected ($2.50)
Seat 4: mr.Jckpot folded before Flop (didn't bet)
Seat 5: Gfoer (button) folded before Flop (didn't bet)
Seat 6: LeaveItYeah (small blind) folded before Flop



PokerStars Hand #254528947517:  Hold'em No Limit ($0.50/$1.00 USD) - 2025/01/24 14:03:54 WET [2025/01/24 9:03:54 ET]
Table 'Sorga IV' 6-max Seat #6 is the button
Seat 1: OrioNCOOL ($163.22 in chips) is sitting out
Seat 2: Rdalonso ($100.08 in chips) 
Seat 3: fretn ($86.17 in chips) 
Seat 4: mr.Jckpot ($109.19 in chips) 
Seat 5: Gfoer ($108.25 in chips) 
Seat 6: LeaveItYeah ($102.68 in chips) 
Rdalonso: posts small blind $0.50
fretn: posts big blind $1
*** HOLE CARDS ***
mr.Jckpot: folds 
Gfoer: folds 
LeaveItYeah: raises $1.50 to $2.50
Rdalonso: folds 
fretn: folds 
Uncalled bet ($1.50) returned to LeaveItYeah
LeaveItYeah collected $2.50 from pot
LeaveItYeah: doesn't show hand 
*** SUMMARY ***
Total pot $2.50 | Rake $0 
Seat 1: OrioNCOOL
Seat 2: Rdalonso (small blind) folded before Flop
Seat 3: fretn (big blind) folded before Flop
Seat 4: mr.Jckpot folded before Flop (didn't bet)
Seat 5: Gfoer folded before Flop (didn't bet)
Seat 6: LeaveItYeah (button) collected ($2.50)



PokerStars Hand #254528950871:  Hold'em No Limit ($0.50/$1.00 USD) - 2025/01/24 14:04:13 WET [2025/01/24 9:04:13 ET]
Table 'Sorga IV' 6-max Seat #2 is the button
Seat 1: OrioNCOOL ($163.22 in chips) is sitting out
Seat 2: Rdalonso ($100 in chips) 
Seat 3: fretn ($85.17 in chips) 
Seat 4: mr.Jckpot ($109.19 in chips) 
Seat 5: Gfoer ($108.25 in chips) 
Seat 6: LeaveItYeah ($104.18 in chips) 
fretn: posts small blind $0.50
mr.Jckpot: posts big blind $1
*** HOLE CARDS ***
Gfoer: folds 
LeaveItYeah: folds 
Rdalonso: raises $1.50 to $2.50
fretn: raises $6 to $8.50
mr.Jckpot: raises $13 to $21.50
Rdalonso: folds 
fretn: calls $13
*** FLOP *** [8d 3c 8c]
fretn: checks 
mr.Jckpot: bets $20.50
fretn: folds 
Uncalled bet ($20.50) returned to mr.Jckpot
mr.Jckpot collected $43.22 from pot
mr.Jckpot: doesn't show hand 
*** SUMMARY ***
Total pot $45.50 | Rake $2.28 
Board [8d 3c 8c]
Seat 1: OrioNCOOL
Seat 2: Rdalonso (button) folded before Flop
Seat 3: fretn (small blind) folded on the Flop
Seat 4: mr.Jckpot (big blind) collected ($43.22)
Seat 5: Gfoer folded before Flop (didn't bet)
Seat 6: LeaveItYeah folded before Flop (didn't bet)



PokerStars Hand #254528958169:  Hold'em No Limit ($0.50/$1.00 USD) - 2025/01/24 14:04:55 WET [2025/01/24 9:04:55 ET]
Table 'Sorga IV' 6-max Seat #3 is the button
Seat 1: OrioNCOOL ($163.22 in chips) is sitting out
Seat 2: Rdalonso ($100 in chips) 
Seat 3: fretn ($63.67 in chips) 
Seat 4: mr.Jckpot ($130.91 in chips) 
Seat 5: Gfoer ($108.25 in chips) 
Seat 6: LeaveItYeah ($104.18 in chips) 
mr.Jckpot: posts small blind $0.50
Gfoer: posts big blind $1
OrioNCOOL: sits out 
*** HOLE CARDS ***
LeaveItYeah: folds 
Rdalonso: folds 
fretn: folds 
mr.Jckpot: raises $2 to $3
Gfoer: folds 
Uncalled bet ($2) returned to mr.Jckpot
mr.Jckpot collected $2 from pot
mr.Jckpot: doesn't show hand 
*** SUMMARY ***
Total pot $2 | Rake $0 
Seat 1: OrioNCOOL
Seat 2: Rdalonso folded before Flop (didn't bet)
Seat 3: fretn (button) folded before Flop (didn't bet)
Seat 4: mr.Jckpot (small blind) collected ($2)
Seat 5: Gfoer (big blind) folded before Flop
Seat 6: LeaveItYeah folded before Flop (didn't bet)



PokerStars Hand #254528960158:  Hold'em No Limit ($0.50/$1.00 USD) - 2025/01/24 14:05:05 WET [2025/01/24 9:05:05 ET]
Table 'Sorga IV' 6-max Seat #4 is the button
Seat 1: OrioNCOOL ($163.22 in chips) is sitting out
Seat 2: Rdalonso ($100 in chips) 
Seat 3: fretn ($63.67 in chips) 
Seat 4: mr.Jckpot ($131.91 in chips) 
Seat 5: Gfoer ($107.25 in chips) 
Seat 6: LeaveItYeah ($104.18 in chips) 
Gfoer: posts small blind $0.50
LeaveItYeah: posts big blind $1
OrioNCOOL: sits out 
*** HOLE CARDS ***
Rdalonso: raises $1.50 to $2.50
fretn: calls $2.50
mr.Jckpot: folds 
Gfoer: folds 
LeaveItYeah: folds 
*** FLOP *** [Jh 8h 3c]
Rdalonso: checks 
fretn: checks 
*** TURN *** [Jh 8h 3c] [Td]
Rdalonso: checks 
fretn: bets $3.09
Rdalonso: calls $3.09
*** RIVER *** [Jh 8h 3c Td] [Ah]
Rdalonso: checks 
fretn: checks 
*** SHOW DOWN ***
Rdalonso: shows [As Ks] (a pair of Aces)
fretn: mucks hand 
Rdalonso collected $12.05 from pot
*** SUMMARY ***
Total pot $12.68 | Rake $0.63 
Board [Jh 8h 3c Td Ah]
Seat 1: OrioNCOOL
Seat 2: Rdalonso showed [As Ks] and won ($12.05) with a pair of Aces
Seat 3: fretn mucked
Seat 4: mr.Jckpot (button) folded before Flop (didn't bet)
Seat 5: Gfoer (small blind) folded before Flop
Seat 6: LeaveItYeah (big blind) folded before Flop



PokerStars Hand #254528969596:  Hold'em No Limit ($0.50/$1.00 USD) - 2025/01/24 14:05:59 WET [2025/01/24 9:05:59 ET]
Table 'Sorga IV' 6-max Seat #5 is the button
Seat 1: OrioNCOOL ($163.22 in chips) 
Seat 2: Rdalonso ($106.46 in chips) 
Seat 3: fretn ($58.08 in chips) 
Seat 4: mr.Jckpot ($131.91 in chips) 
Seat 5: Gfoer ($106.75 in chips) 
Seat 6: LeaveItYeah ($103.18 in chips) 
LeaveItYeah: posts small blind $0.50
OrioNCOOL: posts big blind $1
*** HOLE CARDS ***
Rdalonso: folds 
fretn: folds 
mr.Jckpot: folds 
Gfoer: raises $1 to $2
LeaveItYeah: folds 
OrioNCOOL: calls $1
*** FLOP *** [8c 4d Qs]
OrioNCOOL: checks 
Gfoer: checks 
*** TURN *** [8c 4d Qs] [3c]
OrioNCOOL: checks 
Gfoer: checks 
*** RIVER *** [8c 4d Qs 3c] [Jh]
OrioNCOOL: checks 
Gfoer: checks 
*** SHOW DOWN ***
OrioNCOOL: shows [As 2s] (high card Ace)
Gfoer: shows [Ts Ah] (high card Ace - Queen+Jack+Ten kicker)
Gfoer collected $4.28 from pot
*** SUMMARY ***
Total pot $4.50 | Rake $0.22 
Board [8c 4d Qs 3c Jh]
Seat 1: OrioNCOOL (big blind) showed [As 2s] and lost with high card Ace
Seat 2: Rdalonso folded before Flop (didn't bet)
Seat 3: fretn folded before Flop (didn't bet)
Seat 4: mr.Jckpot folded before Flop (didn't bet)
Seat 5: Gfoer (button) showed [Ts Ah] and won ($4.28) with high card Ace
Seat 6: LeaveItYeah (small blind) folded before Flop



PokerStars Hand #254528975176:  Hold'em No Limit ($0.50/$1.00 USD) - 2025/01/24 14:06:30 WET [2025/01/24 9:06:30 ET]
Table 'Sorga IV' 6-max Seat #6 is the button
Seat 1: OrioNCOOL ($161.22 in chips) 
Seat 2: Rdalonso ($106.46 in chips) 
Seat 3: fretn ($100 in chips) 
Seat 4: mr.Jckpot ($131.91 in chips) 
Seat 5: Gfoer ($109.03 in chips) 
Seat 6: LeaveItYeah ($102.68 in chips) 
OrioNCOOL: posts small blind $0.50
Rdalonso: posts big blind $1
*** HOLE CARDS ***
fretn: raises $1 to $2
mr.Jckpot: folds 
Gfoer: folds 
LeaveItYeah: folds 
OrioNCOOL: raises $9 to $11
Rdalonso: folds 
fretn: calls $9
*** FLOP *** [Ac 3s Jc]
OrioNCOOL: bets $9.93
fretn: folds 
Uncalled bet ($9.93) returned to OrioNCOOL
OrioNCOOL collected $21.85 from pot
OrioNCOOL: doesn't show hand 
*** SUMMARY ***
Total pot $23 | Rake $1.15 
Board [Ac 3s Jc]
Seat 1: OrioNCOOL (small blind) collected ($21.85)
Seat 2: Rdalonso (big blind) folded before Flop
Seat 3: fretn folded on the Flop
Seat 4: mr.Jckpot folded before Flop (didn't bet)
Seat 5: Gfoer folded before Flop (didn't bet)
Seat 6: LeaveItYeah (button) folded before Flop (didn't bet)



PokerStars Hand #254528979198:  Hold'em No Limit ($0.50/$1.00 USD) - 2025/01/24 14:06:52 WET [2025/01/24 9:06:52 ET]
Table 'Sorga IV' 6-max Seat #1 is the button
Seat 1: OrioNCOOL ($172.07 in chips) 
Seat 2: Rdalonso ($105.46 in chips) 
Seat 3: fretn ($89 in chips) 
Seat 4: mr.Jckpot ($131.91 in chips) 
Seat 5: Gfoer ($109.03 in chips) 
Seat 6: LeaveItYeah ($102.68 in chips) 
Rdalonso: posts small blind $0.50
fretn: posts big blind $1
*** HOLE CARDS ***
mr.Jckpot: raises $1.50 to $2.50
Gfoer: folds 
LeaveItYeah: folds 
OrioNCOOL: folds 
Rdalonso: folds 
fretn: calls $1.50
*** FLOP *** [3s 3d 8h]
fretn: checks 
mr.Jckpot: bets $1.72
fretn: calls $1.72
*** TURN *** [3s 3d 8h] [5h]
fretn: checks 
mr.Jckpot: bets $6
fretn: calls $6
*** RIVER *** [3s 3d 8h 5h] [8d]
fretn: checks 
mr.Jckpot: bets $10.94
fretn: calls $10.94
*** SHOW DOWN ***
mr.Jckpot: shows [Qd Qc] (two pair, Queens and Eights)
fretn: mucks hand 
mr.Jckpot collected $40.68 from pot
*** SUMMARY ***
Total pot $42.82 | Rake $2.14 
Board [3s 3d 8h 5h 8d]
Seat 1: OrioNCOOL (button) folded before Flop (didn't bet)
Seat 2: Rdalonso (small blind) folded before Flop
Seat 3: fretn (big blind) mucked
Seat 4: mr.Jckpot showed [Qd Qc] and won ($40.68) with two pair, Queens and Eights
Seat 5: Gfoer folded before Flop (didn't bet)
Seat 6: LeaveItYeah folded before Flop (didn't bet)



PokerStars Hand #254528984865:  Hold'em No Limit ($0.50/$1.00 USD) - 2025/01/24 14:07:25 WET [2025/01/24 9:07:25 ET]
Table 'Sorga IV' 6-max Seat #2 is the button
Seat 1: OrioNCOOL ($172.07 in chips) 
Seat 2: Rdalonso ($104.96 in chips) 
Seat 3: fretn ($67.84 in chips) 
Seat 4: mr.Jckpot ($151.43 in chips) 
Seat 5: Gfoer ($109.03 in chips) 
Seat 6: LeaveItYeah ($102.68 in chips) 
fretn: posts small blind $0.50
mr.Jckpot: posts big blind $1
*** HOLE CARDS ***
Gfoer: folds 
LeaveItYeah: raises $1.10 to $2.10
OrioNCOOL: raises $5.70 to $7.80
Rdalonso: folds 
fretn: folds 
mr.Jckpot: folds 
LeaveItYeah: raises $13.20 to $21
OrioNCOOL: raises $151.07 to $172.07 and is all-in
LeaveItYeah: calls $81.68 and is all-in
Uncalled bet ($69.39) returned to OrioNCOOL
*** FIRST FLOP *** [9s Jh Tc]
*** FIRST TURN *** [9s Jh Tc] [2h]
*** FIRST RIVER *** [9s Jh Tc 2h] [3s]
*** SECOND FLOP *** [4c Kd 6s]
*** SECOND TURN *** [4c Kd 6s] [Ts]
*** SECOND RIVER *** [4c Kd 6s Ts] [6c]
*** FIRST SHOW DOWN ***
LeaveItYeah: shows [Kc Ks] (a pair of Kings)
OrioNCOOL: shows [Qd As] (high card Ace)
LeaveItYeah collected $102.18 from pot
*** SECOND SHOW DOWN ***
LeaveItYeah: shows [Kc Ks] (a full house, Kings full of Sixes)
OrioNCOOL: shows [Qd As] (a pair of Sixes)
LeaveItYeah collected $102.18 from pot
*** SUMMARY ***
Total pot $206.86 | Rake $2.50 
Hand was run twice
FIRST Board [9s Jh Tc 2h 3s]
SECOND Board [4c Kd 6s Ts 6c]
Seat 1: OrioNCOOL showed [Qd As] and lost with high card Ace, and lost with a pair of Sixes
Seat 2: Rdalonso (button) folded before Flop (didn't bet)
Seat 3: fretn (small blind) folded before Flop
Seat 4: mr.Jckpot (big blind) folded before Flop
Seat 5: Gfoer folded before Flop (didn't bet)
Seat 6: LeaveItYeah showed [Kc Ks] and won ($102.18) with a pair of Kings, and won ($102.18) with a full house, Kings full of Sixes



PokerStars Hand #254528995344:  Hold'em No Limit ($0.50/$1.00 USD) - 2025/01/24 14:08:24 WET [2025/01/24 9:08:24 ET]
Table 'Sorga IV' 6-max Seat #3 is the button
Seat 1: OrioNCOOL ($100 in chips) 
Seat 2: Rdalonso ($104.96 in chips) 
Seat 3: fretn ($77.62 in chips) 
Seat 4: mr.Jckpot ($150.43 in chips) 
Seat 5: Gfoer ($109.03 in chips) 
Seat 6: LeaveItYeah ($204.36 in chips) 
mr.Jckpot: posts small blind $0.50
Gfoer: posts big blind $1
*** HOLE CARDS ***
LeaveItYeah: folds 
OrioNCOOL: folds 
Rdalonso: raises $1.50 to $2.50
fretn: calls $2.50
mr.Jckpot: folds 
Gfoer: folds 
*** FLOP *** [2c 7s Th]
Rdalonso: checks 
fretn: bets $3.09
Rdalonso: calls $3.09
*** TURN *** [2c 7s Th] [2h]
Rdalonso: checks 
fretn: bets $6.03
Rdalonso: calls $6.03
*** RIVER *** [2c 7s Th 2h] [Jd]
Rdalonso: checks 
fretn: checks 
*** SHOW DOWN ***
Rdalonso: shows [9h 9c] (two pair, Nines and Deuces)
fretn: mucks hand 
Rdalonso collected $23.50 from pot
*** SUMMARY ***
Total pot $24.74 | Rake $1.24 
Board [2c 7s Th 2h Jd]
Seat 1: OrioNCOOL folded before Flop (didn't bet)
Seat 2: Rdalonso showed [9h 9c] and won ($23.50) with two pair, Nines and Deuces
Seat 3: fretn (button) mucked
Seat 4: mr.Jckpot (small blind) folded before Flop
Seat 5: Gfoer (big blind) folded before Flop
Seat 6: LeaveItYeah folded before Flop (didn't bet)



PokerStars Hand #254529006357:  Hold'em No Limit ($0.50/$1.00 USD) - 2025/01/24 14:09:26 WET [2025/01/24 9:09:26 ET]
Table 'Sorga IV' 6-max Seat #4 is the button
Seat 1: OrioNCOOL ($100 in chips) 
Seat 2: Rdalonso ($116.84 in chips) 
Seat 3: fretn ($66 in chips) 
Seat 4: mr.Jckpot ($149.93 in chips) 
Seat 5: Gfoer ($108.03 in chips) 
Seat 6: LeaveItYeah ($204.36 in chips) 
Gfoer: posts small blind $0.50
LeaveItYeah: posts big blind $1
*** HOLE CARDS ***
OrioNCOOL: folds 
Rdalonso: folds 
fretn: calls $1
mr.Jckpot: raises $2.50 to $3.50
Gfoer: folds 
LeaveItYeah: folds 
fretn: calls $2.50
*** FLOP *** [4d 9d 3d]
fretn: checks 
mr.Jckpot: bets $2.67
fretn: calls $2.67
*** TURN *** [4d 9d 3d] [Td]
fretn: checks 
mr.Jckpot: bets $4.34
fretn: calls $4.34
*** RIVER *** [4d 9d 3d Td] [3c]
fretn: checks 
mr.Jckpot: bets $9
fretn: calls $9
*** SHOW DOWN ***
mr.Jckpot: shows [Qd Ks] (a flush, Queen high)
fretn: mucks hand 
mr.Jckpot collected $38.49 from pot
*** SUMMARY ***
Total pot $40.52 | Rake $2.03 
Board [4d 9d 3d Td 3c]
Seat 1: OrioNCOOL folded before Flop (didn't bet)
Seat 2: Rdalonso folded before Flop (didn't bet)
Seat 3: fretn mucked
Seat 4: mr.Jckpot (button) showed [Qd Ks] and won ($38.49) with a flush, Queen high
Seat 5: Gfoer (small blind) folded before Flop
Seat 6: LeaveItYeah (big blind) folded before Flop



PokerStars Hand #254529014194:  Hold'em No Limit ($0.50/$1.00 USD) - 2025/01/24 14:10:10 WET [2025/01/24 9:10:10 ET]
Table 'Sorga IV' 6-max Seat #5 is the button
Seat 1: OrioNCOOL ($100 in chips) 
Seat 2: Rdalonso ($116.84 in chips) 
Seat 3: fretn ($46.49 in chips) 
Seat 4: mr.Jckpot ($168.91 in chips) 
Seat 5: Gfoer ($107.53 in chips) 
Seat 6: LeaveItYeah ($203.36 in chips) 
LeaveItYeah: posts small blind $0.50
OrioNCOOL: posts big blind $1
*** HOLE CARDS ***
Rdalonso: folds 
fretn: folds 
mr.Jckpot: folds 
Gfoer: folds 
fretn leaves the table
LeaveItYeah: folds 
Uncalled bet ($0.50) returned to OrioNCOOL
OrioNCOOL collected $1 from pot
OrioNCOOL: doesn't show hand 
*** SUMMARY ***
Total pot $1 | Rake $0 
Seat 1: OrioNCOOL (big blind) collected ($1)
Seat 2: Rdalonso folded before Flop (didn't bet)
Seat 3: fretn folded before Flop (didn't bet)
Seat 4: mr.Jckpot folded before Flop (didn't bet)
Seat 5: Gfoer (button) folded before Flop (didn't bet)
Seat 6: LeaveItYeah (small blind) folded before Flop



PokerStars Hand #254529016850:  Hold'em No Limit ($0.50/$1.00 USD) - 2025/01/24 14:10:25 WET [2025/01/24 9:10:25 ET]
Table 'Sorga IV' 6-max Seat #6 is the button
Seat 1: OrioNCOOL ($100.50 in chips) 
Seat 2: Rdalonso ($116.84 in chips) 
Seat 4: mr.Jckpot ($168.91 in chips) 
Seat 5: Gfoer ($107.53 in chips) 
Seat 6: LeaveItYeah ($202.86 in chips) 
OrioNCOOL: posts small blind $0.50
Rdalonso: posts big blind $1
*** HOLE CARDS ***
mr.Jckpot: folds 
Gfoer: folds 
Red4erT joins the table at seat #3 
LeaveItYeah: folds 
OrioNCOOL: folds 
Uncalled bet ($0.50) returned to Rdalonso
Rdalonso collected $1 from pot
Rdalonso: doesn't show hand 
*** SUMMARY ***
Total pot $1 | Rake $0 
Seat 1: OrioNCOOL (small blind) folded before Flop
Seat 2: Rdalonso (big blind) collected ($1)
Seat 4: mr.Jckpot folded before Flop (didn't bet)
Seat 5: Gfoer folded before Flop (didn't bet)
Seat 6: LeaveItYeah (button) folded before Flop (didn't bet)



PokerStars Hand #254529018649:  Hold'em No Limit ($0.50/$1.00 USD) - 2025/01/24 14:10:35 WET [2025/01/24 9:10:35 ET]
Table 'Sorga IV' 6-max Seat #1 is the button
Seat 1: OrioNCOOL ($100 in chips) 
Seat 2: Rdalonso ($117.34 in chips) 
Seat 3: Red4erT ($40 in chips) 
Seat 4: mr.Jckpot ($168.91 in chips) 
Seat 5: Gfoer ($107.53 in chips) 
Seat 6: LeaveItYeah ($202.86 in chips) 
Rdalonso: posts small blind $0.50
Red4erT: posts big blind $1
*** HOLE CARDS ***
mr.Jckpot: raises $1.50 to $2.50
Gfoer: folds 
LeaveItYeah: folds 
OrioNCOOL: folds 
Rdalonso: folds 
Red4erT: calls $1.50
*** FLOP *** [Qh 8d Ts]
Red4erT: checks 
mr.Jckpot: bets $1.72
Red4erT: folds 
Uncalled bet ($1.72) returned to mr.Jckpot
mr.Jckpot collected $5.22 from pot
mr.Jckpot: doesn't show hand 
*** SUMMARY ***
Total pot $5.50 | Rake $0.28 
Board [Qh 8d Ts]
Seat 1: OrioNCOOL (button) folded before Flop (didn't bet)
Seat 2: Rdalonso (small blind) folded before Flop
Seat 3: Red4erT (big blind) folded on the Flop
Seat 4: mr.Jckpot collected ($5.22)
Seat 5: Gfoer folded before Flop (didn't bet)
Seat 6: LeaveItYeah folded before Flop (didn't bet)



PokerStars Hand #254529025163:  Hold'em No Limit ($0.50/$1.00 USD) - 2025/01/24 14:11:12 WET [2025/01/24 9:11:12 ET]
Table 'Sorga IV' 6-max Seat #2 is the button
Seat 4: mr.Jckpot ($171.63 in chips) is sitting out
Seat 5: Gfoer ($107.53 in chips) is sitting out
Seat 1: OrioNCOOL ($100 in chips) 
Seat 2: Rdalonso ($116.84 in chips) 
Seat 3: Red4erT ($37.50 in chips) 
Seat 6: LeaveItYeah ($202.86 in chips) 
Red4erT: posts small blind $0.50
mr.Jckpot: is sitting out 
Gfoer: is sitting out 
LeaveItYeah: posts big blind $1
*** HOLE CARDS ***
mr.Jckpot leaves the table
OrioNCOOL: raises $1.50 to $2.50
Gfoer leaves the table
Rdalonso: folds 
Red4erT: folds 
LeaveItYeah: folds 
Uncalled bet ($1.50) returned to OrioNCOOL
OrioNCOOL collected $2.50 from pot
OrioNCOOL: doesn't show hand 
*** SUMMARY ***
Total pot $2.50 | Rake $0 
Seat 4: mr.Jckpot
Seat 5: Gfoer
Seat 1: OrioNCOOL collected ($2.50)
Seat 2: Rdalonso (button) folded before Flop (didn't bet)
Seat 3: Red4erT (small blind) folded before Flop
Seat 6: LeaveItYeah (big blind) folded before Flop



PokerStars Hand #254529027454:  Hold'em No Limit ($0.50/$1.00 USD) - 2025/01/24 14:11:25 WET [2025/01/24 9:11:25 ET]
Table 'Sorga IV' 6-max Seat #3 is the button
Seat 1: OrioNCOOL ($101.50 in chips) is sitting out
Seat 2: Rdalonso ($116.84 in chips) 
Seat 3: Red4erT ($37 in chips) 
Seat 6: LeaveItYeah ($201.86 in chips) 
LeaveItYeah: posts small blind $0.50
Rdalonso: posts big blind $1
*** HOLE CARDS ***
OrioNCOOL leaves the table
Red4erT: folds 
LeaveItYeah: folds 
Uncalled bet ($0.50) returned to Rdalonso
Rdalonso collected $1 from pot
Rdalonso: doesn't show hand 
*** SUMMARY ***
Total pot $1 | Rake $0 
Seat 1: OrioNCOOL
Seat 2: Rdalonso (big blind) collected ($1)
Seat 3: Red4erT (button) folded before Flop (didn't bet)
Seat 6: LeaveItYeah (small blind) folded before Flop



PokerStars Hand #254529030629:  Hold'em No Limit ($0.50/$1.00 USD) - 2025/01/24 14:11:42 WET [2025/01/24 9:11:42 ET]
Table 'Sorga IV' 6-max Seat #6 is the button
Seat 2: Rdalonso ($117.34 in chips) 
Seat 3: Red4erT ($37 in chips) 
Seat 6: LeaveItYeah ($201.36 in chips) 
Rdalonso: posts small blind $0.50
Red4erT: posts big blind $1
*** HOLE CARDS ***
LeaveItYeah: raises $1.50 to $2.50
Rdalonso: raises $8.50 to $11
Red4erT: folds 
LeaveItYeah: folds 
Uncalled bet ($8.50) returned to Rdalonso
Rdalonso collected $6 from pot
Rdalonso: doesn't show hand 
*** SUMMARY ***
Total pot $6 | Rake $0 
Seat 2: Rdalonso (small blind) collected ($6)
Seat 3: Red4erT (big blind) folded before Flop
Seat 6: LeaveItYeah (button) folded before Flop



PokerStars Hand #254529035749:  Hold'em No Limit ($0.50/$1.00 USD) - 2025/01/24 14:12:11 WET [2025/01/24 9:12:11 ET]
Table 'Sorga IV' 6-max Seat #2 is the button
Seat 2: Rdalonso ($120.84 in chips) 
Seat 3: Red4erT ($36 in chips) 
Seat 6: LeaveItYeah ($198.86 in chips) 
Red4erT: posts small blind $0.50
LeaveItYeah: posts big blind $1
*** HOLE CARDS ***
Rdalonso: folds 
Red4erT: folds 
Uncalled bet ($0.50) returned to LeaveItYeah
LeaveItYeah collected $1 from pot
LeaveItYeah: doesn't show hand 
*** SUMMARY ***
Total pot $1 | Rake $0 
Seat 2: Rdalonso (button) folded before Flop (didn't bet)
Seat 3: Red4erT (small blind) folded before Flop
Seat 6: LeaveItYeah (big blind) collected ($1)



PokerStars Hand #254529037354:  Hold'em No Limit ($0.50/$1.00 USD) - 2025/01/24 14:12:20 WET [2025/01/24 9:12:20 ET]
Table 'Sorga IV' 6-max Seat #6 is the button
Seat 2: Rdalonso ($120.84 in chips) is sitting out
Seat 3: Red4erT ($35.50 in chips) 
Seat 6: LeaveItYeah ($199.36 in chips) 
LeaveItYeah: posts small blind $0.50
Rdalonso: is sitting out 
Red4erT: posts big blind $1
*** HOLE CARDS ***
Rdalonso leaves the table
LeaveItYeah: raises $1.50 to $2.50
gohome78 joins the table at seat #1 
Red4erT: raises $5 to $7.50
LeaveItYeah: folds 
Uncalled bet ($5) returned to Red4erT
Red4erT collected $5 from pot
Red4erT: doesn't show hand 
*** SUMMARY ***
Total pot $5 | Rake $0 
Seat 2: Rdalonso
Seat 3: Red4erT (big blind) collected ($5)
Seat 6: LeaveItYeah (button) (small blind) folded before Flop



PokerStars Hand #254529041653:  Hold'em No Limit ($0.50/$1.00 USD) - 2025/01/24 14:12:44 WET [2025/01/24 9:12:44 ET]
Table 'Sorga IV' 6-max Seat #3 is the button
Seat 1: gohome78 ($10 in chips) 
Seat 3: Red4erT ($38 in chips) 
Seat 6: LeaveItYeah ($196.86 in chips) 
LeaveItYeah: posts small blind $0.50
gohome78: posts big blind $1
*** HOLE CARDS ***
Red4erT: raises $1 to $2
LeaveItYeah: folds 
gohome78: calls $1
*** FLOP *** [Ts 3h 3c]
gohome78: checks 
Red4erT: bets $1
gohome78: folds 
Uncalled bet ($1) returned to Red4erT
Red4erT collected $4.28 from pot
Red4erT: doesn't show hand 
*** SUMMARY ***
Total pot $4.50 | Rake $0.22 
Board [Ts 3h 3c]
Seat 1: gohome78 (big blind) folded on the Flop
Seat 3: Red4erT (button) collected ($4.28)
Seat 6: LeaveItYeah (small blind) folded before Flop



PokerStars Hand #254529045338:  Hold'em No Limit ($0.50/$1.00 USD) - 2025/01/24 14:13:05 WET [2025/01/24 9:13:05 ET]
Table 'Sorga IV' 6-max Seat #6 is the button
Seat 1: gohome78 ($8 in chips) 
Seat 3: Red4erT ($40.28 in chips) 
Seat 6: LeaveItYeah ($196.36 in chips) 
gohome78: posts small blind $0.50
Red4erT: posts big blind $1
*** HOLE CARDS ***
LeaveItYeah: folds 
gohome78: raises $7 to $8 and is all-in
Red4erT: folds 
Uncalled bet ($7) returned to gohome78
gohome78 collected $2 from pot
*** SUMMARY ***
Total pot $2 | Rake $0 
Seat 1: gohome78 (small blind) collected ($2)
Seat 3: Red4erT (big blind) folded before Flop
Seat 6: LeaveItYeah (button) folded before Flop (didn't bet)



PokerStars Hand #254529048274:  Hold'em No Limit ($0.50/$1.00 USD) - 2025/01/24 14:13:21 WET [2025/01/24 9:13:21 ET]
Table 'Sorga IV' 6-max Seat #1 is the button
Seat 1: gohome78 ($9 in chips) 
Seat 3: Red4erT ($39.28 in chips) 
Seat 6: LeaveItYeah ($196.36 in chips) 
Red4erT: posts small blind $0.50
LeaveItYeah: posts big blind $1
*** HOLE CARDS ***
gohome78: folds 
Red4erT: folds 
Uncalled bet ($0.50) returned to LeaveItYeah
LeaveItYeah collected $1 from pot
LeaveItYeah: doesn't show hand 
*** SUMMARY ***
Total pot $1 | Rake $0 
Seat 1: gohome78 (button) folded before Flop (didn't bet)
Seat 3: Red4erT (small blind) folded before Flop
Seat 6: LeaveItYeah (big blind) collected ($1)



PokerStars Hand #254529049750:  Hold'em No Limit ($0.50/$1.00 USD) - 2025/01/24 14:13:30 WET [2025/01/24 9:13:30 ET]
Table 'Sorga IV' 6-max Seat #3 is the button
Seat 1: gohome78 ($9 in chips) 
Seat 3: Red4erT ($38.78 in chips) 
Seat 6: LeaveItYeah ($196.86 in chips) 
LeaveItYeah: posts small blind $0.50
gohome78: posts big blind $1
*** HOLE CARDS ***
Red4erT: folds 
LeaveItYeah: folds 
Uncalled bet ($0.50) returned to gohome78
gohome78 collected $1 from pot
*** SUMMARY ***
Total pot $1 | Rake $0 
Seat 1: gohome78 (big blind) collected ($1)
Seat 3: Red4erT (button) folded before Flop (didn't bet)
Seat 6: LeaveItYeah (small blind) folded before Flop



PokerStars Hand #254529051554:  Hold'em No Limit ($0.50/$1.00 USD) - 2025/01/24 14:13:40 WET [2025/01/24 9:13:40 ET]
Table 'Sorga IV' 6-max Seat #6 is the button
Seat 1: gohome78 ($9.50 in chips) 
Seat 3: Red4erT ($38.78 in chips) 
Seat 6: LeaveItYeah ($196.36 in chips) 
gohome78: posts small blind $0.50
Red4erT: posts big blind $1
*** HOLE CARDS ***
LeaveItYeah: raises $1.50 to $2.50
gohome78: folds 
Red4erT: folds 
Uncalled bet ($1.50) returned to LeaveItYeah
LeaveItYeah collected $2.50 from pot
LeaveItYeah: doesn't show hand 
*** SUMMARY ***
Total pot $2.50 | Rake $0 
Seat 1: gohome78 (small blind) folded before Flop
Seat 3: Red4erT (big blind) folded before Flop
Seat 6: LeaveItYeah (button) collected ($2.50)



PokerStars Hand #254529053903:  Hold'em No Limit ($0.50/$1.00 USD) - 2025/01/24 14:13:53 WET [2025/01/24 9:13:53 ET]
Table 'Sorga IV' 6-max Seat #1 is the button
Seat 1: gohome78 ($9 in chips) 
Seat 3: Red4erT ($37.78 in chips) 
Seat 6: LeaveItYeah ($197.86 in chips) 
Red4erT: posts small blind $0.50
LeaveItYeah: posts big blind $1
*** HOLE CARDS ***
gohome78: folds 
Red4erT: raises $2 to $3
LeaveItYeah: raises $194.86 to $197.86 and is all-in
Red4erT: folds 
Uncalled bet ($194.86) returned to LeaveItYeah
LeaveItYeah collected $6 from pot
LeaveItYeah: doesn't show hand 
*** SUMMARY ***
Total pot $6 | Rake $0 
Seat 1: gohome78 (button) folded before Flop (didn't bet)
Seat 3: Red4erT (small blind) folded before Flop
Seat 6: LeaveItYeah (big blind) collected ($6)



PokerStars Hand #254529059471:  Hold'em No Limit ($0.50/$1.00 USD) - 2025/01/24 14:14:25 WET [2025/01/24 9:14:25 ET]
Table 'Sorga IV' 6-max Seat #3 is the button
Seat 1: gohome78 ($9 in chips) 
Seat 3: Red4erT ($34.78 in chips) 
Seat 6: LeaveItYeah ($200.86 in chips) 
LeaveItYeah: posts small blind $0.50
gohome78: posts big blind $1
*** HOLE CARDS ***
Red4erT: folds 
LeaveItYeah: raises $199.86 to $200.86 and is all-in
gohome78: folds 
Uncalled bet ($199.86) returned to LeaveItYeah
LeaveItYeah collected $2 from pot
LeaveItYeah: doesn't show hand 
*** SUMMARY ***
Total pot $2 | Rake $0 
Seat 1: gohome78 (big blind) folded before Flop
Seat 3: Red4erT (button) folded before Flop (didn't bet)
Seat 6: LeaveItYeah (small blind) collected ($2)



PokerStars Hand #254529062108:  Hold'em No Limit ($0.50/$1.00 USD) - 2025/01/24 14:14:39 WET [2025/01/24 9:14:39 ET]
Table 'Sorga IV' 6-max Seat #6 is the button
Seat 1: gohome78 ($8 in chips) 
Seat 3: Red4erT ($34.78 in chips) 
Seat 6: LeaveItYeah ($201.86 in chips) 
gohome78: posts small blind $0.50
Red4erT: posts big blind $1
*** HOLE CARDS ***
LeaveItYeah: folds 
gohome78: raises $7 to $8 and is all-in
Red4erT: folds 
Uncalled bet ($7) returned to gohome78
gohome78 collected $2 from pot
*** SUMMARY ***
Total pot $2 | Rake $0 
Seat 1: gohome78 (small blind) collected ($2)
Seat 3: Red4erT (big blind) folded before Flop
Seat 6: LeaveItYeah (button) folded before Flop (didn't bet)



PokerStars Hand #254529065228:  Hold'em No Limit ($0.50/$1.00 USD) - 2025/01/24 14:14:57 WET [2025/01/24 9:14:57 ET]
Table 'Sorga IV' 6-max Seat #1 is the button
Seat 1: gohome78 ($9 in chips) 
Seat 3: Red4erT ($33.78 in chips) 
Seat 6: LeaveItYeah ($201.86 in chips) 
Red4erT: posts small blind $0.50
LeaveItYeah: posts big blind $1
*** HOLE CARDS ***
gohome78: folds 
Red4erT: raises $2 to $3
LeaveItYeah: folds 
Uncalled bet ($2) returned to Red4erT
Red4erT collected $2 from pot
Red4erT: doesn't show hand 
*** SUMMARY ***
Total pot $2 | Rake $0 
Seat 1: gohome78 (button) folded before Flop (didn't bet)
Seat 3: Red4erT (small blind) collected ($2)
Seat 6: LeaveItYeah (big blind) folded before Flop



PokerStars Hand #254529067216:  Hold'em No Limit ($0.50/$1.00 USD) - 2025/01/24 14:15:08 WET [2025/01/24 9:15:08 ET]
Table 'Sorga IV' 6-max Seat #3 is the button
Seat 1: gohome78 ($9 in chips) 
Seat 3: Red4erT ($34.78 in chips) 
Seat 6: LeaveItYeah ($200.86 in chips) 
LeaveItYeah: posts small blind $0.50
gohome78: posts big blind $1
*** HOLE CARDS ***
Red4erT: folds 
LeaveItYeah: folds 
Uncalled bet ($0.50) returned to gohome78
gohome78 collected $1 from pot
*** SUMMARY ***
Total pot $1 | Rake $0 
Seat 1: gohome78 (big blind) collected ($1)
Seat 3: Red4erT (button) folded before Flop (didn't bet)
Seat 6: LeaveItYeah (small blind) folded before Flop



PokerStars Hand #254529068712:  Hold'em No Limit ($0.50/$1.00 USD) - 2025/01/24 14:15:17 WET [2025/01/24 9:15:17 ET]
Table 'Sorga IV' 6-max Seat #6 is the button
Seat 1: gohome78 ($9.50 in chips) 
Seat 3: Red4erT ($34.78 in chips) 
Seat 6: LeaveItYeah ($200.36 in chips) 
gohome78: posts small blind $0.50
Red4erT: posts big blind $1
*** HOLE CARDS ***
LeaveItYeah: folds 
gohome78: raises $8.50 to $9.50 and is all-in
Red4erT: folds 
Uncalled bet ($8.50) returned to gohome78
gohome78 collected $2 from pot
*** SUMMARY ***
Total pot $2 | Rake $0 
Seat 1: gohome78 (small blind) collected ($2)
Seat 3: Red4erT (big blind) folded before Flop
Seat 6: LeaveItYeah (button) folded before Flop (didn't bet)



PokerStars Hand #254529071675:  Hold'em No Limit ($0.50/$1.00 USD) - 2025/01/24 14:15:33 WET [2025/01/24 9:15:33 ET]
Table 'Sorga IV' 6-max Seat #1 is the button
Seat 1: gohome78 ($10.50 in chips) 
Seat 3: Red4erT ($33.78 in chips) 
Seat 6: LeaveItYeah ($200.36 in chips) 
Red4erT: posts small blind $0.50
LeaveItYeah: posts big blind $1
*** HOLE CARDS ***
gohome78: folds 
Red4erT: raises $2 to $3
LeaveItYeah: folds 
Uncalled bet ($2) returned to Red4erT
Red4erT collected $2 from pot
Red4erT: doesn't show hand 
*** SUMMARY ***
Total pot $2 | Rake $0 
Seat 1: gohome78 (button) folded before Flop (didn't bet)
Seat 3: Red4erT (small blind) collected ($2)
Seat 6: LeaveItYeah (big blind) folded before Flop



PokerStars Hand #254529076146:  Hold'em No Limit ($0.50/$1.00 USD) - 2025/01/24 14:15:58 WET [2025/01/24 9:15:58 ET]
Table 'Sorga IV' 6-max Seat #3 is the button
Seat 1: gohome78 ($10.50 in chips) 
Seat 3: Red4erT ($34.78 in chips) 
Seat 6: LeaveItYeah ($199.36 in chips) 
LeaveItYeah: posts small blind $0.50
gohome78: posts big blind $1
*** HOLE CARDS ***
Red4erT: folds 
LeaveItYeah: folds 
Uncalled bet ($0.50) returned to gohome78
gohome78 collected $1 from pot
*** SUMMARY ***
Total pot $1 | Rake $0 
Seat 1: gohome78 (big blind) collected ($1)
Seat 3: Red4erT (button) folded before Flop (didn't bet)
Seat 6: LeaveItYeah (small blind) folded before Flop



PokerStars Hand #254529078397:  Hold'em No Limit ($0.50/$1.00 USD) - 2025/01/24 14:16:11 WET [2025/01/24 9:16:11 ET]
Table 'Sorga IV' 6-max Seat #6 is the button
Seat 1: gohome78 ($11 in chips) 
Seat 3: Red4erT ($34.78 in chips) 
Seat 6: LeaveItYeah ($198.86 in chips) 
gohome78: posts small blind $0.50
Red4erT: posts big blind $1
*** HOLE CARDS ***
LeaveItYeah: folds 
gohome78: calls $0.50
Red4erT: checks 
*** FLOP *** [6h Ac 8s]
gohome78: bets $1
Red4erT: folds 
Uncalled bet ($1) returned to gohome78
gohome78 collected $1.90 from pot
*** SUMMARY ***
Total pot $2 | Rake $0.10 
Board [6h Ac 8s]
Seat 1: gohome78 (small blind) collected ($1.90)
Seat 3: Red4erT (big blind) folded on the Flop
Seat 6: LeaveItYeah (button) folded before Flop (didn't bet)



PokerStars Hand #254529082689:  Hold'em No Limit ($0.50/$1.00 USD) - 2025/01/24 14:16:35 WET [2025/01/24 9:16:35 ET]
Table 'Sorga IV' 6-max Seat #1 is the button
Seat 1: gohome78 ($11.90 in chips) 
Seat 3: Red4erT ($33.78 in chips) 
Seat 6: LeaveItYeah ($198.86 in chips) 
Red4erT: posts small blind $0.50
LeaveItYeah: posts big blind $1
*** HOLE CARDS ***
gohome78: folds 
Red4erT: raises $2 to $3
LeaveItYeah: calls $2
*** FLOP *** [8c Js 3c]
Red4erT: bets $2.85
LeaveItYeah: calls $2.85
*** TURN *** [8c Js 3c] [Ah]
Red4erT: bets $8.34
LeaveItYeah: folds 
Uncalled bet ($8.34) returned to Red4erT
Red4erT collected $11.12 from pot
Red4erT: doesn't show hand 
*** SUMMARY ***
Total pot $11.70 | Rake $0.58 
Board [8c Js 3c Ah]
Seat 1: gohome78 (button) folded before Flop (didn't bet)
Seat 3: Red4erT (small blind) collected ($11.12)
Seat 6: LeaveItYeah (big blind) folded on the Turn



PokerStars Hand #254529092068:  Hold'em No Limit ($0.50/$1.00 USD) - 2025/01/24 14:17:27 WET [2025/01/24 9:17:27 ET]
Table 'Sorga IV' 6-max Seat #6 is the button
Seat 1: gohome78 ($11.90 in chips) is sitting out
Seat 3: Red4erT ($39.05 in chips) 
Seat 6: LeaveItYeah ($193.01 in chips) 
LeaveItYeah: posts small blind $0.50
gohome78: is sitting out 
Red4erT: posts big blind $1
*** HOLE CARDS ***
gohome78 leaves the table
LeaveItYeah: raises $1.50 to $2.50
Red4erT: calls $1.50
*** FLOP *** [2d 4c 6c]
Red4erT: checks 
LeaveItYeah: checks 
*** TURN *** [2d 4c 6c] [Ah]
Red4erT: checks 
LeaveItYeah: bets $2.90
Red4erT: folds 
Uncalled bet ($2.90) returned to LeaveItYeah
LeaveItYeah collected $4.75 from pot
LeaveItYeah: doesn't show hand 
*** SUMMARY ***
Total pot $5 | Rake $0.25 
Board [2d 4c 6c Ah]
Seat 1: gohome78
Seat 3: Red4erT (big blind) folded on the Turn
Seat 6: LeaveItYeah (button) (small blind) collected ($4.75)



PokerStars Hand #254529099832:  Hold'em No Limit ($0.50/$1.00 USD) - 2025/01/24 14:18:11 WET [2025/01/24 9:18:11 ET]
Table 'Sorga IV' 6-max Seat #3 is the button
Seat 3: Red4erT ($36.55 in chips) 
Seat 6: LeaveItYeah ($195.26 in chips) 
Red4erT: posts small blind $0.50
LeaveItYeah: posts big blind $1
*** HOLE CARDS ***
Red4erT: raises $1 to $2
LeaveItYeah: calls $1
*** FLOP *** [8c Th 6s]
LeaveItYeah: checks 
Red4erT: bets $1.90
LeaveItYeah: calls $1.90
*** TURN *** [8c Th 6s] [6h]
LeaveItYeah: bets $3.71
Red4erT: calls $3.71
*** RIVER *** [8c Th 6s 6h] [6d]
LeaveItYeah: bets $5.80
Red4erT: calls $5.80
*** SHOW DOWN ***
LeaveItYeah: shows [Ks 9c] (three of a kind, Sixes)
Red4erT: shows [Qd Ts] (a full house, Sixes full of Tens)
Red4erT collected $25.82 from pot
*** SUMMARY ***
Total pot $26.82 | Rake $1 
Board [8c Th 6s 6h 6d]
Seat 3: Red4erT (button) (small blind) showed [Qd Ts] and won ($25.82) with a full house, Sixes full of Tens
Seat 6: LeaveItYeah (big blind) showed [Ks 9c] and lost with three of a kind, Sixes



