PokerStars Hand #254527552024:  Hold'em No Limit ($0.50/$1.00 USD) - 2025/01/24 11:23:15 WET [2025/01/24 6:23:15 ET]
Table 'Crescentia IV' 6-max Seat #1 is the button
Seat 1: poker_soul11 ($100 in chips) 
Seat 2: Quahrino ($100 in chips) 
poker_soul11: posts small blind $0.50
Quahrino: posts big blind $1
*** HOLE CARDS ***
poker_soul11: folds 
Uncalled bet ($0.50) returned to Quahrino
Quahrino collected $1 from pot
Quahrino: doesn't show hand 
*** SUMMARY ***
Total pot $1 | Rake $0 
Seat 1: poker_soul11 (button) (small blind) folded before Flop
Seat 2: Quahrino (big blind) collected ($1)



PokerStars Hand #254527554351:  Hold'em No Limit ($0.50/$1.00 USD) - 2025/01/24 11:23:33 WET [2025/01/24 6:23:33 ET]
Table 'Crescentia IV' 6-max Seat #2 is the button
Seat 1: poker_soul11 ($100 in chips) 
Seat 2: Quahrino ($100.50 in chips) 
Quahrino: posts small blind $0.50
poker_soul11: posts big blind $1
*** HOLE CARDS ***
Quahrino: raises $1.50 to $2.50
poker_soul11: folds 
Uncalled bet ($1.50) returned to Quahrino
Quahrino collected $2 from pot
Quahrino: doesn't show hand 
*** SUMMARY ***
Total pot $2 | Rake $0 
Seat 1: poker_soul11 (big blind) folded before Flop
Seat 2: Quahrino (button) (small blind) collected ($2)



PokerStars Hand #254527621032:  Hold'em No Limit ($0.50/$1.00 USD) - 2025/01/24 11:32:20 WET [2025/01/24 6:32:20 ET]
Table 'Crescentia IV' 6-max Seat #3 is the button
Seat 1: poker_soul11 ($100 in chips) 
Seat 2: MarcoF1 ($62.21 in chips) 
Seat 3: blistein ($100 in chips) 
Seat 4: MauriFierro27 ($100 in chips) 
Seat 5: Burlica2013 ($100 in chips) 
Seat 6: Pippa83 ($100 in chips) 
MauriFierro27: posts small blind $0.50
Burlica2013: posts big blind $1
*** HOLE CARDS ***
Pippa83: folds 
poker_soul11: folds 
MarcoF1: calls $1
blistein: folds 
MauriFierro27: folds 
Burlica2013: checks 
*** FLOP *** [Kc 9s 7d]
Burlica2013: checks 
MarcoF1: checks 
*** TURN *** [Kc 9s 7d] [4s]
Burlica2013: checks 
MarcoF1: bets $2
Burlica2013: folds 
Uncalled bet ($2) returned to MarcoF1
MarcoF1 collected $2.38 from pot
MarcoF1: doesn't show hand 
*** SUMMARY ***
Total pot $2.50 | Rake $0.12 
Board [Kc 9s 7d 4s]
Seat 1: poker_soul11 folded before Flop (didn't bet)
Seat 2: MarcoF1 collected ($2.38)
Seat 3: blistein (button) folded before Flop (didn't bet)
Seat 4: MauriFierro27 (small blind) folded before Flop
Seat 5: Burlica2013 (big blind) folded on the Turn
Seat 6: Pippa83 folded before Flop (didn't bet)



PokerStars Hand #254527624888:  Hold'em No Limit ($0.50/$1.00 USD) - 2025/01/24 11:32:51 WET [2025/01/24 6:32:51 ET]
Table 'Crescentia IV' 6-max Seat #4 is the button
Seat 1: poker_soul11 ($100 in chips) 
Seat 2: MarcoF1 ($63.59 in chips) 
Seat 3: blistein ($100 in chips) 
Seat 4: MauriFierro27 ($100 in chips) 
Seat 5: Burlica2013 ($100 in chips) 
Seat 6: Pippa83 ($100 in chips) 
Burlica2013: posts small blind $0.50
Pippa83: posts big blind $1
*** HOLE CARDS ***
poker_soul11: folds 
MarcoF1: raises $2 to $3
blistein: raises $3.50 to $6.50
MauriFierro27: raises $7.80 to $14.30
Burlica2013: folds 
Pippa83: folds 
MarcoF1: folds 
blistein: folds 
Uncalled bet ($7.80) returned to MauriFierro27
MauriFierro27 collected $17.50 from pot
MauriFierro27: doesn't show hand 
*** SUMMARY ***
Total pot $17.50 | Rake $0 
Seat 1: poker_soul11 folded before Flop (didn't bet)
Seat 2: MarcoF1 folded before Flop
Seat 3: blistein folded before Flop
Seat 4: MauriFierro27 (button) collected ($17.50)
Seat 5: Burlica2013 (small blind) folded before Flop
Seat 6: Pippa83 (big blind) folded before Flop



PokerStars Hand #254527629288:  Hold'em No Limit ($0.50/$1.00 USD) - 2025/01/24 11:33:25 WET [2025/01/24 6:33:25 ET]
Table 'Crescentia IV' 6-max Seat #5 is the button
Seat 1: poker_soul11 ($100 in chips) 
Seat 2: MarcoF1 ($60.59 in chips) 
Seat 3: blistein ($100 in chips) 
Seat 4: MauriFierro27 ($111 in chips) 
Seat 5: Burlica2013 ($100 in chips) 
Seat 6: Pippa83 ($100 in chips) 
Pippa83: posts small blind $0.50
poker_soul11: posts big blind $1
*** HOLE CARDS ***
MarcoF1: folds 
blistein: folds 
MauriFierro27: folds 
Burlica2013: raises $1.45 to $2.45
Pippa83: folds 
poker_soul11: folds 
Uncalled bet ($1.45) returned to Burlica2013
Burlica2013 collected $2.50 from pot
Burlica2013: doesn't show hand 
*** SUMMARY ***
Total pot $2.50 | Rake $0 
Seat 1: poker_soul11 (big blind) folded before Flop
Seat 2: MarcoF1 folded before Flop (didn't bet)
Seat 3: blistein folded before Flop (didn't bet)
Seat 4: MauriFierro27 folded before Flop (didn't bet)
Seat 5: Burlica2013 (button) collected ($2.50)
Seat 6: Pippa83 (small blind) folded before Flop



PokerStars Hand #254527631182:  Hold'em No Limit ($0.50/$1.00 USD) - 2025/01/24 11:33:39 WET [2025/01/24 6:33:39 ET]
Table 'Crescentia IV' 6-max Seat #6 is the button
Seat 1: poker_soul11 ($100 in chips) 
Seat 2: MarcoF1 ($60.59 in chips) 
Seat 3: blistein ($100 in chips) 
Seat 4: MauriFierro27 ($111 in chips) 
Seat 5: Burlica2013 ($101.50 in chips) 
Seat 6: Pippa83 ($100 in chips) 
poker_soul11: posts small blind $0.50
MarcoF1: posts big blind $1
*** HOLE CARDS ***
blistein: folds 
MauriFierro27: folds 
Burlica2013: folds 
Pippa83: raises $1.50 to $2.50
poker_soul11: folds 
MarcoF1: calls $1.50
*** FLOP *** [4c As Qd]
MarcoF1: checks 
Pippa83: checks 
*** TURN *** [4c As Qd] [2h]
MarcoF1: bets $2
Pippa83: calls $2
*** RIVER *** [4c As Qd 2h] [Qs]
MarcoF1: bets $3
Pippa83: calls $3
*** SHOW DOWN ***
MarcoF1: shows [Ts Ad] (two pair, Aces and Queens)
Pippa83: mucks hand 
MarcoF1 collected $14.72 from pot
*** SUMMARY ***
Total pot $15.50 | Rake $0.78 
Board [4c As Qd 2h Qs]
Seat 1: poker_soul11 (small blind) folded before Flop
Seat 2: MarcoF1 (big blind) showed [Ts Ad] and won ($14.72) with two pair, Aces and Queens
Seat 3: blistein folded before Flop (didn't bet)
Seat 4: MauriFierro27 folded before Flop (didn't bet)
Seat 5: Burlica2013 folded before Flop (didn't bet)
Seat 6: Pippa83 (button) mucked



PokerStars Hand #254527636726:  Hold'em No Limit ($0.50/$1.00 USD) - 2025/01/24 11:34:22 WET [2025/01/24 6:34:22 ET]
Table 'Crescentia IV' 6-max Seat #1 is the button
Seat 1: poker_soul11 ($100 in chips) 
Seat 2: MarcoF1 ($67.81 in chips) 
Seat 3: blistein ($100 in chips) 
Seat 4: MauriFierro27 ($111 in chips) 
Seat 5: Burlica2013 ($101.50 in chips) 
Seat 6: Pippa83 ($100 in chips) 
MarcoF1: posts small blind $0.50
blistein: posts big blind $1
*** HOLE CARDS ***
MauriFierro27: folds 
Burlica2013: folds 
Pippa83: folds 
poker_soul11: raises $1.20 to $2.20
MarcoF1: calls $1.70
blistein: folds 
*** FLOP *** [5c 4d 3s]
MarcoF1: checks 
poker_soul11: checks 
*** TURN *** [5c 4d 3s] [8d]
MarcoF1: bets $2
poker_soul11: raises $4.57 to $6.57
MarcoF1: calls $4.57
*** RIVER *** [5c 4d 3s 8d] [Qs]
MarcoF1: checks 
poker_soul11: checks 
*** SHOW DOWN ***
MarcoF1: shows [Th Kc] (high card King)
poker_soul11: shows [8c Ts] (a pair of Eights)
poker_soul11 collected $17.61 from pot
*** SUMMARY ***
Total pot $18.54 | Rake $0.93 
Board [5c 4d 3s 8d Qs]
Seat 1: poker_soul11 (button) showed [8c Ts] and won ($17.61) with a pair of Eights
Seat 2: MarcoF1 (small blind) showed [Th Kc] and lost with high card King
Seat 3: blistein (big blind) folded before Flop
Seat 4: MauriFierro27 folded before Flop (didn't bet)
Seat 5: Burlica2013 folded before Flop (didn't bet)
Seat 6: Pippa83 folded before Flop (didn't bet)



PokerStars Hand #254527641430:  Hold'em No Limit ($0.50/$1.00 USD) - 2025/01/24 11:34:57 WET [2025/01/24 6:34:57 ET]
Table 'Crescentia IV' 6-max Seat #2 is the button
Seat 1: poker_soul11 ($108.84 in chips) 
Seat 2: MarcoF1 ($59.04 in chips) 
Seat 3: blistein ($100 in chips) 
Seat 4: MauriFierro27 ($111 in chips) 
Seat 5: Burlica2013 ($101.50 in chips) 
Seat 6: Pippa83 ($100 in chips) 
blistein: posts small blind $0.50
MauriFierro27: posts big blind $1
*** HOLE CARDS ***
Burlica2013: raises $1.20 to $2.20
Pippa83: folds 
poker_soul11: folds 
MarcoF1: folds 
blistein: folds 
MauriFierro27: folds 
Uncalled bet ($1.20) returned to Burlica2013
Burlica2013 collected $2.50 from pot
Burlica2013: doesn't show hand 
*** SUMMARY ***
Total pot $2.50 | Rake $0 
Seat 1: poker_soul11 folded before Flop (didn't bet)
Seat 2: MarcoF1 (button) folded before Flop (didn't bet)
Seat 3: blistein (small blind) folded before Flop
Seat 4: MauriFierro27 (big blind) folded before Flop
Seat 5: Burlica2013 collected ($2.50)
Seat 6: Pippa83 folded before Flop (didn't bet)



PokerStars Hand #254527644316:  Hold'em No Limit ($0.50/$1.00 USD) - 2025/01/24 11:35:19 WET [2025/01/24 6:35:19 ET]
Table 'Crescentia IV' 6-max Seat #3 is the button
Seat 1: poker_soul11 ($108.84 in chips) 
Seat 2: MarcoF1 ($59.04 in chips) 
Seat 3: blistein ($100 in chips) 
Seat 4: MauriFierro27 ($110 in chips) 
Seat 5: Burlica2013 ($103 in chips) 
Seat 6: Pippa83 ($100 in chips) 
MauriFierro27: posts small blind $0.50
Burlica2013: posts big blind $1
*** HOLE CARDS ***
Pippa83: folds 
poker_soul11: folds 
MarcoF1: folds 
blistein: folds 
MauriFierro27: folds 
Uncalled bet ($0.50) returned to Burlica2013
Burlica2013 collected $1 from pot
Burlica2013: doesn't show hand 
*** SUMMARY ***
Total pot $1 | Rake $0 
Seat 1: poker_soul11 folded before Flop (didn't bet)
Seat 2: MarcoF1 folded before Flop (didn't bet)
Seat 3: blistein (button) folded before Flop (didn't bet)
Seat 4: MauriFierro27 (small blind) folded before Flop
Seat 5: Burlica2013 (big blind) collected ($1)
Seat 6: Pippa83 folded before Flop (didn't bet)



PokerStars Hand #254527646810:  Hold'em No Limit ($0.50/$1.00 USD) - 2025/01/24 11:35:39 WET [2025/01/24 6:35:39 ET]
Table 'Crescentia IV' 6-max Seat #4 is the button
Seat 1: poker_soul11 ($108.84 in chips) 
Seat 2: MarcoF1 ($59.04 in chips) 
Seat 3: blistein ($100 in chips) 
Seat 4: MauriFierro27 ($109.50 in chips) 
Seat 5: Burlica2013 ($103.50 in chips) 
Seat 6: Pippa83 ($100 in chips) 
Burlica2013: posts small blind $0.50
Pippa83: posts big blind $1
*** HOLE CARDS ***
poker_soul11: raises $1.20 to $2.20
MarcoF1: folds 
blistein: folds 
MauriFierro27: folds 
Burlica2013: folds 
Pippa83: folds 
Uncalled bet ($1.20) returned to poker_soul11
poker_soul11 collected $2.50 from pot
poker_soul11: doesn't show hand 
*** SUMMARY ***
Total pot $2.50 | Rake $0 
Seat 1: poker_soul11 collected ($2.50)
Seat 2: MarcoF1 folded before Flop (didn't bet)
Seat 3: blistein folded before Flop (didn't bet)
Seat 4: MauriFierro27 (button) folded before Flop (didn't bet)
Seat 5: Burlica2013 (small blind) folded before Flop
Seat 6: Pippa83 (big blind) folded before Flop



PokerStars Hand #254527650368:  Hold'em No Limit ($0.50/$1.00 USD) - 2025/01/24 11:36:06 WET [2025/01/24 6:36:06 ET]
Table 'Crescentia IV' 6-max Seat #5 is the button
Seat 1: poker_soul11 ($110.34 in chips) 
Seat 2: MarcoF1 ($59.04 in chips) 
Seat 3: blistein ($100 in chips) 
Seat 4: MauriFierro27 ($109.50 in chips) 
Seat 5: Burlica2013 ($103 in chips) 
Seat 6: Pippa83 ($100 in chips) 
Pippa83: posts small blind $0.50
poker_soul11: posts big blind $1
*** HOLE CARDS ***
MarcoF1 has timed out
MarcoF1: folds 
blistein: folds 
MauriFierro27: folds 
Burlica2013: raises $1.45 to $2.45
Pippa83: folds 
poker_soul11: folds 
Uncalled bet ($1.45) returned to Burlica2013
Burlica2013 collected $2.50 from pot
Burlica2013: doesn't show hand 
*** SUMMARY ***
Total pot $2.50 | Rake $0 
Seat 1: poker_soul11 (big blind) folded before Flop
Seat 2: MarcoF1 folded before Flop (didn't bet)
Seat 3: blistein folded before Flop (didn't bet)
Seat 4: MauriFierro27 folded before Flop (didn't bet)
Seat 5: Burlica2013 (button) collected ($2.50)
Seat 6: Pippa83 (small blind) folded before Flop



PokerStars Hand #254527654549:  Hold'em No Limit ($0.50/$1.00 USD) - 2025/01/24 11:36:37 WET [2025/01/24 6:36:37 ET]
Table 'Crescentia IV' 6-max Seat #6 is the button
Seat 1: poker_soul11 ($109.34 in chips) 
Seat 2: MarcoF1 ($59.04 in chips) 
Seat 3: blistein ($100 in chips) 
Seat 4: MauriFierro27 ($109.50 in chips) 
Seat 5: Burlica2013 ($104.50 in chips) 
Seat 6: Pippa83 ($100 in chips) 
poker_soul11: posts small blind $0.50
MarcoF1: posts big blind $1
*** HOLE CARDS ***
blistein: folds 
MauriFierro27: folds 
Burlica2013: raises $1.25 to $2.25
Pippa83: folds 
poker_soul11: folds 
MarcoF1: raises $1.75 to $4
Burlica2013: calls $1.75
*** FLOP *** [As 9s 8d]
MarcoF1: bets $3
Burlica2013: folds 
Uncalled bet ($3) returned to MarcoF1
MarcoF1 collected $8.08 from pot
MarcoF1: doesn't show hand 
*** SUMMARY ***
Total pot $8.50 | Rake $0.42 
Board [As 9s 8d]
Seat 1: poker_soul11 (small blind) folded before Flop
Seat 2: MarcoF1 (big blind) collected ($8.08)
Seat 3: blistein folded before Flop (didn't bet)
Seat 4: MauriFierro27 folded before Flop (didn't bet)
Seat 5: Burlica2013 folded on the Flop
Seat 6: Pippa83 (button) folded before Flop (didn't bet)



PokerStars Hand #254527659438:  Hold'em No Limit ($0.50/$1.00 USD) - 2025/01/24 11:37:15 WET [2025/01/24 6:37:15 ET]
Table 'Crescentia IV' 6-max Seat #1 is the button
Seat 1: poker_soul11 ($108.84 in chips) 
Seat 2: MarcoF1 ($63.12 in chips) 
Seat 3: blistein ($100 in chips) 
Seat 4: MauriFierro27 ($109.50 in chips) 
Seat 5: Burlica2013 ($100.50 in chips) 
Seat 6: Pippa83 ($100 in chips) 
MarcoF1: posts small blind $0.50
blistein: posts big blind $1
*** HOLE CARDS ***
MauriFierro27: folds 
Burlica2013: raises $1.20 to $2.20
Pippa83: folds 
poker_soul11: calls $2.20
MarcoF1: folds 
blistein: folds 
*** FLOP *** [6d 7h 9c]
Burlica2013: checks 
poker_soul11: bets $1.85
Burlica2013: folds 
Uncalled bet ($1.85) returned to poker_soul11
poker_soul11 collected $5.60 from pot
poker_soul11: doesn't show hand 
*** SUMMARY ***
Total pot $5.90 | Rake $0.30 
Board [6d 7h 9c]
Seat 1: poker_soul11 (button) collected ($5.60)
Seat 2: MarcoF1 (small blind) folded before Flop
Seat 3: blistein (big blind) folded before Flop
Seat 4: MauriFierro27 folded before Flop (didn't bet)
Seat 5: Burlica2013 folded on the Flop
Seat 6: Pippa83 folded before Flop (didn't bet)



PokerStars Hand #254527664444:  Hold'em No Limit ($0.50/$1.00 USD) - 2025/01/24 11:37:53 WET [2025/01/24 6:37:53 ET]
Table 'Crescentia IV' 6-max Seat #2 is the button
Seat 1: poker_soul11 ($112.24 in chips) 
Seat 2: MarcoF1 ($62.62 in chips) 
Seat 3: blistein ($100 in chips) 
Seat 4: MauriFierro27 ($109.50 in chips) 
Seat 5: Burlica2013 ($100 in chips) 
Seat 6: Pippa83 ($100 in chips) 
blistein: posts small blind $0.50
MauriFierro27: posts big blind $1
*** HOLE CARDS ***
Burlica2013: raises $1.20 to $2.20
Pippa83: folds 
poker_soul11: folds 
MarcoF1: folds 
blistein: folds 
MauriFierro27: folds 
Uncalled bet ($1.20) returned to Burlica2013
Burlica2013 collected $2.50 from pot
Burlica2013: doesn't show hand 
*** SUMMARY ***
Total pot $2.50 | Rake $0 
Seat 1: poker_soul11 folded before Flop (didn't bet)
Seat 2: MarcoF1 (button) folded before Flop (didn't bet)
Seat 3: blistein (small blind) folded before Flop
Seat 4: MauriFierro27 (big blind) folded before Flop
Seat 5: Burlica2013 collected ($2.50)
Seat 6: Pippa83 folded before Flop (didn't bet)



PokerStars Hand #254527670184:  Hold'em No Limit ($0.50/$1.00 USD) - 2025/01/24 11:38:36 WET [2025/01/24 6:38:36 ET]
Table 'Crescentia IV' 6-max Seat #3 is the button
Seat 6: Pippa83 ($100 in chips) is sitting out
Seat 1: poker_soul11 ($112.24 in chips) 
Seat 2: MarcoF1 ($62.62 in chips) 
Seat 3: blistein ($100 in chips) 
Seat 4: MauriFierro27 ($108.50 in chips) 
Seat 5: Burlica2013 ($101.50 in chips) 
MauriFierro27: posts small blind $0.50
Burlica2013: posts big blind $1
*** HOLE CARDS ***
poker_soul11: folds 
MarcoF1: calls $1
blistein: folds 
MauriFierro27: raises $5 to $6
Burlica2013: folds 
MarcoF1: calls $5
*** FLOP *** [2h Ad Ac]
MauriFierro27: bets $6.20
MarcoF1: calls $6.20
*** TURN *** [2h Ad Ac] [Th]
MauriFierro27: checks 
MarcoF1: checks 
*** RIVER *** [2h Ad Ac Th] [Kd]
MauriFierro27: bets $7.95
MarcoF1: folds 
Uncalled bet ($7.95) returned to MauriFierro27
MauriFierro27 collected $24.13 from pot
MauriFierro27: doesn't show hand 
*** SUMMARY ***
Total pot $25.40 | Rake $1.27 
Board [2h Ad Ac Th Kd]
Seat 6: Pippa83
Seat 1: poker_soul11 folded before Flop (didn't bet)
Seat 2: MarcoF1 folded on the River
Seat 3: blistein (button) folded before Flop (didn't bet)
Seat 4: MauriFierro27 (small blind) collected ($24.13)
Seat 5: Burlica2013 (big blind) folded before Flop



PokerStars Hand #254527676362:  Hold'em No Limit ($0.50/$1.00 USD) - 2025/01/24 11:39:23 WET [2025/01/24 6:39:23 ET]
Table 'Crescentia IV' 6-max Seat #4 is the button
Seat 6: Pippa83 ($100 in chips) is sitting out
Seat 1: poker_soul11 ($112.24 in chips) 
Seat 2: MarcoF1 ($50.42 in chips) 
Seat 3: blistein ($100 in chips) 
Seat 4: MauriFierro27 ($120.43 in chips) 
Seat 5: Burlica2013 ($100.50 in chips) 
Burlica2013: posts small blind $0.50
poker_soul11: posts big blind $1
*** HOLE CARDS ***
MarcoF1: folds 
blistein: folds 
MauriFierro27: folds 
Burlica2013: raises $2 to $3
poker_soul11: calls $2
*** FLOP *** [3c 9c 7d]
Burlica2013: bets $1.88
poker_soul11: raises $4.73 to $6.61
Burlica2013: calls $4.73
*** TURN *** [3c 9c 7d] [2d]
Burlica2013: checks 
poker_soul11: bets $13.70
Burlica2013: folds 
Uncalled bet ($13.70) returned to poker_soul11
poker_soul11 collected $18.26 from pot
poker_soul11: doesn't show hand 
*** SUMMARY ***
Total pot $19.22 | Rake $0.96 
Board [3c 9c 7d 2d]
Seat 6: Pippa83
Seat 1: poker_soul11 (big blind) collected ($18.26)
Seat 2: MarcoF1 folded before Flop (didn't bet)
Seat 3: blistein folded before Flop (didn't bet)
Seat 4: MauriFierro27 (button) folded before Flop (didn't bet)
Seat 5: Burlica2013 (small blind) folded on the Turn



PokerStars Hand #254527684075:  Hold'em No Limit ($0.50/$1.00 USD) - 2025/01/24 11:40:22 WET [2025/01/24 6:40:22 ET]
Table 'Crescentia IV' 6-max Seat #5 is the button
Seat 6: Pippa83 ($100 in chips) is sitting out
Seat 1: poker_soul11 ($120.89 in chips) 
Seat 2: MarcoF1 ($50.42 in chips) 
Seat 3: blistein ($100 in chips) 
Seat 4: MauriFierro27 ($120.43 in chips) 
Seat 5: Burlica2013 ($100 in chips) 
poker_soul11: posts small blind $0.50
MarcoF1: posts big blind $1
*** HOLE CARDS ***
blistein: folds 
MauriFierro27: folds 
Burlica2013: raises $1.45 to $2.45
poker_soul11: folds 
MarcoF1: calls $1.45
*** FLOP *** [4c 3s Ac]
MarcoF1: checks 
Burlica2013: bets $1.28
MarcoF1: calls $1.28
*** TURN *** [4c 3s Ac] [Tc]
MarcoF1: checks 
Burlica2013: bets $5.67
MarcoF1: folds 
Uncalled bet ($5.67) returned to Burlica2013
Burlica2013 collected $7.56 from pot
Burlica2013: doesn't show hand 
*** SUMMARY ***
Total pot $7.96 | Rake $0.40 
Board [4c 3s Ac Tc]
Seat 6: Pippa83
Seat 1: poker_soul11 (small blind) folded before Flop
Seat 2: MarcoF1 (big blind) folded on the Turn
Seat 3: blistein folded before Flop (didn't bet)
Seat 4: MauriFierro27 folded before Flop (didn't bet)
Seat 5: Burlica2013 (button) collected ($7.56)



PokerStars Hand #254527687978:  Hold'em No Limit ($0.50/$1.00 USD) - 2025/01/24 11:40:52 WET [2025/01/24 6:40:52 ET]
Table 'Crescentia IV' 6-max Seat #1 is the button
Seat 6: Pippa83 ($100 in chips) is sitting out
Seat 1: poker_soul11 ($120.39 in chips) 
Seat 2: MarcoF1 ($46.69 in chips) 
Seat 3: blistein ($100 in chips) 
Seat 4: MauriFierro27 ($120.43 in chips) 
Seat 5: Burlica2013 ($103.83 in chips) 
MarcoF1: posts small blind $0.50
blistein: posts big blind $1
*** HOLE CARDS ***
MauriFierro27: folds 
Burlica2013: raises $1.50 to $2.50
poker_soul11: folds 
MarcoF1: raises $1.50 to $4
blistein: folds 
Burlica2013: calls $1.50
*** FLOP *** [8c Td 3c]
MarcoF1: checks 
Burlica2013: checks 
*** TURN *** [8c Td 3c] [2c]
MarcoF1: bets $3
Burlica2013: calls $3
*** RIVER *** [8c Td 3c 2c] [5c]
MarcoF1: checks 
Burlica2013: checks 
*** SHOW DOWN ***
MarcoF1: shows [Js 9h] (high card Jack)
Burlica2013: shows [Kd 8d] (a pair of Eights)
Burlica2013 collected $14.25 from pot
*** SUMMARY ***
Total pot $15 | Rake $0.75 
Board [8c Td 3c 2c 5c]
Seat 6: Pippa83
Seat 1: poker_soul11 (button) folded before Flop (didn't bet)
Seat 2: MarcoF1 (small blind) showed [Js 9h] and lost with high card Jack
Seat 3: blistein (big blind) folded before Flop
Seat 4: MauriFierro27 folded before Flop (didn't bet)
Seat 5: Burlica2013 showed [Kd 8d] and won ($14.25) with a pair of Eights



PokerStars Hand #254527697130:  Hold'em No Limit ($0.50/$1.00 USD) - 2025/01/24 11:42:01 WET [2025/01/24 6:42:01 ET]
Table 'Crescentia IV' 6-max Seat #2 is the button
Seat 6: Pippa83 ($100 in chips) is sitting out
Seat 1: poker_soul11 ($120.39 in chips) 
Seat 2: MarcoF1 ($39.69 in chips) 
Seat 3: blistein ($100 in chips) 
Seat 4: MauriFierro27 ($120.43 in chips) 
Seat 5: Burlica2013 ($111.08 in chips) 
blistein: posts small blind $0.50
MauriFierro27: posts big blind $1
*** HOLE CARDS ***
Burlica2013: folds 
poker_soul11: folds 
MarcoF1: folds 
blistein: folds 
Uncalled bet ($0.50) returned to MauriFierro27
MauriFierro27 collected $1 from pot
MauriFierro27: doesn't show hand 
*** SUMMARY ***
Total pot $1 | Rake $0 
Seat 6: Pippa83
Seat 1: poker_soul11 folded before Flop (didn't bet)
Seat 2: MarcoF1 (button) folded before Flop (didn't bet)
Seat 3: blistein (small blind) folded before Flop
Seat 4: MauriFierro27 (big blind) collected ($1)
Seat 5: Burlica2013 folded before Flop (didn't bet)



PokerStars Hand #254527700424:  Hold'em No Limit ($0.50/$1.00 USD) - 2025/01/24 11:42:25 WET [2025/01/24 6:42:25 ET]
Table 'Crescentia IV' 6-max Seat #3 is the button
Seat 6: Pippa83 ($100 in chips) is sitting out
Seat 1: poker_soul11 ($120.39 in chips) 
Seat 2: MarcoF1 ($39.69 in chips) 
Seat 3: blistein ($100 in chips) 
Seat 4: MauriFierro27 ($120.93 in chips) 
Seat 5: Burlica2013 ($111.08 in chips) 
MauriFierro27: posts small blind $0.50
Burlica2013: posts big blind $1
*** HOLE CARDS ***
poker_soul11: folds 
MarcoF1: folds 
blistein: raises $1.50 to $2.50
MauriFierro27: folds 
Burlica2013: calls $1.50
*** FLOP *** [6c Js 6h]
Burlica2013: checks 
blistein: bets $1.77
Burlica2013: folds 
Uncalled bet ($1.77) returned to blistein
blistein collected $5.22 from pot
blistein: doesn't show hand 
*** SUMMARY ***
Total pot $5.50 | Rake $0.28 
Board [6c Js 6h]
Seat 6: Pippa83
Seat 1: poker_soul11 folded before Flop (didn't bet)
Seat 2: MarcoF1 folded before Flop (didn't bet)
Seat 3: blistein (button) collected ($5.22)
Seat 4: MauriFierro27 (small blind) folded before Flop
Seat 5: Burlica2013 (big blind) folded on the Flop



PokerStars Hand #254527706268:  Hold'em No Limit ($0.50/$1.00 USD) - 2025/01/24 11:43:10 WET [2025/01/24 6:43:10 ET]
Table 'Crescentia IV' 6-max Seat #4 is the button
Seat 6: Pippa83 ($100 in chips) is sitting out
Seat 1: poker_soul11 ($120.39 in chips) 
Seat 2: MarcoF1 ($39.69 in chips) 
Seat 3: blistein ($102.72 in chips) 
Seat 4: MauriFierro27 ($120.43 in chips) 
Seat 5: Burlica2013 ($108.58 in chips) 
Burlica2013: posts small blind $0.50
poker_soul11: posts big blind $1
*** HOLE CARDS ***
MarcoF1 has timed out
MarcoF1: folds 
blistein: folds 
MauriFierro27: raises $1.20 to $2.20
Burlica2013: folds 
poker_soul11: calls $1.20
*** FLOP *** [2h Jh 9d]
poker_soul11: checks 
MauriFierro27: bets $1.54
poker_soul11: raises $3.87 to $5.41
MauriFierro27: calls $3.87
*** TURN *** [2h Jh 9d] [As]
poker_soul11: bets $11.20
MauriFierro27: folds 
Uncalled bet ($11.20) returned to poker_soul11
poker_soul11 collected $14.93 from pot
poker_soul11: doesn't show hand 
*** SUMMARY ***
Total pot $15.72 | Rake $0.79 
Board [2h Jh 9d As]
Seat 6: Pippa83
Seat 1: poker_soul11 (big blind) collected ($14.93)
Seat 2: MarcoF1 folded before Flop (didn't bet)
Seat 3: blistein folded before Flop (didn't bet)
Seat 4: MauriFierro27 (button) folded on the Turn
Seat 5: Burlica2013 (small blind) folded before Flop



PokerStars Hand #254527716726:  Hold'em No Limit ($0.50/$1.00 USD) - 2025/01/24 11:44:29 WET [2025/01/24 6:44:29 ET]
Table 'Crescentia IV' 6-max Seat #5 is the button
Seat 6: Pippa83 ($100 in chips) is sitting out
Seat 1: poker_soul11 ($127.71 in chips) 
Seat 2: MarcoF1 ($39.69 in chips) 
Seat 3: blistein ($102.72 in chips) 
Seat 4: MauriFierro27 ($112.82 in chips) 
Seat 5: Burlica2013 ($108.08 in chips) 
poker_soul11: posts small blind $0.50
MarcoF1: posts big blind $1
*** HOLE CARDS ***
blistein: folds 
MauriFierro27: raises $1.20 to $2.20
Burlica2013: folds 
poker_soul11: raises $9.30 to $11.50
MarcoF1: folds 
MauriFierro27: folds 
Uncalled bet ($9.30) returned to poker_soul11
poker_soul11 collected $5.40 from pot
poker_soul11: doesn't show hand 
*** SUMMARY ***
Total pot $5.40 | Rake $0 
Seat 6: Pippa83
Seat 1: poker_soul11 (small blind) collected ($5.40)
Seat 2: MarcoF1 (big blind) folded before Flop
Seat 3: blistein folded before Flop (didn't bet)
Seat 4: MauriFierro27 folded before Flop
Seat 5: Burlica2013 (button) folded before Flop (didn't bet)



PokerStars Hand #254527746893:  Hold'em No Limit ($0.50/$1.00 USD) - 2025/01/24 11:48:19 WET [2025/01/24 6:48:19 ET]
Table 'Crescentia IV' 6-max Seat #1 is the button
Seat 6: Pippa83 ($100 in chips) is sitting out
Seat 1: poker_soul11 ($139.89 in chips) 
Seat 2: MarcoF1 ($36.54 in chips) 
Seat 3: blistein ($100 in chips) 
Seat 4: MauriFierro27 ($118.16 in chips) 
Seat 5: Burlica2013 ($100 in chips) 
MarcoF1: posts small blind $0.50
blistein: posts big blind $1
*** HOLE CARDS ***
MauriFierro27: folds 
Burlica2013: folds 
poker_soul11: raises $1.20 to $2.20
MarcoF1: calls $1.70
blistein: folds 
*** FLOP *** [Js Ts 6d]
MarcoF1: checks 
poker_soul11: checks 
*** TURN *** [Js Ts 6d] [Jc]
MarcoF1: bets $2
poker_soul11: calls $2
*** RIVER *** [Js Ts 6d Jc] [8c]
MarcoF1: bets $8.93
poker_soul11: folds 
Uncalled bet ($8.93) returned to MarcoF1
MarcoF1 collected $8.93 from pot
MarcoF1: doesn't show hand 
*** SUMMARY ***
Total pot $9.40 | Rake $0.47 
Board [Js Ts 6d Jc 8c]
Seat 6: Pippa83
Seat 1: poker_soul11 (button) folded on the River
Seat 2: MarcoF1 (small blind) collected ($8.93)
Seat 3: blistein (big blind) folded before Flop
Seat 4: MauriFierro27 folded before Flop (didn't bet)
Seat 5: Burlica2013 folded before Flop (didn't bet)



PokerStars Hand #254527750766:  Hold'em No Limit ($0.50/$1.00 USD) - 2025/01/24 11:48:49 WET [2025/01/24 6:48:49 ET]
Table 'Crescentia IV' 6-max Seat #2 is the button
Seat 6: Pippa83 ($100 in chips) is sitting out
Seat 1: poker_soul11 ($135.69 in chips) 
Seat 2: MarcoF1 ($41.27 in chips) 
Seat 3: blistein ($100 in chips) 
Seat 4: MauriFierro27 ($118.16 in chips) 
Seat 5: Burlica2013 ($100 in chips) 
blistein: posts small blind $0.50
MauriFierro27: posts big blind $1
*** HOLE CARDS ***
Burlica2013: folds 
poker_soul11: folds 
MarcoF1: calls $1
blistein: raises $3 to $4
MauriFierro27: folds 
MarcoF1: calls $3
*** FLOP *** [8d As 5s]
blistein: bets $6.41
MarcoF1: calls $6.41
*** TURN *** [8d As 5s] [9c]
blistein: bets $47.50
MarcoF1: calls $30.86 and is all-in
Uncalled bet ($16.64) returned to blistein
*** RIVER *** [8d As 5s 9c] [Kd]
*** SHOW DOWN ***
blistein: shows [8h Ah] (two pair, Aces and Eights)
MarcoF1: shows [6h 7s] (a straight, Five to Nine)
MarcoF1 collected $81.04 from pot
*** SUMMARY ***
Total pot $83.54 | Rake $2.50 
Board [8d As 5s 9c Kd]
Seat 6: Pippa83
Seat 1: poker_soul11 folded before Flop (didn't bet)
Seat 2: MarcoF1 (button) showed [6h 7s] and won ($81.04) with a straight, Five to Nine
Seat 3: blistein (small blind) showed [8h Ah] and lost with two pair, Aces and Eights
Seat 4: MauriFierro27 (big blind) folded before Flop
Seat 5: Burlica2013 folded before Flop (didn't bet)



PokerStars Hand #254527759545:  Hold'em No Limit ($0.50/$1.00 USD) - 2025/01/24 11:49:55 WET [2025/01/24 6:49:55 ET]
Table 'Crescentia IV' 6-max Seat #3 is the button
Seat 6: Pippa83 ($100 in chips) is sitting out
Seat 1: poker_soul11 ($135.69 in chips) 
Seat 2: MarcoF1 ($81.04 in chips) 
Seat 3: blistein ($100 in chips) 
Seat 4: MauriFierro27 ($117.16 in chips) 
Seat 5: Burlica2013 ($100 in chips) 
MauriFierro27: posts small blind $0.50
Burlica2013: posts big blind $1
*** HOLE CARDS ***
poker_soul11: folds 
MarcoF1: calls $1
blistein: raises $2.50 to $3.50
MauriFierro27: raises $9 to $12.50
Burlica2013: folds 
MarcoF1: folds 
blistein: folds 
Uncalled bet ($9) returned to MauriFierro27
MauriFierro27 collected $9 from pot
MauriFierro27: doesn't show hand 
*** SUMMARY ***
Total pot $9 | Rake $0 
Seat 6: Pippa83
Seat 1: poker_soul11 folded before Flop (didn't bet)
Seat 2: MarcoF1 folded before Flop
Seat 3: blistein (button) folded before Flop
Seat 4: MauriFierro27 (small blind) collected ($9)
Seat 5: Burlica2013 (big blind) folded before Flop



PokerStars Hand #254527763106:  Hold'em No Limit ($0.50/$1.00 USD) - 2025/01/24 11:50:23 WET [2025/01/24 6:50:23 ET]
Table 'Crescentia IV' 6-max Seat #4 is the button
Seat 6: Pippa83 ($100 in chips) is sitting out
Seat 1: poker_soul11 ($135.69 in chips) 
Seat 2: MarcoF1 ($80.04 in chips) 
Seat 3: blistein ($100 in chips) 
Seat 4: MauriFierro27 ($122.66 in chips) 
Seat 5: Burlica2013 ($100 in chips) 
Burlica2013: posts small blind $0.50
poker_soul11: posts big blind $1
*** HOLE CARDS ***
MarcoF1: raises $2.15 to $3.15
blistein: folds 
MauriFierro27: folds 
Burlica2013: calls $2.65
poker_soul11: calls $2.15
*** FLOP *** [9h Tc 3s]
Burlica2013: checks 
poker_soul11: checks 
MarcoF1: bets $8.98
Burlica2013: calls $8.98
poker_soul11: folds 
*** TURN *** [9h Tc 3s] [8c]
Burlica2013: checks 
MarcoF1: bets $26.04
Burlica2013: folds 
Uncalled bet ($26.04) returned to MarcoF1
MarcoF1 collected $26.04 from pot
Pippa83 leaves the table
MarcoF1: doesn't show hand 
*** SUMMARY ***
Total pot $27.41 | Rake $1.37 
Board [9h Tc 3s 8c]
Seat 6: Pippa83
Seat 1: poker_soul11 (big blind) folded on the Flop
Seat 2: MarcoF1 collected ($26.04)
Seat 3: blistein folded before Flop (didn't bet)
Seat 4: MauriFierro27 (button) folded before Flop (didn't bet)
Seat 5: Burlica2013 (small blind) folded on the Turn



PokerStars Hand #254527775356:  Hold'em No Limit ($0.50/$1.00 USD) - 2025/01/24 11:51:55 WET [2025/01/24 6:51:55 ET]
Table 'Crescentia IV' 6-max Seat #5 is the button
Seat 1: poker_soul11 ($132.54 in chips) 
Seat 2: MarcoF1 ($93.95 in chips) 
Seat 3: blistein ($100 in chips) 
Seat 4: MauriFierro27 ($122.66 in chips) 
Seat 5: Burlica2013 ($100 in chips) 
poker_soul11: posts small blind $0.50
MarcoF1: posts big blind $1
*** HOLE CARDS ***
blistein: folds 
MauriFierro27: raises $1.20 to $2.20
Burlica2013: folds 
Evelexy1 joins the table at seat #6 
poker_soul11: folds 
MarcoF1: calls $1.20
*** FLOP *** [Ks 8h Ts]
MarcoF1: checks 
MauriFierro27: bets $1.54
MarcoF1: calls $1.54
*** TURN *** [Ks 8h Ts] [As]
MarcoF1: checks 
MauriFierro27: bets $5.68
MarcoF1: calls $5.68
*** RIVER *** [Ks 8h Ts As] [2s]
MarcoF1: checks 
MauriFierro27: checks 
*** SHOW DOWN ***
MarcoF1: shows [Qd 7s] (a flush, Ace high)
MauriFierro27: mucks hand 
MarcoF1 collected $18.37 from pot
*** SUMMARY ***
Total pot $19.34 | Rake $0.97 
Board [Ks 8h Ts As 2s]
Seat 1: poker_soul11 (small blind) folded before Flop
Seat 2: MarcoF1 (big blind) showed [Qd 7s] and won ($18.37) with a flush, Ace high
Seat 3: blistein folded before Flop (didn't bet)
Seat 4: MauriFierro27 mucked
Seat 5: Burlica2013 (button) folded before Flop (didn't bet)



PokerStars Hand #254527780034:  Hold'em No Limit ($0.50/$1.00 USD) - 2025/01/24 11:52:31 WET [2025/01/24 6:52:31 ET]
Table 'Crescentia IV' 6-max Seat #1 is the button
Seat 6: Evelexy1 ($100 in chips) is sitting out
Seat 1: poker_soul11 ($132.04 in chips) 
Seat 2: MarcoF1 ($102.90 in chips) 
Seat 3: blistein ($100 in chips) 
Seat 4: MauriFierro27 ($113.24 in chips) 
Seat 5: Burlica2013 ($100 in chips) 
MarcoF1: posts small blind $0.50
blistein: posts big blind $1
Evelexy1: sits out 
*** HOLE CARDS ***
MauriFierro27: folds 
Burlica2013: folds 
poker_soul11: folds 
MarcoF1: raises $2.27 to $3.27
blistein: calls $2.27
*** FLOP *** [5c 9h 7h]
MarcoF1: bets $6.21
blistein: folds 
Uncalled bet ($6.21) returned to MarcoF1
MarcoF1 collected $6.21 from pot
MarcoF1: doesn't show hand 
*** SUMMARY ***
Total pot $6.54 | Rake $0.33 
Board [5c 9h 7h]
Seat 6: Evelexy1
Seat 1: poker_soul11 (button) folded before Flop (didn't bet)
Seat 2: MarcoF1 (small blind) collected ($6.21)
Seat 3: blistein (big blind) folded on the Flop
Seat 4: MauriFierro27 folded before Flop (didn't bet)
Seat 5: Burlica2013 folded before Flop (didn't bet)



PokerStars Hand #254527784595:  Hold'em No Limit ($0.50/$1.00 USD) - 2025/01/24 11:53:05 WET [2025/01/24 6:53:05 ET]
Table 'Crescentia IV' 6-max Seat #2 is the button
Seat 6: Evelexy1 ($100 in chips) is sitting out
Seat 1: poker_soul11 ($132.04 in chips) 
Seat 2: MarcoF1 ($105.84 in chips) 
Seat 3: blistein ($100 in chips) 
Seat 4: MauriFierro27 ($113.24 in chips) 
Seat 5: Burlica2013 ($100 in chips) 
blistein: posts small blind $0.50
MauriFierro27: posts big blind $1
Evelexy1: sits out 
*** HOLE CARDS ***
Burlica2013: raises $1.20 to $2.20
poker_soul11: folds 
MarcoF1: folds 
blistein: folds 
MauriFierro27: folds 
Uncalled bet ($1.20) returned to Burlica2013
Burlica2013 collected $2.50 from pot
Burlica2013: doesn't show hand 
*** SUMMARY ***
Total pot $2.50 | Rake $0 
Seat 6: Evelexy1
Seat 1: poker_soul11 folded before Flop (didn't bet)
Seat 2: MarcoF1 (button) folded before Flop (didn't bet)
Seat 3: blistein (small blind) folded before Flop
Seat 4: MauriFierro27 (big blind) folded before Flop
Seat 5: Burlica2013 collected ($2.50)



PokerStars Hand #254527787229:  Hold'em No Limit ($0.50/$1.00 USD) - 2025/01/24 11:53:26 WET [2025/01/24 6:53:26 ET]
Table 'Crescentia IV' 6-max Seat #3 is the button
Seat 5: Burlica2013 ($101.50 in chips) is sitting out
Seat 1: poker_soul11 ($132.04 in chips) 
Seat 2: MarcoF1 ($105.84 in chips) 
Seat 3: blistein ($100 in chips) 
Seat 4: MauriFierro27 ($112.24 in chips) 
Seat 6: Evelexy1 ($100 in chips) 
MauriFierro27: posts small blind $0.50
Burlica2013: is sitting out 
Evelexy1: posts big blind $1
*** HOLE CARDS ***
poker_soul11: folds 
MarcoF1: raises $1 to $2
blistein: folds 
MauriFierro27: folds 
Evelexy1: folds 
Uncalled bet ($1) returned to MarcoF1
MarcoF1 collected $2.50 from pot
MarcoF1: doesn't show hand 
*** SUMMARY ***
Total pot $2.50 | Rake $0 
Seat 5: Burlica2013
Seat 1: poker_soul11 folded before Flop (didn't bet)
Seat 2: MarcoF1 collected ($2.50)
Seat 3: blistein (button) folded before Flop (didn't bet)
Seat 4: MauriFierro27 (small blind) folded before Flop
Seat 6: Evelexy1 (big blind) folded before Flop



PokerStars Hand #254527788713:  Hold'em No Limit ($0.50/$1.00 USD) - 2025/01/24 11:53:37 WET [2025/01/24 6:53:37 ET]
Table 'Crescentia IV' 6-max Seat #4 is the button
Seat 5: Burlica2013 ($101.50 in chips) is sitting out
Seat 1: poker_soul11 ($132.04 in chips) 
Seat 2: MarcoF1 ($107.34 in chips) 
Seat 3: blistein ($100 in chips) 
Seat 4: MauriFierro27 ($111.74 in chips) 
Seat 6: Evelexy1 ($100 in chips) 
Evelexy1: posts small blind $0.50
poker_soul11: posts big blind $1
*** HOLE CARDS ***
MarcoF1: raises $1 to $2
blistein: folds 
MauriFierro27: folds 
Evelexy1: folds 
poker_soul11: folds 
Uncalled bet ($1) returned to MarcoF1
MarcoF1 collected $2.50 from pot
MarcoF1: doesn't show hand 
*** SUMMARY ***
Total pot $2.50 | Rake $0 
Seat 5: Burlica2013
Seat 1: poker_soul11 (big blind) folded before Flop
Seat 2: MarcoF1 collected ($2.50)
Seat 3: blistein folded before Flop (didn't bet)
Seat 4: MauriFierro27 (button) folded before Flop (didn't bet)
Seat 6: Evelexy1 (small blind) folded before Flop



PokerStars Hand #254527790847:  Hold'em No Limit ($0.50/$1.00 USD) - 2025/01/24 11:53:53 WET [2025/01/24 6:53:53 ET]
Table 'Crescentia IV' 6-max Seat #6 is the button
Seat 1: poker_soul11 ($131.04 in chips) 
Seat 2: MarcoF1 ($108.84 in chips) 
Seat 3: blistein ($100 in chips) 
Seat 4: MauriFierro27 ($111.74 in chips) 
Seat 5: Burlica2013 ($101.50 in chips) 
Seat 6: Evelexy1 ($100 in chips) 
poker_soul11: posts small blind $0.50
MarcoF1: posts big blind $1
Burlica2013: posts small & big blinds $1.50
*** HOLE CARDS ***
blistein: folds 
MauriFierro27: folds 
Burlica2013: checks 
Evelexy1: folds 
poker_soul11: folds 
MarcoF1: checks 
*** FLOP *** [3d 3h 6d]
MarcoF1: checks 
Burlica2013: bets $1.43
MarcoF1: folds 
Uncalled bet ($1.43) returned to Burlica2013
Burlica2013 collected $2.85 from pot
Burlica2013: doesn't show hand 
*** SUMMARY ***
Total pot $3 | Rake $0.15 
Board [3d 3h 6d]
Seat 1: poker_soul11 (small blind) folded before Flop
Seat 2: MarcoF1 (big blind) folded on the Flop
Seat 3: blistein folded before Flop (didn't bet)
Seat 4: MauriFierro27 folded before Flop (didn't bet)
Seat 5: Burlica2013 collected ($2.85)
Seat 6: Evelexy1 (button) folded before Flop (didn't bet)



PokerStars Hand #254527795452:  Hold'em No Limit ($0.50/$1.00 USD) - 2025/01/24 11:54:27 WET [2025/01/24 6:54:27 ET]
Table 'Crescentia IV' 6-max Seat #1 is the button
Seat 1: poker_soul11 ($130.54 in chips) 
Seat 2: MarcoF1 ($107.84 in chips) 
Seat 3: blistein ($100 in chips) 
Seat 4: MauriFierro27 ($111.74 in chips) 
Seat 5: Burlica2013 ($102.85 in chips) 
Seat 6: Evelexy1 ($100 in chips) 
MarcoF1: posts small blind $0.50
blistein: posts big blind $1
*** HOLE CARDS ***
MauriFierro27: folds 
Burlica2013: folds 
Evelexy1: folds 
poker_soul11: raises $1.20 to $2.20
MarcoF1: folds 
blistein: calls $1.20
*** FLOP *** [9c 9h 3d]
blistein: checks 
poker_soul11: bets $1.54
blistein: folds 
Uncalled bet ($1.54) returned to poker_soul11
poker_soul11 collected $4.66 from pot
poker_soul11: doesn't show hand 
*** SUMMARY ***
Total pot $4.90 | Rake $0.24 
Board [9c 9h 3d]
Seat 1: poker_soul11 (button) collected ($4.66)
Seat 2: MarcoF1 (small blind) folded before Flop
Seat 3: blistein (big blind) folded on the Flop
Seat 4: MauriFierro27 folded before Flop (didn't bet)
Seat 5: Burlica2013 folded before Flop (didn't bet)
Seat 6: Evelexy1 folded before Flop (didn't bet)



PokerStars Hand #254527801940:  Hold'em No Limit ($0.50/$1.00 USD) - 2025/01/24 11:55:18 WET [2025/01/24 6:55:18 ET]
Table 'Crescentia IV' 6-max Seat #2 is the button
Seat 1: poker_soul11 ($133 in chips) 
Seat 2: MarcoF1 ($107.34 in chips) 
Seat 3: blistein ($100 in chips) 
Seat 4: MauriFierro27 ($111.74 in chips) 
Seat 5: Burlica2013 ($102.85 in chips) 
Seat 6: Evelexy1 ($100 in chips) 
blistein: posts small blind $0.50
MauriFierro27: posts big blind $1
*** HOLE CARDS ***
Burlica2013: folds 
Evelexy1: folds 
poker_soul11: raises $1.20 to $2.20
MarcoF1: calls $2.20
blistein: folds 
MauriFierro27: folds 
*** FLOP *** [Ks Qc 7h]
poker_soul11: checks 
MarcoF1: checks 
*** TURN *** [Ks Qc 7h] [Td]
poker_soul11: checks 
MarcoF1: checks 
*** RIVER *** [Ks Qc 7h Td] [Qs]
poker_soul11: checks 
MarcoF1: bets $5.60
poker_soul11: folds 
Uncalled bet ($5.60) returned to MarcoF1
MarcoF1 collected $5.60 from pot
MarcoF1: doesn't show hand 
*** SUMMARY ***
Total pot $5.90 | Rake $0.30 
Board [Ks Qc 7h Td Qs]
Seat 1: poker_soul11 folded on the River
Seat 2: MarcoF1 (button) collected ($5.60)
Seat 3: blistein (small blind) folded before Flop
Seat 4: MauriFierro27 (big blind) folded before Flop
Seat 5: Burlica2013 folded before Flop (didn't bet)
Seat 6: Evelexy1 folded before Flop (didn't bet)



PokerStars Hand #254527808871:  Hold'em No Limit ($0.50/$1.00 USD) - 2025/01/24 11:56:23 WET [2025/01/24 6:56:23 ET]
Table 'Crescentia IV' 6-max Seat #3 is the button
Seat 1: poker_soul11 ($130.80 in chips) 
Seat 2: MarcoF1 ($110.74 in chips) 
Seat 3: blistein ($100 in chips) 
Seat 4: MauriFierro27 ($110.74 in chips) 
Seat 5: Burlica2013 ($102.85 in chips) 
Seat 6: Evelexy1 ($100 in chips) 
MauriFierro27: posts small blind $0.50
Burlica2013: posts big blind $1
*** HOLE CARDS ***
Evelexy1: raises $1.50 to $2.50
poker_soul11: folds 
MarcoF1: folds 
blistein: folds 
MauriFierro27: folds 
Burlica2013: calls $1.50
*** FLOP *** [9c 2c 6h]
Burlica2013: checks 
MarcoF1 leaves the table
Evelexy1: bets $1.74
ponchua joins the table at seat #2 
Burlica2013: calls $1.74
*** TURN *** [9c 2c 6h] [7s]
ponchua leaves the table
Burlica2013: checks 
Evelexy1: bets $6.40
Burlica2013: folds 
Uncalled bet ($6.40) returned to Evelexy1
Pvn1219 joins the table at seat #2 
Pvn1219 is disconnected 
Evelexy1 collected $8.53 from pot
Evelexy1: doesn't show hand 
*** SUMMARY ***
Total pot $8.98 | Rake $0.45 
Board [9c 2c 6h 7s]
Seat 1: poker_soul11 folded before Flop (didn't bet)
Seat 2: MarcoF1 folded before Flop (didn't bet)
Seat 3: blistein (button) folded before Flop (didn't bet)
Seat 4: MauriFierro27 (small blind) folded before Flop
Seat 5: Burlica2013 (big blind) folded on the Turn
Seat 6: Evelexy1 collected ($8.53)



PokerStars Hand #254527813465:  Hold'em No Limit ($0.50/$1.00 USD) - 2025/01/24 11:57:05 WET [2025/01/24 6:57:05 ET]
Table 'Crescentia IV' 6-max Seat #4 is the button
Seat 2: Pvn1219 ($60.21 in chips) is sitting out
Seat 1: poker_soul11 ($130.80 in chips) 
Seat 3: blistein ($100 in chips) 
Seat 4: MauriFierro27 ($110.24 in chips) 
Seat 5: Burlica2013 ($100 in chips) 
Seat 6: Evelexy1 ($104.29 in chips) 
Burlica2013: posts small blind $0.50
Evelexy1: posts big blind $1
Pvn1219: sits out 
*** HOLE CARDS ***
poker_soul11: folds 
blistein: raises $1.30 to $2.30
MauriFierro27: folds 
Burlica2013: folds 
Evelexy1: folds 
Uncalled bet ($1.30) returned to blistein
blistein collected $2.50 from pot
blistein: doesn't show hand 
*** SUMMARY ***
Total pot $2.50 | Rake $0 
Seat 2: Pvn1219
Seat 1: poker_soul11 folded before Flop (didn't bet)
Seat 3: blistein collected ($2.50)
Seat 4: MauriFierro27 (button) folded before Flop (didn't bet)
Seat 5: Burlica2013 (small blind) folded before Flop
Seat 6: Evelexy1 (big blind) folded before Flop



PokerStars Hand #254527815277:  Hold'em No Limit ($0.50/$1.00 USD) - 2025/01/24 11:57:21 WET [2025/01/24 6:57:21 ET]
Table 'Crescentia IV' 6-max Seat #5 is the button
Seat 2: Pvn1219 ($60.21 in chips) is sitting out
Seat 1: poker_soul11 ($130.80 in chips) 
Seat 3: blistein ($101.50 in chips) 
Seat 4: MauriFierro27 ($110.24 in chips) 
Seat 5: Burlica2013 ($100 in chips) 
Seat 6: Evelexy1 ($103.29 in chips) 
Evelexy1: posts small blind $0.50
poker_soul11: posts big blind $1
Pvn1219: sits out 
*** HOLE CARDS ***
blistein: raises $1.20 to $2.20
MauriFierro27: folds 
Burlica2013: folds 
Evelexy1: folds 
poker_soul11: calls $1.20
*** FLOP *** [Qs 3c Jd]
poker_soul11: checks 
blistein: bets $1.58
poker_soul11: calls $1.58
*** TURN *** [Qs 3c Jd] [2c]
poker_soul11: checks 
blistein: bets $9.57
poker_soul11: calls $9.57
*** RIVER *** [Qs 3c Jd 2c] [5s]
poker_soul11: checks 
blistein: checks 
*** SHOW DOWN ***
poker_soul11: shows [As Jc] (a pair of Jacks)
blistein: mucks hand 
poker_soul11 collected $25.84 from pot
*** SUMMARY ***
Total pot $27.20 | Rake $1.36 
Board [Qs 3c Jd 2c 5s]
Seat 2: Pvn1219
Seat 1: poker_soul11 (big blind) showed [As Jc] and won ($25.84) with a pair of Jacks
Seat 3: blistein mucked
Seat 4: MauriFierro27 folded before Flop (didn't bet)
Seat 5: Burlica2013 (button) folded before Flop (didn't bet)
Seat 6: Evelexy1 (small blind) folded before Flop



PokerStars Hand #254527824916:  Hold'em No Limit ($0.50/$1.00 USD) - 2025/01/24 11:58:50 WET [2025/01/24 6:58:50 ET]
Table 'Crescentia IV' 6-max Seat #6 is the button
Seat 1: poker_soul11 ($143.29 in chips) 
Seat 2: Pvn1219 ($60.21 in chips) 
Seat 3: blistein ($100 in chips) 
Seat 4: MauriFierro27 ($110.24 in chips) 
Seat 5: Burlica2013 ($100 in chips) 
Seat 6: Evelexy1 ($102.79 in chips) 
poker_soul11: posts small blind $0.50
Pvn1219: posts big blind $1
*** HOLE CARDS ***
blistein: folds 
MauriFierro27: raises $1.20 to $2.20
Burlica2013: folds 
Evelexy1: folds 
poker_soul11: folds 
Pvn1219: calls $1.20
*** FLOP *** [2d Js 4d]
Pvn1219: checks 
MauriFierro27: bets $1
Pvn1219: raises $3 to $4
MauriFierro27: calls $3
*** TURN *** [2d Js 4d] [Ah]
Pvn1219: checks 
MauriFierro27: checks 
*** RIVER *** [2d Js 4d Ah] [8s]
Pvn1219: bets $6.13
MauriFierro27: calls $6.13
*** SHOW DOWN ***
Pvn1219: shows [6d Tc] (high card Ace)
MauriFierro27: shows [Kd Kc] (a pair of Kings)
MauriFierro27 collected $23.90 from pot
*** SUMMARY ***
Total pot $25.16 | Rake $1.26 
Board [2d Js 4d Ah 8s]
Seat 1: poker_soul11 (small blind) folded before Flop
Seat 2: Pvn1219 (big blind) showed [6d Tc] and lost with high card Ace
Seat 3: blistein folded before Flop (didn't bet)
Seat 4: MauriFierro27 showed [Kd Kc] and won ($23.90) with a pair of Kings
Seat 5: Burlica2013 folded before Flop (didn't bet)
Seat 6: Evelexy1 (button) folded before Flop (didn't bet)



PokerStars Hand #254527832897:  Hold'em No Limit ($0.50/$1.00 USD) - 2025/01/24 12:00:02 WET [2025/01/24 7:00:02 ET]
Table 'Crescentia IV' 6-max Seat #1 is the button
Seat 1: poker_soul11 ($142.79 in chips) 
Seat 2: Pvn1219 ($47.88 in chips) 
Seat 3: blistein ($100 in chips) 
Seat 4: MauriFierro27 ($121.81 in chips) 
Seat 5: Burlica2013 ($100 in chips) 
Seat 6: Evelexy1 ($102.79 in chips) 
Pvn1219: posts small blind $0.50
blistein: posts big blind $1
*** HOLE CARDS ***
MauriFierro27: folds 
Burlica2013: folds 
Evelexy1: raises $1.50 to $2.50
poker_soul11: folds 
Pvn1219: calls $2
blistein: folds 
*** FLOP *** [7h 5c Ad]
Pvn1219: checks 
Evelexy1: checks 
*** TURN *** [7h 5c Ad] [3d]
Pvn1219: checks 
Evelexy1: checks 
*** RIVER *** [7h 5c Ad 3d] [Jh]
Pvn1219: checks 
Evelexy1: checks 
*** SHOW DOWN ***
Pvn1219: shows [7c 8c] (a pair of Sevens)
Evelexy1: mucks hand 
Pvn1219 collected $5.70 from pot
*** SUMMARY ***
Total pot $6 | Rake $0.30 
Board [7h 5c Ad 3d Jh]
Seat 1: poker_soul11 (button) folded before Flop (didn't bet)
Seat 2: Pvn1219 (small blind) showed [7c 8c] and won ($5.70) with a pair of Sevens
Seat 3: blistein (big blind) folded before Flop
Seat 4: MauriFierro27 folded before Flop (didn't bet)
Seat 5: Burlica2013 folded before Flop (didn't bet)
Seat 6: Evelexy1 mucked



PokerStars Hand #254527836596:  Hold'em No Limit ($0.50/$1.00 USD) - 2025/01/24 12:00:35 WET [2025/01/24 7:00:35 ET]
Table 'Crescentia IV' 6-max Seat #2 is the button
Seat 1: poker_soul11 ($142.79 in chips) 
Seat 2: Pvn1219 ($51.08 in chips) 
Seat 3: blistein ($100 in chips) 
Seat 4: MauriFierro27 ($121.81 in chips) 
Seat 5: Burlica2013 ($100 in chips) 
Seat 6: Evelexy1 ($100.29 in chips) 
blistein: posts small blind $0.50
MauriFierro27: posts big blind $1
*** HOLE CARDS ***
Burlica2013: folds 
Evelexy1: folds 
poker_soul11: folds 
Pvn1219: folds 
blistein: folds 
Uncalled bet ($0.50) returned to MauriFierro27
MauriFierro27 collected $1 from pot
MauriFierro27: doesn't show hand 
*** SUMMARY ***
Total pot $1 | Rake $0 
Seat 1: poker_soul11 folded before Flop (didn't bet)
Seat 2: Pvn1219 (button) folded before Flop (didn't bet)
Seat 3: blistein (small blind) folded before Flop
Seat 4: MauriFierro27 (big blind) collected ($1)
Seat 5: Burlica2013 folded before Flop (didn't bet)
Seat 6: Evelexy1 folded before Flop (didn't bet)



PokerStars Hand #254527838811:  Hold'em No Limit ($0.50/$1.00 USD) - 2025/01/24 12:00:53 WET [2025/01/24 7:00:53 ET]
Table 'Crescentia IV' 6-max Seat #3 is the button
Seat 5: Burlica2013 ($100 in chips) is sitting out
Seat 1: poker_soul11 ($142.79 in chips) 
Seat 2: Pvn1219 ($51.08 in chips) 
Seat 3: blistein ($100 in chips) 
Seat 4: MauriFierro27 ($122.31 in chips) 
Seat 6: Evelexy1 ($100.29 in chips) 
MauriFierro27: posts small blind $0.50
Burlica2013: is sitting out 
Evelexy1: posts big blind $1
*** HOLE CARDS ***
poker_soul11: folds 
Pvn1219: folds 
blistein: folds 
MauriFierro27: folds 
Uncalled bet ($0.50) returned to Evelexy1
Evelexy1 collected $1 from pot
Evelexy1: doesn't show hand 
*** SUMMARY ***
Total pot $1 | Rake $0 
Seat 5: Burlica2013
Seat 1: poker_soul11 folded before Flop (didn't bet)
Seat 2: Pvn1219 folded before Flop (didn't bet)
Seat 3: blistein (button) folded before Flop (didn't bet)
Seat 4: MauriFierro27 (small blind) folded before Flop
Seat 6: Evelexy1 (big blind) collected ($1)



PokerStars Hand #254527841115:  Hold'em No Limit ($0.50/$1.00 USD) - 2025/01/24 12:01:12 WET [2025/01/24 7:01:12 ET]
Table 'Crescentia IV' 6-max Seat #4 is the button
Seat 5: Burlica2013 ($100 in chips) is sitting out
Seat 1: poker_soul11 ($142.79 in chips) 
Seat 2: Pvn1219 ($51.08 in chips) 
Seat 3: blistein ($100 in chips) 
Seat 4: MauriFierro27 ($121.81 in chips) 
Seat 6: Evelexy1 ($100.79 in chips) 
Evelexy1: posts small blind $0.50
poker_soul11: posts big blind $1
*** HOLE CARDS ***
Pvn1219: raises $1 to $2
blistein: folds 
MauriFierro27: calls $2
Evelexy1: folds 
poker_soul11: folds 
*** FLOP *** [8c 4d Ad]
Pvn1219: bets $3.61
MauriFierro27: calls $3.61
*** TURN *** [8c 4d Ad] [7d]
Pvn1219: bets $7.04
MauriFierro27: calls $7.04
*** RIVER *** [8c 4d Ad 7d] [8h]
Pvn1219: bets $25.46
MauriFierro27: raises $50.92 to $76.38
Pvn1219: calls $12.97 and is all-in
Uncalled bet ($37.95) returned to MauriFierro27
*** SHOW DOWN ***
MauriFierro27: shows [7h 7s] (a full house, Sevens full of Eights)
Pvn1219: shows [Kd 5d] (a flush, Ace high)
MauriFierro27 collected $101.16 from pot
*** SUMMARY ***
Total pot $103.66 | Rake $2.50 
Board [8c 4d Ad 7d 8h]
Seat 5: Burlica2013
Seat 1: poker_soul11 (big blind) folded before Flop
Seat 2: Pvn1219 showed [Kd 5d] and lost with a flush, Ace high
Seat 3: blistein folded before Flop (didn't bet)
Seat 4: MauriFierro27 (button) showed [7h 7s] and won ($101.16) with a full house, Sevens full of Eights
Seat 6: Evelexy1 (small blind) folded before Flop



PokerStars Hand #254527849673:  Hold'em No Limit ($0.50/$1.00 USD) - 2025/01/24 12:02:16 WET [2025/01/24 7:02:16 ET]
Table 'Crescentia IV' 6-max Seat #6 is the button
Seat 2: Pvn1219 ($0 in chips) is sitting out
Seat 1: poker_soul11 ($141.79 in chips) 
Seat 3: blistein ($100 in chips) 
Seat 4: MauriFierro27 ($171.89 in chips) 
Seat 5: Burlica2013 ($100 in chips) 
Seat 6: Evelexy1 ($100.29 in chips) 
poker_soul11: posts small blind $0.50
blistein: posts big blind $1
Burlica2013: posts small & big blinds $1.50
*** HOLE CARDS ***
MauriFierro27: folds 
Burlica2013: checks 
Evelexy1: folds 
poker_soul11: folds 
blistein: checks 
*** FLOP *** [Qd 9c 4h]
blistein: checks 
Burlica2013: bets $1
blistein: raises $2 to $3
Burlica2013: folds 
Uncalled bet ($2) returned to blistein
blistein collected $4.75 from pot
blistein: doesn't show hand 
*** SUMMARY ***
Total pot $5 | Rake $0.25 
Board [Qd 9c 4h]
Seat 2: Pvn1219
Seat 1: poker_soul11 (small blind) folded before Flop
Seat 3: blistein (big blind) collected ($4.75)
Seat 4: MauriFierro27 folded before Flop (didn't bet)
Seat 5: Burlica2013 folded on the Flop
Seat 6: Evelexy1 (button) folded before Flop (didn't bet)



PokerStars Hand #254527857502:  Hold'em No Limit ($0.50/$1.00 USD) - 2025/01/24 12:03:14 WET [2025/01/24 7:03:14 ET]
Table 'Crescentia IV' 6-max Seat #1 is the button
Seat 2: Pvn1219 ($60.21 in chips) is sitting out
Seat 1: poker_soul11 ($141.29 in chips) 
Seat 3: blistein ($102.75 in chips) 
Seat 4: MauriFierro27 ($171.89 in chips) 
Seat 5: Burlica2013 ($100 in chips) 
Seat 6: Evelexy1 ($100.29 in chips) 
blistein: posts small blind $0.50
MauriFierro27: posts big blind $1
*** HOLE CARDS ***
Burlica2013: folds 
Evelexy1: raises $1.50 to $2.50
poker_soul11: folds 
blistein: folds 
MauriFierro27: folds 
Uncalled bet ($1.50) returned to Evelexy1
Evelexy1 collected $2.50 from pot
Evelexy1: doesn't show hand 
*** SUMMARY ***
Total pot $2.50 | Rake $0 
Seat 2: Pvn1219
Seat 1: poker_soul11 (button) folded before Flop (didn't bet)
Seat 3: blistein (small blind) folded before Flop
Seat 4: MauriFierro27 (big blind) folded before Flop
Seat 5: Burlica2013 folded before Flop (didn't bet)
Seat 6: Evelexy1 collected ($2.50)



PokerStars Hand #254527860332:  Hold'em No Limit ($0.50/$1.00 USD) - 2025/01/24 12:03:35 WET [2025/01/24 7:03:35 ET]
Table 'Crescentia IV' 6-max Seat #3 is the button
Seat 1: poker_soul11 ($141.29 in chips) 
Seat 2: Pvn1219 ($60.21 in chips) 
Seat 3: blistein ($102.25 in chips) 
Seat 4: MauriFierro27 ($170.89 in chips) 
Seat 5: Burlica2013 ($100 in chips) 
Seat 6: Evelexy1 ($101.79 in chips) 
MauriFierro27: posts small blind $0.50
Burlica2013: posts big blind $1
Pvn1219: posts small & big blinds $1.50
*** HOLE CARDS ***
Evelexy1: raises $2 to $3
poker_soul11: folds 
Pvn1219: folds 
blistein: folds 
MauriFierro27: folds 
Burlica2013: folds 
Uncalled bet ($2) returned to Evelexy1
Evelexy1 collected $4 from pot
Evelexy1: doesn't show hand 
*** SUMMARY ***
Total pot $4 | Rake $0 
Seat 1: poker_soul11 folded before Flop (didn't bet)
Seat 2: Pvn1219 folded before Flop (didn't bet)
Seat 3: blistein (button) folded before Flop (didn't bet)
Seat 4: MauriFierro27 (small blind) folded before Flop
Seat 5: Burlica2013 (big blind) folded before Flop
Seat 6: Evelexy1 collected ($4)



PokerStars Hand #254527861569:  Hold'em No Limit ($0.50/$1.00 USD) - 2025/01/24 12:03:44 WET [2025/01/24 7:03:44 ET]
Table 'Crescentia IV' 6-max Seat #4 is the button
Seat 1: poker_soul11 ($141.29 in chips) 
Seat 2: Pvn1219 ($58.71 in chips) 
Seat 3: blistein ($102.25 in chips) 
Seat 4: MauriFierro27 ($170.39 in chips) 
Seat 5: Burlica2013 ($100 in chips) 
Seat 6: Evelexy1 ($104.79 in chips) 
Burlica2013: posts small blind $0.50
Evelexy1: posts big blind $1
*** HOLE CARDS ***
poker_soul11: folds 
Pvn1219: raises $1 to $2
blistein: folds 
MauriFierro27: folds 
Burlica2013: folds 
Evelexy1: calls $1
*** FLOP *** [Th Ac 4s]
Evelexy1: checks 
Pvn1219: bets $2.14
Evelexy1: calls $2.14
*** TURN *** [Th Ac 4s] [5s]
Evelexy1: checks 
Pvn1219: bets $8.34
Evelexy1: calls $8.34
*** RIVER *** [Th Ac 4s 5s] [6c]
Evelexy1: checks 
Pvn1219: bets $24.19
Evelexy1: calls $24.19
*** SHOW DOWN ***
Pvn1219: shows [3s 2s] (a straight, Deuce to Six)
Evelexy1: mucks hand 
Pvn1219 collected $71.34 from pot
*** SUMMARY ***
Total pot $73.84 | Rake $2.50 
Board [Th Ac 4s 5s 6c]
Seat 1: poker_soul11 folded before Flop (didn't bet)
Seat 2: Pvn1219 showed [3s 2s] and won ($71.34) with a straight, Deuce to Six
Seat 3: blistein folded before Flop (didn't bet)
Seat 4: MauriFierro27 (button) folded before Flop (didn't bet)
Seat 5: Burlica2013 (small blind) folded before Flop
Seat 6: Evelexy1 (big blind) mucked



PokerStars Hand #254527868742:  Hold'em No Limit ($0.50/$1.00 USD) - 2025/01/24 12:04:38 WET [2025/01/24 7:04:38 ET]
Table 'Crescentia IV' 6-max Seat #5 is the button
Seat 1: poker_soul11 ($141.29 in chips) 
Seat 2: Pvn1219 ($93.38 in chips) 
Seat 3: blistein ($102.25 in chips) 
Seat 4: MauriFierro27 ($170.39 in chips) 
Seat 5: Burlica2013 ($100 in chips) 
poker_soul11: posts small blind $0.50
Pvn1219: posts big blind $1
*** HOLE CARDS ***
blistein: folds 
MauriFierro27: folds 
Burlica2013: raises $1.45 to $2.45
poker_soul11: raises $9.55 to $12
Pvn1219: folds 
Burlica2013: calls $9.55
*** FLOP *** [Ks Ts 6d]
coeeeelho joins the table at seat #6 
poker_soul11: bets $5.94
Burlica2013: calls $5.94
*** TURN *** [Ks Ts 6d] [Ad]
poker_soul11: checks 
Burlica2013: bets $8.76
poker_soul11: calls $8.76
*** RIVER *** [Ks Ts 6d Ad] [7d]
poker_soul11: checks 
Burlica2013: bets $73.30 and is all-in
poker_soul11: folds 
Uncalled bet ($73.30) returned to Burlica2013
Burlica2013 collected $51.90 from pot
Burlica2013: doesn't show hand 
*** SUMMARY ***
Total pot $54.40 | Rake $2.50 
Board [Ks Ts 6d Ad 7d]
Seat 1: poker_soul11 (small blind) folded on the River
Seat 2: Pvn1219 (big blind) folded before Flop
Seat 3: blistein folded before Flop (didn't bet)
Seat 4: MauriFierro27 folded before Flop (didn't bet)
Seat 5: Burlica2013 (button) collected ($51.90)



PokerStars Hand #254527885592:  Hold'em No Limit ($0.50/$1.00 USD) - 2025/01/24 12:06:45 WET [2025/01/24 7:06:45 ET]
Table 'Crescentia IV' 6-max Seat #1 is the button
Seat 6: coeeeelho ($100 in chips) is sitting out
Seat 1: poker_soul11 ($114.59 in chips) 
Seat 2: Pvn1219 ($92.38 in chips) 
Seat 3: blistein ($102.25 in chips) 
Seat 4: MauriFierro27 ($170.39 in chips) 
Seat 5: Burlica2013 ($125.20 in chips) 
Pvn1219: posts small blind $0.50
blistein: posts big blind $1
coeeeelho: sits out 
*** HOLE CARDS ***
MauriFierro27: folds 
Burlica2013: folds 
poker_soul11: raises $1.20 to $2.20
Pvn1219: calls $1.70
blistein: folds 
*** FLOP *** [Qs 3d 9s]
Pvn1219: checks 
poker_soul11: checks 
*** TURN *** [Qs 3d 9s] [2c]
Pvn1219: checks 
poker_soul11: bets $1.28
Pvn1219: calls $1.28
*** RIVER *** [Qs 3d 9s 2c] [6s]
Pvn1219: checks 
poker_soul11: bets $5.67
Pvn1219: folds 
Uncalled bet ($5.67) returned to poker_soul11
poker_soul11 collected $7.56 from pot
poker_soul11: doesn't show hand 
*** SUMMARY ***
Total pot $7.96 | Rake $0.40 
Board [Qs 3d 9s 2c 6s]
Seat 6: coeeeelho
Seat 1: poker_soul11 (button) collected ($7.56)
Seat 2: Pvn1219 (small blind) folded on the River
Seat 3: blistein (big blind) folded before Flop
Seat 4: MauriFierro27 folded before Flop (didn't bet)
Seat 5: Burlica2013 folded before Flop (didn't bet)



PokerStars Hand #254527896860:  Hold'em No Limit ($0.50/$1.00 USD) - 2025/01/24 12:08:10 WET [2025/01/24 7:08:10 ET]
Table 'Crescentia IV' 6-max Seat #2 is the button
Seat 6: coeeeelho ($100 in chips) is sitting out
Seat 1: poker_soul11 ($118.67 in chips) 
Seat 2: Pvn1219 ($88.90 in chips) 
Seat 3: blistein ($101.25 in chips) 
Seat 4: MauriFierro27 ($170.39 in chips) 
Seat 5: Burlica2013 ($125.20 in chips) 
blistein: posts small blind $0.50
MauriFierro27: posts big blind $1
coeeeelho: sits out 
*** HOLE CARDS ***
Burlica2013: raises $1.20 to $2.20
poker_soul11: folds 
Pvn1219: calls $2.20
blistein: raises $10.80 to $13
MauriFierro27: folds 
Burlica2013: folds 
Pvn1219: folds 
Uncalled bet ($10.80) returned to blistein
blistein collected $7.60 from pot
blistein: doesn't show hand 
*** SUMMARY ***
Total pot $7.60 | Rake $0 
Seat 6: coeeeelho
Seat 1: poker_soul11 folded before Flop (didn't bet)
Seat 2: Pvn1219 (button) folded before Flop
Seat 3: blistein (small blind) collected ($7.60)
Seat 4: MauriFierro27 (big blind) folded before Flop
Seat 5: Burlica2013 folded before Flop



PokerStars Hand #254527901115:  Hold'em No Limit ($0.50/$1.00 USD) - 2025/01/24 12:08:42 WET [2025/01/24 7:08:42 ET]
Table 'Crescentia IV' 6-max Seat #3 is the button
Seat 6: coeeeelho ($100 in chips) is sitting out
Seat 1: poker_soul11 ($118.67 in chips) 
Seat 2: Pvn1219 ($86.70 in chips) 
Seat 3: blistein ($106.65 in chips) 
Seat 4: MauriFierro27 ($169.39 in chips) 
Seat 5: Burlica2013 ($123 in chips) 
MauriFierro27: posts small blind $0.50
Burlica2013: posts big blind $1
coeeeelho: sits out 
*** HOLE CARDS ***
poker_soul11: folds 
Pvn1219: raises $2 to $3
blistein: raises $5 to $8
MauriFierro27: folds 
Burlica2013: folds 
Pvn1219: calls $5
*** FLOP *** [3c 5c 5h]
Pvn1219: checks 
blistein: checks 
*** TURN *** [3c 5c 5h] [7d]
Pvn1219: checks 
blistein: checks 
*** RIVER *** [3c 5c 5h 7d] [Ts]
Pvn1219: checks 
blistein: checks 
*** SHOW DOWN ***
Pvn1219: shows [Js Qs] (a pair of Fives)
blistein: shows [Ah Jc] (a pair of Fives - Ace kicker)
blistein collected $16.62 from pot
*** SUMMARY ***
Total pot $17.50 | Rake $0.88 
Board [3c 5c 5h 7d Ts]
Seat 6: coeeeelho
Seat 1: poker_soul11 folded before Flop (didn't bet)
Seat 2: Pvn1219 showed [Js Qs] and lost with a pair of Fives
Seat 3: blistein (button) showed [Ah Jc] and won ($16.62) with a pair of Fives
Seat 4: MauriFierro27 (small blind) folded before Flop
Seat 5: Burlica2013 (big blind) folded before Flop



PokerStars Hand #254527912700:  Hold'em No Limit ($0.50/$1.00 USD) - 2025/01/24 12:10:07 WET [2025/01/24 7:10:07 ET]
Table 'Crescentia IV' 6-max Seat #4 is the button
Seat 1: poker_soul11 ($118.67 in chips) 
Seat 2: Pvn1219 ($78.70 in chips) 
Seat 3: blistein ($115.27 in chips) 
Seat 4: MauriFierro27 ($168.89 in chips) 
Seat 5: Burlica2013 ($122 in chips) 
Seat 6: coeeeelho ($100 in chips) 
Burlica2013: posts small blind $0.50
coeeeelho: posts big blind $1
*** HOLE CARDS ***
poker_soul11: raises $1.20 to $2.20
Pvn1219: calls $2.20
blistein: folds 
MauriFierro27: folds 
Burlica2013: folds 
coeeeelho: calls $1.20
*** FLOP *** [Ts 7d Jd]
coeeeelho: checks 
poker_soul11: checks 
Pvn1219: bets $3.37
coeeeelho: folds 
poker_soul11: raises $13.48 to $16.85
Pvn1219: calls $13.48
*** TURN *** [Ts 7d Jd] [5d]
poker_soul11: bets $99.62 and is all-in
Burlica2013 leaves the table
Pvn1219: folds 
Uncalled bet ($99.62) returned to poker_soul11
poker_soul11 collected $38.76 from pot
poker_soul11: doesn't show hand 
*** SUMMARY ***
Total pot $40.80 | Rake $2.04 
Board [Ts 7d Jd 5d]
Seat 1: poker_soul11 collected ($38.76)
Seat 2: Pvn1219 folded on the Turn
Seat 3: blistein folded before Flop (didn't bet)
Seat 4: MauriFierro27 (button) folded before Flop (didn't bet)
Seat 5: Burlica2013 (small blind) folded before Flop
Seat 6: coeeeelho (big blind) folded on the Flop



PokerStars Hand #254527923665:  Hold'em No Limit ($0.50/$1.00 USD) - 2025/01/24 12:11:29 WET [2025/01/24 7:11:29 ET]
Table 'Crescentia IV' 6-max Seat #6 is the button
Seat 1: poker_soul11 ($138.38 in chips) 
Seat 2: Pvn1219 ($59.65 in chips) 
Seat 3: blistein ($115.27 in chips) 
Seat 4: MauriFierro27 ($168.89 in chips) 
Seat 6: coeeeelho ($100 in chips) 
poker_soul11: posts small blind $0.50
Pvn1219: posts big blind $1
*** HOLE CARDS ***
blistein: raises $1.20 to $2.20
MauriFierro27: folds 
coeeeelho: folds 
Evelexy1 joins the table at seat #5 
poker_soul11: raises $8.30 to $10.50
Pvn1219: folds 
blistein: folds 
Uncalled bet ($8.30) returned to poker_soul11
poker_soul11 collected $5.40 from pot
poker_soul11: doesn't show hand 
*** SUMMARY ***
Total pot $5.40 | Rake $0 
Seat 1: poker_soul11 (small blind) collected ($5.40)
Seat 2: Pvn1219 (big blind) folded before Flop
Seat 3: blistein folded before Flop
Seat 4: MauriFierro27 folded before Flop (didn't bet)
Seat 6: coeeeelho (button) folded before Flop (didn't bet)



PokerStars Hand #254527926676:  Hold'em No Limit ($0.50/$1.00 USD) - 2025/01/24 12:11:52 WET [2025/01/24 7:11:52 ET]
Table 'Crescentia IV' 6-max Seat #1 is the button
Seat 5: Evelexy1 ($100 in chips) is sitting out
Seat 1: poker_soul11 ($141.58 in chips) 
Seat 2: Pvn1219 ($58.65 in chips) 
Seat 3: blistein ($113.07 in chips) 
Seat 4: MauriFierro27 ($168.89 in chips) 
Seat 6: coeeeelho ($100 in chips) 
Pvn1219: posts small blind $0.50
blistein: posts big blind $1
Evelexy1: sits out 
*** HOLE CARDS ***
MauriFierro27: folds 
coeeeelho: raises $1.30 to $2.30
poker_soul11: folds 
Pvn1219: folds 
blistein: calls $1.30
*** FLOP *** [7d 5d 2s]
blistein: checks 
coeeeelho: bets $3.63
blistein: calls $3.63
*** TURN *** [7d 5d 2s] [9d]
blistein: checks 
coeeeelho: checks 
*** RIVER *** [7d 5d 2s 9d] [Kh]
blistein: bets $8.80
coeeeelho: calls $8.80
*** SHOW DOWN ***
blistein: shows [8d Qd] (a flush, Queen high)
coeeeelho: mucks hand 
blistein collected $28.46 from pot
*** SUMMARY ***
Total pot $29.96 | Rake $1.50 
Board [7d 5d 2s 9d Kh]
Seat 5: Evelexy1
Seat 1: poker_soul11 (button) folded before Flop (didn't bet)
Seat 2: Pvn1219 (small blind) folded before Flop
Seat 3: blistein (big blind) showed [8d Qd] and won ($28.46) with a flush, Queen high
Seat 4: MauriFierro27 folded before Flop (didn't bet)
Seat 6: coeeeelho mucked



PokerStars Hand #254527938485:  Hold'em No Limit ($0.50/$1.00 USD) - 2025/01/24 12:13:20 WET [2025/01/24 7:13:20 ET]
Table 'Crescentia IV' 6-max Seat #2 is the button
Seat 5: Evelexy1 ($100 in chips) is sitting out
Seat 1: poker_soul11 ($141.58 in chips) 
Seat 2: Pvn1219 ($58.15 in chips) 
Seat 3: blistein ($126.80 in chips) 
Seat 4: MauriFierro27 ($168.89 in chips) 
Seat 6: coeeeelho ($100 in chips) 
blistein: posts small blind $0.50
MauriFierro27: posts big blind $1
Evelexy1: sits out 
*** HOLE CARDS ***
coeeeelho: folds 
poker_soul11: raises $1.20 to $2.20
Pvn1219: folds 
blistein: folds 
MauriFierro27: raises $8.30 to $10.50
poker_soul11: folds 
Uncalled bet ($8.30) returned to MauriFierro27
MauriFierro27 collected $4.90 from pot
MauriFierro27: doesn't show hand 
*** SUMMARY ***
Total pot $4.90 | Rake $0 
Seat 5: Evelexy1
Seat 1: poker_soul11 folded before Flop
Seat 2: Pvn1219 (button) folded before Flop (didn't bet)
Seat 3: blistein (small blind) folded before Flop
Seat 4: MauriFierro27 (big blind) collected ($4.90)
Seat 6: coeeeelho folded before Flop (didn't bet)



PokerStars Hand #254527942393:  Hold'em No Limit ($0.50/$1.00 USD) - 2025/01/24 12:13:49 WET [2025/01/24 7:13:49 ET]
Table 'Crescentia IV' 6-max Seat #3 is the button
Seat 1: poker_soul11 ($139.38 in chips) 
Seat 2: Pvn1219 ($58.15 in chips) 
Seat 3: blistein ($126.30 in chips) 
Seat 4: MauriFierro27 ($171.59 in chips) 
Seat 5: Evelexy1 ($100 in chips) 
Seat 6: coeeeelho ($100 in chips) 
MauriFierro27: posts small blind $0.50
Evelexy1: posts big blind $1
*** HOLE CARDS ***
coeeeelho: raises $1.10 to $2.10
poker_soul11: folds 
Pvn1219: folds 
blistein: folds 
MauriFierro27: folds 
Evelexy1: folds 
Uncalled bet ($1.10) returned to coeeeelho
coeeeelho collected $2.50 from pot
*** SUMMARY ***
Total pot $2.50 | Rake $0 
Seat 1: poker_soul11 folded before Flop (didn't bet)
Seat 2: Pvn1219 folded before Flop (didn't bet)
Seat 3: blistein (button) folded before Flop (didn't bet)
Seat 4: MauriFierro27 (small blind) folded before Flop
Seat 5: Evelexy1 (big blind) folded before Flop
Seat 6: coeeeelho collected ($2.50)



PokerStars Hand #254527945010:  Hold'em No Limit ($0.50/$1.00 USD) - 2025/01/24 12:14:09 WET [2025/01/24 7:14:09 ET]
Table 'Crescentia IV' 6-max Seat #4 is the button
Seat 1: poker_soul11 ($139.38 in chips) 
Seat 2: Pvn1219 ($58.15 in chips) 
Seat 3: blistein ($126.30 in chips) 
Seat 4: MauriFierro27 ($171.09 in chips) 
Seat 5: Evelexy1 ($100 in chips) 
Seat 6: coeeeelho ($101.50 in chips) 
Evelexy1: posts small blind $0.50
coeeeelho: posts big blind $1
*** HOLE CARDS ***
poker_soul11: folds 
Pvn1219: raises $2 to $3
blistein: folds 
MauriFierro27: folds 
Evelexy1: folds 
coeeeelho: folds 
Uncalled bet ($2) returned to Pvn1219
Pvn1219 collected $2.50 from pot
*** SUMMARY ***
Total pot $2.50 | Rake $0 
Seat 1: poker_soul11 folded before Flop (didn't bet)
Seat 2: Pvn1219 collected ($2.50)
Seat 3: blistein folded before Flop (didn't bet)
Seat 4: MauriFierro27 (button) folded before Flop (didn't bet)
Seat 5: Evelexy1 (small blind) folded before Flop
Seat 6: coeeeelho (big blind) folded before Flop



PokerStars Hand #254527949628:  Hold'em No Limit ($0.50/$1.00 USD) - 2025/01/24 12:14:43 WET [2025/01/24 7:14:43 ET]
Table 'Crescentia IV' 6-max Seat #5 is the button
Seat 1: poker_soul11 ($139.38 in chips) 
Seat 2: Pvn1219 ($59.65 in chips) 
Seat 3: blistein ($126.30 in chips) 
Seat 4: MauriFierro27 ($171.09 in chips) 
Seat 5: Evelexy1 ($100 in chips) 
Seat 6: coeeeelho ($100.50 in chips) 
coeeeelho: posts small blind $0.50
poker_soul11: posts big blind $1
*** HOLE CARDS ***
Pvn1219: folds 
blistein: folds 
MauriFierro27: folds 
Evelexy1: folds 
coeeeelho: raises $2 to $3
poker_soul11: folds 
Uncalled bet ($2) returned to coeeeelho
coeeeelho collected $2 from pot
*** SUMMARY ***
Total pot $2 | Rake $0 
Seat 1: poker_soul11 (big blind) folded before Flop
Seat 2: Pvn1219 folded before Flop (didn't bet)
Seat 3: blistein folded before Flop (didn't bet)
Seat 4: MauriFierro27 folded before Flop (didn't bet)
Seat 5: Evelexy1 (button) folded before Flop (didn't bet)
Seat 6: coeeeelho (small blind) collected ($2)



PokerStars Hand #254527951766:  Hold'em No Limit ($0.50/$1.00 USD) - 2025/01/24 12:14:59 WET [2025/01/24 7:14:59 ET]
Table 'Crescentia IV' 6-max Seat #6 is the button
Seat 1: poker_soul11 ($138.38 in chips) 
Seat 2: Pvn1219 ($59.65 in chips) 
Seat 3: blistein ($126.30 in chips) 
Seat 4: MauriFierro27 ($171.09 in chips) 
Seat 5: Evelexy1 ($100 in chips) 
Seat 6: coeeeelho ($101.50 in chips) 
poker_soul11: posts small blind $0.50
Pvn1219: posts big blind $1
*** HOLE CARDS ***
blistein: raises $1.20 to $2.20
MauriFierro27: folds 
Evelexy1: folds 
coeeeelho: folds 
poker_soul11: folds 
Pvn1219: folds 
Uncalled bet ($1.20) returned to blistein
blistein collected $2.50 from pot
blistein: doesn't show hand 
*** SUMMARY ***
Total pot $2.50 | Rake $0 
Seat 1: poker_soul11 (small blind) folded before Flop
Seat 2: Pvn1219 (big blind) folded before Flop
Seat 3: blistein collected ($2.50)
Seat 4: MauriFierro27 folded before Flop (didn't bet)
Seat 5: Evelexy1 folded before Flop (didn't bet)
Seat 6: coeeeelho (button) folded before Flop (didn't bet)



PokerStars Hand #254527956377:  Hold'em No Limit ($0.50/$1.00 USD) - 2025/01/24 12:15:33 WET [2025/01/24 7:15:33 ET]
Table 'Crescentia IV' 6-max Seat #1 is the button
Seat 1: poker_soul11 ($137.88 in chips) 
Seat 2: Pvn1219 ($58.65 in chips) 
Seat 3: blistein ($127.80 in chips) 
Seat 4: MauriFierro27 ($171.09 in chips) 
Seat 5: Evelexy1 ($100 in chips) 
Seat 6: coeeeelho ($101.50 in chips) 
Pvn1219: posts small blind $0.50
blistein: posts big blind $1
*** HOLE CARDS ***
MauriFierro27: folds 
Evelexy1: folds 
coeeeelho: folds 
poker_soul11: folds 
Pvn1219: folds 
Uncalled bet ($0.50) returned to blistein
blistein collected $1 from pot
blistein: doesn't show hand 
*** SUMMARY ***
Total pot $1 | Rake $0 
Seat 1: poker_soul11 (button) folded before Flop (didn't bet)
Seat 2: Pvn1219 (small blind) folded before Flop
Seat 3: blistein (big blind) collected ($1)
Seat 4: MauriFierro27 folded before Flop (didn't bet)
Seat 5: Evelexy1 folded before Flop (didn't bet)
Seat 6: coeeeelho folded before Flop (didn't bet)



PokerStars Hand #254527961077:  Hold'em No Limit ($0.50/$1.00 USD) - 2025/01/24 12:16:08 WET [2025/01/24 7:16:08 ET]
Table 'Crescentia IV' 6-max Seat #2 is the button
Seat 1: poker_soul11 ($137.88 in chips) 
Seat 2: Pvn1219 ($58.15 in chips) 
Seat 3: blistein ($128.30 in chips) 
Seat 4: MauriFierro27 ($171.09 in chips) 
Seat 5: Evelexy1 ($100 in chips) 
Seat 6: coeeeelho ($101.50 in chips) 
blistein: posts small blind $0.50
MauriFierro27: posts big blind $1
*** HOLE CARDS ***
Evelexy1: folds 
coeeeelho: raises $1.20 to $2.20
poker_soul11: folds 
Pvn1219: calls $2.20
blistein: folds 
MauriFierro27: folds 
*** FLOP *** [7s Ah 4s]
coeeeelho: checks 
Pvn1219: bets $2.80
coeeeelho: calls $2.80
*** TURN *** [7s Ah 4s] [Jh]
coeeeelho: checks 
Pvn1219: bets $5.46
coeeeelho: folds 
Uncalled bet ($5.46) returned to Pvn1219
Pvn1219 collected $10.92 from pot
*** SUMMARY ***
Total pot $11.50 | Rake $0.58 
Board [7s Ah 4s Jh]
Seat 1: poker_soul11 folded before Flop (didn't bet)
Seat 2: Pvn1219 (button) collected ($10.92)
Seat 3: blistein (small blind) folded before Flop
Seat 4: MauriFierro27 (big blind) folded before Flop
Seat 5: Evelexy1 folded before Flop (didn't bet)
Seat 6: coeeeelho folded on the Turn



PokerStars Hand #254527966875:  Hold'em No Limit ($0.50/$1.00 USD) - 2025/01/24 12:16:51 WET [2025/01/24 7:16:51 ET]
Table 'Crescentia IV' 6-max Seat #3 is the button
Seat 1: poker_soul11 ($137.88 in chips) 
Seat 2: Pvn1219 ($64.07 in chips) 
Seat 3: blistein ($127.80 in chips) 
Seat 4: MauriFierro27 ($170.09 in chips) 
Seat 5: Evelexy1 ($100 in chips) 
Seat 6: coeeeelho ($100 in chips) 
MauriFierro27: posts small blind $0.50
Evelexy1: posts big blind $1
*** HOLE CARDS ***
coeeeelho: folds 
poker_soul11: folds 
Pvn1219: folds 
blistein: folds 
MauriFierro27: raises $1.50 to $2.50
Evelexy1: folds 
Uncalled bet ($1.50) returned to MauriFierro27
MauriFierro27 collected $2 from pot
MauriFierro27: doesn't show hand 
*** SUMMARY ***
Total pot $2 | Rake $0 
Seat 1: poker_soul11 folded before Flop (didn't bet)
Seat 2: Pvn1219 folded before Flop (didn't bet)
Seat 3: blistein (button) folded before Flop (didn't bet)
Seat 4: MauriFierro27 (small blind) collected ($2)
Seat 5: Evelexy1 (big blind) folded before Flop
Seat 6: coeeeelho folded before Flop (didn't bet)



PokerStars Hand #254527970062:  Hold'em No Limit ($0.50/$1.00 USD) - 2025/01/24 12:17:15 WET [2025/01/24 7:17:15 ET]
Table 'Crescentia IV' 6-max Seat #4 is the button
Seat 1: poker_soul11 ($137.88 in chips) 
Seat 2: Pvn1219 ($64.07 in chips) 
Seat 3: blistein ($127.80 in chips) 
Seat 4: MauriFierro27 ($171.09 in chips) 
Seat 5: Evelexy1 ($100 in chips) 
Seat 6: coeeeelho ($100 in chips) 
Evelexy1: posts small blind $0.50
coeeeelho: posts big blind $1
*** HOLE CARDS ***
poker_soul11: folds 
Pvn1219: folds 
blistein: raises $1.30 to $2.30
MauriFierro27: folds 
Evelexy1: folds 
coeeeelho: folds 
Uncalled bet ($1.30) returned to blistein
blistein collected $2.50 from pot
blistein: doesn't show hand 
*** SUMMARY ***
Total pot $2.50 | Rake $0 
Seat 1: poker_soul11 folded before Flop (didn't bet)
Seat 2: Pvn1219 folded before Flop (didn't bet)
Seat 3: blistein collected ($2.50)
Seat 4: MauriFierro27 (button) folded before Flop (didn't bet)
Seat 5: Evelexy1 (small blind) folded before Flop
Seat 6: coeeeelho (big blind) folded before Flop



PokerStars Hand #254527975562:  Hold'em No Limit ($0.50/$1.00 USD) - 2025/01/24 12:17:57 WET [2025/01/24 7:17:57 ET]
Table 'Crescentia IV' 6-max Seat #5 is the button
Seat 1: poker_soul11 ($137.88 in chips) 
Seat 2: Pvn1219 ($64.07 in chips) 
Seat 3: blistein ($129.30 in chips) 
Seat 4: MauriFierro27 ($171.09 in chips) 
Seat 5: Evelexy1 ($100 in chips) 
Seat 6: coeeeelho ($100 in chips) 
coeeeelho: posts small blind $0.50
poker_soul11: posts big blind $1
*** HOLE CARDS ***
Pvn1219: folds 
blistein: folds 
MauriFierro27: raises $1.20 to $2.20
Evelexy1: folds 
coeeeelho: folds 
poker_soul11: folds 
Uncalled bet ($1.20) returned to MauriFierro27
MauriFierro27 collected $2.50 from pot
MauriFierro27: doesn't show hand 
*** SUMMARY ***
Total pot $2.50 | Rake $0 
Seat 1: poker_soul11 (big blind) folded before Flop
Seat 2: Pvn1219 folded before Flop (didn't bet)
Seat 3: blistein folded before Flop (didn't bet)
Seat 4: MauriFierro27 collected ($2.50)
Seat 5: Evelexy1 (button) folded before Flop (didn't bet)
Seat 6: coeeeelho (small blind) folded before Flop



PokerStars Hand #254527978707:  Hold'em No Limit ($0.50/$1.00 USD) - 2025/01/24 12:18:20 WET [2025/01/24 7:18:20 ET]
Table 'Crescentia IV' 6-max Seat #6 is the button
Seat 1: poker_soul11 ($136.88 in chips) 
Seat 2: Pvn1219 ($64.07 in chips) 
Seat 3: blistein ($129.30 in chips) 
Seat 4: MauriFierro27 ($172.59 in chips) 
Seat 5: Evelexy1 ($100 in chips) 
Seat 6: coeeeelho ($100 in chips) 
poker_soul11: posts small blind $0.50
Pvn1219: posts big blind $1
*** HOLE CARDS ***
blistein: folds 
MauriFierro27: raises $1.20 to $2.20
Evelexy1: folds 
coeeeelho: folds 
poker_soul11: folds 
Pvn1219: calls $1.20
*** FLOP *** [As 8c Qc]
Pvn1219: checks 
MauriFierro27: bets $1
Pvn1219: calls $1
*** TURN *** [As 8c Qc] [2c]
Pvn1219: checks 
MauriFierro27: bets $4.92
Pvn1219: calls $4.92
*** RIVER *** [As 8c Qc 2c] [Jc]
Pvn1219: checks 
MauriFierro27: bets $11.93
Pvn1219: folds 
Uncalled bet ($11.93) returned to MauriFierro27
MauriFierro27 collected $15.90 from pot
MauriFierro27: doesn't show hand 
*** SUMMARY ***
Total pot $16.74 | Rake $0.84 
Board [As 8c Qc 2c Jc]
Seat 1: poker_soul11 (small blind) folded before Flop
Seat 2: Pvn1219 (big blind) folded on the River
Seat 3: blistein folded before Flop (didn't bet)
Seat 4: MauriFierro27 collected ($15.90)
Seat 5: Evelexy1 folded before Flop (didn't bet)
Seat 6: coeeeelho (button) folded before Flop (didn't bet)



PokerStars Hand #254527990359:  Hold'em No Limit ($0.50/$1.00 USD) - 2025/01/24 12:19:48 WET [2025/01/24 7:19:48 ET]
Table 'Crescentia IV' 6-max Seat #1 is the button
Seat 1: poker_soul11 ($136.38 in chips) 
Seat 2: Pvn1219 ($55.95 in chips) 
Seat 3: blistein ($129.30 in chips) 
Seat 4: MauriFierro27 ($180.37 in chips) 
Seat 5: Evelexy1 ($100 in chips) 
Seat 6: coeeeelho ($100 in chips) 
Pvn1219: posts small blind $0.50
blistein: posts big blind $1
*** HOLE CARDS ***
MauriFierro27: folds 
Evelexy1: folds 
coeeeelho: raises $1.20 to $2.20
poker_soul11: folds 
Pvn1219: folds 
blistein: folds 
Uncalled bet ($1.20) returned to coeeeelho
coeeeelho collected $2.50 from pot
*** SUMMARY ***
Total pot $2.50 | Rake $0 
Seat 1: poker_soul11 (button) folded before Flop (didn't bet)
Seat 2: Pvn1219 (small blind) folded before Flop
Seat 3: blistein (big blind) folded before Flop
Seat 4: MauriFierro27 folded before Flop (didn't bet)
Seat 5: Evelexy1 folded before Flop (didn't bet)
Seat 6: coeeeelho collected ($2.50)



PokerStars Hand #254527991715:  Hold'em No Limit ($0.50/$1.00 USD) - 2025/01/24 12:19:58 WET [2025/01/24 7:19:58 ET]
Table 'Crescentia IV' 6-max Seat #2 is the button
Seat 1: poker_soul11 ($136.38 in chips) 
Seat 2: Pvn1219 ($55.45 in chips) 
Seat 3: blistein ($128.30 in chips) 
Seat 4: MauriFierro27 ($180.37 in chips) 
Seat 5: Evelexy1 ($100 in chips) 
Seat 6: coeeeelho ($101.50 in chips) 
blistein: posts small blind $0.50
MauriFierro27: posts big blind $1
*** HOLE CARDS ***
Evelexy1: raises $1 to $2
coeeeelho: folds 
poker_soul11: folds 
Pvn1219: calls $2
blistein: raises $11 to $13
MauriFierro27: folds 
Evelexy1: folds 
Pvn1219: folds 
Uncalled bet ($11) returned to blistein
blistein collected $7 from pot
blistein: doesn't show hand 
*** SUMMARY ***
Total pot $7 | Rake $0 
Seat 1: poker_soul11 folded before Flop (didn't bet)
Seat 2: Pvn1219 (button) folded before Flop
Seat 3: blistein (small blind) collected ($7)
Seat 4: MauriFierro27 (big blind) folded before Flop
Seat 5: Evelexy1 folded before Flop
Seat 6: coeeeelho folded before Flop (didn't bet)



PokerStars Hand #254527997880:  Hold'em No Limit ($0.50/$1.00 USD) - 2025/01/24 12:20:43 WET [2025/01/24 7:20:43 ET]
Table 'Crescentia IV' 6-max Seat #3 is the button
Seat 1: poker_soul11 ($136.38 in chips) 
Seat 2: Pvn1219 ($53.45 in chips) 
Seat 3: blistein ($133.30 in chips) 
Seat 4: MauriFierro27 ($179.37 in chips) 
Seat 5: Evelexy1 ($100 in chips) 
Seat 6: coeeeelho ($101.50 in chips) 
MauriFierro27: posts small blind $0.50
Evelexy1: posts big blind $1
*** HOLE CARDS ***
coeeeelho: folds 
poker_soul11: folds 
Pvn1219: raises $2 to $3
blistein: folds 
MauriFierro27: raises $6 to $9
Evelexy1: folds 
Pvn1219: calls $6
*** FLOP *** [Ad 5h 7d]
MauriFierro27: checks 
Pvn1219: checks 
*** TURN *** [Ad 5h 7d] [5s]
MauriFierro27: bets $5.97
Pvn1219: calls $5.97
*** RIVER *** [Ad 5h 7d 5s] [6s]
MauriFierro27: bets $9.70
Pvn1219: calls $9.70
*** SHOW DOWN ***
MauriFierro27: shows [As Jc] (two pair, Aces and Fives)
Pvn1219: mucks hand 
MauriFierro27 collected $47.84 from pot
*** SUMMARY ***
Total pot $50.34 | Rake $2.50 
Board [Ad 5h 7d 5s 6s]
Seat 1: poker_soul11 folded before Flop (didn't bet)
Seat 2: Pvn1219 mucked
Seat 3: blistein (button) folded before Flop (didn't bet)
Seat 4: MauriFierro27 (small blind) showed [As Jc] and won ($47.84) with two pair, Aces and Fives
Seat 5: Evelexy1 (big blind) folded before Flop
Seat 6: coeeeelho folded before Flop (didn't bet)



PokerStars Hand #254528005697:  Hold'em No Limit ($0.50/$1.00 USD) - 2025/01/24 12:21:40 WET [2025/01/24 7:21:40 ET]
Table 'Crescentia IV' 6-max Seat #4 is the button
Seat 1: poker_soul11 ($136.38 in chips) 
Seat 2: Pvn1219 ($28.78 in chips) 
Seat 3: blistein ($133.30 in chips) 
Seat 4: MauriFierro27 ($202.54 in chips) 
Seat 5: Evelexy1 ($100 in chips) 
Seat 6: coeeeelho ($101.50 in chips) 
Evelexy1: posts small blind $0.50
coeeeelho: posts big blind $1
*** HOLE CARDS ***
poker_soul11: folds 
Pvn1219: raises $2 to $3
blistein: folds 
MauriFierro27: folds 
Evelexy1: folds 
coeeeelho: calls $2
*** FLOP *** [7s Qs 8s]
coeeeelho: checks 
Pvn1219: bets $3.09
coeeeelho: calls $3.09
*** TURN *** [7s Qs 8s] [Ac]
coeeeelho: checks 
Pvn1219: bets $6.03
coeeeelho: raises $23.97 to $30
Pvn1219: folds 
Uncalled bet ($23.97) returned to coeeeelho
coeeeelho collected $23.50 from pot
coeeeelho: shows [Js]
*** SUMMARY ***
Total pot $24.74 | Rake $1.24 
Board [7s Qs 8s Ac]
Seat 1: poker_soul11 folded before Flop (didn't bet)
Seat 2: Pvn1219 folded on the Turn
Seat 3: blistein folded before Flop (didn't bet)
Seat 4: MauriFierro27 (button) folded before Flop (didn't bet)
Seat 5: Evelexy1 (small blind) folded before Flop
Seat 6: coeeeelho (big blind) collected ($23.50)



PokerStars Hand #254528012079:  Hold'em No Limit ($0.50/$1.00 USD) - 2025/01/24 12:22:27 WET [2025/01/24 7:22:27 ET]
Table 'Crescentia IV' 6-max Seat #5 is the button
Seat 1: poker_soul11 ($136.38 in chips) 
Seat 2: Pvn1219 ($16.66 in chips) 
Seat 3: blistein ($133.30 in chips) 
Seat 4: MauriFierro27 ($202.54 in chips) 
Seat 5: Evelexy1 ($100 in chips) 
Seat 6: coeeeelho ($112.88 in chips) 
coeeeelho: posts small blind $0.50
poker_soul11: posts big blind $1
*** HOLE CARDS ***
Pvn1219: raises $2 to $3
blistein: folds 
MauriFierro27: folds 
Evelexy1: folds 
coeeeelho: folds 
poker_soul11: folds 
Uncalled bet ($2) returned to Pvn1219
Pvn1219 collected $2.50 from pot
*** SUMMARY ***
Total pot $2.50 | Rake $0 
Seat 1: poker_soul11 (big blind) folded before Flop
Seat 2: Pvn1219 collected ($2.50)
Seat 3: blistein folded before Flop (didn't bet)
Seat 4: MauriFierro27 folded before Flop (didn't bet)
Seat 5: Evelexy1 (button) folded before Flop (didn't bet)
Seat 6: coeeeelho (small blind) folded before Flop



PokerStars Hand #254528014372:  Hold'em No Limit ($0.50/$1.00 USD) - 2025/01/24 12:22:44 WET [2025/01/24 7:22:44 ET]
Table 'Crescentia IV' 6-max Seat #6 is the button
Seat 1: poker_soul11 ($135.38 in chips) 
Seat 2: Pvn1219 ($18.16 in chips) 
Seat 3: blistein ($133.30 in chips) 
Seat 4: MauriFierro27 ($202.54 in chips) 
Seat 5: Evelexy1 ($100 in chips) 
Seat 6: coeeeelho ($112.38 in chips) 
poker_soul11: posts small blind $0.50
Pvn1219: posts big blind $1
*** HOLE CARDS ***
blistein: folds 
MauriFierro27: raises $1.20 to $2.20
Evelexy1: folds 
coeeeelho: folds 
poker_soul11: folds 
Pvn1219: calls $1.20
*** FLOP *** [Td 8h Tc]
Pvn1219: checks 
MauriFierro27: checks 
*** TURN *** [Td 8h Tc] [Qd]
Pvn1219: checks 
MauriFierro27: bets $1
Pvn1219: raises $14.96 to $15.96 and is all-in
MauriFierro27: calls $14.96
*** RIVER *** [Td 8h Tc Qd] [9c]
*** SHOW DOWN ***
Pvn1219: shows [7h Qc] (two pair, Queens and Tens)
MauriFierro27: shows [Jc Qh] (a straight, Eight to Queen)
MauriFierro27 collected $34.98 from pot
*** SUMMARY ***
Total pot $36.82 | Rake $1.84 
Board [Td 8h Tc Qd 9c]
Seat 1: poker_soul11 (small blind) folded before Flop
Seat 2: Pvn1219 (big blind) showed [7h Qc] and lost with two pair, Queens and Tens
Seat 3: blistein folded before Flop (didn't bet)
Seat 4: MauriFierro27 showed [Jc Qh] and won ($34.98) with a straight, Eight to Queen
Seat 5: Evelexy1 folded before Flop (didn't bet)
Seat 6: coeeeelho (button) folded before Flop (didn't bet)



PokerStars Hand #254528020589:  Hold'em No Limit ($0.50/$1.00 USD) - 2025/01/24 12:23:29 WET [2025/01/24 7:23:29 ET]
Table 'Crescentia IV' 6-max Seat #1 is the button
Seat 2: Pvn1219 ($0 in chips) is sitting out
Seat 1: poker_soul11 ($134.88 in chips) 
Seat 3: blistein ($133.30 in chips) 
Seat 4: MauriFierro27 ($219.36 in chips) 
Seat 5: Evelexy1 ($100 in chips) 
Seat 6: coeeeelho ($112.38 in chips) 
blistein: posts small blind $0.50
MauriFierro27: posts big blind $1
*** HOLE CARDS ***
Evelexy1: folds 
coeeeelho: raises $1.20 to $2.20
Pvn1219 is disconnected 
poker_soul11: folds 
blistein: folds 
MauriFierro27: folds 
Uncalled bet ($1.20) returned to coeeeelho
coeeeelho collected $2.50 from pot
*** SUMMARY ***
Total pot $2.50 | Rake $0 
Seat 2: Pvn1219
Seat 1: poker_soul11 (button) folded before Flop (didn't bet)
Seat 3: blistein (small blind) folded before Flop
Seat 4: MauriFierro27 (big blind) folded before Flop
Seat 5: Evelexy1 folded before Flop (didn't bet)
Seat 6: coeeeelho collected ($2.50)



PokerStars Hand #254528023676:  Hold'em No Limit ($0.50/$1.00 USD) - 2025/01/24 12:23:52 WET [2025/01/24 7:23:52 ET]
Table 'Crescentia IV' 6-max Seat #3 is the button
Seat 2: Pvn1219 ($0 in chips) is sitting out
Seat 1: poker_soul11 ($134.88 in chips) 
Seat 3: blistein ($132.80 in chips) 
Seat 4: MauriFierro27 ($218.36 in chips) 
Seat 5: Evelexy1 ($100 in chips) 
Seat 6: coeeeelho ($113.88 in chips) 
MauriFierro27: posts small blind $0.50
Evelexy1: posts big blind $1
*** HOLE CARDS ***
coeeeelho: folds 
poker_soul11: raises $1.20 to $2.20
blistein: folds 
MauriFierro27: folds 
Evelexy1: calls $1.20
*** FLOP *** [As 4s 2s]
Evelexy1: checks 
poker_soul11: checks 
*** TURN *** [As 4s 2s] [Th]
Evelexy1: checks 
poker_soul11: bets $3.50
Evelexy1: folds 
Uncalled bet ($3.50) returned to poker_soul11
poker_soul11 collected $4.66 from pot
poker_soul11: doesn't show hand 
*** SUMMARY ***
Total pot $4.90 | Rake $0.24 
Board [As 4s 2s Th]
Seat 2: Pvn1219
Seat 1: poker_soul11 collected ($4.66)
Seat 3: blistein (button) folded before Flop (didn't bet)
Seat 4: MauriFierro27 (small blind) folded before Flop
Seat 5: Evelexy1 (big blind) folded on the Turn
Seat 6: coeeeelho folded before Flop (didn't bet)



PokerStars Hand #254528030241:  Hold'em No Limit ($0.50/$1.00 USD) - 2025/01/24 12:24:40 WET [2025/01/24 7:24:40 ET]
Table 'Crescentia IV' 6-max Seat #4 is the button
Seat 2: Pvn1219 ($0 in chips) is sitting out
Seat 6: coeeeelho ($113.88 in chips) is sitting out
Seat 1: poker_soul11 ($137.34 in chips) 
Seat 3: blistein ($132.80 in chips) 
Seat 4: MauriFierro27 ($217.86 in chips) 
Seat 5: Evelexy1 ($100 in chips) 
Evelexy1: posts small blind $0.50
coeeeelho: is sitting out 
poker_soul11: posts big blind $1
*** HOLE CARDS ***
blistein: folds 
MauriFierro27: raises $1.20 to $2.20
Evelexy1: folds 
poker_soul11: folds 
Uncalled bet ($1.20) returned to MauriFierro27
MauriFierro27 collected $2.50 from pot
MauriFierro27: doesn't show hand 
*** SUMMARY ***
Total pot $2.50 | Rake $0 
Seat 2: Pvn1219
Seat 6: coeeeelho
Seat 1: poker_soul11 (big blind) folded before Flop
Seat 3: blistein folded before Flop (didn't bet)
Seat 4: MauriFierro27 (button) collected ($2.50)
Seat 5: Evelexy1 (small blind) folded before Flop



PokerStars Hand #254528032435:  Hold'em No Limit ($0.50/$1.00 USD) - 2025/01/24 12:24:56 WET [2025/01/24 7:24:56 ET]
Table 'Crescentia IV' 6-max Seat #5 is the button
Seat 2: Pvn1219 ($0 in chips) is sitting out
Seat 6: coeeeelho ($113.88 in chips) is sitting out
Seat 1: poker_soul11 ($136.34 in chips) 
Seat 3: blistein ($132.80 in chips) 
Seat 4: MauriFierro27 ($219.36 in chips) 
Seat 5: Evelexy1 ($100 in chips) 
poker_soul11: posts small blind $0.50
blistein: posts big blind $1
*** HOLE CARDS ***
MauriFierro27: folds 
Evelexy1: raises $1.50 to $2.50
poker_soul11: folds 
blistein: folds 
Uncalled bet ($1.50) returned to Evelexy1
Evelexy1 collected $2.50 from pot
Evelexy1: doesn't show hand 
*** SUMMARY ***
Total pot $2.50 | Rake $0 
Seat 2: Pvn1219
Seat 6: coeeeelho
Seat 1: poker_soul11 (small blind) folded before Flop
Seat 3: blistein (big blind) folded before Flop
Seat 4: MauriFierro27 folded before Flop (didn't bet)
Seat 5: Evelexy1 (button) collected ($2.50)



PokerStars Hand #254528033527:  Hold'em No Limit ($0.50/$1.00 USD) - 2025/01/24 12:25:04 WET [2025/01/24 7:25:04 ET]
Table 'Crescentia IV' 6-max Seat #1 is the button
Seat 2: Pvn1219 ($0 in chips) is sitting out
Seat 4: MauriFierro27 ($219.36 in chips) is sitting out
Seat 6: coeeeelho ($113.88 in chips) is sitting out
Seat 1: poker_soul11 ($135.84 in chips) 
Seat 3: blistein ($131.80 in chips) 
Seat 5: Evelexy1 ($101.50 in chips) 
blistein: posts small blind $0.50
MauriFierro27: is sitting out 
Evelexy1: posts big blind $1
*** HOLE CARDS ***
coeeeelho leaves the table
poker_soul11: folds 
MauriFierro27 leaves the table
blistein: raises $2 to $3
Evelexy1: folds 
Uncalled bet ($2) returned to blistein
blistein collected $2 from pot
blistein: doesn't show hand 
*** SUMMARY ***
Total pot $2 | Rake $0 
Seat 2: Pvn1219
Seat 4: MauriFierro27
Seat 6: coeeeelho
Seat 1: poker_soul11 (button) folded before Flop (didn't bet)
Seat 3: blistein (small blind) collected ($2)
Seat 5: Evelexy1 (big blind) folded before Flop



PokerStars Hand #254528035283:  Hold'em No Limit ($0.50/$1.00 USD) - 2025/01/24 12:25:16 WET [2025/01/24 7:25:16 ET]
Table 'Crescentia IV' 6-max Seat #3 is the button
Seat 2: Pvn1219 ($0 in chips) is sitting out
Seat 1: poker_soul11 ($135.84 in chips) 
Seat 3: blistein ($132.80 in chips) 
Seat 5: Evelexy1 ($100.50 in chips) 
Evelexy1: posts small blind $0.50
poker_soul11: posts big blind $1
*** HOLE CARDS ***
blistein: raises $1.50 to $2.50
Evelexy1: folds 
poker_soul11: folds 
Uncalled bet ($1.50) returned to blistein
blistein collected $2.50 from pot
blistein: doesn't show hand 
*** SUMMARY ***
Total pot $2.50 | Rake $0 
Seat 2: Pvn1219
Seat 1: poker_soul11 (big blind) folded before Flop
Seat 3: blistein (button) collected ($2.50)
Seat 5: Evelexy1 (small blind) folded before Flop



PokerStars Hand #254528037869:  Hold'em No Limit ($0.50/$1.00 USD) - 2025/01/24 12:25:35 WET [2025/01/24 7:25:35 ET]
Table 'Crescentia IV' 6-max Seat #1 is the button
Seat 2: Pvn1219 ($0 in chips) is sitting out
Seat 3: blistein ($134.30 in chips) is sitting out
Seat 1: poker_soul11 ($134.84 in chips) 
Seat 5: Evelexy1 ($100 in chips) 
poker_soul11: posts small blind $0.50
blistein: is sitting out 
Evelexy1: posts big blind $1
*** HOLE CARDS ***
blistein leaves the table
poker_soul11: raises $1.50 to $2.50
Evelexy1: raises $8.95 to $11.45
poker_soul11: folds 
Uncalled bet ($8.95) returned to Evelexy1
Evelexy1 collected $5 from pot
Evelexy1: doesn't show hand 
*** SUMMARY ***
Total pot $5 | Rake $0 
Seat 2: Pvn1219
Seat 3: blistein
Seat 1: poker_soul11 (button) (small blind) folded before Flop
Seat 5: Evelexy1 (big blind) collected ($5)



PokerStars Hand #254528039941:  Hold'em No Limit ($0.50/$1.00 USD) - 2025/01/24 12:25:50 WET [2025/01/24 7:25:50 ET]
Table 'Crescentia IV' 6-max Seat #5 is the button
Seat 2: Pvn1219 ($0 in chips) is sitting out
Seat 1: poker_soul11 ($132.34 in chips) 
Seat 5: Evelexy1 ($102.50 in chips) 
Evelexy1: posts small blind $0.50
poker_soul11: posts big blind $1
*** HOLE CARDS ***
Evelexy1: raises $1.50 to $2.50
Pon4uk.ua joins the table at seat #4 
poker_soul11: raises $9.50 to $12
Evelexy1: folds 
Uncalled bet ($9.50) returned to poker_soul11
poker_soul11 collected $5 from pot
poker_soul11: doesn't show hand 
*** SUMMARY ***
Total pot $5 | Rake $0 
Seat 2: Pvn1219
Seat 1: poker_soul11 (big blind) collected ($5)
Seat 5: Evelexy1 (button) (small blind) folded before Flop



PokerStars Hand #254528041990:  Hold'em No Limit ($0.50/$1.00 USD) - 2025/01/24 12:26:04 WET [2025/01/24 7:26:04 ET]
Table 'Crescentia IV' 6-max Seat #5 is the button
Seat 2: Pvn1219 ($0 in chips) is sitting out
Seat 1: poker_soul11 ($134.84 in chips) 
Seat 4: Pon4uk.ua ($100 in chips) 
Seat 5: Evelexy1 ($100 in chips) 
poker_soul11: posts small blind $0.50
Pon4uk.ua: posts big blind $1
*** HOLE CARDS ***
Evelexy1: raises $1.50 to $2.50
poker_soul11: folds 
Pon4uk.ua: folds 
Uncalled bet ($1.50) returned to Evelexy1
Evelexy1 collected $2.50 from pot
Pvn1219 leaves the table
Evelexy1: doesn't show hand 
*** SUMMARY ***
Total pot $2.50 | Rake $0 
Seat 2: Pvn1219
Seat 1: poker_soul11 (small blind) folded before Flop
Seat 4: Pon4uk.ua (big blind) folded before Flop
Seat 5: Evelexy1 (button) collected ($2.50)



PokerStars Hand #254528044197:  Hold'em No Limit ($0.50/$1.00 USD) - 2025/01/24 12:26:20 WET [2025/01/24 7:26:20 ET]
Table 'Crescentia IV' 6-max Seat #1 is the button
Seat 1: poker_soul11 ($134.34 in chips) 
Seat 4: Pon4uk.ua ($100 in chips) 
Seat 5: Evelexy1 ($101.50 in chips) 
Pon4uk.ua: posts small blind $0.50
Evelexy1: posts big blind $1
*** HOLE CARDS ***
poker_soul11: folds 
Pon4uk.ua: folds 
Uncalled bet ($0.50) returned to Evelexy1
Evelexy1 collected $1 from pot
Evelexy1: doesn't show hand 
*** SUMMARY ***
Total pot $1 | Rake $0 
Seat 1: poker_soul11 (button) folded before Flop (didn't bet)
Seat 4: Pon4uk.ua (small blind) folded before Flop
Seat 5: Evelexy1 (big blind) collected ($1)



PokerStars Hand #254528046244:  Hold'em No Limit ($0.50/$1.00 USD) - 2025/01/24 12:26:35 WET [2025/01/24 7:26:35 ET]
Table 'Crescentia IV' 6-max Seat #4 is the button
Seat 1: poker_soul11 ($134.34 in chips) 
Seat 4: Pon4uk.ua ($100 in chips) 
Seat 5: Evelexy1 ($102 in chips) 
Evelexy1: posts small blind $0.50
poker_soul11: posts big blind $1
*** HOLE CARDS ***
Pon4uk.ua: folds 
Evelexy1: raises $1.50 to $2.50
poker_soul11: raises $7 to $9.50
Evelexy1: folds 
Uncalled bet ($7) returned to poker_soul11
poker_soul11 collected $5 from pot
poker_soul11: doesn't show hand 
*** SUMMARY ***
Total pot $5 | Rake $0 
Seat 1: poker_soul11 (big blind) collected ($5)
Seat 4: Pon4uk.ua (button) folded before Flop (didn't bet)
Seat 5: Evelexy1 (small blind) folded before Flop



PokerStars Hand #254528049097:  Hold'em No Limit ($0.50/$1.00 USD) - 2025/01/24 12:26:56 WET [2025/01/24 7:26:56 ET]
Table 'Crescentia IV' 6-max Seat #5 is the button
Seat 1: poker_soul11 ($136.84 in chips) 
Seat 4: Pon4uk.ua ($100 in chips) 
Seat 5: Evelexy1 ($100 in chips) 
poker_soul11: posts small blind $0.50
Pon4uk.ua: posts big blind $1
*** HOLE CARDS ***
Evelexy1: folds 
Evelexy1 leaves the table
poker_soul11: folds 
Uncalled bet ($0.50) returned to Pon4uk.ua
Pon4uk.ua collected $1 from pot
Pon4uk.ua: doesn't show hand 
*** SUMMARY ***
Total pot $1 | Rake $0 
Seat 1: poker_soul11 (small blind) folded before Flop
Seat 4: Pon4uk.ua (big blind) collected ($1)
Seat 5: Evelexy1 (button) folded before Flop (didn't bet)



PokerStars Hand #254528109244:  Hold'em No Limit ($0.50/$1.00 USD) - 2025/01/24 12:34:05 WET [2025/01/24 7:34:05 ET]
Table 'Crescentia IV' 6-max Seat #1 is the button
Seat 1: poker_soul11 ($137.30 in chips) 
Seat 2: Mrs Hobbleer ($100 in chips) 
Seat 3: MAO_DZEDYN_S ($199 in chips) 
Seat 4: Pon4uk.ua ($101.50 in chips) 
Seat 5: v.sting ($101.50 in chips) 
Seat 6: Evelexy1 ($100 in chips) 
Mrs Hobbleer: posts small blind $0.50
MAO_DZEDYN_S: posts big blind $1
*** HOLE CARDS ***
Pon4uk.ua: folds 
v.sting: folds 
Evelexy1: raises $1.50 to $2.50
poker_soul11: folds 
Mrs Hobbleer: calls $2
MAO_DZEDYN_S: raises $11.68 to $14.18
Evelexy1: folds 
Mrs Hobbleer: folds 
Uncalled bet ($11.68) returned to MAO_DZEDYN_S
MAO_DZEDYN_S collected $7.50 from pot
MAO_DZEDYN_S: doesn't show hand 
*** SUMMARY ***
Total pot $7.50 | Rake $0 
Seat 1: poker_soul11 (button) folded before Flop (didn't bet)
Seat 2: Mrs Hobbleer (small blind) folded before Flop
Seat 3: MAO_DZEDYN_S (big blind) collected ($7.50)
Seat 4: Pon4uk.ua folded before Flop (didn't bet)
Seat 5: v.sting folded before Flop (didn't bet)
Seat 6: Evelexy1 folded before Flop



PokerStars Hand #254528115058:  Hold'em No Limit ($0.50/$1.00 USD) - 2025/01/24 12:34:47 WET [2025/01/24 7:34:47 ET]
Table 'Crescentia IV' 6-max Seat #2 is the button
Seat 1: poker_soul11 ($137.30 in chips) 
Seat 2: Mrs Hobbleer ($100 in chips) 
Seat 3: MAO_DZEDYN_S ($204 in chips) 
Seat 4: Pon4uk.ua ($101.50 in chips) 
Seat 5: v.sting ($101.50 in chips) 
Seat 6: Evelexy1 ($100 in chips) 
MAO_DZEDYN_S: posts small blind $0.50
Pon4uk.ua: posts big blind $1
*** HOLE CARDS ***
v.sting: folds 
Evelexy1: folds 
Evelexy1 leaves the table
v.sting leaves the table
poker_soul11: raises $1.20 to $2.20
Aescul@pius joins the table at seat #6 
Mrs Hobbleer: folds 
MAO_DZEDYN_S: raises $8.80 to $11
Pon4uk.ua: folds 
poker_soul11: calls $8.80
*** FLOP *** [Ts Ks 9s]
MAO_DZEDYN_S: checks 
poker_soul11: checks 
*** TURN *** [Ts Ks 9s] [6h]
MAO_DZEDYN_S: bets $16.39
poker_soul11: calls $16.39
*** RIVER *** [Ts Ks 9s 6h] [7h]
MAO_DZEDYN_S: bets $5.01
poker_soul11: calls $5.01
*** SHOW DOWN ***
MAO_DZEDYN_S: shows [Qd Jd] (a straight, Nine to King)
poker_soul11: mucks hand 
MAO_DZEDYN_S collected $63.30 from pot
*** SUMMARY ***
Total pot $65.80 | Rake $2.50 
Board [Ts Ks 9s 6h 7h]
Seat 1: poker_soul11 mucked
Seat 2: Mrs Hobbleer (button) folded before Flop (didn't bet)
Seat 3: MAO_DZEDYN_S (small blind) showed [Qd Jd] and won ($63.30) with a straight, Nine to King
Seat 4: Pon4uk.ua (big blind) folded before Flop
Seat 5: v.sting folded before Flop (didn't bet)
Seat 6: Evelexy1 folded before Flop (didn't bet)



PokerStars Hand #254528130783:  Hold'em No Limit ($0.50/$1.00 USD) - 2025/01/24 12:36:37 WET [2025/01/24 7:36:37 ET]
Table 'Crescentia IV' 6-max Seat #3 is the button
Seat 1: poker_soul11 ($104.90 in chips) 
Seat 2: Mrs Hobbleer ($100 in chips) 
Seat 3: MAO_DZEDYN_S ($234.90 in chips) 
Seat 4: Pon4uk.ua ($100.50 in chips) 
Seat 6: Aescul@pius ($100 in chips) 
Pon4uk.ua: posts small blind $0.50
Aescul@pius: posts big blind $1
*** HOLE CARDS ***
GuigaMan joins the table at seat #5 
poker_soul11: folds 
Mrs Hobbleer: raises $2 to $3
MAO_DZEDYN_S: folds 
Pon4uk.ua: folds 
Aescul@pius: raises $9 to $12
Mrs Hobbleer: raises $88 to $100 and is all-in
Aescul@pius: folds 
Uncalled bet ($88) returned to Mrs Hobbleer
Mrs Hobbleer collected $24.50 from pot
*** SUMMARY ***
Total pot $24.50 | Rake $0 
Seat 1: poker_soul11 folded before Flop (didn't bet)
Seat 2: Mrs Hobbleer collected ($24.50)
Seat 3: MAO_DZEDYN_S (button) folded before Flop (didn't bet)
Seat 4: Pon4uk.ua (small blind) folded before Flop
Seat 6: Aescul@pius (big blind) folded before Flop



PokerStars Hand #254528136784:  Hold'em No Limit ($0.50/$1.00 USD) - 2025/01/24 12:37:19 WET [2025/01/24 7:37:19 ET]
Table 'Crescentia IV' 6-max Seat #4 is the button
Seat 5: GuigaMan ($100 in chips) is sitting out
Seat 1: poker_soul11 ($104.90 in chips) 
Seat 2: Mrs Hobbleer ($112.50 in chips) 
Seat 3: MAO_DZEDYN_S ($234.90 in chips) 
Seat 4: Pon4uk.ua ($100 in chips) 
Seat 6: Aescul@pius ($100 in chips) 
Aescul@pius: posts small blind $0.50
poker_soul11: posts big blind $1
*** HOLE CARDS ***
Mrs Hobbleer: folds 
MAO_DZEDYN_S: folds 
Pon4uk.ua: raises $1.50 to $2.50
Aescul@pius: folds 
poker_soul11: raises $9.50 to $12
Pon4uk.ua: calls $9.50
*** FLOP *** [Js Jh 9s]
poker_soul11: bets $11.64
Pon4uk.ua: calls $11.64
*** TURN *** [Js Jh 9s] [Jd]
poker_soul11: bets $11.35
Pon4uk.ua: raises $14.65 to $26
poker_soul11: calls $14.65
*** RIVER *** [Js Jh 9s Jd] [Kh]
poker_soul11: bets $24.32
Mrs Hobbleer leaves the table
Pon4uk.ua: folds 
Uncalled bet ($24.32) returned to poker_soul11
poker_soul11 collected $97.28 from pot
poker_soul11: doesn't show hand 
*** SUMMARY ***
Total pot $99.78 | Rake $2.50 
Board [Js Jh 9s Jd Kh]
Seat 5: GuigaMan
Seat 1: poker_soul11 (big blind) collected ($97.28)
Seat 2: Mrs Hobbleer folded before Flop (didn't bet)
Seat 3: MAO_DZEDYN_S folded before Flop (didn't bet)
Seat 4: Pon4uk.ua (button) folded on the River
Seat 6: Aescul@pius (small blind) folded before Flop



PokerStars Hand #254528153033:  Hold'em No Limit ($0.50/$1.00 USD) - 2025/01/24 12:39:14 WET [2025/01/24 7:39:14 ET]
Table 'Crescentia IV' 6-max Seat #6 is the button
Seat 3: MAO_DZEDYN_S ($234.90 in chips) is sitting out
Seat 5: GuigaMan ($100 in chips) is sitting out
Seat 1: poker_soul11 ($152.54 in chips) 
Seat 4: Pon4uk.ua ($100 in chips) 
Seat 6: Aescul@pius ($100 in chips) 
poker_soul11: posts small blind $0.50
MAO_DZEDYN_S: is sitting out 
Pon4uk.ua: posts big blind $1
GuigaMan: sits out 
*** HOLE CARDS ***
Aescul@pius: raises $1.20 to $2.20
poker_soul11: folds 
Pon4uk.ua: calls $1.20
*** FLOP *** [6s 2c 6c]
Pon4uk.ua: checks 
Aescul@pius: checks 
*** TURN *** [6s 2c 6c] [2h]
MAO_DZEDYN_S leaves the table
Pon4uk.ua: checks 
Aescul@pius: bets $5.82
Pon4uk.ua: folds 
Uncalled bet ($5.82) returned to Aescul@pius
Aescul@pius collected $4.66 from pot
Aescul@pius: doesn't show hand 
*** SUMMARY ***
Total pot $4.90 | Rake $0.24 
Board [6s 2c 6c 2h]
Seat 3: MAO_DZEDYN_S
Seat 5: GuigaMan
Seat 1: poker_soul11 (small blind) folded before Flop
Seat 4: Pon4uk.ua (big blind) folded on the Turn
Seat 6: Aescul@pius (button) collected ($4.66)



PokerStars Hand #254528161412:  Hold'em No Limit ($0.50/$1.00 USD) - 2025/01/24 12:40:12 WET [2025/01/24 7:40:12 ET]
Table 'Crescentia IV' 6-max Seat #1 is the button
Seat 1: poker_soul11 ($152.04 in chips) 
Seat 4: Pon4uk.ua ($100 in chips) 
Seat 5: GuigaMan ($100 in chips) 
Seat 6: Aescul@pius ($102.46 in chips) 
Pon4uk.ua: posts small blind $0.50
GuigaMan: posts big blind $1
*** HOLE CARDS ***
Aescul@pius: raises $1.20 to $2.20
poker_soul11: folds 
Pon4uk.ua: folds 
GuigaMan: calls $1.20
*** FLOP *** [As 7h 3s]
GuigaMan: checks 
Aescul@pius: bets $1.54
GuigaMan: calls $1.54
*** TURN *** [As 7h 3s] [4c]
GuigaMan: checks 
Aescul@pius: bets $5.82
GuigaMan: folds 
Uncalled bet ($5.82) returned to Aescul@pius
Aescul@pius collected $7.58 from pot
Aescul@pius: doesn't show hand 
*** SUMMARY ***
Total pot $7.98 | Rake $0.40 
Board [As 7h 3s 4c]
Seat 1: poker_soul11 (button) folded before Flop (didn't bet)
Seat 4: Pon4uk.ua (small blind) folded before Flop
Seat 5: GuigaMan (big blind) folded on the Turn
Seat 6: Aescul@pius collected ($7.58)



PokerStars Hand #254528172620:  Hold'em No Limit ($0.50/$1.00 USD) - 2025/01/24 12:41:29 WET [2025/01/24 7:41:29 ET]
Table 'Crescentia IV' 6-max Seat #4 is the button
Seat 1: poker_soul11 ($152.04 in chips) 
Seat 4: Pon4uk.ua ($100 in chips) 
Seat 5: GuigaMan ($100 in chips) 
Seat 6: Aescul@pius ($106.30 in chips) 
GuigaMan: posts small blind $0.50
Aescul@pius: posts big blind $1
*** HOLE CARDS ***
poker_soul11: folds 
Pon4uk.ua: folds 
GuigaMan: raises $2 to $3
Aescul@pius: folds 
Uncalled bet ($2) returned to GuigaMan
GuigaMan collected $2 from pot
*** SUMMARY ***
Total pot $2 | Rake $0 
Seat 1: poker_soul11 folded before Flop (didn't bet)
Seat 4: Pon4uk.ua (button) folded before Flop (didn't bet)
Seat 5: GuigaMan (small blind) collected ($2)
Seat 6: Aescul@pius (big blind) folded before Flop



PokerStars Hand #254528176147:  Hold'em No Limit ($0.50/$1.00 USD) - 2025/01/24 12:41:53 WET [2025/01/24 7:41:53 ET]
Table 'Crescentia IV' 6-max Seat #5 is the button
Seat 1: poker_soul11 ($152.04 in chips) 
Seat 4: Pon4uk.ua ($100 in chips) 
Seat 5: GuigaMan ($101 in chips) 
Seat 6: Aescul@pius ($105.30 in chips) 
Aescul@pius: posts small blind $0.50
poker_soul11: posts big blind $1
*** HOLE CARDS ***
Pon4uk.ua: raises $1.50 to $2.50
GuigaMan: folds 
Aescul@pius: folds 
poker_soul11: folds 
Uncalled bet ($1.50) returned to Pon4uk.ua
Pon4uk.ua collected $2.50 from pot
Pon4uk.ua: doesn't show hand 
*** SUMMARY ***
Total pot $2.50 | Rake $0 
Seat 1: poker_soul11 (big blind) folded before Flop
Seat 4: Pon4uk.ua collected ($2.50)
Seat 5: GuigaMan (button) folded before Flop (didn't bet)
Seat 6: Aescul@pius (small blind) folded before Flop



PokerStars Hand #254528178403:  Hold'em No Limit ($0.50/$1.00 USD) - 2025/01/24 12:42:07 WET [2025/01/24 7:42:07 ET]
Table 'Crescentia IV' 6-max Seat #6 is the button
Seat 4: Pon4uk.ua ($101.50 in chips) is sitting out
Seat 1: poker_soul11 ($151.04 in chips) 
Seat 5: GuigaMan ($101 in chips) 
Seat 6: Aescul@pius ($104.80 in chips) 
poker_soul11: posts small blind $0.50
Pon4uk.ua: is sitting out 
GuigaMan: posts big blind $1
*** HOLE CARDS ***
tobmax999 joins the table at seat #2 
Aescul@pius: raises $1.20 to $2.20
tobmax999 is disconnected 
poker_soul11: folds 
GuigaMan: calls $1.20
*** FLOP *** [4c As 8c]
GuigaMan: checks 
Aescul@pius: bets $1.54
GuigaMan: folds 
Uncalled bet ($1.54) returned to Aescul@pius
Aescul@pius collected $4.66 from pot
Aescul@pius: doesn't show hand 
*** SUMMARY ***
Total pot $4.90 | Rake $0.24 
Board [4c As 8c]
Seat 4: Pon4uk.ua
Seat 1: poker_soul11 (small blind) folded before Flop
Seat 5: GuigaMan (big blind) folded on the Flop
Seat 6: Aescul@pius (button) collected ($4.66)



PokerStars Hand #254528183315:  Hold'em No Limit ($0.50/$1.00 USD) - 2025/01/24 12:42:40 WET [2025/01/24 7:42:40 ET]
Table 'Crescentia IV' 6-max Seat #1 is the button
Seat 2: tobmax999 ($100 in chips) is sitting out
Seat 4: Pon4uk.ua ($101.50 in chips) is sitting out
Seat 1: poker_soul11 ($150.54 in chips) 
Seat 5: GuigaMan ($100 in chips) 
Seat 6: Aescul@pius ($107.26 in chips) 
GuigaMan: posts small blind $0.50
Aescul@pius: posts big blind $1
*** HOLE CARDS ***
ST4LTH joins the table at seat #3 
poker_soul11: folds 
GuigaMan: folds 
Uncalled bet ($0.50) returned to Aescul@pius
Aescul@pius collected $1 from pot
Aescul@pius: doesn't show hand 
*** SUMMARY ***
Total pot $1 | Rake $0 
Seat 2: tobmax999
Seat 4: Pon4uk.ua
Seat 1: poker_soul11 (button) folded before Flop (didn't bet)
Seat 5: GuigaMan (small blind) folded before Flop
Seat 6: Aescul@pius (big blind) collected ($1)



PokerStars Hand #254528184692:  Hold'em No Limit ($0.50/$1.00 USD) - 2025/01/24 12:42:50 WET [2025/01/24 7:42:50 ET]
Table 'Crescentia IV' 6-max Seat #5 is the button
Seat 3: ST4LTH ($100 in chips) is sitting out
Seat 4: Pon4uk.ua ($101.50 in chips) is sitting out
Seat 1: poker_soul11 ($150.54 in chips) 
Seat 2: tobmax999 ($100 in chips) 
Seat 5: GuigaMan ($100 in chips) 
Seat 6: Aescul@pius ($107.76 in chips) 
Aescul@pius: posts small blind $0.50
poker_soul11: posts big blind $1
tobmax999: posts big blind $1
ST4LTH: sits out 
Pon4uk.ua: sits out 
*** HOLE CARDS ***
tobmax999: checks 
GuigaMan: raises $3 to $4
Aescul@pius: folds 
poker_soul11: folds 
tobmax999: folds 
Uncalled bet ($3) returned to GuigaMan
GuigaMan collected $3.50 from pot
*** SUMMARY ***
Total pot $3.50 | Rake $0 
Seat 3: ST4LTH
Seat 4: Pon4uk.ua
Seat 1: poker_soul11 (big blind) folded before Flop
Seat 2: tobmax999 folded before Flop (didn't bet)
Seat 5: GuigaMan (button) collected ($3.50)
Seat 6: Aescul@pius (small blind) folded before Flop



PokerStars Hand #254528187987:  Hold'em No Limit ($0.50/$1.00 USD) - 2025/01/24 12:43:12 WET [2025/01/24 7:43:12 ET]
Table 'Crescentia IV' 6-max Seat #6 is the button
Seat 3: ST4LTH ($100 in chips) is sitting out
Seat 4: Pon4uk.ua ($101.50 in chips) is sitting out
Seat 1: poker_soul11 ($149.54 in chips) 
Seat 2: tobmax999 ($99 in chips) 
Seat 5: GuigaMan ($102.50 in chips) 
Seat 6: Aescul@pius ($107.26 in chips) 
poker_soul11: posts small blind $0.50
tobmax999: posts big blind $1
ST4LTH: sits out 
Pon4uk.ua: sits out 
*** HOLE CARDS ***
GuigaMan: raises $1.20 to $2.20
Aescul@pius: raises $5.30 to $7.50
poker_soul11: folds 
tobmax999: calls $6.50
GuigaMan: folds 
*** FLOP *** [Kc 5c 2c]
tobmax999: checks 
Aescul@pius: bets $3.18
tobmax999: raises $9.82 to $13
Aescul@pius: calls $9.82
*** TURN *** [Kc 5c 2c] [8s]
tobmax999: bets $21.35
Aescul@pius: calls $21.35
*** RIVER *** [Kc 5c 2c 8s] [Ts]
tobmax999: bets $57.15 and is all-in
Aescul@pius: calls $57.15
*** SHOW DOWN ***
tobmax999: shows [Kh Ad] (a pair of Kings)
Aescul@pius: shows [Qc Qd] (a pair of Queens)
tobmax999 collected $199.70 from pot
*** SUMMARY ***
Total pot $200.70 | Rake $1 
Board [Kc 5c 2c 8s Ts]
Seat 3: ST4LTH
Seat 4: Pon4uk.ua
Seat 1: poker_soul11 (small blind) folded before Flop
Seat 2: tobmax999 (big blind) showed [Kh Ad] and won ($199.70) with a pair of Kings
Seat 5: GuigaMan folded before Flop
Seat 6: Aescul@pius (button) showed [Qc Qd] and lost with a pair of Queens



PokerStars Hand #254528202248:  Hold'em No Limit ($0.50/$1.00 USD) - 2025/01/24 12:44:47 WET [2025/01/24 7:44:47 ET]
Table 'Crescentia IV' 6-max Seat #1 is the button
Seat 4: Pon4uk.ua ($101.50 in chips) is sitting out
Seat 1: poker_soul11 ($149.04 in chips) 
Seat 2: tobmax999 ($199.70 in chips) 
Seat 3: ST4LTH ($100 in chips) 
Seat 5: GuigaMan ($100.30 in chips) 
Seat 6: Aescul@pius ($100 in chips) 
tobmax999: posts small blind $0.50
ST4LTH: posts big blind $1
Pon4uk.ua: sits out 
*** HOLE CARDS ***
GuigaMan: folds 
Aescul@pius: raises $1.20 to $2.20
poker_soul11: folds 
tobmax999: folds 
ST4LTH: folds 
Uncalled bet ($1.20) returned to Aescul@pius
tobmax999 leaves the table
Aescul@pius collected $2.50 from pot
Aescul@pius: doesn't show hand 
*** SUMMARY ***
Total pot $2.50 | Rake $0 
Seat 4: Pon4uk.ua
Seat 1: poker_soul11 (button) folded before Flop (didn't bet)
Seat 2: tobmax999 (small blind) folded before Flop
Seat 3: ST4LTH (big blind) folded before Flop
Seat 5: GuigaMan folded before Flop (didn't bet)
Seat 6: Aescul@pius collected ($2.50)



