PokerStars Hand #254527025701:  Hold'em No Limit ($0.50/$1.00 USD) - 2025/01/24 10:06:36 WET [2025/01/24 5:06:36 ET]
Table 'Appella IV' 6-max Seat #4 is the button
Seat 3: palach967 ($0 in chips) is sitting out
Seat 1: ryuma-11 ($101.50 in chips) 
Seat 2: KarP93 ($192.09 in chips) 
Seat 4: Dearic99 ($100.34 in chips) 
Seat 5: D€est7oye€R ($103.66 in chips) 
Seat 6: zizizib ($100 in chips) 
D€est7oye€R: posts small blind $0.50
zizizib: posts big blind $1
*** HOLE CARDS ***
ryuma-11: folds 
KarP93: folds 
Dearic99: raises $1 to $2
D€est7oye€R: folds 
zizizib: calls $1
*** FLOP *** [6h Qh 8c]
zizizib: checks 
Dearic99: checks 
*** TURN *** [6h Qh 8c] [9c]
zizizib: bets $3.21
Dearic99: folds 
Uncalled bet ($3.21) returned to zizizib
zizizib collected $4.28 from pot
zizizib: doesn't show hand 
*** SUMMARY ***
Total pot $4.50 | Rake $0.22 
Board [6h Qh 8c 9c]
Seat 3: palach967
Seat 1: ryuma-11 folded before Flop (didn't bet)
Seat 2: KarP93 folded before Flop (didn't bet)
Seat 4: Dearic99 (button) folded on the Turn
Seat 5: D€est7oye€R (small blind) folded before Flop
Seat 6: zizizib (big blind) collected ($4.28)



PokerStars Hand #254527028423:  Hold'em No Limit ($0.50/$1.00 USD) - 2025/01/24 10:07:03 WET [2025/01/24 5:07:03 ET]
Table 'Appella IV' 6-max Seat #5 is the button
Seat 3: palach967 ($0 in chips) is sitting out
Seat 1: ryuma-11 ($101.50 in chips) 
Seat 2: KarP93 ($192.09 in chips) 
Seat 4: Dearic99 ($100 in chips) 
Seat 5: D€est7oye€R ($103.16 in chips) 
Seat 6: zizizib ($102.28 in chips) 
zizizib: posts small blind $0.50
ryuma-11: posts big blind $1
*** HOLE CARDS ***
KarP93: raises $1.50 to $2.50
Dearic99: folds 
D€est7oye€R: folds 
zizizib: folds 
ryuma-11: folds 
Uncalled bet ($1.50) returned to KarP93
KarP93 collected $2.50 from pot
KarP93: doesn't show hand 
*** SUMMARY ***
Total pot $2.50 | Rake $0 
Seat 3: palach967
Seat 1: ryuma-11 (big blind) folded before Flop
Seat 2: KarP93 collected ($2.50)
Seat 4: Dearic99 folded before Flop (didn't bet)
Seat 5: D€est7oye€R (button) folded before Flop (didn't bet)
Seat 6: zizizib (small blind) folded before Flop



PokerStars Hand #254527031201:  Hold'em No Limit ($0.50/$1.00 USD) - 2025/01/24 10:07:29 WET [2025/01/24 5:07:29 ET]
Table 'Appella IV' 6-max Seat #6 is the button
Seat 3: palach967 ($0 in chips) is sitting out
Seat 1: ryuma-11 ($100.50 in chips) 
Seat 2: KarP93 ($193.59 in chips) 
Seat 4: Dearic99 ($100 in chips) 
Seat 5: D€est7oye€R ($103.16 in chips) 
Seat 6: zizizib ($101.78 in chips) 
ryuma-11: posts small blind $0.50
KarP93: posts big blind $1
*** HOLE CARDS ***
Dearic99: folds 
D€est7oye€R: folds 
zizizib: folds 
ryuma-11: raises $2 to $3
KarP93: folds 
Uncalled bet ($2) returned to ryuma-11
ryuma-11 collected $2 from pot
ryuma-11: doesn't show hand 
*** SUMMARY ***
Total pot $2 | Rake $0 
Seat 3: palach967
Seat 1: ryuma-11 (small blind) collected ($2)
Seat 2: KarP93 (big blind) folded before Flop
Seat 4: Dearic99 folded before Flop (didn't bet)
Seat 5: D€est7oye€R folded before Flop (didn't bet)
Seat 6: zizizib (button) folded before Flop (didn't bet)



PokerStars Hand #254527033434:  Hold'em No Limit ($0.50/$1.00 USD) - 2025/01/24 10:07:51 WET [2025/01/24 5:07:51 ET]
Table 'Appella IV' 6-max Seat #1 is the button
Seat 3: palach967 ($0 in chips) is sitting out
Seat 1: ryuma-11 ($101.50 in chips) 
Seat 2: KarP93 ($192.59 in chips) 
Seat 4: Dearic99 ($100 in chips) 
Seat 5: D€est7oye€R ($103.16 in chips) 
Seat 6: zizizib ($101.78 in chips) 
KarP93: posts small blind $0.50
Dearic99: posts big blind $1
*** HOLE CARDS ***
D€est7oye€R: folds 
zizizib: folds 
ryuma-11: raises $1.50 to $2.50
KarP93: raises $8.50 to $11
Dearic99: folds 
ryuma-11: folds 
Uncalled bet ($8.50) returned to KarP93
KarP93 collected $6 from pot
KarP93: doesn't show hand 
*** SUMMARY ***
Total pot $6 | Rake $0 
Seat 3: palach967
Seat 1: ryuma-11 (button) folded before Flop
Seat 2: KarP93 (small blind) collected ($6)
Seat 4: Dearic99 (big blind) folded before Flop
Seat 5: D€est7oye€R folded before Flop (didn't bet)
Seat 6: zizizib folded before Flop (didn't bet)



PokerStars Hand #254527035719:  Hold'em No Limit ($0.50/$1.00 USD) - 2025/01/24 10:08:13 WET [2025/01/24 5:08:13 ET]
Table 'Appella IV' 6-max Seat #2 is the button
Seat 3: palach967 ($0 in chips) is sitting out
Seat 1: ryuma-11 ($100 in chips) 
Seat 2: KarP93 ($196.09 in chips) 
Seat 4: Dearic99 ($100 in chips) 
Seat 5: D€est7oye€R ($103.16 in chips) 
Seat 6: zizizib ($101.78 in chips) 
Dearic99: posts small blind $0.50
D€est7oye€R: posts big blind $1
*** HOLE CARDS ***
zizizib: folds 
ryuma-11: folds 
KarP93: raises $1.50 to $2.50
Dearic99: folds 
D€est7oye€R: folds 
Uncalled bet ($1.50) returned to KarP93
KarP93 collected $2.50 from pot
KarP93: doesn't show hand 
*** SUMMARY ***
Total pot $2.50 | Rake $0 
Seat 3: palach967
Seat 1: ryuma-11 folded before Flop (didn't bet)
Seat 2: KarP93 (button) collected ($2.50)
Seat 4: Dearic99 (small blind) folded before Flop
Seat 5: D€est7oye€R (big blind) folded before Flop
Seat 6: zizizib folded before Flop (didn't bet)



PokerStars Hand #254527038181:  Hold'em No Limit ($0.50/$1.00 USD) - 2025/01/24 10:08:36 WET [2025/01/24 5:08:36 ET]
Table 'Appella IV' 6-max Seat #4 is the button
Seat 3: palach967 ($0 in chips) is sitting out
Seat 1: ryuma-11 ($100 in chips) 
Seat 2: KarP93 ($197.59 in chips) 
Seat 4: Dearic99 ($100 in chips) 
Seat 5: D€est7oye€R ($102.16 in chips) 
Seat 6: zizizib ($101.78 in chips) 
D€est7oye€R: posts small blind $0.50
zizizib: posts big blind $1
*** HOLE CARDS ***
ryuma-11: raises $1 to $2
KarP93: folds 
Dearic99: folds 
D€est7oye€R: folds 
zizizib: calls $1
*** FLOP *** [5h 7c Jd]
zizizib: checks 
ryuma-11: checks 
*** TURN *** [5h 7c Jd] [Tc]
palach967 leaves the table
zizizib: checks 
ryuma-11: checks 
*** RIVER *** [5h 7c Jd Tc] [Ts]
zizizib: bets $5.35
ryuma-11: folds 
Uncalled bet ($5.35) returned to zizizib
zizizib collected $4.28 from pot
zizizib: doesn't show hand 
billynomates joins the table at seat #3 
*** SUMMARY ***
Total pot $4.50 | Rake $0.22 
Board [5h 7c Jd Tc Ts]
Seat 3: palach967
Seat 1: ryuma-11 folded on the River
Seat 2: KarP93 folded before Flop (didn't bet)
Seat 4: Dearic99 (button) folded before Flop (didn't bet)
Seat 5: D€est7oye€R (small blind) folded before Flop
Seat 6: zizizib (big blind) collected ($4.28)



PokerStars Hand #254527043848:  Hold'em No Limit ($0.50/$1.00 USD) - 2025/01/24 10:09:32 WET [2025/01/24 5:09:32 ET]
Table 'Appella IV' 6-max Seat #5 is the button
Seat 3: billynomates ($40 in chips) is sitting out
Seat 1: ryuma-11 ($100 in chips) 
Seat 2: KarP93 ($197.59 in chips) 
Seat 4: Dearic99 ($100 in chips) 
Seat 5: D€est7oye€R ($101.66 in chips) 
Seat 6: zizizib ($104.06 in chips) 
zizizib: posts small blind $0.50
ryuma-11: posts big blind $1
billynomates: sits out 
*** HOLE CARDS ***
KarP93: folds 
Dearic99: raises $1.50 to $2.50
D€est7oye€R: folds 
zizizib: folds 
ryuma-11: calls $1.50
*** FLOP *** [Jc 2h 9d]
ryuma-11: checks 
Dearic99: bets $2.61
ryuma-11: calls $2.61
*** TURN *** [Jc 2h 9d] [Ts]
ryuma-11: checks 
Dearic99: bets $7.64
ryuma-11: calls $7.64
*** RIVER *** [Jc 2h 9d Ts] [9h]
ryuma-11: checks 
Dearic99: checks 
*** SHOW DOWN ***
ryuma-11: shows [Ks Qc] (a straight, Nine to King)
Dearic99: mucks hand 
ryuma-11 collected $24.70 from pot
*** SUMMARY ***
Total pot $26 | Rake $1.30 
Board [Jc 2h 9d Ts 9h]
Seat 3: billynomates
Seat 1: ryuma-11 (big blind) showed [Ks Qc] and won ($24.70) with a straight, Nine to King
Seat 2: KarP93 folded before Flop (didn't bet)
Seat 4: Dearic99 mucked
Seat 5: D€est7oye€R (button) folded before Flop (didn't bet)
Seat 6: zizizib (small blind) folded before Flop



PokerStars Hand #254527053038:  Hold'em No Limit ($0.50/$1.00 USD) - 2025/01/24 10:11:00 WET [2025/01/24 5:11:00 ET]
Table 'Appella IV' 6-max Seat #6 is the button
Seat 3: billynomates ($40 in chips) is sitting out
Seat 1: ryuma-11 ($111.95 in chips) 
Seat 2: KarP93 ($197.59 in chips) 
Seat 4: Dearic99 ($100 in chips) 
Seat 5: D€est7oye€R ($101.66 in chips) 
Seat 6: zizizib ($103.56 in chips) 
ryuma-11: posts small blind $0.50
KarP93: posts big blind $1
billynomates: sits out 
*** HOLE CARDS ***
Dearic99: raises $1.50 to $2.50
D€est7oye€R: folds 
zizizib: folds 
ryuma-11: folds 
KarP93: folds 
Uncalled bet ($1.50) returned to Dearic99
Dearic99 collected $2.50 from pot
Dearic99: doesn't show hand 
*** SUMMARY ***
Total pot $2.50 | Rake $0 
Seat 3: billynomates
Seat 1: ryuma-11 (small blind) folded before Flop
Seat 2: KarP93 (big blind) folded before Flop
Seat 4: Dearic99 collected ($2.50)
Seat 5: D€est7oye€R folded before Flop (didn't bet)
Seat 6: zizizib (button) folded before Flop (didn't bet)



PokerStars Hand #254527055679:  Hold'em No Limit ($0.50/$1.00 USD) - 2025/01/24 10:11:25 WET [2025/01/24 5:11:25 ET]
Table 'Appella IV' 6-max Seat #1 is the button
Seat 1: ryuma-11 ($111.45 in chips) 
Seat 2: KarP93 ($196.59 in chips) 
Seat 3: billynomates ($40 in chips) 
Seat 4: Dearic99 ($101.50 in chips) 
Seat 5: D€est7oye€R ($101.66 in chips) 
Seat 6: zizizib ($103.56 in chips) 
KarP93: posts small blind $0.50
billynomates: posts big blind $1
*** HOLE CARDS ***
Dearic99: folds 
D€est7oye€R: folds 
zizizib: raises $1.30 to $2.30
ryuma-11: folds 
KarP93: folds 
billynomates: folds 
Uncalled bet ($1.30) returned to zizizib
zizizib collected $2.50 from pot
zizizib: doesn't show hand 
*** SUMMARY ***
Total pot $2.50 | Rake $0 
Seat 1: ryuma-11 (button) folded before Flop (didn't bet)
Seat 2: KarP93 (small blind) folded before Flop
Seat 3: billynomates (big blind) folded before Flop
Seat 4: Dearic99 folded before Flop (didn't bet)
Seat 5: D€est7oye€R folded before Flop (didn't bet)
Seat 6: zizizib collected ($2.50)



PokerStars Hand #254527058800:  Hold'em No Limit ($0.50/$1.00 USD) - 2025/01/24 10:11:55 WET [2025/01/24 5:11:55 ET]
Table 'Appella IV' 6-max Seat #2 is the button
Seat 1: ryuma-11 ($111.45 in chips) 
Seat 2: KarP93 ($196.09 in chips) 
Seat 3: billynomates ($39 in chips) 
Seat 4: Dearic99 ($101.50 in chips) 
Seat 5: D€est7oye€R ($101.66 in chips) 
Seat 6: zizizib ($105.06 in chips) 
billynomates: posts small blind $0.50
Dearic99: posts big blind $1
*** HOLE CARDS ***
D€est7oye€R: folds 
zizizib: raises $1.10 to $2.10
ryuma-11: folds 
KarP93: raises $5.90 to $8
billynomates has timed out
billynomates: folds 
Dearic99: folds 
zizizib: folds 
Uncalled bet ($5.90) returned to KarP93
KarP93 collected $5.70 from pot
KarP93: doesn't show hand 
*** SUMMARY ***
Total pot $5.70 | Rake $0 
Seat 1: ryuma-11 folded before Flop (didn't bet)
Seat 2: KarP93 (button) collected ($5.70)
Seat 3: billynomates (small blind) folded before Flop
Seat 4: Dearic99 (big blind) folded before Flop
Seat 5: D€est7oye€R folded before Flop (didn't bet)
Seat 6: zizizib folded before Flop



PokerStars Hand #254527064337:  Hold'em No Limit ($0.50/$1.00 USD) - 2025/01/24 10:12:46 WET [2025/01/24 5:12:46 ET]
Table 'Appella IV' 6-max Seat #4 is the button
Seat 3: billynomates ($38.50 in chips) is sitting out
Seat 1: ryuma-11 ($111.45 in chips) 
Seat 2: KarP93 ($199.69 in chips) 
Seat 4: Dearic99 ($100.50 in chips) 
Seat 5: D€est7oye€R ($101.66 in chips) 
Seat 6: zizizib ($102.96 in chips) 
D€est7oye€R: posts small blind $0.50
zizizib: posts big blind $1
*** HOLE CARDS ***
ryuma-11: raises $1 to $2
KarP93: folds 
Dearic99: folds 
D€est7oye€R: folds 
zizizib: folds 
Uncalled bet ($1) returned to ryuma-11
ryuma-11 collected $2.50 from pot
ryuma-11: doesn't show hand 
*** SUMMARY ***
Total pot $2.50 | Rake $0 
Seat 3: billynomates
Seat 1: ryuma-11 collected ($2.50)
Seat 2: KarP93 folded before Flop (didn't bet)
Seat 4: Dearic99 (button) folded before Flop (didn't bet)
Seat 5: D€est7oye€R (small blind) folded before Flop
Seat 6: zizizib (big blind) folded before Flop



PokerStars Hand #254527066224:  Hold'em No Limit ($0.50/$1.00 USD) - 2025/01/24 10:13:04 WET [2025/01/24 5:13:04 ET]
Table 'Appella IV' 6-max Seat #5 is the button
Seat 1: ryuma-11 ($112.95 in chips) is sitting out
Seat 3: billynomates ($38.50 in chips) is sitting out
Seat 2: KarP93 ($199.69 in chips) 
Seat 4: Dearic99 ($100.50 in chips) 
Seat 5: D€est7oye€R ($101.16 in chips) 
Seat 6: zizizib ($101.96 in chips) 
zizizib: posts small blind $0.50
ryuma-11: is sitting out 
KarP93: posts big blind $1
*** HOLE CARDS ***
Dearic99: raises $1.50 to $2.50
ryuma-11 leaves the table
D€est7oye€R: folds 
BrilliantDawn84 joins the table at seat #1 
zizizib: raises $8.50 to $11
KarP93: folds 
Dearic99: folds 
Uncalled bet ($8.50) returned to zizizib
zizizib collected $6 from pot
zizizib: doesn't show hand 
*** SUMMARY ***
Total pot $6 | Rake $0 
Seat 1: ryuma-11
Seat 3: billynomates
Seat 2: KarP93 (big blind) folded before Flop
Seat 4: Dearic99 folded before Flop
Seat 5: D€est7oye€R (button) folded before Flop (didn't bet)
Seat 6: zizizib (small blind) collected ($6)



PokerStars Hand #254527068998:  Hold'em No Limit ($0.50/$1.00 USD) - 2025/01/24 10:13:30 WET [2025/01/24 5:13:30 ET]
Table 'Appella IV' 6-max Seat #6 is the button
Seat 1: BrilliantDawn84 ($100 in chips) is sitting out
Seat 3: billynomates ($38.50 in chips) is sitting out
Seat 2: KarP93 ($198.69 in chips) 
Seat 4: Dearic99 ($100 in chips) 
Seat 5: D€est7oye€R ($101.16 in chips) 
Seat 6: zizizib ($105.46 in chips) 
KarP93: posts small blind $0.50
Dearic99: posts big blind $1
*** HOLE CARDS ***
D€est7oye€R: folds 
zizizib: raises $1.50 to $2.50
KarP93: folds 
Dearic99: raises $9.50 to $12
zizizib: folds 
Uncalled bet ($9.50) returned to Dearic99
Dearic99 collected $5.50 from pot
Dearic99: doesn't show hand 
*** SUMMARY ***
Total pot $5.50 | Rake $0 
Seat 1: BrilliantDawn84
Seat 3: billynomates
Seat 2: KarP93 (small blind) folded before Flop
Seat 4: Dearic99 (big blind) collected ($5.50)
Seat 5: D€est7oye€R folded before Flop (didn't bet)
Seat 6: zizizib (button) folded before Flop



PokerStars Hand #254527071568:  Hold'em No Limit ($0.50/$1.00 USD) - 2025/01/24 10:13:54 WET [2025/01/24 5:13:54 ET]
Table 'Appella IV' 6-max Seat #2 is the button
Seat 1: BrilliantDawn84 ($100 in chips) is sitting out
Seat 3: billynomates ($38.50 in chips) is sitting out
Seat 5: D€est7oye€R ($101.16 in chips) is sitting out
Seat 2: KarP93 ($198.19 in chips) 
Seat 4: Dearic99 ($103 in chips) 
Seat 6: zizizib ($102.96 in chips) 
Dearic99: posts small blind $0.50
D€est7oye€R: is sitting out 
zizizib: posts big blind $1
BrilliantDawn84: sits out 
*** HOLE CARDS ***
D€est7oye€R leaves the table
KarP93: folds 
Dearic99: folds 
Uncalled bet ($0.50) returned to zizizib
zizizib collected $1 from pot
zizizib: doesn't show hand 
*** SUMMARY ***
Total pot $1 | Rake $0 
Seat 1: BrilliantDawn84
Seat 3: billynomates
Seat 5: D€est7oye€R
Seat 2: KarP93 (button) folded before Flop (didn't bet)
Seat 4: Dearic99 (small blind) folded before Flop
Seat 6: zizizib (big blind) collected ($1)



PokerStars Hand #254527072831:  Hold'em No Limit ($0.50/$1.00 USD) - 2025/01/24 10:14:06 WET [2025/01/24 5:14:06 ET]
Table 'Appella IV' 6-max Seat #4 is the button
Seat 3: billynomates ($38.50 in chips) is sitting out
Seat 1: BrilliantDawn84 ($100 in chips) 
Seat 2: KarP93 ($198.19 in chips) 
Seat 4: Dearic99 ($102.50 in chips) 
Seat 6: zizizib ($103.46 in chips) 
zizizib: posts small blind $0.50
BrilliantDawn84: posts big blind $1
*** HOLE CARDS ***
derrek985 joins the table at seat #5 
KarP93: folds 
Dearic99: folds 
zizizib: folds 
Uncalled bet ($0.50) returned to BrilliantDawn84
BrilliantDawn84 collected $1 from pot
BrilliantDawn84: doesn't show hand 
*** SUMMARY ***
Total pot $1 | Rake $0 
Seat 3: billynomates
Seat 1: BrilliantDawn84 (big blind) collected ($1)
Seat 2: KarP93 folded before Flop (didn't bet)
Seat 4: Dearic99 (button) folded before Flop (didn't bet)
Seat 6: zizizib (small blind) folded before Flop



PokerStars Hand #254527074586:  Hold'em No Limit ($0.50/$1.00 USD) - 2025/01/24 10:14:23 WET [2025/01/24 5:14:23 ET]
Table 'Appella IV' 6-max Seat #6 is the button
Seat 3: billynomates ($38.50 in chips) is sitting out
Seat 5: derrek985 ($100 in chips) is sitting out
Seat 1: BrilliantDawn84 ($100.50 in chips) 
Seat 2: KarP93 ($198.19 in chips) 
Seat 4: Dearic99 ($102.50 in chips) 
Seat 6: zizizib ($102.96 in chips) 
BrilliantDawn84: posts small blind $0.50
KarP93: posts big blind $1
derrek985: sits out 
*** HOLE CARDS ***
Dearic99: raises $1.50 to $2.50
zizizib: calls $2.50
BrilliantDawn84: calls $2
KarP93: raises $9.50 to $12
Dearic99: folds 
zizizib: calls $9.50
BrilliantDawn84: folds 
*** FLOP *** [6h Ks Qc]
KarP93: checks 
zizizib: bets $14
KarP93: calls $14
*** TURN *** [6h Ks Qc] [7h]
KarP93: checks 
zizizib: checks 
*** RIVER *** [6h Ks Qc 7h] [Js]
KarP93: checks 
zizizib: checks 
*** SHOW DOWN ***
KarP93: shows [Ad As] (a pair of Aces)
zizizib: mucks hand 
KarP93 collected $56 from pot
*** SUMMARY ***
Total pot $57 | Rake $1 
Board [6h Ks Qc 7h Js]
Seat 3: billynomates
Seat 5: derrek985
Seat 1: BrilliantDawn84 (small blind) folded before Flop
Seat 2: KarP93 (big blind) showed [Ad As] and won ($56) with a pair of Aces
Seat 4: Dearic99 folded before Flop
Seat 6: zizizib (button) mucked



PokerStars Hand #254527083581:  Hold'em No Limit ($0.50/$1.00 USD) - 2025/01/24 10:15:47 WET [2025/01/24 5:15:47 ET]
Table 'Appella IV' 6-max Seat #1 is the button
Seat 5: derrek985 ($100 in chips) is sitting out
Seat 1: BrilliantDawn84 ($98 in chips) 
Seat 2: KarP93 ($228.19 in chips) 
Seat 3: billynomates ($38.50 in chips) 
Seat 4: Dearic99 ($100 in chips) 
Seat 6: zizizib ($100 in chips) 
KarP93: posts small blind $0.50
billynomates: posts big blind $1
derrek985: sits out 
*** HOLE CARDS ***
Dearic99: folds 
zizizib: folds 
BrilliantDawn84: folds 
KarP93: folds 
Uncalled bet ($0.50) returned to billynomates
billynomates collected $1 from pot
billynomates: doesn't show hand 
*** SUMMARY ***
Total pot $1 | Rake $0 
Seat 5: derrek985
Seat 1: BrilliantDawn84 (button) folded before Flop (didn't bet)
Seat 2: KarP93 (small blind) folded before Flop
Seat 3: billynomates (big blind) collected ($1)
Seat 4: Dearic99 folded before Flop (didn't bet)
Seat 6: zizizib folded before Flop (didn't bet)



PokerStars Hand #254527085205:  Hold'em No Limit ($0.50/$1.00 USD) - 2025/01/24 10:16:01 WET [2025/01/24 5:16:01 ET]
Table 'Appella IV' 6-max Seat #2 is the button
Seat 5: derrek985 ($100 in chips) is sitting out
Seat 1: BrilliantDawn84 ($98 in chips) 
Seat 2: KarP93 ($227.69 in chips) 
Seat 3: billynomates ($39 in chips) 
Seat 4: Dearic99 ($100 in chips) 
Seat 6: zizizib ($100 in chips) 
billynomates: posts small blind $0.50
Dearic99: posts big blind $1
derrek985: sits out 
*** HOLE CARDS ***
zizizib: folds 
BrilliantDawn84: folds 
KarP93: raises $1.50 to $2.50
billynomates: folds 
Dearic99: folds 
Uncalled bet ($1.50) returned to KarP93
KarP93 collected $2.50 from pot
KarP93: doesn't show hand 
*** SUMMARY ***
Total pot $2.50 | Rake $0 
Seat 5: derrek985
Seat 1: BrilliantDawn84 folded before Flop (didn't bet)
Seat 2: KarP93 (button) collected ($2.50)
Seat 3: billynomates (small blind) folded before Flop
Seat 4: Dearic99 (big blind) folded before Flop
Seat 6: zizizib folded before Flop (didn't bet)



PokerStars Hand #254527087147:  Hold'em No Limit ($0.50/$1.00 USD) - 2025/01/24 10:16:19 WET [2025/01/24 5:16:19 ET]
Table 'Appella IV' 6-max Seat #3 is the button
Seat 1: BrilliantDawn84 ($98 in chips) 
Seat 2: KarP93 ($229.19 in chips) 
Seat 3: billynomates ($38.50 in chips) 
Seat 4: Dearic99 ($100 in chips) 
Seat 5: derrek985 ($100 in chips) 
Seat 6: zizizib ($100 in chips) 
Dearic99: posts small blind $0.50
derrek985: posts big blind $1
*** HOLE CARDS ***
zizizib: folds 
BrilliantDawn84: folds 
KarP93: folds 
billynomates: folds 
Dearic99: folds 
Uncalled bet ($0.50) returned to derrek985
derrek985 collected $1 from pot
derrek985: doesn't show hand 
*** SUMMARY ***
Total pot $1 | Rake $0 
Seat 1: BrilliantDawn84 folded before Flop (didn't bet)
Seat 2: KarP93 folded before Flop (didn't bet)
Seat 3: billynomates (button) folded before Flop (didn't bet)
Seat 4: Dearic99 (small blind) folded before Flop
Seat 5: derrek985 (big blind) collected ($1)
Seat 6: zizizib folded before Flop (didn't bet)



PokerStars Hand #254527088573:  Hold'em No Limit ($0.50/$1.00 USD) - 2025/01/24 10:16:32 WET [2025/01/24 5:16:32 ET]
Table 'Appella IV' 6-max Seat #4 is the button
Seat 1: BrilliantDawn84 ($98 in chips) 
Seat 2: KarP93 ($229.19 in chips) 
Seat 3: billynomates ($38.50 in chips) 
Seat 4: Dearic99 ($100 in chips) 
Seat 5: derrek985 ($100.50 in chips) 
Seat 6: zizizib ($100 in chips) 
derrek985: posts small blind $0.50
zizizib: posts big blind $1
*** HOLE CARDS ***
BrilliantDawn84: folds 
KarP93: folds 
billynomates: folds 
Dearic99: folds 
derrek985: raises $1 to $2
zizizib: calls $1
*** FLOP *** [5h Ts Kh]
derrek985: bets $2.50
zizizib: calls $2.50
*** TURN *** [5h Ts Kh] [2s]
derrek985: checks 
zizizib: checks 
*** RIVER *** [5h Ts Kh 2s] [4s]
derrek985: bets $4.30
zizizib: calls $4.30
*** SHOW DOWN ***
derrek985: shows [Ac Th] (a pair of Tens)
zizizib: mucks hand 
derrek985 collected $16.72 from pot
*** SUMMARY ***
Total pot $17.60 | Rake $0.88 
Board [5h Ts Kh 2s 4s]
Seat 1: BrilliantDawn84 folded before Flop (didn't bet)
Seat 2: KarP93 folded before Flop (didn't bet)
Seat 3: billynomates folded before Flop (didn't bet)
Seat 4: Dearic99 (button) folded before Flop (didn't bet)
Seat 5: derrek985 (small blind) showed [Ac Th] and won ($16.72) with a pair of Tens
Seat 6: zizizib (big blind) mucked



PokerStars Hand #254527095374:  Hold'em No Limit ($0.50/$1.00 USD) - 2025/01/24 10:17:34 WET [2025/01/24 5:17:34 ET]
Table 'Appella IV' 6-max Seat #5 is the button
Seat 1: BrilliantDawn84 ($98 in chips) 
Seat 2: KarP93 ($229.19 in chips) 
Seat 3: billynomates ($38.50 in chips) 
Seat 4: Dearic99 ($100 in chips) 
Seat 5: derrek985 ($108.42 in chips) 
Seat 6: zizizib ($100 in chips) 
zizizib: posts small blind $0.50
BrilliantDawn84: posts big blind $1
*** HOLE CARDS ***
KarP93: folds 
billynomates: calls $1
Dearic99: folds 
derrek985: calls $1
zizizib: folds 
BrilliantDawn84: checks 
*** FLOP *** [5d 8s 6c]
BrilliantDawn84: bets $1.66
billynomates: folds 
derrek985: calls $1.66
*** TURN *** [5d 8s 6c] [2s]
BrilliantDawn84: bets $3.24
derrek985: folds 
Uncalled bet ($3.24) returned to BrilliantDawn84
BrilliantDawn84 collected $6.48 from pot
BrilliantDawn84: doesn't show hand 
*** SUMMARY ***
Total pot $6.82 | Rake $0.34 
Board [5d 8s 6c 2s]
Seat 1: BrilliantDawn84 (big blind) collected ($6.48)
Seat 2: KarP93 folded before Flop (didn't bet)
Seat 3: billynomates folded on the Flop
Seat 4: Dearic99 folded before Flop (didn't bet)
Seat 5: derrek985 (button) folded on the Turn
Seat 6: zizizib (small blind) folded before Flop



PokerStars Hand #254527098935:  Hold'em No Limit ($0.50/$1.00 USD) - 2025/01/24 10:18:06 WET [2025/01/24 5:18:06 ET]
Table 'Appella IV' 6-max Seat #6 is the button
Seat 2: KarP93 ($229.19 in chips) is sitting out
Seat 1: BrilliantDawn84 ($101.82 in chips) 
Seat 3: billynomates ($37.50 in chips) 
Seat 4: Dearic99 ($100 in chips) 
Seat 5: derrek985 ($105.76 in chips) 
Seat 6: zizizib ($100 in chips) 
BrilliantDawn84: posts small blind $0.50
KarP93: is sitting out 
billynomates: posts big blind $1
*** HOLE CARDS ***
KarP93 leaves the table
Dearic99: raises $1.50 to $2.50
derrek985: folds 
zizizib: folds 
BrilliantDawn84: folds 
billynomates: calls $1.50
*** FLOP *** [Qh As Kd]
billynomates: checks 
Dearic99: checks 
*** TURN *** [Qh As Kd] [Ks]
billynomates: bets $2.61
Dearic99: raises $5.22 to $7.83
billynomates: calls $5.22
*** RIVER *** [Qh As Kd Ks] [6s]
billynomates: checks 
Dearic99: bets $10.05
billynomates: calls $10.05
*** SHOW DOWN ***
Dearic99: shows [Ts Kc] (three of a kind, Kings)
billynomates: mucks hand 
Dearic99 collected $39.20 from pot
Rapid3ye joins the table at seat #2 
*** SUMMARY ***
Total pot $41.26 | Rake $2.06 
Board [Qh As Kd Ks 6s]
Seat 2: KarP93
Seat 1: BrilliantDawn84 (small blind) folded before Flop
Seat 3: billynomates (big blind) mucked
Seat 4: Dearic99 showed [Ts Kc] and won ($39.20) with three of a kind, Kings
Seat 5: derrek985 folded before Flop (didn't bet)
Seat 6: zizizib (button) folded before Flop (didn't bet)



PokerStars Hand #254527103485:  Hold'em No Limit ($0.50/$1.00 USD) - 2025/01/24 10:18:47 WET [2025/01/24 5:18:47 ET]
Table 'Appella IV' 6-max Seat #1 is the button
Seat 2: Rapid3ye ($100 in chips) is sitting out
Seat 1: BrilliantDawn84 ($101.32 in chips) 
Seat 3: billynomates ($17.12 in chips) 
Seat 4: Dearic99 ($118.82 in chips) 
Seat 5: derrek985 ($105.76 in chips) 
Seat 6: zizizib ($100 in chips) 
billynomates: posts small blind $0.50
Dearic99: posts big blind $1
*** HOLE CARDS ***
derrek985: raises $1.50 to $2.50
zizizib: folds 
BrilliantDawn84: folds 
billynomates: calls $2
Dearic99: folds 
*** FLOP *** [4d Ts Qd]
billynomates: checks 
derrek985: bets $2.70
billynomates: folds 
Uncalled bet ($2.70) returned to derrek985
derrek985 collected $5.70 from pot
derrek985: doesn't show hand 
*** SUMMARY ***
Total pot $6 | Rake $0.30 
Board [4d Ts Qd]
Seat 2: Rapid3ye
Seat 1: BrilliantDawn84 (button) folded before Flop (didn't bet)
Seat 3: billynomates (small blind) folded on the Flop
Seat 4: Dearic99 (big blind) folded before Flop
Seat 5: derrek985 collected ($5.70)
Seat 6: zizizib folded before Flop (didn't bet)



PokerStars Hand #254527107733:  Hold'em No Limit ($0.50/$1.00 USD) - 2025/01/24 10:19:25 WET [2025/01/24 5:19:25 ET]
Table 'Appella IV' 6-max Seat #3 is the button
Seat 2: Rapid3ye ($100 in chips) is sitting out
Seat 1: BrilliantDawn84 ($101.32 in chips) 
Seat 3: billynomates ($14.62 in chips) 
Seat 4: Dearic99 ($117.82 in chips) 
Seat 5: derrek985 ($108.96 in chips) 
Seat 6: zizizib ($100 in chips) 
Dearic99: posts small blind $0.50
derrek985: posts big blind $1
Rapid3ye: sits out 
*** HOLE CARDS ***
zizizib: folds 
BrilliantDawn84: raises $1.50 to $2.50
billynomates: folds 
Dearic99: folds 
derrek985: folds 
Uncalled bet ($1.50) returned to BrilliantDawn84
BrilliantDawn84 collected $2.50 from pot
BrilliantDawn84: doesn't show hand 
*** SUMMARY ***
Total pot $2.50 | Rake $0 
Seat 2: Rapid3ye
Seat 1: BrilliantDawn84 collected ($2.50)
Seat 3: billynomates (button) folded before Flop (didn't bet)
Seat 4: Dearic99 (small blind) folded before Flop
Seat 5: derrek985 (big blind) folded before Flop
Seat 6: zizizib folded before Flop (didn't bet)



PokerStars Hand #254527109143:  Hold'em No Limit ($0.50/$1.00 USD) - 2025/01/24 10:19:38 WET [2025/01/24 5:19:38 ET]
Table 'Appella IV' 6-max Seat #4 is the button
Seat 2: Rapid3ye ($100 in chips) is sitting out
Seat 1: BrilliantDawn84 ($102.82 in chips) 
Seat 3: billynomates ($14.62 in chips) 
Seat 4: Dearic99 ($117.32 in chips) 
Seat 5: derrek985 ($107.96 in chips) 
Seat 6: zizizib ($100 in chips) 
derrek985: posts small blind $0.50
zizizib: posts big blind $1
Rapid3ye: sits out 
*** HOLE CARDS ***
BrilliantDawn84: folds 
billynomates: calls $1
Dearic99: folds 
derrek985: folds 
zizizib: raises $99 to $100 and is all-in
billynomates: calls $13.62 and is all-in
Uncalled bet ($85.38) returned to zizizib
*** FLOP *** [7c 8d Jh]
*** TURN *** [7c 8d Jh] [2h]
*** RIVER *** [7c 8d Jh 2h] [Qc]
*** SHOW DOWN ***
zizizib: shows [Ts Ac] (high card Ace)
billynomates: shows [Js Kd] (a pair of Jacks)
billynomates collected $28.25 from pot
*** SUMMARY ***
Total pot $29.74 | Rake $1.49 
Board [7c 8d Jh 2h Qc]
Seat 2: Rapid3ye
Seat 1: BrilliantDawn84 folded before Flop (didn't bet)
Seat 3: billynomates showed [Js Kd] and won ($28.25) with a pair of Jacks
Seat 4: Dearic99 (button) folded before Flop (didn't bet)
Seat 5: derrek985 (small blind) folded before Flop
Seat 6: zizizib (big blind) showed [Ts Ac] and lost with high card Ace



PokerStars Hand #254527112165:  Hold'em No Limit ($0.50/$1.00 USD) - 2025/01/24 10:20:05 WET [2025/01/24 5:20:05 ET]
Table 'Appella IV' 6-max Seat #5 is the button
Seat 2: Rapid3ye ($100 in chips) is sitting out
Seat 1: BrilliantDawn84 ($102.82 in chips) 
Seat 3: billynomates ($28.25 in chips) 
Seat 4: Dearic99 ($117.32 in chips) 
Seat 5: derrek985 ($107.46 in chips) 
Seat 6: zizizib ($100 in chips) 
zizizib: posts small blind $0.50
BrilliantDawn84: posts big blind $1
Rapid3ye: sits out 
*** HOLE CARDS ***
billynomates: folds 
Dearic99: raises $1.50 to $2.50
derrek985: calls $2.50
zizizib: raises $11.10 to $13.60
BrilliantDawn84: folds 
Dearic99: folds 
derrek985: folds 
Uncalled bet ($11.10) returned to zizizib
zizizib collected $8.50 from pot
zizizib: doesn't show hand 
*** SUMMARY ***
Total pot $8.50 | Rake $0 
Seat 2: Rapid3ye
Seat 1: BrilliantDawn84 (big blind) folded before Flop
Seat 3: billynomates folded before Flop (didn't bet)
Seat 4: Dearic99 folded before Flop
Seat 5: derrek985 (button) folded before Flop
Seat 6: zizizib (small blind) collected ($8.50)



PokerStars Hand #254527114754:  Hold'em No Limit ($0.50/$1.00 USD) - 2025/01/24 10:20:29 WET [2025/01/24 5:20:29 ET]
Table 'Appella IV' 6-max Seat #6 is the button
Seat 1: BrilliantDawn84 ($101.82 in chips) 
Seat 2: Rapid3ye ($100 in chips) 
Seat 3: billynomates ($28.25 in chips) 
Seat 4: Dearic99 ($114.82 in chips) 
Seat 5: derrek985 ($104.96 in chips) 
Seat 6: zizizib ($106 in chips) 
BrilliantDawn84: posts small blind $0.50
Rapid3ye: posts big blind $1
*** HOLE CARDS ***
billynomates: calls $1
Dearic99: folds 
derrek985: folds 
zizizib: folds 
BrilliantDawn84: calls $0.50
Rapid3ye: checks 
*** FLOP *** [6c 7h Jc]
BrilliantDawn84: checks 
Rapid3ye: checks 
billynomates: checks 
*** TURN *** [6c 7h Jc] [4d]
BrilliantDawn84: checks 
Rapid3ye: checks 
billynomates: checks 
*** RIVER *** [6c 7h Jc 4d] [5c]
BrilliantDawn84: checks 
Rapid3ye: checks 
billynomates: bets $1.43
BrilliantDawn84: folds 
Rapid3ye: folds 
Uncalled bet ($1.43) returned to billynomates
billynomates collected $2.85 from pot
billynomates: doesn't show hand 
*** SUMMARY ***
Total pot $3 | Rake $0.15 
Board [6c 7h Jc 4d 5c]
Seat 1: BrilliantDawn84 (small blind) folded on the River
Seat 2: Rapid3ye (big blind) folded on the River
Seat 3: billynomates collected ($2.85)
Seat 4: Dearic99 folded before Flop (didn't bet)
Seat 5: derrek985 folded before Flop (didn't bet)
Seat 6: zizizib (button) folded before Flop (didn't bet)



PokerStars Hand #254527121954:  Hold'em No Limit ($0.50/$1.00 USD) - 2025/01/24 10:21:35 WET [2025/01/24 5:21:35 ET]
Table 'Appella IV' 6-max Seat #1 is the button
Seat 1: BrilliantDawn84 ($100.82 in chips) 
Seat 2: Rapid3ye ($99 in chips) 
Seat 3: billynomates ($30.10 in chips) 
Seat 4: Dearic99 ($114.82 in chips) 
Seat 5: derrek985 ($104.96 in chips) 
Seat 6: zizizib ($106 in chips) 
Rapid3ye: posts small blind $0.50
billynomates: posts big blind $1
*** HOLE CARDS ***
Dearic99: folds 
derrek985: folds 
zizizib: raises $1.30 to $2.30
BrilliantDawn84: calls $2.30
Rapid3ye: folds 
billynomates: folds 
*** FLOP *** [Jc 4s 4c]
zizizib: checks 
BrilliantDawn84: bets $2.90
zizizib: calls $2.90
*** TURN *** [Jc 4s 4c] [Th]
zizizib: checks 
BrilliantDawn84: bets $11.30
zizizib: raises $16.95 to $28.25
BrilliantDawn84: raises $67.37 to $95.62 and is all-in
zizizib: calls $67.37
*** RIVER *** [Jc 4s 4c Th] [3s]
*** SHOW DOWN ***
zizizib: shows [Jh Tc] (two pair, Jacks and Tens)
BrilliantDawn84: shows [4d Ad] (three of a kind, Fours)
BrilliantDawn84 collected $200.64 from pot
*** SUMMARY ***
Total pot $203.14 | Rake $2.50 
Board [Jc 4s 4c Th 3s]
Seat 1: BrilliantDawn84 (button) showed [4d Ad] and won ($200.64) with three of a kind, Fours
Seat 2: Rapid3ye (small blind) folded before Flop
Seat 3: billynomates (big blind) folded before Flop
Seat 4: Dearic99 folded before Flop (didn't bet)
Seat 5: derrek985 folded before Flop (didn't bet)
Seat 6: zizizib showed [Jh Tc] and lost with two pair, Jacks and Tens



PokerStars Hand #254527129548:  Hold'em No Limit ($0.50/$1.00 USD) - 2025/01/24 10:22:44 WET [2025/01/24 5:22:44 ET]
Table 'Appella IV' 6-max Seat #2 is the button
Seat 1: BrilliantDawn84 ($200.64 in chips) 
Seat 2: Rapid3ye ($98.50 in chips) 
Seat 3: billynomates ($29.10 in chips) 
Seat 4: Dearic99 ($114.82 in chips) 
Seat 5: derrek985 ($104.96 in chips) 
Seat 6: zizizib ($100 in chips) 
billynomates: posts small blind $0.50
Dearic99: posts big blind $1
*** HOLE CARDS ***
derrek985: folds 
zizizib: raises $1.10 to $2.10
BrilliantDawn84: folds 
Rapid3ye: calls $2.10
billynomates: folds 
Dearic99: folds 
*** FLOP *** [5d Qd Ts]
zizizib: checks 
Rapid3ye: bets $2.70
zizizib: folds 
Uncalled bet ($2.70) returned to Rapid3ye
Rapid3ye collected $5.42 from pot
Rapid3ye: doesn't show hand 
*** SUMMARY ***
Total pot $5.70 | Rake $0.28 
Board [5d Qd Ts]
Seat 1: BrilliantDawn84 folded before Flop (didn't bet)
Seat 2: Rapid3ye (button) collected ($5.42)
Seat 3: billynomates (small blind) folded before Flop
Seat 4: Dearic99 (big blind) folded before Flop
Seat 5: derrek985 folded before Flop (didn't bet)
Seat 6: zizizib folded on the Flop



PokerStars Hand #254527133491:  Hold'em No Limit ($0.50/$1.00 USD) - 2025/01/24 10:23:21 WET [2025/01/24 5:23:21 ET]
Table 'Appella IV' 6-max Seat #3 is the button
Seat 1: BrilliantDawn84 ($200.64 in chips) 
Seat 2: Rapid3ye ($101.82 in chips) 
Seat 3: billynomates ($28.60 in chips) 
Seat 4: Dearic99 ($113.82 in chips) 
Seat 5: derrek985 ($104.96 in chips) 
Seat 6: zizizib ($100 in chips) 
Dearic99: posts small blind $0.50
derrek985: posts big blind $1
*** HOLE CARDS ***
zizizib: raises $1.10 to $2.10
BrilliantDawn84: folds 
Rapid3ye: calls $2.10
billynomates: folds 
Dearic99: folds 
derrek985: folds 
*** FLOP *** [6h 2s Ah]
zizizib: checks 
Rapid3ye: bets $3.20
zizizib: calls $3.20
*** TURN *** [6h 2s Ah] [4c]
zizizib: checks 
Rapid3ye: bets $6.40
zizizib: raises $18.60 to $25
Rapid3ye: calls $18.60
*** RIVER *** [6h 2s Ah 4c] [8c]
zizizib: bets $69.70 and is all-in
Rapid3ye: calls $69.70
*** SHOW DOWN ***
zizizib: shows [4h 4s] (three of a kind, Fours)
Rapid3ye: shows [Kd As] (a pair of Aces)
zizizib collected $199 from pot
*** SUMMARY ***
Total pot $201.50 | Rake $2.50 
Board [6h 2s Ah 4c 8c]
Seat 1: BrilliantDawn84 folded before Flop (didn't bet)
Seat 2: Rapid3ye showed [Kd As] and lost with a pair of Aces
Seat 3: billynomates (button) folded before Flop (didn't bet)
Seat 4: Dearic99 (small blind) folded before Flop
Seat 5: derrek985 (big blind) folded before Flop
Seat 6: zizizib showed [4h 4s] and won ($199) with three of a kind, Fours



PokerStars Hand #254527145999:  Hold'em No Limit ($0.50/$1.00 USD) - 2025/01/24 10:25:14 WET [2025/01/24 5:25:14 ET]
Table 'Appella IV' 6-max Seat #4 is the button
Seat 1: BrilliantDawn84 ($200.64 in chips) 
Seat 2: Rapid3ye ($1.82 in chips) 
Seat 3: billynomates ($28.60 in chips) 
Seat 4: Dearic99 ($113.32 in chips) 
Seat 5: derrek985 ($103.96 in chips) 
Seat 6: zizizib ($199 in chips) 
derrek985: posts small blind $0.50
zizizib: posts big blind $1
*** HOLE CARDS ***
BrilliantDawn84: folds 
Rapid3ye: raises $0.82 to $1.82 and is all-in
billynomates: folds 
Dearic99: folds 
derrek985: calls $1.32
zizizib: calls $0.82
*** FLOP *** [9c 3d Qh]
derrek985: checks 
zizizib: checks 
*** TURN *** [9c 3d Qh] [4s]
derrek985: checks 
zizizib: bets $1.71
derrek985: folds 
Uncalled bet ($1.71) returned to zizizib
*** RIVER *** [9c 3d Qh 4s] [3c]
*** SHOW DOWN ***
zizizib: shows [4c 4d] (a full house, Fours full of Threes)
Rapid3ye: shows [Jh Kh] (a pair of Threes)
zizizib collected $5.19 from pot
*** SUMMARY ***
Total pot $5.46 | Rake $0.27 
Board [9c 3d Qh 4s 3c]
Seat 1: BrilliantDawn84 folded before Flop (didn't bet)
Seat 2: Rapid3ye showed [Jh Kh] and lost with a pair of Threes
Seat 3: billynomates folded before Flop (didn't bet)
Seat 4: Dearic99 (button) folded before Flop (didn't bet)
Seat 5: derrek985 (small blind) folded on the Turn
Seat 6: zizizib (big blind) showed [4c 4d] and won ($5.19) with a full house, Fours full of Threes



PokerStars Hand #254527151848:  Hold'em No Limit ($0.50/$1.00 USD) - 2025/01/24 10:26:07 WET [2025/01/24 5:26:07 ET]
Table 'Appella IV' 6-max Seat #5 is the button
Seat 2: Rapid3ye ($0 in chips) is sitting out
Seat 1: BrilliantDawn84 ($200.64 in chips) 
Seat 3: billynomates ($28.60 in chips) 
Seat 4: Dearic99 ($113.32 in chips) 
Seat 5: derrek985 ($102.14 in chips) 
Seat 6: zizizib ($202.37 in chips) 
zizizib: posts small blind $0.50
BrilliantDawn84: posts big blind $1
*** HOLE CARDS ***
billynomates: calls $1
Dearic99: raises $2 to $3
derrek985: folds 
zizizib: folds 
BrilliantDawn84: folds 
billynomates: calls $2
*** FLOP *** [As 5c 6d]
billynomates: checks 
Dearic99: bets $2.35
billynomates: calls $2.35
*** TURN *** [As 5c 6d] [Jh]
billynomates: checks 
Dearic99: checks 
*** RIVER *** [As 5c 6d Jh] [7c]
billynomates: bets $5.80
Dearic99: folds 
Uncalled bet ($5.80) returned to billynomates
billynomates collected $11.59 from pot
billynomates: doesn't show hand 
*** SUMMARY ***
Total pot $12.20 | Rake $0.61 
Board [As 5c 6d Jh 7c]
Seat 2: Rapid3ye
Seat 1: BrilliantDawn84 (big blind) folded before Flop
Seat 3: billynomates collected ($11.59)
Seat 4: Dearic99 folded on the River
Seat 5: derrek985 (button) folded before Flop (didn't bet)
Seat 6: zizizib (small blind) folded before Flop



PokerStars Hand #254527157496:  Hold'em No Limit ($0.50/$1.00 USD) - 2025/01/24 10:26:56 WET [2025/01/24 5:26:56 ET]
Table 'Appella IV' 6-max Seat #6 is the button
Seat 1: BrilliantDawn84 ($199.64 in chips) 
Seat 2: Rapid3ye ($100 in chips) 
Seat 3: billynomates ($34.84 in chips) 
Seat 4: Dearic99 ($107.97 in chips) 
Seat 5: derrek985 ($102.14 in chips) 
Seat 6: zizizib ($201.87 in chips) 
BrilliantDawn84: posts small blind $0.50
Rapid3ye: posts big blind $1
*** HOLE CARDS ***
billynomates: calls $1
Dearic99: folds 
derrek985: raises $1.70 to $2.70
zizizib: folds 
BrilliantDawn84: calls $2.20
Rapid3ye: calls $1.70
billynomates: calls $1.70
*** FLOP *** [5d Ts 8s]
BrilliantDawn84: checks 
Rapid3ye: checks 
billynomates: checks 
derrek985: bets $4.20
BrilliantDawn84: folds 
Rapid3ye: folds 
billynomates: calls $4.20
*** TURN *** [5d Ts 8s] [7s]
billynomates: checks 
derrek985: checks 
*** RIVER *** [5d Ts 8s 7s] [6s]
billynomates: bets $9.12
derrek985: folds 
Uncalled bet ($9.12) returned to billynomates
billynomates collected $18.24 from pot
billynomates: doesn't show hand 
*** SUMMARY ***
Total pot $19.20 | Rake $0.96 
Board [5d Ts 8s 7s 6s]
Seat 1: BrilliantDawn84 (small blind) folded on the Flop
Seat 2: Rapid3ye (big blind) folded on the Flop
Seat 3: billynomates collected ($18.24)
Seat 4: Dearic99 folded before Flop (didn't bet)
Seat 5: derrek985 folded on the River
Seat 6: zizizib (button) folded before Flop (didn't bet)



PokerStars Hand #254527166199:  Hold'em No Limit ($0.50/$1.00 USD) - 2025/01/24 10:28:14 WET [2025/01/24 5:28:14 ET]
Table 'Appella IV' 6-max Seat #1 is the button
Seat 1: BrilliantDawn84 ($196.94 in chips) 
Seat 2: Rapid3ye ($97.30 in chips) 
Seat 3: billynomates ($46.18 in chips) 
Seat 4: Dearic99 ($107.97 in chips) 
Seat 5: derrek985 ($95.24 in chips) 
Seat 6: zizizib ($201.87 in chips) 
Rapid3ye: posts small blind $0.50
billynomates: posts big blind $1
*** HOLE CARDS ***
Dearic99: raises $1.50 to $2.50
derrek985: folds 
zizizib: folds 
BrilliantDawn84: folds 
Rapid3ye: calls $2
billynomates: calls $1.50
*** FLOP *** [Td Jc 4h]
Rapid3ye: checks 
billynomates: checks 
Dearic99: bets $3.56
Rapid3ye: calls $3.56
billynomates: folds 
*** TURN *** [Td Jc 4h] [Qh]
Rapid3ye: checks 
Dearic99: checks 
*** RIVER *** [Td Jc 4h Qh] [Jh]
Rapid3ye: checks 
Dearic99: bets $6.95
Rapid3ye: calls $6.95
*** SHOW DOWN ***
Dearic99: shows [Js Ad] (three of a kind, Jacks)
Rapid3ye: mucks hand 
Dearic99 collected $27.09 from pot
*** SUMMARY ***
Total pot $28.52 | Rake $1.43 
Board [Td Jc 4h Qh Jh]
Seat 1: BrilliantDawn84 (button) folded before Flop (didn't bet)
Seat 2: Rapid3ye (small blind) mucked
Seat 3: billynomates (big blind) folded on the Flop
Seat 4: Dearic99 showed [Js Ad] and won ($27.09) with three of a kind, Jacks
Seat 5: derrek985 folded before Flop (didn't bet)
Seat 6: zizizib folded before Flop (didn't bet)



PokerStars Hand #254527172432:  Hold'em No Limit ($0.50/$1.00 USD) - 2025/01/24 10:29:09 WET [2025/01/24 5:29:09 ET]
Table 'Appella IV' 6-max Seat #2 is the button
Seat 1: BrilliantDawn84 ($196.94 in chips) 
Seat 2: Rapid3ye ($84.29 in chips) 
Seat 3: billynomates ($43.68 in chips) 
Seat 4: Dearic99 ($122.05 in chips) 
Seat 5: derrek985 ($95.24 in chips) 
Seat 6: zizizib ($201.87 in chips) 
billynomates: posts small blind $0.50
Dearic99: posts big blind $1
*** HOLE CARDS ***
derrek985: folds 
zizizib: folds 
BrilliantDawn84: raises $1.50 to $2.50
Rapid3ye: folds 
billynomates: calls $2
Dearic99: calls $1.50
*** FLOP *** [3c 4h 6s]
billynomates: checks 
Dearic99: checks 
BrilliantDawn84: bets $2.56
billynomates: folds 
Dearic99: folds 
Uncalled bet ($2.56) returned to BrilliantDawn84
BrilliantDawn84 collected $7.12 from pot
BrilliantDawn84: doesn't show hand 
*** SUMMARY ***
Total pot $7.50 | Rake $0.38 
Board [3c 4h 6s]
Seat 1: BrilliantDawn84 collected ($7.12)
Seat 2: Rapid3ye (button) folded before Flop (didn't bet)
Seat 3: billynomates (small blind) folded on the Flop
Seat 4: Dearic99 (big blind) folded on the Flop
Seat 5: derrek985 folded before Flop (didn't bet)
Seat 6: zizizib folded before Flop (didn't bet)



PokerStars Hand #254527176966:  Hold'em No Limit ($0.50/$1.00 USD) - 2025/01/24 10:29:48 WET [2025/01/24 5:29:48 ET]
Table 'Appella IV' 6-max Seat #3 is the button
Seat 1: BrilliantDawn84 ($201.56 in chips) 
Seat 2: Rapid3ye ($84.29 in chips) 
Seat 3: billynomates ($41.18 in chips) 
Seat 4: Dearic99 ($119.55 in chips) 
Seat 5: derrek985 ($95.24 in chips) 
Seat 6: zizizib ($201.87 in chips) 
Dearic99: posts small blind $0.50
derrek985: posts big blind $1
*** HOLE CARDS ***
zizizib: folds 
BrilliantDawn84: folds 
Rapid3ye: raises $1 to $2
billynomates: folds 
Dearic99: folds 
derrek985: calls $1
*** FLOP *** [8s Ad As]
derrek985: checks 
Rapid3ye: bets $1.75
derrek985: calls $1.75
*** TURN *** [8s Ad As] [Ac]
derrek985: checks 
Rapid3ye: bets $2.50
derrek985: calls $2.50
*** RIVER *** [8s Ad As Ac] [4s]
derrek985: checks 
Rapid3ye: bets $6
derrek985: raises $20 to $26
Rapid3ye: calls $20
*** SHOW DOWN ***
derrek985: shows [7s Js] (a flush, Ace high)
Rapid3ye: shows [9c 9h] (a full house, Aces full of Nines)
Rapid3ye collected $62.50 from pot
*** SUMMARY ***
Total pot $65 | Rake $2.50 
Board [8s Ad As Ac 4s]
Seat 1: BrilliantDawn84 folded before Flop (didn't bet)
Seat 2: Rapid3ye showed [9c 9h] and won ($62.50) with a full house, Aces full of Nines
Seat 3: billynomates (button) folded before Flop (didn't bet)
Seat 4: Dearic99 (small blind) folded before Flop
Seat 5: derrek985 (big blind) showed [7s Js] and lost with a flush, Ace high
Seat 6: zizizib folded before Flop (didn't bet)



PokerStars Hand #254527185364:  Hold'em No Limit ($0.50/$1.00 USD) - 2025/01/24 10:31:03 WET [2025/01/24 5:31:03 ET]
Table 'Appella IV' 6-max Seat #4 is the button
Seat 1: BrilliantDawn84 ($201.56 in chips) 
Seat 2: Rapid3ye ($114.54 in chips) 
Seat 3: billynomates ($41.18 in chips) 
Seat 4: Dearic99 ($119.05 in chips) 
Seat 5: derrek985 ($62.99 in chips) 
Seat 6: zizizib ($201.87 in chips) 
derrek985: posts small blind $0.50
zizizib: posts big blind $1
*** HOLE CARDS ***
BrilliantDawn84: folds 
Rapid3ye: folds 
billynomates: folds 
Dearic99: raises $1.50 to $2.50
derrek985: folds 
zizizib: folds 
Uncalled bet ($1.50) returned to Dearic99
Dearic99 collected $2.50 from pot
Dearic99: doesn't show hand 
*** SUMMARY ***
Total pot $2.50 | Rake $0 
Seat 1: BrilliantDawn84 folded before Flop (didn't bet)
Seat 2: Rapid3ye folded before Flop (didn't bet)
Seat 3: billynomates folded before Flop (didn't bet)
Seat 4: Dearic99 (button) collected ($2.50)
Seat 5: derrek985 (small blind) folded before Flop
Seat 6: zizizib (big blind) folded before Flop



PokerStars Hand #254527188648:  Hold'em No Limit ($0.50/$1.00 USD) - 2025/01/24 10:31:32 WET [2025/01/24 5:31:32 ET]
Table 'Appella IV' 6-max Seat #5 is the button
Seat 1: BrilliantDawn84 ($201.56 in chips) 
Seat 2: Rapid3ye ($114.54 in chips) 
Seat 3: billynomates ($41.18 in chips) 
Seat 4: Dearic99 ($120.55 in chips) 
Seat 5: derrek985 ($62.49 in chips) 
Seat 6: zizizib ($200.87 in chips) 
zizizib: posts small blind $0.50
BrilliantDawn84: posts big blind $1
*** HOLE CARDS ***
Rapid3ye: folds 
billynomates: folds 
Dearic99: folds 
derrek985: raises $2 to $3
zizizib: folds 
BrilliantDawn84: calls $2
*** FLOP *** [2d 5h Jd]
BrilliantDawn84: checks 
derrek985: bets $2.60
BrilliantDawn84: folds 
Uncalled bet ($2.60) returned to derrek985
derrek985 collected $6.18 from pot
derrek985: doesn't show hand 
*** SUMMARY ***
Total pot $6.50 | Rake $0.32 
Board [2d 5h Jd]
Seat 1: BrilliantDawn84 (big blind) folded on the Flop
Seat 2: Rapid3ye folded before Flop (didn't bet)
Seat 3: billynomates folded before Flop (didn't bet)
Seat 4: Dearic99 folded before Flop (didn't bet)
Seat 5: derrek985 (button) collected ($6.18)
Seat 6: zizizib (small blind) folded before Flop



PokerStars Hand #254527192198:  Hold'em No Limit ($0.50/$1.00 USD) - 2025/01/24 10:32:05 WET [2025/01/24 5:32:05 ET]
Table 'Appella IV' 6-max Seat #6 is the button
Seat 1: BrilliantDawn84 ($198.56 in chips) 
Seat 2: Rapid3ye ($114.54 in chips) 
Seat 3: billynomates ($41.18 in chips) 
Seat 4: Dearic99 ($120.55 in chips) 
Seat 5: derrek985 ($65.67 in chips) 
Seat 6: zizizib ($200.37 in chips) 
BrilliantDawn84: posts small blind $0.50
Rapid3ye: posts big blind $1
*** HOLE CARDS ***
billynomates: folds 
Dearic99: raises $1.50 to $2.50
derrek985: folds 
zizizib: folds 
BrilliantDawn84: folds 
Rapid3ye: folds 
Uncalled bet ($1.50) returned to Dearic99
Dearic99 collected $2.50 from pot
Dearic99: doesn't show hand 
*** SUMMARY ***
Total pot $2.50 | Rake $0 
Seat 1: BrilliantDawn84 (small blind) folded before Flop
Seat 2: Rapid3ye (big blind) folded before Flop
Seat 3: billynomates folded before Flop (didn't bet)
Seat 4: Dearic99 collected ($2.50)
Seat 5: derrek985 folded before Flop (didn't bet)
Seat 6: zizizib (button) folded before Flop (didn't bet)



PokerStars Hand #254527194565:  Hold'em No Limit ($0.50/$1.00 USD) - 2025/01/24 10:32:25 WET [2025/01/24 5:32:25 ET]
Table 'Appella IV' 6-max Seat #1 is the button
Seat 1: BrilliantDawn84 ($198.06 in chips) 
Seat 2: Rapid3ye ($113.54 in chips) 
Seat 3: billynomates ($41.18 in chips) 
Seat 4: Dearic99 ($122.05 in chips) 
Seat 5: derrek985 ($65.67 in chips) 
Seat 6: zizizib ($200.37 in chips) 
Rapid3ye: posts small blind $0.50
billynomates: posts big blind $1
*** HOLE CARDS ***
Dearic99: folds 
derrek985: folds 
zizizib: folds 
BrilliantDawn84: folds 
Rapid3ye: folds 
Uncalled bet ($0.50) returned to billynomates
billynomates collected $1 from pot
billynomates: doesn't show hand 
*** SUMMARY ***
Total pot $1 | Rake $0 
Seat 1: BrilliantDawn84 (button) folded before Flop (didn't bet)
Seat 2: Rapid3ye (small blind) folded before Flop
Seat 3: billynomates (big blind) collected ($1)
Seat 4: Dearic99 folded before Flop (didn't bet)
Seat 5: derrek985 folded before Flop (didn't bet)
Seat 6: zizizib folded before Flop (didn't bet)



PokerStars Hand #254527195625:  Hold'em No Limit ($0.50/$1.00 USD) - 2025/01/24 10:32:35 WET [2025/01/24 5:32:35 ET]
Table 'Appella IV' 6-max Seat #2 is the button
Seat 1: BrilliantDawn84 ($198.06 in chips) 
Seat 2: Rapid3ye ($113.04 in chips) 
Seat 3: billynomates ($41.68 in chips) 
Seat 4: Dearic99 ($122.05 in chips) 
Seat 5: derrek985 ($65.67 in chips) 
Seat 6: zizizib ($200.37 in chips) 
billynomates: posts small blind $0.50
Dearic99: posts big blind $1
*** HOLE CARDS ***
derrek985: folds 
zizizib: folds 
BrilliantDawn84: folds 
Rapid3ye: raises $1 to $2
billynomates: calls $1.50
Dearic99: calls $1
*** FLOP *** [9d Kd 5h]
billynomates: checks 
Dearic99: checks 
Rapid3ye: bets $2.10
billynomates: folds 
Dearic99: folds 
Uncalled bet ($2.10) returned to Rapid3ye
Rapid3ye collected $5.70 from pot
Rapid3ye: doesn't show hand 
*** SUMMARY ***
Total pot $6 | Rake $0.30 
Board [9d Kd 5h]
Seat 1: BrilliantDawn84 folded before Flop (didn't bet)
Seat 2: Rapid3ye (button) collected ($5.70)
Seat 3: billynomates (small blind) folded on the Flop
Seat 4: Dearic99 (big blind) folded on the Flop
Seat 5: derrek985 folded before Flop (didn't bet)
Seat 6: zizizib folded before Flop (didn't bet)



PokerStars Hand #254527199961:  Hold'em No Limit ($0.50/$1.00 USD) - 2025/01/24 10:33:14 WET [2025/01/24 5:33:14 ET]
Table 'Appella IV' 6-max Seat #3 is the button
Seat 1: BrilliantDawn84 ($198.06 in chips) 
Seat 2: Rapid3ye ($116.74 in chips) 
Seat 3: billynomates ($39.68 in chips) 
Seat 4: Dearic99 ($120.05 in chips) 
Seat 5: derrek985 ($65.67 in chips) 
Seat 6: zizizib ($200.37 in chips) 
Dearic99: posts small blind $0.50
derrek985: posts big blind $1
*** HOLE CARDS ***
zizizib: folds 
BrilliantDawn84: raises $1.50 to $2.50
Rapid3ye: folds 
billynomates: calls $2.50
Dearic99: folds 
derrek985: raises $7.50 to $10
BrilliantDawn84: raises $14 to $24
billynomates: folds 
derrek985: calls $14
*** FLOP *** [Ks 7c Th]
derrek985: checks 
BrilliantDawn84: bets $15.25
derrek985: calls $15.25
*** TURN *** [Ks 7c Th] [Jd]
derrek985: bets $26.42 and is all-in
BrilliantDawn84: calls $26.42
*** RIVER *** [Ks 7c Th Jd] [4c]
*** SHOW DOWN ***
derrek985: shows [Td Ts] (three of a kind, Tens)
BrilliantDawn84: shows [Kd Kh] (three of a kind, Kings)
BrilliantDawn84 cashed out the hand for $126.26 | Cash Out Fee $2.58
*** SUMMARY ***
Total pot $134.34 | Rake $2.50 
Board [Ks 7c Th Jd 4c]
Seat 1: BrilliantDawn84 showed [Kd Kh] and won ($131.84) with three of a kind, Kings (pot not awarded as player cashed out)
Seat 2: Rapid3ye folded before Flop (didn't bet)
Seat 3: billynomates (button) folded before Flop
Seat 4: Dearic99 (small blind) folded before Flop
Seat 5: derrek985 (big blind) showed [Td Ts] and lost with three of a kind, Tens
Seat 6: zizizib folded before Flop (didn't bet)



PokerStars Hand #254527210765:  Hold'em No Limit ($0.50/$1.00 USD) - 2025/01/24 10:34:50 WET [2025/01/24 5:34:50 ET]
Table 'Appella IV' 6-max Seat #4 is the button
Seat 5: derrek985 ($0 in chips) is sitting out
Seat 1: BrilliantDawn84 ($258.65 in chips) 
Seat 2: Rapid3ye ($116.74 in chips) 
Seat 3: billynomates ($37.18 in chips) 
Seat 4: Dearic99 ($119.55 in chips) 
Seat 6: zizizib ($200.37 in chips) 
zizizib: posts small blind $0.50
BrilliantDawn84: posts big blind $1
*** HOLE CARDS ***
derrek985 leaves the table
Rapid3ye: folds 
billynomates: folds 
Dearic99: raises $1.50 to $2.50
zizizib: folds 
BrilliantDawn84: calls $1.50
*** FLOP *** [Js 7c 5s]
BrilliantDawn84: checks 
Dearic99: checks 
*** TURN *** [Js 7c 5s] [5h]
BrilliantDawn84: checks 
Dearic99: checks 
*** RIVER *** [Js 7c 5s 5h] [4h]
BrilliantDawn84: checks 
Dearic99: checks 
*** SHOW DOWN ***
BrilliantDawn84: shows [9h Td] (a pair of Fives)
Dearic99: shows [Kc 8h] (a pair of Fives - King kicker)
Dearic99 collected $5.22 from pot
*** SUMMARY ***
Total pot $5.50 | Rake $0.28 
Board [Js 7c 5s 5h 4h]
Seat 5: derrek985
Seat 1: BrilliantDawn84 (big blind) showed [9h Td] and lost with a pair of Fives
Seat 2: Rapid3ye folded before Flop (didn't bet)
Seat 3: billynomates folded before Flop (didn't bet)
Seat 4: Dearic99 (button) showed [Kc 8h] and won ($5.22) with a pair of Fives
Seat 6: zizizib (small blind) folded before Flop



PokerStars Hand #254527213675:  Hold'em No Limit ($0.50/$1.00 USD) - 2025/01/24 10:35:16 WET [2025/01/24 5:35:16 ET]
Table 'Appella IV' 6-max Seat #6 is the button
Seat 1: BrilliantDawn84 ($256.15 in chips) 
Seat 2: Rapid3ye ($116.74 in chips) 
Seat 3: billynomates ($37.18 in chips) 
Seat 4: Dearic99 ($122.27 in chips) 
Seat 6: zizizib ($199.87 in chips) 
BrilliantDawn84: posts small blind $0.50
Rapid3ye: posts big blind $1
*** HOLE CARDS ***
billynomates: calls $1
Dearic99: folds 
coeeeelho joins the table at seat #5 
zizizib: calls $1
BrilliantDawn84: folds 
Rapid3ye: checks 
*** FLOP *** [Td 6d 5d]
Rapid3ye: checks 
billynomates: checks 
zizizib: checks 
*** TURN *** [Td 6d 5d] [Js]
Rapid3ye: bets $1.66
billynomates: calls $1.66
zizizib: folds 
*** RIVER *** [Td 6d 5d Js] [Ts]
Rapid3ye: bets $6.48
billynomates: folds 
Uncalled bet ($6.48) returned to Rapid3ye
Rapid3ye collected $6.48 from pot
Rapid3ye: doesn't show hand 
*** SUMMARY ***
Total pot $6.82 | Rake $0.34 
Board [Td 6d 5d Js Ts]
Seat 1: BrilliantDawn84 (small blind) folded before Flop
Seat 2: Rapid3ye (big blind) collected ($6.48)
Seat 3: billynomates folded on the River
Seat 4: Dearic99 folded before Flop (didn't bet)
Seat 6: zizizib (button) folded on the Turn



PokerStars Hand #254527219878:  Hold'em No Limit ($0.50/$1.00 USD) - 2025/01/24 10:36:12 WET [2025/01/24 5:36:12 ET]
Table 'Appella IV' 6-max Seat #1 is the button
Seat 5: coeeeelho ($100 in chips) is sitting out
Seat 1: BrilliantDawn84 ($255.65 in chips) 
Seat 2: Rapid3ye ($120.56 in chips) 
Seat 3: billynomates ($34.52 in chips) 
Seat 4: Dearic99 ($122.27 in chips) 
Seat 6: zizizib ($198.87 in chips) 
Rapid3ye: posts small blind $0.50
billynomates: posts big blind $1
coeeeelho: sits out 
*** HOLE CARDS ***
Dearic99: raises $1.50 to $2.50
zizizib: folds 
BrilliantDawn84: folds 
Rapid3ye: calls $2
billynomates: folds 
*** FLOP *** [4s 9c 9d]
Rapid3ye: checks 
Dearic99: bets $2
Rapid3ye: raises $6 to $8
Dearic99: folds 
Uncalled bet ($6) returned to Rapid3ye
Rapid3ye collected $9.50 from pot
Rapid3ye: doesn't show hand 
*** SUMMARY ***
Total pot $10 | Rake $0.50 
Board [4s 9c 9d]
Seat 5: coeeeelho
Seat 1: BrilliantDawn84 (button) folded before Flop (didn't bet)
Seat 2: Rapid3ye (small blind) collected ($9.50)
Seat 3: billynomates (big blind) folded before Flop
Seat 4: Dearic99 folded on the Flop
Seat 6: zizizib folded before Flop (didn't bet)



PokerStars Hand #254527225759:  Hold'em No Limit ($0.50/$1.00 USD) - 2025/01/24 10:37:03 WET [2025/01/24 5:37:03 ET]
Table 'Appella IV' 6-max Seat #2 is the button
Seat 5: coeeeelho ($100 in chips) is sitting out
Seat 1: BrilliantDawn84 ($255.65 in chips) 
Seat 2: Rapid3ye ($125.56 in chips) 
Seat 3: billynomates ($33.52 in chips) 
Seat 4: Dearic99 ($117.77 in chips) 
Seat 6: zizizib ($198.87 in chips) 
billynomates: posts small blind $0.50
Dearic99: posts big blind $1
coeeeelho: sits out 
*** HOLE CARDS ***
zizizib: folds 
BrilliantDawn84: raises $1.50 to $2.50
Rapid3ye: folds 
billynomates: calls $2
Dearic99: raises $11 to $13.50
BrilliantDawn84: folds 
billynomates: calls $11
*** FLOP *** [5d 7c Jd]
billynomates: checks 
Dearic99: bets $21.02
billynomates: folds 
Uncalled bet ($21.02) returned to Dearic99
Dearic99 collected $28.02 from pot
Dearic99: doesn't show hand 
*** SUMMARY ***
Total pot $29.50 | Rake $1.48 
Board [5d 7c Jd]
Seat 5: coeeeelho
Seat 1: BrilliantDawn84 folded before Flop
Seat 2: Rapid3ye (button) folded before Flop (didn't bet)
Seat 3: billynomates (small blind) folded on the Flop
Seat 4: Dearic99 (big blind) collected ($28.02)
Seat 6: zizizib folded before Flop (didn't bet)



PokerStars Hand #254527229622:  Hold'em No Limit ($0.50/$1.00 USD) - 2025/01/24 10:37:37 WET [2025/01/24 5:37:37 ET]
Table 'Appella IV' 6-max Seat #3 is the button
Seat 1: BrilliantDawn84 ($253.15 in chips) 
Seat 2: Rapid3ye ($125.56 in chips) 
Seat 3: billynomates ($20.02 in chips) 
Seat 4: Dearic99 ($132.29 in chips) 
Seat 5: coeeeelho ($100 in chips) 
Seat 6: zizizib ($198.87 in chips) 
Dearic99: posts small blind $0.50
coeeeelho: posts big blind $1
*** HOLE CARDS ***
zizizib: raises $1.10 to $2.10
BrilliantDawn84: folds 
Rapid3ye: calls $2.10
billynomates: folds 
Dearic99: folds 
coeeeelho: folds 
*** FLOP *** [8d 5d 2h]
zizizib: checks 
Rapid3ye: checks 
*** TURN *** [8d 5d 2h] [5c]
zizizib: checks 
Rapid3ye: checks 
*** RIVER *** [8d 5d 2h 5c] [7h]
zizizib: bets $4.55
Rapid3ye: folds 
Uncalled bet ($4.55) returned to zizizib
zizizib collected $5.42 from pot
zizizib: doesn't show hand 
*** SUMMARY ***
Total pot $5.70 | Rake $0.28 
Board [8d 5d 2h 5c 7h]
Seat 1: BrilliantDawn84 folded before Flop (didn't bet)
Seat 2: Rapid3ye folded on the River
Seat 3: billynomates (button) folded before Flop (didn't bet)
Seat 4: Dearic99 (small blind) folded before Flop
Seat 5: coeeeelho (big blind) folded before Flop
Seat 6: zizizib collected ($5.42)



PokerStars Hand #254527235960:  Hold'em No Limit ($0.50/$1.00 USD) - 2025/01/24 10:38:33 WET [2025/01/24 5:38:33 ET]
Table 'Appella IV' 6-max Seat #4 is the button
Seat 1: BrilliantDawn84 ($253.15 in chips) 
Seat 2: Rapid3ye ($123.46 in chips) 
Seat 3: billynomates ($20.02 in chips) 
Seat 4: Dearic99 ($131.79 in chips) 
Seat 5: coeeeelho ($100 in chips) 
Seat 6: zizizib ($202.19 in chips) 
coeeeelho: posts small blind $0.50
zizizib: posts big blind $1
*** HOLE CARDS ***
BrilliantDawn84: folds 
Rapid3ye: folds 
billynomates: calls $1
Dearic99: folds 
coeeeelho: calls $0.50
zizizib: checks 
*** FLOP *** [3h Td 8c]
coeeeelho: checks 
zizizib: checks 
billynomates: bets $1
coeeeelho: calls $1
zizizib: folds 
*** TURN *** [3h Td 8c] [Jd]
coeeeelho: checks 
billynomates: bets $2.38
coeeeelho: calls $2.38
*** RIVER *** [3h Td 8c Jd] [7c]
coeeeelho: bets $6.95
billynomates: calls $6.95
*** SHOW DOWN ***
coeeeelho: shows [8h 9h] (a straight, Seven to Jack)
billynomates: mucks hand 
coeeeelho collected $22.48 from pot
*** SUMMARY ***
Total pot $23.66 | Rake $1.18 
Board [3h Td 8c Jd 7c]
Seat 1: BrilliantDawn84 folded before Flop (didn't bet)
Seat 2: Rapid3ye folded before Flop (didn't bet)
Seat 3: billynomates mucked
Seat 4: Dearic99 (button) folded before Flop (didn't bet)
Seat 5: coeeeelho (small blind) showed [8h 9h] and won ($22.48) with a straight, Seven to Jack
Seat 6: zizizib (big blind) folded on the Flop



PokerStars Hand #254527241924:  Hold'em No Limit ($0.50/$1.00 USD) - 2025/01/24 10:39:25 WET [2025/01/24 5:39:25 ET]
Table 'Appella IV' 6-max Seat #5 is the button
Seat 1: BrilliantDawn84 ($253.15 in chips) 
Seat 2: Rapid3ye ($123.46 in chips) 
Seat 3: billynomates ($8.69 in chips) 
Seat 4: Dearic99 ($131.79 in chips) 
Seat 5: coeeeelho ($111.15 in chips) 
Seat 6: zizizib ($201.19 in chips) 
zizizib: posts small blind $0.50
BrilliantDawn84: posts big blind $1
*** HOLE CARDS ***
Rapid3ye: folds 
billynomates: folds 
Dearic99: raises $1.50 to $2.50
coeeeelho: folds 
zizizib: folds 
BrilliantDawn84: folds 
Uncalled bet ($1.50) returned to Dearic99
Dearic99 collected $2.50 from pot
Dearic99: doesn't show hand 
*** SUMMARY ***
Total pot $2.50 | Rake $0 
Seat 1: BrilliantDawn84 (big blind) folded before Flop
Seat 2: Rapid3ye folded before Flop (didn't bet)
Seat 3: billynomates folded before Flop (didn't bet)
Seat 4: Dearic99 collected ($2.50)
Seat 5: coeeeelho (button) folded before Flop (didn't bet)
Seat 6: zizizib (small blind) folded before Flop



PokerStars Hand #254527243633:  Hold'em No Limit ($0.50/$1.00 USD) - 2025/01/24 10:39:40 WET [2025/01/24 5:39:40 ET]
Table 'Appella IV' 6-max Seat #6 is the button
Seat 1: BrilliantDawn84 ($252.15 in chips) 
Seat 2: Rapid3ye ($123.46 in chips) 
Seat 3: billynomates ($8.69 in chips) 
Seat 4: Dearic99 ($133.29 in chips) 
Seat 5: coeeeelho ($111.15 in chips) 
Seat 6: zizizib ($200.69 in chips) 
BrilliantDawn84: posts small blind $0.50
Rapid3ye: posts big blind $1
*** HOLE CARDS ***
billynomates: calls $1
Dearic99: raises $4 to $5
coeeeelho: folds 
zizizib: folds 
BrilliantDawn84: folds 
Rapid3ye: calls $4
billynomates: calls $4
*** FLOP *** [9d 2h Ts]
Rapid3ye: checks 
billynomates: bets $3.69 and is all-in
Dearic99: calls $3.69
Rapid3ye: folds 
*** TURN *** [9d 2h Ts] [4s]
*** RIVER *** [9d 2h Ts 4s] [Tc]
*** SHOW DOWN ***
billynomates: shows [Ad Qd] (a pair of Tens)
Dearic99: shows [Kh Qh] (a pair of Tens - lower kicker)
billynomates collected $21.74 from pot
*** SUMMARY ***
Total pot $22.88 | Rake $1.14 
Board [9d 2h Ts 4s Tc]
Seat 1: BrilliantDawn84 (small blind) folded before Flop
Seat 2: Rapid3ye (big blind) folded on the Flop
Seat 3: billynomates showed [Ad Qd] and won ($21.74) with a pair of Tens
Seat 4: Dearic99 showed [Kh Qh] and lost with a pair of Tens
Seat 5: coeeeelho folded before Flop (didn't bet)
Seat 6: zizizib (button) folded before Flop (didn't bet)



PokerStars Hand #254527248877:  Hold'em No Limit ($0.50/$1.00 USD) - 2025/01/24 10:40:25 WET [2025/01/24 5:40:25 ET]
Table 'Appella IV' 6-max Seat #1 is the button
Seat 1: BrilliantDawn84 ($251.65 in chips) 
Seat 2: Rapid3ye ($118.46 in chips) 
Seat 3: billynomates ($21.74 in chips) 
Seat 4: Dearic99 ($124.60 in chips) 
Seat 5: coeeeelho ($111.15 in chips) 
Seat 6: zizizib ($200.69 in chips) 
Rapid3ye: posts small blind $0.50
billynomates: posts big blind $1
*** HOLE CARDS ***
Dearic99: folds 
coeeeelho: folds 
zizizib: raises $1.30 to $2.30
BrilliantDawn84: raises $6.10 to $8.40
Rapid3ye: folds 
billynomates: folds 
zizizib: calls $6.10
*** FLOP *** [4h 8s Kd]
zizizib: checks 
BrilliantDawn84: bets $7.69
zizizib: folds 
Uncalled bet ($7.69) returned to BrilliantDawn84
BrilliantDawn84 collected $17.38 from pot
BrilliantDawn84: doesn't show hand 
*** SUMMARY ***
Total pot $18.30 | Rake $0.92 
Board [4h 8s Kd]
Seat 1: BrilliantDawn84 (button) collected ($17.38)
Seat 2: Rapid3ye (small blind) folded before Flop
Seat 3: billynomates (big blind) folded before Flop
Seat 4: Dearic99 folded before Flop (didn't bet)
Seat 5: coeeeelho folded before Flop (didn't bet)
Seat 6: zizizib folded on the Flop



PokerStars Hand #254527253712:  Hold'em No Limit ($0.50/$1.00 USD) - 2025/01/24 10:41:07 WET [2025/01/24 5:41:07 ET]
Table 'Appella IV' 6-max Seat #2 is the button
Seat 1: BrilliantDawn84 ($260.63 in chips) 
Seat 2: Rapid3ye ($117.96 in chips) 
Seat 3: billynomates ($20.74 in chips) 
Seat 4: Dearic99 ($124.60 in chips) 
Seat 5: coeeeelho ($111.15 in chips) 
Seat 6: zizizib ($192.29 in chips) 
billynomates: posts small blind $0.50
Dearic99: posts big blind $1
*** HOLE CARDS ***
coeeeelho: folds 
zizizib: folds 
BrilliantDawn84: raises $1.50 to $2.50
Rapid3ye: folds 
billynomates: calls $2
Dearic99: calls $1.50
*** FLOP *** [Jh Js Qd]
billynomates: checks 
Dearic99: checks 
BrilliantDawn84: bets $3.56
billynomates: calls $3.56
Dearic99: folds 
*** TURN *** [Jh Js Qd] [Ac]
billynomates: checks 
BrilliantDawn84: bets $8.95
billynomates: calls $8.95
*** RIVER *** [Jh Js Qd Ac] [7h]
billynomates: bets $5.73 and is all-in
BrilliantDawn84: calls $5.73
*** SHOW DOWN ***
billynomates: shows [As Kc] (two pair, Aces and Jacks)
BrilliantDawn84: shows [Jd Qc] (a full house, Jacks full of Queens)
BrilliantDawn84 collected $41.78 from pot
*** SUMMARY ***
Total pot $43.98 | Rake $2.20 
Board [Jh Js Qd Ac 7h]
Seat 1: BrilliantDawn84 showed [Jd Qc] and won ($41.78) with a full house, Jacks full of Queens
Seat 2: Rapid3ye (button) folded before Flop (didn't bet)
Seat 3: billynomates (small blind) showed [As Kc] and lost with two pair, Aces and Jacks
Seat 4: Dearic99 (big blind) folded on the Flop
Seat 5: coeeeelho folded before Flop (didn't bet)
Seat 6: zizizib folded before Flop (didn't bet)



PokerStars Hand #254527260487:  Hold'em No Limit ($0.50/$1.00 USD) - 2025/01/24 10:42:06 WET [2025/01/24 5:42:06 ET]
Table 'Appella IV' 6-max Seat #4 is the button
Seat 3: billynomates ($0 in chips) is sitting out
Seat 1: BrilliantDawn84 ($281.67 in chips) 
Seat 2: Rapid3ye ($117.96 in chips) 
Seat 4: Dearic99 ($122.10 in chips) 
Seat 5: coeeeelho ($111.15 in chips) 
Seat 6: zizizib ($192.29 in chips) 
coeeeelho: posts small blind $0.50
zizizib: posts big blind $1
*** HOLE CARDS ***
BrilliantDawn84: folds 
Rapid3ye: folds 
Dearic99: folds 
coeeeelho has timed out
coeeeelho: folds 
Uncalled bet ($0.50) returned to zizizib
zizizib collected $1 from pot
zizizib: doesn't show hand 
*** SUMMARY ***
Total pot $1 | Rake $0 
Seat 3: billynomates
Seat 1: BrilliantDawn84 folded before Flop (didn't bet)
Seat 2: Rapid3ye folded before Flop (didn't bet)
Seat 4: Dearic99 (button) folded before Flop (didn't bet)
Seat 5: coeeeelho (small blind) folded before Flop
Seat 6: zizizib (big blind) collected ($1)



PokerStars Hand #254527264720:  Hold'em No Limit ($0.50/$1.00 USD) - 2025/01/24 10:42:42 WET [2025/01/24 5:42:42 ET]
Table 'Appella IV' 6-max Seat #6 is the button
Seat 5: coeeeelho ($110.65 in chips) is sitting out
Seat 1: BrilliantDawn84 ($281.67 in chips) 
Seat 2: Rapid3ye ($117.96 in chips) 
Seat 3: billynomates ($55.79 in chips) 
Seat 4: Dearic99 ($122.10 in chips) 
Seat 6: zizizib ($192.79 in chips) 
BrilliantDawn84: posts small blind $0.50
Rapid3ye: posts big blind $1
*** HOLE CARDS ***
billynomates: calls $1
Dearic99: raises $4 to $5
zizizib: folds 
BrilliantDawn84: folds 
Rapid3ye: folds 
billynomates: calls $4
*** FLOP *** [3c Ah 5d]
billynomates: checks 
Dearic99: bets $3.60
billynomates: calls $3.60
*** TURN *** [3c Ah 5d] [3s]
billynomates: checks 
Dearic99: bets $8.88
billynomates: folds 
Uncalled bet ($8.88) returned to Dearic99
Dearic99 collected $17.76 from pot
Dearic99: doesn't show hand 
*** SUMMARY ***
Total pot $18.70 | Rake $0.94 
Board [3c Ah 5d 3s]
Seat 5: coeeeelho
Seat 1: BrilliantDawn84 (small blind) folded before Flop
Seat 2: Rapid3ye (big blind) folded before Flop
Seat 3: billynomates folded on the Turn
Seat 4: Dearic99 collected ($17.76)
Seat 6: zizizib (button) folded before Flop (didn't bet)



PokerStars Hand #254527268739:  Hold'em No Limit ($0.50/$1.00 USD) - 2025/01/24 10:43:17 WET [2025/01/24 5:43:17 ET]
Table 'Appella IV' 6-max Seat #1 is the button
Seat 5: coeeeelho ($110.65 in chips) is sitting out
Seat 1: BrilliantDawn84 ($281.17 in chips) 
Seat 2: Rapid3ye ($116.96 in chips) 
Seat 3: billynomates ($47.19 in chips) 
Seat 4: Dearic99 ($131.26 in chips) 
Seat 6: zizizib ($192.79 in chips) 
Rapid3ye: posts small blind $0.50
billynomates: posts big blind $1
*** HOLE CARDS ***
Dearic99: folds 
zizizib: folds 
BrilliantDawn84: folds 
Rapid3ye: folds 
Uncalled bet ($0.50) returned to billynomates
billynomates collected $1 from pot
billynomates: doesn't show hand 
*** SUMMARY ***
Total pot $1 | Rake $0 
Seat 5: coeeeelho
Seat 1: BrilliantDawn84 (button) folded before Flop (didn't bet)
Seat 2: Rapid3ye (small blind) folded before Flop
Seat 3: billynomates (big blind) collected ($1)
Seat 4: Dearic99 folded before Flop (didn't bet)
Seat 6: zizizib folded before Flop (didn't bet)



PokerStars Hand #254527269788:  Hold'em No Limit ($0.50/$1.00 USD) - 2025/01/24 10:43:26 WET [2025/01/24 5:43:26 ET]
Table 'Appella IV' 6-max Seat #2 is the button
Seat 5: coeeeelho ($110.65 in chips) is sitting out
Seat 1: BrilliantDawn84 ($281.17 in chips) 
Seat 2: Rapid3ye ($116.46 in chips) 
Seat 3: billynomates ($47.69 in chips) 
Seat 4: Dearic99 ($131.26 in chips) 
Seat 6: zizizib ($192.79 in chips) 
billynomates: posts small blind $0.50
Dearic99: posts big blind $1
*** HOLE CARDS ***
zizizib: folds 
BrilliantDawn84: folds 
Rapid3ye: folds 
billynomates: folds 
Uncalled bet ($0.50) returned to Dearic99
Dearic99 collected $1 from pot
Dearic99: doesn't show hand 
*** SUMMARY ***
Total pot $1 | Rake $0 
Seat 5: coeeeelho
Seat 1: BrilliantDawn84 folded before Flop (didn't bet)
Seat 2: Rapid3ye (button) folded before Flop (didn't bet)
Seat 3: billynomates (small blind) folded before Flop
Seat 4: Dearic99 (big blind) collected ($1)
Seat 6: zizizib folded before Flop (didn't bet)



PokerStars Hand #254527271222:  Hold'em No Limit ($0.50/$1.00 USD) - 2025/01/24 10:43:38 WET [2025/01/24 5:43:38 ET]
Table 'Appella IV' 6-max Seat #3 is the button
Seat 5: coeeeelho ($110.65 in chips) is sitting out
Seat 1: BrilliantDawn84 ($281.17 in chips) 
Seat 2: Rapid3ye ($116.46 in chips) 
Seat 3: billynomates ($47.19 in chips) 
Seat 4: Dearic99 ($131.76 in chips) 
Seat 6: zizizib ($192.79 in chips) 
Dearic99: posts small blind $0.50
zizizib: posts big blind $1
*** HOLE CARDS ***
BrilliantDawn84: folds 
Rapid3ye: folds 
billynomates: folds 
Dearic99: raises $2 to $3
zizizib: folds 
Uncalled bet ($2) returned to Dearic99
Dearic99 collected $2 from pot
Dearic99: doesn't show hand 
*** SUMMARY ***
Total pot $2 | Rake $0 
Seat 5: coeeeelho
Seat 1: BrilliantDawn84 folded before Flop (didn't bet)
Seat 2: Rapid3ye folded before Flop (didn't bet)
Seat 3: billynomates (button) folded before Flop (didn't bet)
Seat 4: Dearic99 (small blind) collected ($2)
Seat 6: zizizib (big blind) folded before Flop



PokerStars Hand #254527273134:  Hold'em No Limit ($0.50/$1.00 USD) - 2025/01/24 10:43:55 WET [2025/01/24 5:43:55 ET]
Table 'Appella IV' 6-max Seat #4 is the button
Seat 5: coeeeelho ($110.65 in chips) is sitting out
Seat 1: BrilliantDawn84 ($281.17 in chips) 
Seat 2: Rapid3ye ($116.46 in chips) 
Seat 3: billynomates ($47.19 in chips) 
Seat 4: Dearic99 ($132.76 in chips) 
Seat 6: zizizib ($191.79 in chips) 
zizizib: posts small blind $0.50
BrilliantDawn84: posts big blind $1
*** HOLE CARDS ***
Rapid3ye: folds 
billynomates: calls $1
Dearic99: folds 
zizizib: raises $3.50 to $4.50
BrilliantDawn84: folds 
billynomates: calls $3.50
*** FLOP *** [8h Kh 3s]
zizizib: bets $2.28
billynomates: folds 
Uncalled bet ($2.28) returned to zizizib
zizizib collected $9.50 from pot
zizizib: doesn't show hand 
*** SUMMARY ***
Total pot $10 | Rake $0.50 
Board [8h Kh 3s]
Seat 5: coeeeelho
Seat 1: BrilliantDawn84 (big blind) folded before Flop
Seat 2: Rapid3ye folded before Flop (didn't bet)
Seat 3: billynomates folded on the Flop
Seat 4: Dearic99 (button) folded before Flop (didn't bet)
Seat 6: zizizib (small blind) collected ($9.50)



PokerStars Hand #254527277140:  Hold'em No Limit ($0.50/$1.00 USD) - 2025/01/24 10:44:30 WET [2025/01/24 5:44:30 ET]
Table 'Appella IV' 6-max Seat #6 is the button
Seat 5: coeeeelho ($110.65 in chips) is sitting out
Seat 1: BrilliantDawn84 ($280.17 in chips) 
Seat 2: Rapid3ye ($116.46 in chips) 
Seat 3: billynomates ($42.69 in chips) 
Seat 4: Dearic99 ($132.76 in chips) 
Seat 6: zizizib ($196.79 in chips) 
BrilliantDawn84: posts small blind $0.50
Rapid3ye: posts big blind $1
*** HOLE CARDS ***
billynomates: calls $1
Dearic99: folds 
zizizib: folds 
BrilliantDawn84: calls $0.50
Rapid3ye: checks 
*** FLOP *** [Ac 9h Ts]
BrilliantDawn84: checks 
Rapid3ye: checks 
billynomates: checks 
*** TURN *** [Ac 9h Ts] [5c]
BrilliantDawn84: checks 
Rapid3ye: checks 
billynomates: checks 
*** RIVER *** [Ac 9h Ts 5c] [5s]
BrilliantDawn84: checks 
Rapid3ye: checks 
billynomates: checks 
*** SHOW DOWN ***
BrilliantDawn84: shows [4c 7d] (a pair of Fives)
Rapid3ye: shows [5h 7c] (three of a kind, Fives)
billynomates: mucks hand 
Rapid3ye collected $2.85 from pot
*** SUMMARY ***
Total pot $3 | Rake $0.15 
Board [Ac 9h Ts 5c 5s]
Seat 5: coeeeelho
Seat 1: BrilliantDawn84 (small blind) showed [4c 7d] and lost with a pair of Fives
Seat 2: Rapid3ye (big blind) showed [5h 7c] and won ($2.85) with three of a kind, Fives
Seat 3: billynomates mucked
Seat 4: Dearic99 folded before Flop (didn't bet)
Seat 6: zizizib (button) folded before Flop (didn't bet)



PokerStars Hand #254527281481:  Hold'em No Limit ($0.50/$1.00 USD) - 2025/01/24 10:45:07 WET [2025/01/24 5:45:07 ET]
Table 'Appella IV' 6-max Seat #1 is the button
Seat 5: coeeeelho ($110.65 in chips) is sitting out
Seat 1: BrilliantDawn84 ($279.17 in chips) 
Seat 2: Rapid3ye ($118.31 in chips) 
Seat 3: billynomates ($41.69 in chips) 
Seat 4: Dearic99 ($132.76 in chips) 
Seat 6: zizizib ($196.79 in chips) 
Rapid3ye: posts small blind $0.50
billynomates: posts big blind $1
*** HOLE CARDS ***
Dearic99: raises $1.50 to $2.50
zizizib: folds 
BrilliantDawn84: folds 
Rapid3ye: folds 
billynomates: calls $1.50
*** FLOP *** [Jh Ac Jd]
billynomates: checks 
Dearic99: bets $1.50
billynomates: folds 
Uncalled bet ($1.50) returned to Dearic99
Dearic99 collected $5.22 from pot
Dearic99: doesn't show hand 
*** SUMMARY ***
Total pot $5.50 | Rake $0.28 
Board [Jh Ac Jd]
Seat 5: coeeeelho
Seat 1: BrilliantDawn84 (button) folded before Flop (didn't bet)
Seat 2: Rapid3ye (small blind) folded before Flop
Seat 3: billynomates (big blind) folded on the Flop
Seat 4: Dearic99 collected ($5.22)
Seat 6: zizizib folded before Flop (didn't bet)



PokerStars Hand #254527284335:  Hold'em No Limit ($0.50/$1.00 USD) - 2025/01/24 10:45:31 WET [2025/01/24 5:45:31 ET]
Table 'Appella IV' 6-max Seat #2 is the button
Seat 5: coeeeelho ($110.65 in chips) is sitting out
Seat 1: BrilliantDawn84 ($279.17 in chips) 
Seat 2: Rapid3ye ($117.81 in chips) 
Seat 3: billynomates ($39.19 in chips) 
Seat 4: Dearic99 ($135.48 in chips) 
Seat 6: zizizib ($196.79 in chips) 
billynomates: posts small blind $0.50
Dearic99: posts big blind $1
*** HOLE CARDS ***
zizizib: raises $1.10 to $2.10
BrilliantDawn84: calls $2.10
Rapid3ye: folds 
billynomates: folds 
Dearic99: folds 
*** FLOP *** [Qh Th Jd]
zizizib: checks 
BrilliantDawn84: checks 
*** TURN *** [Qh Th Jd] [As]
zizizib: bets $4.55
BrilliantDawn84: folds 
Uncalled bet ($4.55) returned to zizizib
zizizib collected $5.42 from pot
zizizib: doesn't show hand 
*** SUMMARY ***
Total pot $5.70 | Rake $0.28 
Board [Qh Th Jd As]
Seat 5: coeeeelho
Seat 1: BrilliantDawn84 folded on the Turn
Seat 2: Rapid3ye (button) folded before Flop (didn't bet)
Seat 3: billynomates (small blind) folded before Flop
Seat 4: Dearic99 (big blind) folded before Flop
Seat 6: zizizib collected ($5.42)



PokerStars Hand #254527287663:  Hold'em No Limit ($0.50/$1.00 USD) - 2025/01/24 10:45:59 WET [2025/01/24 5:45:59 ET]
Table 'Appella IV' 6-max Seat #3 is the button
Seat 5: coeeeelho ($110.65 in chips) is sitting out
Seat 1: BrilliantDawn84 ($277.07 in chips) 
Seat 2: Rapid3ye ($117.81 in chips) 
Seat 3: billynomates ($38.69 in chips) 
Seat 4: Dearic99 ($134.48 in chips) 
Seat 6: zizizib ($200.11 in chips) 
Dearic99: posts small blind $0.50
zizizib: posts big blind $1
*** HOLE CARDS ***
BrilliantDawn84: folds 
Rapid3ye: raises $1 to $2
billynomates: folds 
Dearic99: raises $8 to $10
zizizib: folds 
Rapid3ye: folds 
Uncalled bet ($8) returned to Dearic99
Dearic99 collected $5 from pot
Dearic99: doesn't show hand 
*** SUMMARY ***
Total pot $5 | Rake $0 
Seat 5: coeeeelho
Seat 1: BrilliantDawn84 folded before Flop (didn't bet)
Seat 2: Rapid3ye folded before Flop
Seat 3: billynomates (button) folded before Flop (didn't bet)
Seat 4: Dearic99 (small blind) collected ($5)
Seat 6: zizizib (big blind) folded before Flop



PokerStars Hand #254527291483:  Hold'em No Limit ($0.50/$1.00 USD) - 2025/01/24 10:46:32 WET [2025/01/24 5:46:32 ET]
Table 'Appella IV' 6-max Seat #4 is the button
Seat 5: coeeeelho ($110.65 in chips) is sitting out
Seat 1: BrilliantDawn84 ($277.07 in chips) 
Seat 2: Rapid3ye ($115.81 in chips) 
Seat 3: billynomates ($38.69 in chips) 
Seat 4: Dearic99 ($137.48 in chips) 
Seat 6: zizizib ($199.11 in chips) 
zizizib: posts small blind $0.50
BrilliantDawn84: posts big blind $1
*** HOLE CARDS ***
Rapid3ye: raises $1 to $2
billynomates: folds 
Dearic99: folds 
zizizib: folds 
BrilliantDawn84: folds 
Uncalled bet ($1) returned to Rapid3ye
Rapid3ye collected $2.50 from pot
Rapid3ye: doesn't show hand 
*** SUMMARY ***
Total pot $2.50 | Rake $0 
Seat 5: coeeeelho
Seat 1: BrilliantDawn84 (big blind) folded before Flop
Seat 2: Rapid3ye collected ($2.50)
Seat 3: billynomates folded before Flop (didn't bet)
Seat 4: Dearic99 (button) folded before Flop (didn't bet)
Seat 6: zizizib (small blind) folded before Flop



PokerStars Hand #254527294067:  Hold'em No Limit ($0.50/$1.00 USD) - 2025/01/24 10:46:53 WET [2025/01/24 5:46:53 ET]
Table 'Appella IV' 6-max Seat #6 is the button
Seat 5: coeeeelho ($110.65 in chips) is sitting out
Seat 1: BrilliantDawn84 ($276.07 in chips) 
Seat 2: Rapid3ye ($117.31 in chips) 
Seat 3: billynomates ($38.69 in chips) 
Seat 4: Dearic99 ($137.48 in chips) 
Seat 6: zizizib ($198.61 in chips) 
BrilliantDawn84: posts small blind $0.50
Rapid3ye: posts big blind $1
*** HOLE CARDS ***
billynomates: calls $1
Dearic99: folds 
zizizib: raises $2.50 to $3.50
BrilliantDawn84: folds 
Rapid3ye: folds 
billynomates: calls $2.50
*** FLOP *** [Th 9s 8h]
billynomates: checks 
zizizib: checks 
*** TURN *** [Th 9s 8h] [Kd]
billynomates: bets $4.04
zizizib: calls $4.04
*** RIVER *** [Th 9s 8h Kd] [7d]
billynomates: bets $7.88
zizizib: calls $7.88
*** SHOW DOWN ***
billynomates: shows [Ac Qs] (high card Ace)
zizizib: shows [Kc Qd] (a pair of Kings)
zizizib collected $30.72 from pot
*** SUMMARY ***
Total pot $32.34 | Rake $1.62 
Board [Th 9s 8h Kd 7d]
Seat 5: coeeeelho
Seat 1: BrilliantDawn84 (small blind) folded before Flop
Seat 2: Rapid3ye (big blind) folded before Flop
Seat 3: billynomates showed [Ac Qs] and lost with high card Ace
Seat 4: Dearic99 folded before Flop (didn't bet)
Seat 6: zizizib (button) showed [Kc Qd] and won ($30.72) with a pair of Kings



PokerStars Hand #254527298806:  Hold'em No Limit ($0.50/$1.00 USD) - 2025/01/24 10:47:34 WET [2025/01/24 5:47:34 ET]
Table 'Appella IV' 6-max Seat #1 is the button
Seat 5: coeeeelho ($110.65 in chips) is sitting out
Seat 1: BrilliantDawn84 ($275.57 in chips) 
Seat 2: Rapid3ye ($116.31 in chips) 
Seat 3: billynomates ($23.27 in chips) 
Seat 4: Dearic99 ($137.48 in chips) 
Seat 6: zizizib ($213.91 in chips) 
Rapid3ye: posts small blind $0.50
billynomates: posts big blind $1
coeeeelho: sits out 
*** HOLE CARDS ***
Dearic99: folds 
zizizib: folds 
BrilliantDawn84: folds 
Rapid3ye: folds 
Uncalled bet ($0.50) returned to billynomates
billynomates collected $1 from pot
billynomates: doesn't show hand 
*** SUMMARY ***
Total pot $1 | Rake $0 
Seat 5: coeeeelho
Seat 1: BrilliantDawn84 (button) folded before Flop (didn't bet)
Seat 2: Rapid3ye (small blind) folded before Flop
Seat 3: billynomates (big blind) collected ($1)
Seat 4: Dearic99 folded before Flop (didn't bet)
Seat 6: zizizib folded before Flop (didn't bet)



PokerStars Hand #254527300437:  Hold'em No Limit ($0.50/$1.00 USD) - 2025/01/24 10:47:48 WET [2025/01/24 5:47:48 ET]
Table 'Appella IV' 6-max Seat #2 is the button
Seat 5: coeeeelho ($110.65 in chips) is sitting out
Seat 1: BrilliantDawn84 ($275.57 in chips) 
Seat 2: Rapid3ye ($115.81 in chips) 
Seat 3: billynomates ($23.77 in chips) 
Seat 4: Dearic99 ($137.48 in chips) 
Seat 6: zizizib ($213.91 in chips) 
billynomates: posts small blind $0.50
Dearic99: posts big blind $1
coeeeelho: sits out 
*** HOLE CARDS ***
zizizib: folds 
BrilliantDawn84: folds 
Rapid3ye: folds 
billynomates: calls $0.50
Dearic99: checks 
*** FLOP *** [Jd 5h Ac]
billynomates: checks 
Dearic99: checks 
*** TURN *** [Jd 5h Ac] [4s]
billynomates: bets $1
Dearic99: calls $1
*** RIVER *** [Jd 5h Ac 4s] [Ks]
billynomates: bets $1.90
Dearic99: calls $1.90
*** SHOW DOWN ***
billynomates: shows [4d 5d] (two pair, Fives and Fours)
Dearic99: shows [4c Kd] (two pair, Kings and Fours)
Dearic99 collected $7.41 from pot
*** SUMMARY ***
Total pot $7.80 | Rake $0.39 
Board [Jd 5h Ac 4s Ks]
Seat 5: coeeeelho
Seat 1: BrilliantDawn84 folded before Flop (didn't bet)
Seat 2: Rapid3ye (button) folded before Flop (didn't bet)
Seat 3: billynomates (small blind) showed [4d 5d] and lost with two pair, Fives and Fours
Seat 4: Dearic99 (big blind) showed [4c Kd] and won ($7.41) with two pair, Kings and Fours
Seat 6: zizizib folded before Flop (didn't bet)



PokerStars Hand #254527304704:  Hold'em No Limit ($0.50/$1.00 USD) - 2025/01/24 10:48:24 WET [2025/01/24 5:48:24 ET]
Table 'Appella IV' 6-max Seat #3 is the button
Seat 1: BrilliantDawn84 ($275.57 in chips) 
Seat 2: Rapid3ye ($115.81 in chips) 
Seat 3: billynomates ($19.87 in chips) 
Seat 4: Dearic99 ($140.99 in chips) 
Seat 5: coeeeelho ($110.65 in chips) 
Seat 6: zizizib ($213.91 in chips) 
Dearic99: posts small blind $0.50
coeeeelho: posts big blind $1
*** HOLE CARDS ***
zizizib: folds 
BrilliantDawn84: folds 
Rapid3ye: folds 
billynomates: folds 
billynomates leaves the table
Dearic99: folds 
Uncalled bet ($0.50) returned to coeeeelho
coeeeelho collected $1 from pot
*** SUMMARY ***
Total pot $1 | Rake $0 
Seat 1: BrilliantDawn84 folded before Flop (didn't bet)
Seat 2: Rapid3ye folded before Flop (didn't bet)
Seat 3: billynomates (button) folded before Flop (didn't bet)
Seat 4: Dearic99 (small blind) folded before Flop
Seat 5: coeeeelho (big blind) collected ($1)
Seat 6: zizizib folded before Flop (didn't bet)



PokerStars Hand #254527306167:  Hold'em No Limit ($0.50/$1.00 USD) - 2025/01/24 10:48:36 WET [2025/01/24 5:48:36 ET]
Table 'Appella IV' 6-max Seat #4 is the button
Seat 1: BrilliantDawn84 ($275.57 in chips) 
Seat 2: Rapid3ye ($115.81 in chips) 
Seat 4: Dearic99 ($140.49 in chips) 
Seat 5: coeeeelho ($111.15 in chips) 
Seat 6: zizizib ($213.91 in chips) 
coeeeelho: posts small blind $0.50
zizizib: posts big blind $1
*** HOLE CARDS ***
BrilliantDawn84: folds 
Rapid3ye: folds 
Dearic99: folds 
coeeeelho: folds 
Uncalled bet ($0.50) returned to zizizib
zizizib collected $1 from pot
zizizib: doesn't show hand 
*** SUMMARY ***
Total pot $1 | Rake $0 
Seat 1: BrilliantDawn84 folded before Flop (didn't bet)
Seat 2: Rapid3ye folded before Flop (didn't bet)
Seat 4: Dearic99 (button) folded before Flop (didn't bet)
Seat 5: coeeeelho (small blind) folded before Flop
Seat 6: zizizib (big blind) collected ($1)



PokerStars Hand #254527307452:  Hold'em No Limit ($0.50/$1.00 USD) - 2025/01/24 10:48:47 WET [2025/01/24 5:48:47 ET]
Table 'Appella IV' 6-max Seat #5 is the button
Seat 1: BrilliantDawn84 ($275.57 in chips) 
Seat 2: Rapid3ye ($115.81 in chips) 
Seat 4: Dearic99 ($140.49 in chips) 
Seat 5: coeeeelho ($110.65 in chips) 
Seat 6: zizizib ($214.41 in chips) 
zizizib: posts small blind $0.50
BrilliantDawn84: posts big blind $1
*** HOLE CARDS ***
Rapid3ye: raises $1 to $2
Quahrino joins the table at seat #3 
Dearic99: folds 
coeeeelho: raises $5.50 to $7.50
zizizib: folds 
BrilliantDawn84: folds 
Rapid3ye: calls $5.50
*** FLOP *** [Kd 8s 5d]
Rapid3ye: checks 
coeeeelho: bets $5.17
Rapid3ye: calls $5.17
*** TURN *** [Kd 8s 5d] [2s]
Rapid3ye: checks 
coeeeelho: checks 
*** RIVER *** [Kd 8s 5d 2s] [7h]
Rapid3ye: bets $17
coeeeelho: folds 
Uncalled bet ($17) returned to Rapid3ye
Rapid3ye collected $25.50 from pot
Rapid3ye: doesn't show hand 
*** SUMMARY ***
Total pot $26.84 | Rake $1.34 
Board [Kd 8s 5d 2s 7h]
Seat 1: BrilliantDawn84 (big blind) folded before Flop
Seat 2: Rapid3ye collected ($25.50)
Seat 4: Dearic99 folded before Flop (didn't bet)
Seat 5: coeeeelho (button) folded on the River
Seat 6: zizizib (small blind) folded before Flop



PokerStars Hand #254527316586:  Hold'em No Limit ($0.50/$1.00 USD) - 2025/01/24 10:50:03 WET [2025/01/24 5:50:03 ET]
Table 'Appella IV' 6-max Seat #6 is the button
Seat 3: Quahrino ($100 in chips) is sitting out
Seat 1: BrilliantDawn84 ($274.57 in chips) 
Seat 2: Rapid3ye ($128.64 in chips) 
Seat 4: Dearic99 ($140.49 in chips) 
Seat 5: coeeeelho ($100 in chips) 
Seat 6: zizizib ($213.91 in chips) 
BrilliantDawn84: posts small blind $0.50
Rapid3ye: posts big blind $1
Quahrino: sits out 
*** HOLE CARDS ***
Dearic99: folds 
coeeeelho: raises $1.20 to $2.20
zizizib: folds 
BrilliantDawn84: folds 
Rapid3ye: folds 
Uncalled bet ($1.20) returned to coeeeelho
coeeeelho collected $2.50 from pot
*** SUMMARY ***
Total pot $2.50 | Rake $0 
Seat 3: Quahrino
Seat 1: BrilliantDawn84 (small blind) folded before Flop
Seat 2: Rapid3ye (big blind) folded before Flop
Seat 4: Dearic99 folded before Flop (didn't bet)
Seat 5: coeeeelho collected ($2.50)
Seat 6: zizizib (button) folded before Flop (didn't bet)



PokerStars Hand #254527318649:  Hold'em No Limit ($0.50/$1.00 USD) - 2025/01/24 10:50:21 WET [2025/01/24 5:50:21 ET]
Table 'Appella IV' 6-max Seat #1 is the button
Seat 1: BrilliantDawn84 ($274.07 in chips) 
Seat 2: Rapid3ye ($127.64 in chips) 
Seat 3: Quahrino ($100 in chips) 
Seat 4: Dearic99 ($140.49 in chips) 
Seat 5: coeeeelho ($101.50 in chips) 
Seat 6: zizizib ($213.91 in chips) 
Rapid3ye: posts small blind $0.50
Quahrino: posts big blind $1
*** HOLE CARDS ***
Dearic99: folds 
coeeeelho: folds 
zizizib: raises $1.30 to $2.30
BrilliantDawn84: folds 
Rapid3ye: calls $1.80
Quahrino: folds 
*** FLOP *** [Kh Ah 8c]
Rapid3ye: checks 
zizizib: checks 
*** TURN *** [Kh Ah 8c] [Qd]
Rapid3ye: checks 
zizizib: checks 
*** RIVER *** [Kh Ah 8c Qd] [Ac]
Rapid3ye: checks 
zizizib: checks 
*** SHOW DOWN ***
Rapid3ye: shows [6s 5h] (a pair of Aces)
zizizib: shows [Th Td] (two pair, Aces and Tens)
zizizib collected $5.32 from pot
*** SUMMARY ***
Total pot $5.60 | Rake $0.28 
Board [Kh Ah 8c Qd Ac]
Seat 1: BrilliantDawn84 (button) folded before Flop (didn't bet)
Seat 2: Rapid3ye (small blind) showed [6s 5h] and lost with a pair of Aces
Seat 3: Quahrino (big blind) folded before Flop
Seat 4: Dearic99 folded before Flop (didn't bet)
Seat 5: coeeeelho folded before Flop (didn't bet)
Seat 6: zizizib showed [Th Td] and won ($5.32) with two pair, Aces and Tens



PokerStars Hand #254527323739:  Hold'em No Limit ($0.50/$1.00 USD) - 2025/01/24 10:51:04 WET [2025/01/24 5:51:04 ET]
Table 'Appella IV' 6-max Seat #2 is the button
Seat 1: BrilliantDawn84 ($274.07 in chips) 
Seat 2: Rapid3ye ($125.34 in chips) 
Seat 3: Quahrino ($100 in chips) 
Seat 4: Dearic99 ($140.49 in chips) 
Seat 5: coeeeelho ($101.50 in chips) 
Seat 6: zizizib ($216.93 in chips) 
Quahrino: posts small blind $0.50
Dearic99: posts big blind $1
*** HOLE CARDS ***
coeeeelho: folds 
zizizib: folds 
BrilliantDawn84: raises $1.50 to $2.50
Rapid3ye: folds 
Quahrino: folds 
Dearic99: folds 
Uncalled bet ($1.50) returned to BrilliantDawn84
BrilliantDawn84 collected $2.50 from pot
BrilliantDawn84: doesn't show hand 
*** SUMMARY ***
Total pot $2.50 | Rake $0 
Seat 1: BrilliantDawn84 collected ($2.50)
Seat 2: Rapid3ye (button) folded before Flop (didn't bet)
Seat 3: Quahrino (small blind) folded before Flop
Seat 4: Dearic99 (big blind) folded before Flop
Seat 5: coeeeelho folded before Flop (didn't bet)
Seat 6: zizizib folded before Flop (didn't bet)



PokerStars Hand #254527325458:  Hold'em No Limit ($0.50/$1.00 USD) - 2025/01/24 10:51:18 WET [2025/01/24 5:51:18 ET]
Table 'Appella IV' 6-max Seat #3 is the button
Seat 1: BrilliantDawn84 ($275.57 in chips) 
Seat 2: Rapid3ye ($125.34 in chips) 
Seat 3: Quahrino ($100 in chips) 
Seat 4: Dearic99 ($139.49 in chips) 
Seat 5: coeeeelho ($101.50 in chips) 
Seat 6: zizizib ($216.93 in chips) 
Dearic99: posts small blind $0.50
coeeeelho: posts big blind $1
*** HOLE CARDS ***
zizizib: folds 
BrilliantDawn84: folds 
Rapid3ye: folds 
Quahrino: raises $1.50 to $2.50
Dearic99: folds 
coeeeelho: calls $1.50
*** FLOP *** [3h Js 7d]
coeeeelho: checks 
Quahrino: bets $1.31
coeeeelho: folds 
Uncalled bet ($1.31) returned to Quahrino
Quahrino collected $5.22 from pot
Quahrino: doesn't show hand 
*** SUMMARY ***
Total pot $5.50 | Rake $0.28 
Board [3h Js 7d]
Seat 1: BrilliantDawn84 folded before Flop (didn't bet)
Seat 2: Rapid3ye folded before Flop (didn't bet)
Seat 3: Quahrino (button) collected ($5.22)
Seat 4: Dearic99 (small blind) folded before Flop
Seat 5: coeeeelho (big blind) folded on the Flop
Seat 6: zizizib folded before Flop (didn't bet)



PokerStars Hand #254527328856:  Hold'em No Limit ($0.50/$1.00 USD) - 2025/01/24 10:51:47 WET [2025/01/24 5:51:47 ET]
Table 'Appella IV' 6-max Seat #4 is the button
Seat 1: BrilliantDawn84 ($275.57 in chips) 
Seat 2: Rapid3ye ($125.34 in chips) 
Seat 3: Quahrino ($102.72 in chips) 
Seat 4: Dearic99 ($138.99 in chips) 
Seat 5: coeeeelho ($100 in chips) 
Seat 6: zizizib ($216.93 in chips) 
coeeeelho: posts small blind $0.50
zizizib: posts big blind $1
*** HOLE CARDS ***
BrilliantDawn84: folds 
Rapid3ye: raises $1 to $2
Quahrino: folds 
Dearic99: folds 
coeeeelho: folds 
zizizib: folds 
Uncalled bet ($1) returned to Rapid3ye
Rapid3ye collected $2.50 from pot
Rapid3ye: doesn't show hand 
*** SUMMARY ***
Total pot $2.50 | Rake $0 
Seat 1: BrilliantDawn84 folded before Flop (didn't bet)
Seat 2: Rapid3ye collected ($2.50)
Seat 3: Quahrino folded before Flop (didn't bet)
Seat 4: Dearic99 (button) folded before Flop (didn't bet)
Seat 5: coeeeelho (small blind) folded before Flop
Seat 6: zizizib (big blind) folded before Flop



PokerStars Hand #254527330803:  Hold'em No Limit ($0.50/$1.00 USD) - 2025/01/24 10:52:03 WET [2025/01/24 5:52:03 ET]
Table 'Appella IV' 6-max Seat #5 is the button
Seat 1: BrilliantDawn84 ($275.57 in chips) 
Seat 2: Rapid3ye ($126.84 in chips) 
Seat 3: Quahrino ($102.72 in chips) 
Seat 4: Dearic99 ($138.99 in chips) 
Seat 5: coeeeelho ($100 in chips) 
Seat 6: zizizib ($215.93 in chips) 
zizizib: posts small blind $0.50
BrilliantDawn84: posts big blind $1
*** HOLE CARDS ***
Rapid3ye: raises $1 to $2
Quahrino: folds 
Dearic99: folds 
coeeeelho: folds 
zizizib: folds 
BrilliantDawn84: folds 
Uncalled bet ($1) returned to Rapid3ye
Rapid3ye collected $2.50 from pot
Rapid3ye: doesn't show hand 
*** SUMMARY ***
Total pot $2.50 | Rake $0 
Seat 1: BrilliantDawn84 (big blind) folded before Flop
Seat 2: Rapid3ye collected ($2.50)
Seat 3: Quahrino folded before Flop (didn't bet)
Seat 4: Dearic99 folded before Flop (didn't bet)
Seat 5: coeeeelho (button) folded before Flop (didn't bet)
Seat 6: zizizib (small blind) folded before Flop



PokerStars Hand #254527332283:  Hold'em No Limit ($0.50/$1.00 USD) - 2025/01/24 10:52:16 WET [2025/01/24 5:52:16 ET]
Table 'Appella IV' 6-max Seat #6 is the button
Seat 1: BrilliantDawn84 ($274.57 in chips) 
Seat 2: Rapid3ye ($128.34 in chips) 
Seat 3: Quahrino ($102.72 in chips) 
Seat 4: Dearic99 ($138.99 in chips) 
Seat 5: coeeeelho ($100 in chips) 
Seat 6: zizizib ($215.43 in chips) 
BrilliantDawn84: posts small blind $0.50
Rapid3ye: posts big blind $1
*** HOLE CARDS ***
Quahrino: folds 
Dearic99: folds 
coeeeelho: raises $1.30 to $2.30
zizizib: folds 
BrilliantDawn84: folds 
Rapid3ye: calls $1.30
*** FLOP *** [8s 7h 6s]
Rapid3ye: checks 
coeeeelho: checks 
*** TURN *** [8s 7h 6s] [2h]
Rapid3ye: bets $2.30
coeeeelho: folds 
Uncalled bet ($2.30) returned to Rapid3ye
Rapid3ye collected $4.84 from pot
Rapid3ye: doesn't show hand 
*** SUMMARY ***
Total pot $5.10 | Rake $0.26 
Board [8s 7h 6s 2h]
Seat 1: BrilliantDawn84 (small blind) folded before Flop
Seat 2: Rapid3ye (big blind) collected ($4.84)
Seat 3: Quahrino folded before Flop (didn't bet)
Seat 4: Dearic99 folded before Flop (didn't bet)
Seat 5: coeeeelho folded on the Turn
Seat 6: zizizib (button) folded before Flop (didn't bet)



PokerStars Hand #254527336919:  Hold'em No Limit ($0.50/$1.00 USD) - 2025/01/24 10:52:55 WET [2025/01/24 5:52:55 ET]
Table 'Appella IV' 6-max Seat #1 is the button
Seat 1: BrilliantDawn84 ($274.07 in chips) 
Seat 2: Rapid3ye ($130.88 in chips) 
Seat 3: Quahrino ($102.72 in chips) 
Seat 4: Dearic99 ($138.99 in chips) 
Seat 5: coeeeelho ($100 in chips) 
Seat 6: zizizib ($215.43 in chips) 
Rapid3ye: posts small blind $0.50
Quahrino: posts big blind $1
*** HOLE CARDS ***
Dearic99: folds 
coeeeelho: folds 
zizizib: folds 
BrilliantDawn84: folds 
Rapid3ye: folds 
Uncalled bet ($0.50) returned to Quahrino
Quahrino collected $1 from pot
Quahrino: doesn't show hand 
*** SUMMARY ***
Total pot $1 | Rake $0 
Seat 1: BrilliantDawn84 (button) folded before Flop (didn't bet)
Seat 2: Rapid3ye (small blind) folded before Flop
Seat 3: Quahrino (big blind) collected ($1)
Seat 4: Dearic99 folded before Flop (didn't bet)
Seat 5: coeeeelho folded before Flop (didn't bet)
Seat 6: zizizib folded before Flop (didn't bet)



PokerStars Hand #254527338659:  Hold'em No Limit ($0.50/$1.00 USD) - 2025/01/24 10:53:10 WET [2025/01/24 5:53:10 ET]
Table 'Appella IV' 6-max Seat #2 is the button
Seat 1: BrilliantDawn84 ($274.07 in chips) 
Seat 2: Rapid3ye ($130.38 in chips) 
Seat 3: Quahrino ($103.22 in chips) 
Seat 4: Dearic99 ($138.99 in chips) 
Seat 5: coeeeelho ($100 in chips) 
Seat 6: zizizib ($215.43 in chips) 
Quahrino: posts small blind $0.50
Dearic99: posts big blind $1
*** HOLE CARDS ***
coeeeelho: folds 
zizizib: folds 
BrilliantDawn84: folds 
Rapid3ye: folds 
Quahrino: raises $2 to $3
Dearic99: folds 
Uncalled bet ($2) returned to Quahrino
Quahrino collected $2 from pot
Quahrino: doesn't show hand 
*** SUMMARY ***
Total pot $2 | Rake $0 
Seat 1: BrilliantDawn84 folded before Flop (didn't bet)
Seat 2: Rapid3ye (button) folded before Flop (didn't bet)
Seat 3: Quahrino (small blind) collected ($2)
Seat 4: Dearic99 (big blind) folded before Flop
Seat 5: coeeeelho folded before Flop (didn't bet)
Seat 6: zizizib folded before Flop (didn't bet)



PokerStars Hand #254527341398:  Hold'em No Limit ($0.50/$1.00 USD) - 2025/01/24 10:53:33 WET [2025/01/24 5:53:33 ET]
Table 'Appella IV' 6-max Seat #3 is the button
Seat 1: BrilliantDawn84 ($274.07 in chips) 
Seat 2: Rapid3ye ($130.38 in chips) 
Seat 3: Quahrino ($104.22 in chips) 
Seat 4: Dearic99 ($137.99 in chips) 
Seat 5: coeeeelho ($100 in chips) 
Seat 6: zizizib ($215.43 in chips) 
Dearic99: posts small blind $0.50
coeeeelho: posts big blind $1
*** HOLE CARDS ***
zizizib: folds 
BrilliantDawn84: folds 
Rapid3ye: folds 
Quahrino: folds 
Dearic99: folds 
Uncalled bet ($0.50) returned to coeeeelho
coeeeelho collected $1 from pot
*** SUMMARY ***
Total pot $1 | Rake $0 
Seat 1: BrilliantDawn84 folded before Flop (didn't bet)
Seat 2: Rapid3ye folded before Flop (didn't bet)
Seat 3: Quahrino (button) folded before Flop (didn't bet)
Seat 4: Dearic99 (small blind) folded before Flop
Seat 5: coeeeelho (big blind) collected ($1)
Seat 6: zizizib folded before Flop (didn't bet)



PokerStars Hand #254527343083:  Hold'em No Limit ($0.50/$1.00 USD) - 2025/01/24 10:53:47 WET [2025/01/24 5:53:47 ET]
Table 'Appella IV' 6-max Seat #4 is the button
Seat 1: BrilliantDawn84 ($274.07 in chips) 
Seat 2: Rapid3ye ($130.38 in chips) 
Seat 3: Quahrino ($104.22 in chips) 
Seat 4: Dearic99 ($137.49 in chips) 
Seat 5: coeeeelho ($100.50 in chips) 
Seat 6: zizizib ($215.43 in chips) 
coeeeelho: posts small blind $0.50
zizizib: posts big blind $1
*** HOLE CARDS ***
BrilliantDawn84: folds 
Rapid3ye: raises $1 to $2
Quahrino: folds 
Dearic99: folds 
coeeeelho: folds 
zizizib: calls $1
*** FLOP *** [6h 8c 5d]
zizizib: checks 
Rapid3ye: bets $1.75
zizizib: folds 
Uncalled bet ($1.75) returned to Rapid3ye
Rapid3ye collected $4.28 from pot
Rapid3ye: doesn't show hand 
*** SUMMARY ***
Total pot $4.50 | Rake $0.22 
Board [6h 8c 5d]
Seat 1: BrilliantDawn84 folded before Flop (didn't bet)
Seat 2: Rapid3ye collected ($4.28)
Seat 3: Quahrino folded before Flop (didn't bet)
Seat 4: Dearic99 (button) folded before Flop (didn't bet)
Seat 5: coeeeelho (small blind) folded before Flop
Seat 6: zizizib (big blind) folded on the Flop



PokerStars Hand #254527347172:  Hold'em No Limit ($0.50/$1.00 USD) - 2025/01/24 10:54:21 WET [2025/01/24 5:54:21 ET]
Table 'Appella IV' 6-max Seat #5 is the button
Seat 1: BrilliantDawn84 ($274.07 in chips) 
Seat 2: Rapid3ye ($132.66 in chips) 
Seat 3: Quahrino ($104.22 in chips) 
Seat 4: Dearic99 ($137.49 in chips) 
Seat 5: coeeeelho ($100 in chips) 
Seat 6: zizizib ($213.43 in chips) 
zizizib: posts small blind $0.50
BrilliantDawn84: posts big blind $1
*** HOLE CARDS ***
Rapid3ye: raises $1 to $2
Quahrino: folds 
Dearic99: folds 
coeeeelho: folds 
zizizib: folds 
BrilliantDawn84: folds 
Uncalled bet ($1) returned to Rapid3ye
Rapid3ye collected $2.50 from pot
Rapid3ye: doesn't show hand 
*** SUMMARY ***
Total pot $2.50 | Rake $0 
Seat 1: BrilliantDawn84 (big blind) folded before Flop
Seat 2: Rapid3ye collected ($2.50)
Seat 3: Quahrino folded before Flop (didn't bet)
Seat 4: Dearic99 folded before Flop (didn't bet)
Seat 5: coeeeelho (button) folded before Flop (didn't bet)
Seat 6: zizizib (small blind) folded before Flop



PokerStars Hand #254527348876:  Hold'em No Limit ($0.50/$1.00 USD) - 2025/01/24 10:54:36 WET [2025/01/24 5:54:36 ET]
Table 'Appella IV' 6-max Seat #6 is the button
Seat 1: BrilliantDawn84 ($273.07 in chips) 
Seat 2: Rapid3ye ($134.16 in chips) 
Seat 3: Quahrino ($104.22 in chips) 
Seat 4: Dearic99 ($137.49 in chips) 
Seat 5: coeeeelho ($100 in chips) 
Seat 6: zizizib ($212.93 in chips) 
BrilliantDawn84: posts small blind $0.50
Rapid3ye: posts big blind $1
*** HOLE CARDS ***
Quahrino: raises $1 to $2
Dearic99: folds 
coeeeelho: folds 
zizizib: folds 
BrilliantDawn84: folds 
Rapid3ye: folds 
Uncalled bet ($1) returned to Quahrino
Quahrino collected $2.50 from pot
Quahrino: doesn't show hand 
*** SUMMARY ***
Total pot $2.50 | Rake $0 
Seat 1: BrilliantDawn84 (small blind) folded before Flop
Seat 2: Rapid3ye (big blind) folded before Flop
Seat 3: Quahrino collected ($2.50)
Seat 4: Dearic99 folded before Flop (didn't bet)
Seat 5: coeeeelho folded before Flop (didn't bet)
Seat 6: zizizib (button) folded before Flop (didn't bet)



PokerStars Hand #254527350116:  Hold'em No Limit ($0.50/$1.00 USD) - 2025/01/24 10:54:46 WET [2025/01/24 5:54:46 ET]
Table 'Appella IV' 6-max Seat #1 is the button
Seat 1: BrilliantDawn84 ($272.57 in chips) 
Seat 2: Rapid3ye ($133.16 in chips) 
Seat 3: Quahrino ($105.72 in chips) 
Seat 4: Dearic99 ($137.49 in chips) 
Seat 5: coeeeelho ($100 in chips) 
Seat 6: zizizib ($212.93 in chips) 
Rapid3ye: posts small blind $0.50
Quahrino: posts big blind $1
*** HOLE CARDS ***
Dearic99: folds 
coeeeelho: folds 
zizizib: folds 
BrilliantDawn84: folds 
Rapid3ye: calls $0.50
Quahrino: checks 
*** FLOP *** [2h 9c 2d]
Rapid3ye: checks 
Quahrino: bets $1
Rapid3ye: folds 
Uncalled bet ($1) returned to Quahrino
Quahrino collected $1.90 from pot
Quahrino: doesn't show hand 
*** SUMMARY ***
Total pot $2 | Rake $0.10 
Board [2h 9c 2d]
Seat 1: BrilliantDawn84 (button) folded before Flop (didn't bet)
Seat 2: Rapid3ye (small blind) folded on the Flop
Seat 3: Quahrino (big blind) collected ($1.90)
Seat 4: Dearic99 folded before Flop (didn't bet)
Seat 5: coeeeelho folded before Flop (didn't bet)
Seat 6: zizizib folded before Flop (didn't bet)



PokerStars Hand #254527354555:  Hold'em No Limit ($0.50/$1.00 USD) - 2025/01/24 10:55:25 WET [2025/01/24 5:55:25 ET]
Table 'Appella IV' 6-max Seat #2 is the button
Seat 1: BrilliantDawn84 ($272.57 in chips) 
Seat 2: Rapid3ye ($132.16 in chips) 
Seat 3: Quahrino ($106.62 in chips) 
Seat 4: Dearic99 ($137.49 in chips) 
Seat 5: coeeeelho ($100 in chips) 
Seat 6: zizizib ($212.93 in chips) 
Quahrino: posts small blind $0.50
Dearic99: posts big blind $1
*** HOLE CARDS ***
coeeeelho: folds 
zizizib: folds 
BrilliantDawn84: folds 
Rapid3ye: folds 
Quahrino: folds 
Uncalled bet ($0.50) returned to Dearic99
Dearic99 collected $1 from pot
Dearic99: doesn't show hand 
*** SUMMARY ***
Total pot $1 | Rake $0 
Seat 1: BrilliantDawn84 folded before Flop (didn't bet)
Seat 2: Rapid3ye (button) folded before Flop (didn't bet)
Seat 3: Quahrino (small blind) folded before Flop
Seat 4: Dearic99 (big blind) collected ($1)
Seat 5: coeeeelho folded before Flop (didn't bet)
Seat 6: zizizib folded before Flop (didn't bet)



PokerStars Hand #254527356025:  Hold'em No Limit ($0.50/$1.00 USD) - 2025/01/24 10:55:39 WET [2025/01/24 5:55:39 ET]
Table 'Appella IV' 6-max Seat #3 is the button
Seat 1: BrilliantDawn84 ($272.57 in chips) 
Seat 2: Rapid3ye ($132.16 in chips) 
Seat 3: Quahrino ($106.12 in chips) 
Seat 4: Dearic99 ($137.99 in chips) 
Seat 5: coeeeelho ($100 in chips) 
Seat 6: zizizib ($212.93 in chips) 
Dearic99: posts small blind $0.50
coeeeelho: posts big blind $1
*** HOLE CARDS ***
zizizib: folds 
BrilliantDawn84: folds 
Rapid3ye: folds 
Quahrino: folds 
Dearic99: folds 
Uncalled bet ($0.50) returned to coeeeelho
coeeeelho collected $1 from pot
*** SUMMARY ***
Total pot $1 | Rake $0 
Seat 1: BrilliantDawn84 folded before Flop (didn't bet)
Seat 2: Rapid3ye folded before Flop (didn't bet)
Seat 3: Quahrino (button) folded before Flop (didn't bet)
Seat 4: Dearic99 (small blind) folded before Flop
Seat 5: coeeeelho (big blind) collected ($1)
Seat 6: zizizib folded before Flop (didn't bet)



PokerStars Hand #254527357167:  Hold'em No Limit ($0.50/$1.00 USD) - 2025/01/24 10:55:51 WET [2025/01/24 5:55:51 ET]
Table 'Appella IV' 6-max Seat #4 is the button
Seat 1: BrilliantDawn84 ($272.57 in chips) 
Seat 2: Rapid3ye ($132.16 in chips) 
Seat 3: Quahrino ($106.12 in chips) 
Seat 4: Dearic99 ($137.49 in chips) 
Seat 5: coeeeelho ($100.50 in chips) 
Seat 6: zizizib ($212.93 in chips) 
coeeeelho: posts small blind $0.50
zizizib: posts big blind $1
*** HOLE CARDS ***
BrilliantDawn84: folds 
Rapid3ye: folds 
Quahrino: folds 
Dearic99: raises $1 to $2
coeeeelho: raises $8 to $10
zizizib: raises $12 to $22
Dearic99: folds 
coeeeelho: calls $12
*** FLOP *** [Kd 9d Ts]
coeeeelho: checks 
zizizib: bets $10.49
coeeeelho: folds 
Uncalled bet ($10.49) returned to zizizib
zizizib collected $43.70 from pot
zizizib: doesn't show hand 
*** SUMMARY ***
Total pot $46 | Rake $2.30 
Board [Kd 9d Ts]
Seat 1: BrilliantDawn84 folded before Flop (didn't bet)
Seat 2: Rapid3ye folded before Flop (didn't bet)
Seat 3: Quahrino folded before Flop (didn't bet)
Seat 4: Dearic99 (button) folded before Flop
Seat 5: coeeeelho (small blind) folded on the Flop
Seat 6: zizizib (big blind) collected ($43.70)



PokerStars Hand #254527361286:  Hold'em No Limit ($0.50/$1.00 USD) - 2025/01/24 10:56:32 WET [2025/01/24 5:56:32 ET]
Table 'Appella IV' 6-max Seat #5 is the button
Seat 1: BrilliantDawn84 ($272.57 in chips) 
Seat 2: Rapid3ye ($132.16 in chips) 
Seat 3: Quahrino ($106.12 in chips) 
Seat 4: Dearic99 ($135.49 in chips) 
Seat 5: coeeeelho ($100 in chips) 
Seat 6: zizizib ($234.63 in chips) 
zizizib: posts small blind $0.50
BrilliantDawn84: posts big blind $1
*** HOLE CARDS ***
Rapid3ye: calls $1
Quahrino: raises $2.50 to $3.50
Dearic99: folds 
coeeeelho: folds 
zizizib: folds 
BrilliantDawn84: calls $2.50
Rapid3ye: calls $2.50
*** FLOP *** [9h 3s 4s]
BrilliantDawn84: checks 
Rapid3ye: checks 
Quahrino: bets $5.23
BrilliantDawn84: folds 
Rapid3ye: folds 
Uncalled bet ($5.23) returned to Quahrino
BrilliantDawn84 leaves the table
Quahrino collected $10.45 from pot
Quahrino: doesn't show hand 
*** SUMMARY ***
Total pot $11 | Rake $0.55 
Board [9h 3s 4s]
Seat 1: BrilliantDawn84 (big blind) folded on the Flop
Seat 2: Rapid3ye folded on the Flop
Seat 3: Quahrino collected ($10.45)
Seat 4: Dearic99 folded before Flop (didn't bet)
Seat 5: coeeeelho (button) folded before Flop (didn't bet)
Seat 6: zizizib (small blind) folded before Flop



PokerStars Hand #254527367210:  Hold'em No Limit ($0.50/$1.00 USD) - 2025/01/24 10:57:31 WET [2025/01/24 5:57:31 ET]
Table 'Appella IV' 6-max Seat #6 is the button
Seat 2: Rapid3ye ($128.66 in chips) 
Seat 3: Quahrino ($113.07 in chips) 
Seat 4: Dearic99 ($135.49 in chips) 
Seat 5: coeeeelho ($100 in chips) 
Seat 6: zizizib ($234.13 in chips) 
Rapid3ye: posts small blind $0.50
Quahrino: posts big blind $1
*** HOLE CARDS ***
Dearic99: folds 
coeeeelho: folds 
zizizib: folds 
Rapid3ye: folds 
Uncalled bet ($0.50) returned to Quahrino
Quahrino collected $1 from pot
Quahrino: doesn't show hand 
*** SUMMARY ***
Total pot $1 | Rake $0 
Seat 2: Rapid3ye (small blind) folded before Flop
Seat 3: Quahrino (big blind) collected ($1)
Seat 4: Dearic99 folded before Flop (didn't bet)
Seat 5: coeeeelho folded before Flop (didn't bet)
Seat 6: zizizib (button) folded before Flop (didn't bet)



PokerStars Hand #254527368611:  Hold'em No Limit ($0.50/$1.00 USD) - 2025/01/24 10:57:45 WET [2025/01/24 5:57:45 ET]
Table 'Appella IV' 6-max Seat #2 is the button
Seat 2: Rapid3ye ($128.16 in chips) 
Seat 3: Quahrino ($113.57 in chips) 
Seat 4: Dearic99 ($135.49 in chips) 
Seat 5: coeeeelho ($100 in chips) 
Seat 6: zizizib ($234.13 in chips) 
Quahrino: posts small blind $0.50
Dearic99: posts big blind $1
*** HOLE CARDS ***
coeeeelho: folds 
zizizib: raises $1.30 to $2.30
Rapid3ye: calls $2.30
Quahrino: folds 
Dearic99: folds 
*** FLOP *** [Tc Td 7d]
zizizib: checks 
KarP93 joins the table at seat #1 
Rapid3ye: checks 
*** TURN *** [Tc Td 7d] [Ad]
zizizib: bets $4.35
Rapid3ye: calls $4.35
*** RIVER *** [Tc Td 7d Ad] [Jc]
zizizib: checks 
Rapid3ye: bets $28
zizizib: raises $199.48 to $227.48 and is all-in
KarP93 leaves the table
Rapid3ye: calls $93.51 and is all-in
Uncalled bet ($105.97) returned to zizizib
*** SHOW DOWN ***
zizizib: shows [As Ts] (a full house, Tens full of Aces)
Rapid3ye: shows [Jd Qd] (a flush, Ace high)
zizizib collected $255.32 from pot
*** SUMMARY ***
Total pot $257.82 | Rake $2.50 
Board [Tc Td 7d Ad Jc]
Seat 2: Rapid3ye (button) showed [Jd Qd] and lost with a flush, Ace high
Seat 3: Quahrino (small blind) folded before Flop
Seat 4: Dearic99 (big blind) folded before Flop
Seat 5: coeeeelho folded before Flop (didn't bet)
Seat 6: zizizib showed [As Ts] and won ($255.32) with a full house, Tens full of Aces



PokerStars Hand #254527377139:  Hold'em No Limit ($0.50/$1.00 USD) - 2025/01/24 10:59:09 WET [2025/01/24 5:59:09 ET]
Table 'Appella IV' 6-max Seat #3 is the button
Seat 2: Rapid3ye ($0 in chips) is sitting out
Seat 5: coeeeelho ($100 in chips) is sitting out
Seat 3: Quahrino ($113.07 in chips) 
Seat 4: Dearic99 ($134.49 in chips) 
Seat 6: zizizib ($361.29 in chips) 
Dearic99: posts small blind $0.50
coeeeelho: is sitting out 
zizizib: posts big blind $1
*** HOLE CARDS ***
Quahrino: raises $1.50 to $2.50
Rapid3ye leaves the table
Dearic99: folds 
zizizib: folds 
Uncalled bet ($1.50) returned to Quahrino
Quahrino collected $2.50 from pot
Quahrino: doesn't show hand 
*** SUMMARY ***
Total pot $2.50 | Rake $0 
Seat 2: Rapid3ye
Seat 5: coeeeelho
Seat 3: Quahrino (button) collected ($2.50)
Seat 4: Dearic99 (small blind) folded before Flop
Seat 6: zizizib (big blind) folded before Flop



PokerStars Hand #254527378250:  Hold'em No Limit ($0.50/$1.00 USD) - 2025/01/24 10:59:21 WET [2025/01/24 5:59:21 ET]
Table 'Appella IV' 6-max Seat #4 is the button
Seat 5: coeeeelho ($100 in chips) is sitting out
Seat 3: Quahrino ($114.57 in chips) 
Seat 4: Dearic99 ($133.99 in chips) 
Seat 6: zizizib ($360.29 in chips) 
zizizib: posts small blind $0.50
Quahrino: posts big blind $1
*** HOLE CARDS ***
Dearic99: raises $1.50 to $2.50
zizizib: raises $10 to $12.50
Quahrino: folds 
Dearic99: calls $10
*** FLOP *** [2h 6c 4h]
zizizib: checks 
Dearic99: checks 
*** TURN *** [2h 6c 4h] [Qd]
zizizib: checks 
Dearic99: bets $15
zizizib: folds 
Uncalled bet ($15) returned to Dearic99
Dearic99 collected $25 from pot
Dearic99: doesn't show hand 
*** SUMMARY ***
Total pot $26 | Rake $1 
Board [2h 6c 4h Qd]
Seat 5: coeeeelho
Seat 3: Quahrino (big blind) folded before Flop
Seat 4: Dearic99 (button) collected ($25)
Seat 6: zizizib (small blind) folded on the Turn



