PokerStars Hand #254532213505:  Hold'em No Limit ($0.50/$1.00 USD) - 2025/01/24 18:13:49 WET [2025/01/24 13:13:49 ET]
Table 'Grogler IV' 6-max Seat #5 is the button
Seat 2: I TAKE IT 85 ($100 in chips) 
Seat 4: laloo246 ($100 in chips) 
Seat 5: blistein ($100 in chips) 
Seat 6: nastja336 ($102 in chips) 
nastja336: posts small blind $0.50
I TAKE IT 85: posts big blind $1
*** HOLE CARDS ***
Maximysss85 joins the table at seat #3 
laloo246: folds 
blistein: folds 
nastja336: folds 
Uncalled bet ($0.50) returned to I TAKE IT 85
I TAKE IT 85 collected $1 from pot
I TAKE IT 85: doesn't show hand 
*** SUMMARY ***
Total pot $1 | Rake $0 
Seat 2: I TAKE IT 85 (big blind) collected ($1)
Seat 4: laloo246 folded before Flop (didn't bet)
Seat 5: blistein (button) folded before Flop (didn't bet)
Seat 6: nastja336 (small blind) folded before Flop



PokerStars Hand #254532215988:  Hold'em No Limit ($0.50/$1.00 USD) - 2025/01/24 18:13:59 WET [2025/01/24 13:13:59 ET]
Table 'Grogler IV' 6-max Seat #6 is the button
Seat 2: I TAKE IT 85 ($100.50 in chips) 
Seat 3: Maximysss85 ($100 in chips) 
Seat 4: laloo246 ($100 in chips) 
Seat 5: blistein ($100 in chips) 
Seat 6: nastja336 ($101.50 in chips) 
I TAKE IT 85: posts small blind $0.50
Maximysss85: posts big blind $1
*** HOLE CARDS ***
JUANS2 joins the table at seat #1 
laloo246: folds 
blistein: folds 
nastja336: folds 
I TAKE IT 85: folds 
Uncalled bet ($0.50) returned to Maximysss85
blistein leaves the table
Maximysss85 collected $1 from pot
Maximysss85: doesn't show hand 
*** SUMMARY ***
Total pot $1 | Rake $0 
Seat 2: I TAKE IT 85 (small blind) folded before Flop
Seat 3: Maximysss85 (big blind) collected ($1)
Seat 4: laloo246 folded before Flop (didn't bet)
Seat 5: blistein folded before Flop (didn't bet)
Seat 6: nastja336 (button) folded before Flop (didn't bet)



PokerStars Hand #254532219244:  Hold'em No Limit ($0.50/$1.00 USD) - 2025/01/24 18:14:11 WET [2025/01/24 13:14:11 ET]
Table 'Grogler IV' 6-max Seat #3 is the button
Seat 1: JUANS2 ($100 in chips) is sitting out
Seat 4: laloo246 ($100 in chips) is sitting out
Seat 6: nastja336 ($101.50 in chips) is sitting out
Seat 2: I TAKE IT 85 ($100 in chips) 
Seat 3: Maximysss85 ($100.50 in chips) 
Maximysss85: posts small blind $0.50
laloo246: is sitting out 
nastja336: is sitting out 
JUANS2: is sitting out 
I TAKE IT 85: posts big blind $1
*** HOLE CARDS ***
nastja336 leaves the table
Maximysss85: raises $1.50 to $2.50
michasia joins the table at seat #5 
I TAKE IT 85: raises $7.50 to $10
Maximysss85: folds 
Uncalled bet ($7.50) returned to I TAKE IT 85
I TAKE IT 85 collected $5 from pot
I TAKE IT 85: doesn't show hand 
*** SUMMARY ***
Total pot $5 | Rake $0 
Seat 1: JUANS2
Seat 4: laloo246
Seat 6: nastja336
Seat 2: I TAKE IT 85 (big blind) collected ($5)
Seat 3: Maximysss85 (button) (small blind) folded before Flop



PokerStars Hand #254532223316:  Hold'em No Limit ($0.50/$1.00 USD) - 2025/01/24 18:14:27 WET [2025/01/24 13:14:27 ET]
Table 'Grogler IV' 6-max Seat #2 is the button
Seat 1: JUANS2 ($100 in chips) is sitting out
Seat 4: laloo246 ($100 in chips) is sitting out
Seat 2: I TAKE IT 85 ($102.50 in chips) 
Seat 3: Maximysss85 ($100 in chips) 
Seat 5: michasia ($100 in chips) 
Maximysss85: posts small blind $0.50
michasia: posts big blind $1
*** HOLE CARDS ***
JUANS2 leaves the table
I TAKE IT 85: raises $1.05 to $2.05
laloo246 leaves the table
Maximysss85: raises $7.65 to $9.70
michasia: folds 
I TAKE IT 85: calls $7.65
*** FLOP *** [Ks Qc 8s]
Maximysss85: bets $7.76
I TAKE IT 85: folds 
Uncalled bet ($7.76) returned to Maximysss85
Maximysss85 collected $19.40 from pot
Maximysss85: doesn't show hand 
*** SUMMARY ***
Total pot $20.40 | Rake $1 
Board [Ks Qc 8s]
Seat 1: JUANS2
Seat 4: laloo246
Seat 2: I TAKE IT 85 (button) folded on the Flop
Seat 3: Maximysss85 (small blind) collected ($19.40)
Seat 5: michasia (big blind) folded before Flop



