PokerStars Hand #254529622700:  Hold'em No Limit ($0.50/$1.00 USD) - 2025/01/24 15:05:51 WET [2025/01/24 10:05:51 ET]
Table 'Vinata IV' 6-max Seat #2 is the button
Seat 2: kel3vr4_23 ($15.50 in chips) 
Seat 3: gohome78 ($9.86 in chips) 
Seat 5: franbasualdo10 ($24.76 in chips) 
gohome78: posts small blind $0.50
franbasualdo10: posts big blind $1
*** HOLE CARDS ***
kel3vr4_23: folds 
gohome78: calls $0.50
franbasualdo10: checks 
*** FLOP *** [Ac As Td]
Pon4uk.ua joins the table at seat #6 
gohome78: bets $1
nastja336 joins the table at seat #1 
franbasualdo10: folds 
Uncalled bet ($1) returned to gohome78
gohome78 collected $1.90 from pot
*** SUMMARY ***
Total pot $2 | Rake $0.10 
Board [Ac As Td]
Seat 2: kel3vr4_23 (button) folded before Flop (didn't bet)
Seat 3: gohome78 (small blind) collected ($1.90)
Seat 5: franbasualdo10 (big blind) folded on the Flop



PokerStars Hand #254529624806:  Hold'em No Limit ($0.50/$1.00 USD) - 2025/01/24 15:06:02 WET [2025/01/24 10:06:02 ET]
Table 'Vinata IV' 6-max Seat #3 is the button
Seat 1: nastja336 ($100 in chips) is sitting out
Seat 2: kel3vr4_23 ($15.50 in chips) 
Seat 3: gohome78 ($10.76 in chips) 
Seat 5: franbasualdo10 ($23.76 in chips) 
Seat 6: Pon4uk.ua ($100 in chips) 
franbasualdo10: posts small blind $0.50
Pon4uk.ua: posts big blind $1
nastja336: sits out 
*** HOLE CARDS ***
kel3vr4_23: folds 
gohome78: raises $9.76 to $10.76 and is all-in
franbasualdo10: folds 
Pon4uk.ua: folds 
Uncalled bet ($9.76) returned to gohome78
gohome78 collected $2.50 from pot
*** SUMMARY ***
Total pot $2.50 | Rake $0 
Seat 1: nastja336
Seat 2: kel3vr4_23 folded before Flop (didn't bet)
Seat 3: gohome78 (button) collected ($2.50)
Seat 5: franbasualdo10 (small blind) folded before Flop
Seat 6: Pon4uk.ua (big blind) folded before Flop



PokerStars Hand #254529627306:  Hold'em No Limit ($0.50/$1.00 USD) - 2025/01/24 15:06:15 WET [2025/01/24 10:06:15 ET]
Table 'Vinata IV' 6-max Seat #5 is the button
Seat 1: nastja336 ($100 in chips) 
Seat 2: kel3vr4_23 ($15.50 in chips) 
Seat 3: gohome78 ($12.26 in chips) 
Seat 5: franbasualdo10 ($23.26 in chips) 
Seat 6: Pon4uk.ua ($100 in chips) 
Pon4uk.ua: posts small blind $0.50
nastja336: posts big blind $1
*** HOLE CARDS ***
kel3vr4_23: raises $1 to $2
gohome78: folds 
franbasualdo10: folds 
Pon4uk.ua: folds 
nastja336: raises $10 to $12
kel3vr4_23: raises $3.50 to $15.50 and is all-in
nastja336: calls $3.50
*** FLOP *** [7h 2s 4h]
*** TURN *** [7h 2s 4h] [Kc]
*** RIVER *** [7h 2s 4h Kc] [Jh]
*** SHOW DOWN ***
nastja336: shows [Qc Qs] (a pair of Queens)
kel3vr4_23: shows [6d 6c] (a pair of Sixes)
nastja336 collected $29.92 from pot
*** SUMMARY ***
Total pot $31.50 | Rake $1.58 
Board [7h 2s 4h Kc Jh]
Seat 1: nastja336 (big blind) showed [Qc Qs] and won ($29.92) with a pair of Queens
Seat 2: kel3vr4_23 showed [6d 6c] and lost with a pair of Sixes
Seat 3: gohome78 folded before Flop (didn't bet)
Seat 5: franbasualdo10 (button) folded before Flop (didn't bet)
Seat 6: Pon4uk.ua (small blind) folded before Flop



PokerStars Hand #254529632599:  Hold'em No Limit ($0.50/$1.00 USD) - 2025/01/24 15:06:42 WET [2025/01/24 10:06:42 ET]
Table 'Vinata IV' 6-max Seat #6 is the button
Seat 2: kel3vr4_23 ($0 in chips) is sitting out
Seat 3: gohome78 ($12.26 in chips) is sitting out
Seat 1: nastja336 ($114.42 in chips) 
Seat 5: franbasualdo10 ($23.26 in chips) 
Seat 6: Pon4uk.ua ($100 in chips) 
nastja336: posts small blind $0.50
gohome78: is sitting out 
franbasualdo10: posts big blind $1
*** HOLE CARDS ***
Pon4uk.ua: raises $1.50 to $2.50
kel3vr4_23 leaves the table
nastja336: folds 
franbasualdo10: folds 
Uncalled bet ($1.50) returned to Pon4uk.ua
Pon4uk.ua collected $2.50 from pot
Pon4uk.ua: doesn't show hand 
UnderC@t joins the table at seat #4 
*** SUMMARY ***
Total pot $2.50 | Rake $0 
Seat 2: kel3vr4_23
Seat 3: gohome78
Seat 1: nastja336 (small blind) folded before Flop
Seat 5: franbasualdo10 (big blind) folded before Flop
Seat 6: Pon4uk.ua (button) collected ($2.50)



PokerStars Hand #254529635284:  Hold'em No Limit ($0.50/$1.00 USD) - 2025/01/24 15:06:56 WET [2025/01/24 10:06:56 ET]
Table 'Vinata IV' 6-max Seat #1 is the button
Seat 3: gohome78 ($12.26 in chips) is sitting out
Seat 4: UnderC@t ($100 in chips) is sitting out
Seat 1: nastja336 ($113.92 in chips) 
Seat 5: franbasualdo10 ($22.26 in chips) 
Seat 6: Pon4uk.ua ($101.50 in chips) 
franbasualdo10: posts small blind $0.50
Pon4uk.ua: posts big blind $1
*** HOLE CARDS ***
nastja336: folds 
franbasualdo10: folds 
Uncalled bet ($0.50) returned to Pon4uk.ua
gohome78 leaves the table
Pon4uk.ua collected $1 from pot
Pon4uk.ua: doesn't show hand 
*** SUMMARY ***
Total pot $1 | Rake $0 
Seat 3: gohome78
Seat 4: UnderC@t
Seat 1: nastja336 (button) folded before Flop (didn't bet)
Seat 5: franbasualdo10 (small blind) folded before Flop
Seat 6: Pon4uk.ua (big blind) collected ($1)



PokerStars Hand #254529637613:  Hold'em No Limit ($0.50/$1.00 USD) - 2025/01/24 15:07:08 WET [2025/01/24 10:07:08 ET]
Table 'Vinata IV' 6-max Seat #5 is the button
Seat 1: nastja336 ($113.92 in chips) is sitting out
Seat 4: UnderC@t ($100 in chips) 
Seat 5: franbasualdo10 ($21.76 in chips) 
Seat 6: Pon4uk.ua ($102 in chips) 
Pon4uk.ua: posts small blind $0.50
nastja336: is sitting out 
UnderC@t: posts big blind $1
*** HOLE CARDS ***
nastja336 leaves the table
franbasualdo10: folds 
Pon4uk.ua: folds 
Uncalled bet ($0.50) returned to UnderC@t
UnderC@t collected $1 from pot
UnderC@t: doesn't show hand 
*** SUMMARY ***
Total pot $1 | Rake $0 
Seat 1: nastja336
Seat 4: UnderC@t (big blind) collected ($1)
Seat 5: franbasualdo10 (button) folded before Flop (didn't bet)
Seat 6: Pon4uk.ua (small blind) folded before Flop



PokerStars Hand #254529639992:  Hold'em No Limit ($0.50/$1.00 USD) - 2025/01/24 15:07:20 WET [2025/01/24 10:07:20 ET]
Table 'Vinata IV' 6-max Seat #6 is the button
Seat 4: UnderC@t ($100.50 in chips) 
Seat 5: franbasualdo10 ($21.76 in chips) 
Seat 6: Pon4uk.ua ($101.50 in chips) 
UnderC@t: posts small blind $0.50
franbasualdo10: posts big blind $1
*** HOLE CARDS ***
Pon4uk.ua: raises $1.50 to $2.50
UnderC@t: folds 
franbasualdo10: folds 
Uncalled bet ($1.50) returned to Pon4uk.ua
Pon4uk.ua collected $2.50 from pot
Pon4uk.ua: doesn't show hand 
*** SUMMARY ***
Total pot $2.50 | Rake $0 
Seat 4: UnderC@t (small blind) folded before Flop
Seat 5: franbasualdo10 (big blind) folded before Flop
Seat 6: Pon4uk.ua (button) collected ($2.50)



PokerStars Hand #254529643028:  Hold'em No Limit ($0.50/$1.00 USD) - 2025/01/24 15:07:36 WET [2025/01/24 10:07:36 ET]
Table 'Vinata IV' 6-max Seat #4 is the button
Seat 4: UnderC@t ($100 in chips) 
Seat 5: franbasualdo10 ($20.76 in chips) 
Seat 6: Pon4uk.ua ($103 in chips) 
franbasualdo10: posts small blind $0.50
Pon4uk.ua: posts big blind $1
*** HOLE CARDS ***
UnderC@t: folds 
franbasualdo10: raises $1 to $2
Pon4uk.ua: calls $1
*** FLOP *** [Qs 5s Js]
franbasualdo10: checks 
Pon4uk.ua: checks 
*** TURN *** [Qs 5s Js] [2s]
franbasualdo10: checks 
Pon4uk.ua: checks 
*** RIVER *** [Qs 5s Js 2s] [Kd]
franbasualdo10: bets $2
Pippa83 joins the table at seat #3 
Pon4uk.ua: folds 
Uncalled bet ($2) returned to franbasualdo10
franbasualdo10 collected $3.80 from pot
*** SUMMARY ***
Total pot $4 | Rake $0.20 
Board [Qs 5s Js 2s Kd]
Seat 4: UnderC@t (button) folded before Flop (didn't bet)
Seat 5: franbasualdo10 (small blind) collected ($3.80)
Seat 6: Pon4uk.ua (big blind) folded on the River



PokerStars Hand #254529653427:  Hold'em No Limit ($0.50/$1.00 USD) - 2025/01/24 15:08:30 WET [2025/01/24 10:08:30 ET]
Table 'Vinata IV' 6-max Seat #5 is the button
Seat 3: Pippa83 ($100 in chips) 
Seat 4: UnderC@t ($100 in chips) 
Seat 5: franbasualdo10 ($22.56 in chips) 
Seat 6: Pon4uk.ua ($101 in chips) 
antgouna joins the table at seat #1 
Pon4uk.ua: posts small blind $0.50
Pippa83: posts big blind $1
*** HOLE CARDS ***
UnderC@t: folds 
franbasualdo10: folds 
Pon4uk.ua: folds 
Uncalled bet ($0.50) returned to Pippa83
Pippa83 collected $1 from pot
Pippa83: doesn't show hand 
*** SUMMARY ***
Total pot $1 | Rake $0 
Seat 3: Pippa83 (big blind) collected ($1)
Seat 4: UnderC@t folded before Flop (didn't bet)
Seat 5: franbasualdo10 (button) folded before Flop (didn't bet)
Seat 6: Pon4uk.ua (small blind) folded before Flop



PokerStars Hand #254529655210:  Hold'em No Limit ($0.50/$1.00 USD) - 2025/01/24 15:08:39 WET [2025/01/24 10:08:39 ET]
Table 'Vinata IV' 6-max Seat #6 is the button
Seat 1: antgouna ($100 in chips) is sitting out
Seat 3: Pippa83 ($100.50 in chips) 
Seat 4: UnderC@t ($100 in chips) 
Seat 5: franbasualdo10 ($22.56 in chips) 
Seat 6: Pon4uk.ua ($100.50 in chips) 
Pippa83: posts small blind $0.50
UnderC@t: posts big blind $1
*** HOLE CARDS ***
franbasualdo10 is connected 
smithy_2441 joins the table at seat #2 
smithy_2441 is disconnected 
franbasualdo10 has timed out
franbasualdo10: folds 
Pon4uk.ua: folds 
Pippa83: folds 
Uncalled bet ($0.50) returned to UnderC@t
UnderC@t collected $1 from pot
UnderC@t: doesn't show hand 
*** SUMMARY ***
Total pot $1 | Rake $0 
Seat 1: antgouna
Seat 3: Pippa83 (small blind) folded before Flop
Seat 4: UnderC@t (big blind) collected ($1)
Seat 5: franbasualdo10 folded before Flop (didn't bet)
Seat 6: Pon4uk.ua (button) folded before Flop (didn't bet)



PokerStars Hand #254529662104:  Hold'em No Limit ($0.50/$1.00 USD) - 2025/01/24 15:09:15 WET [2025/01/24 10:09:15 ET]
Table 'Vinata IV' 6-max Seat #3 is the button
Seat 1: antgouna ($100 in chips) is sitting out
Seat 5: franbasualdo10 ($22.56 in chips) is sitting out
Seat 2: smithy_2441 ($10 in chips) 
Seat 3: Pippa83 ($100 in chips) 
Seat 4: UnderC@t ($100.50 in chips) 
Seat 6: Pon4uk.ua ($100.50 in chips) 
UnderC@t: posts small blind $0.50
Pon4uk.ua: posts big blind $1
antgouna: sits out 
smithy_2441: posts big blind $1
*** HOLE CARDS ***
smithy_2441: checks 
Pippa83: raises $9.50 to $10.50
UnderC@t: folds 
Pon4uk.ua: folds 
smithy_2441: folds 
Uncalled bet ($9.50) returned to Pippa83
Pippa83 collected $3.50 from pot
Pippa83: doesn't show hand 
*** SUMMARY ***
Total pot $3.50 | Rake $0 
Seat 1: antgouna
Seat 5: franbasualdo10
Seat 2: smithy_2441 folded before Flop (didn't bet)
Seat 3: Pippa83 (button) collected ($3.50)
Seat 4: UnderC@t (small blind) folded before Flop
Seat 6: Pon4uk.ua (big blind) folded before Flop



PokerStars Hand #254529665920:  Hold'em No Limit ($0.50/$1.00 USD) - 2025/01/24 15:09:35 WET [2025/01/24 10:09:35 ET]
Table 'Vinata IV' 6-max Seat #4 is the button
Seat 5: franbasualdo10 ($22.56 in chips) is sitting out
Seat 1: antgouna ($100 in chips) 
Seat 2: smithy_2441 ($9 in chips) 
Seat 3: Pippa83 ($102.50 in chips) 
Seat 4: UnderC@t ($100 in chips) 
Seat 6: Pon4uk.ua ($100 in chips) 
Pon4uk.ua: posts small blind $0.50
antgouna: posts big blind $1
*** HOLE CARDS ***
smithy_2441: folds 
Pippa83: folds 
UnderC@t: folds 
Pon4uk.ua: folds 
Uncalled bet ($0.50) returned to antgouna
antgouna collected $1 from pot
antgouna: doesn't show hand 
*** SUMMARY ***
Total pot $1 | Rake $0 
Seat 5: franbasualdo10
Seat 1: antgouna (big blind) collected ($1)
Seat 2: smithy_2441 folded before Flop (didn't bet)
Seat 3: Pippa83 folded before Flop (didn't bet)
Seat 4: UnderC@t (button) folded before Flop (didn't bet)
Seat 6: Pon4uk.ua (small blind) folded before Flop



PokerStars Hand #254529668752:  Hold'em No Limit ($0.50/$1.00 USD) - 2025/01/24 15:09:50 WET [2025/01/24 10:09:50 ET]
Table 'Vinata IV' 6-max Seat #6 is the button
Seat 1: antgouna ($100.50 in chips) 
Seat 2: smithy_2441 ($9 in chips) 
Seat 3: Pippa83 ($102.50 in chips) 
Seat 4: UnderC@t ($100 in chips) 
Seat 5: franbasualdo10 ($22.56 in chips) 
Seat 6: Pon4uk.ua ($100 in chips) 
antgouna: posts small blind $0.50
smithy_2441: posts big blind $1
franbasualdo10: posts small & big blinds $1.50
*** HOLE CARDS ***
Pippa83: raises $2 to $3
UnderC@t: folds 
franbasualdo10 is disconnected 
franbasualdo10 is connected 
franbasualdo10: folds 
Pon4uk.ua: folds 
antgouna: folds 
smithy_2441: calls $2
*** FLOP *** [Js 6c 4d]
smithy_2441: checks 
Pippa83: bets $1.90
smithy_2441: calls $1.90
*** TURN *** [Js 6c 4d] [9d]
smithy_2441: checks 
Pippa83: bets $8.41
antgouna leaves the table
smithy_2441: calls $4.10 and is all-in
Uncalled bet ($4.31) returned to Pippa83
*** RIVER *** [Js 6c 4d 9d] [9c]
*** SHOW DOWN ***
smithy_2441: shows [Ac 3c] (a pair of Nines)
Pippa83: shows [Jc Tc] (two pair, Jacks and Nines)
Pippa83 collected $19 from pot
*** SUMMARY ***
Total pot $20 | Rake $1 
Board [Js 6c 4d 9d 9c]
Seat 1: antgouna (small blind) folded before Flop
Seat 2: smithy_2441 (big blind) showed [Ac 3c] and lost with a pair of Nines
Seat 3: Pippa83 showed [Jc Tc] and won ($19) with two pair, Jacks and Nines
Seat 4: UnderC@t folded before Flop (didn't bet)
Seat 5: franbasualdo10 folded before Flop (didn't bet)
Seat 6: Pon4uk.ua (button) folded before Flop (didn't bet)



PokerStars Hand #254529681198:  Hold'em No Limit ($0.50/$1.00 USD) - 2025/01/24 15:10:54 WET [2025/01/24 10:10:54 ET]
Table 'Vinata IV' 6-max Seat #3 is the button
Seat 2: smithy_2441 ($0 in chips) is sitting out
Seat 3: Pippa83 ($112.50 in chips) 
Seat 4: UnderC@t ($100 in chips) 
Seat 5: franbasualdo10 ($21.06 in chips) 
Seat 6: Pon4uk.ua ($100 in chips) 
UnderC@t: posts small blind $0.50
franbasualdo10: posts big blind $1
*** HOLE CARDS ***
antgouna joins the table at seat #1 
Pon4uk.ua: folds 
Pippa83: folds 
UnderC@t: calls $0.50
franbasualdo10: checks 
*** FLOP *** [Td 9s 3s]
UnderC@t: checks 
smithy_2441 is disconnected 
franbasualdo10: checks 
*** TURN *** [Td 9s 3s] [Ad]
UnderC@t: checks 
franbasualdo10: checks 
*** RIVER *** [Td 9s 3s Ad] [9c]
UnderC@t: checks 
franbasualdo10: checks 
*** SHOW DOWN ***
UnderC@t: shows [Kd 6h] (a pair of Nines)
franbasualdo10: mucks hand 
UnderC@t collected $1.90 from pot
*** SUMMARY ***
Total pot $2 | Rake $0.10 
Board [Td 9s 3s Ad 9c]
Seat 2: smithy_2441
Seat 3: Pippa83 (button) folded before Flop (didn't bet)
Seat 4: UnderC@t (small blind) showed [Kd 6h] and won ($1.90) with a pair of Nines
Seat 5: franbasualdo10 (big blind) mucked
Seat 6: Pon4uk.ua folded before Flop (didn't bet)



PokerStars Hand #254529694608:  Hold'em No Limit ($0.50/$1.00 USD) - 2025/01/24 15:12:02 WET [2025/01/24 10:12:02 ET]
Table 'Vinata IV' 6-max Seat #4 is the button
Seat 1: antgouna ($100 in chips) is sitting out
Seat 2: smithy_2441 ($0 in chips) is sitting out
Seat 3: Pippa83 ($112.50 in chips) 
Seat 4: UnderC@t ($100.90 in chips) 
Seat 5: franbasualdo10 ($20.06 in chips) 
Seat 6: Pon4uk.ua ($100 in chips) 
franbasualdo10: posts small blind $0.50
Pon4uk.ua: posts big blind $1
antgouna: sits out 
*** HOLE CARDS ***
Pippa83: folds 
UnderC@t: raises $1.50 to $2.50
franbasualdo10: calls $2
Pon4uk.ua: raises $9.50 to $12
UnderC@t: folds 
franbasualdo10: folds 
Uncalled bet ($9.50) returned to Pon4uk.ua
Pon4uk.ua collected $7.50 from pot
Pon4uk.ua: doesn't show hand 
*** SUMMARY ***
Total pot $7.50 | Rake $0 
Seat 1: antgouna
Seat 2: smithy_2441
Seat 3: Pippa83 folded before Flop (didn't bet)
Seat 4: UnderC@t (button) folded before Flop
Seat 5: franbasualdo10 (small blind) folded before Flop
Seat 6: Pon4uk.ua (big blind) collected ($7.50)



PokerStars Hand #254529699109:  Hold'em No Limit ($0.50/$1.00 USD) - 2025/01/24 15:12:25 WET [2025/01/24 10:12:25 ET]
Table 'Vinata IV' 6-max Seat #5 is the button
Seat 2: smithy_2441 ($0 in chips) is sitting out
Seat 1: antgouna ($100 in chips) 
Seat 3: Pippa83 ($112.50 in chips) 
Seat 4: UnderC@t ($100 in chips) 
Seat 5: franbasualdo10 ($17.56 in chips) 
Seat 6: Pon4uk.ua ($105 in chips) 
Pon4uk.ua: posts small blind $0.50
antgouna: posts big blind $1
*** HOLE CARDS ***
Pippa83: folds 
UnderC@t: folds 
franbasualdo10: raises $1 to $2
Pon4uk.ua: folds 
antgouna: folds 
Uncalled bet ($1) returned to franbasualdo10
franbasualdo10 collected $2.50 from pot
*** SUMMARY ***
Total pot $2.50 | Rake $0 
Seat 2: smithy_2441
Seat 1: antgouna (big blind) folded before Flop
Seat 3: Pippa83 folded before Flop (didn't bet)
Seat 4: UnderC@t folded before Flop (didn't bet)
Seat 5: franbasualdo10 (button) collected ($2.50)
Seat 6: Pon4uk.ua (small blind) folded before Flop



PokerStars Hand #254529702831:  Hold'em No Limit ($0.50/$1.00 USD) - 2025/01/24 15:12:44 WET [2025/01/24 10:12:44 ET]
Table 'Vinata IV' 6-max Seat #6 is the button
Seat 2: smithy_2441 ($0 in chips) is sitting out
Seat 1: antgouna ($99 in chips) 
Seat 3: Pippa83 ($112.50 in chips) 
Seat 4: UnderC@t ($100 in chips) 
Seat 5: franbasualdo10 ($19.06 in chips) 
Seat 6: Pon4uk.ua ($104.50 in chips) 
antgouna: posts small blind $0.50
Pippa83: posts big blind $1
*** HOLE CARDS ***
UnderC@t: folds 
franbasualdo10: calls $1
Pon4uk.ua: folds 
antgouna: folds 
Pippa83: raises $3.50 to $4.50
franbasualdo10: calls $3.50
*** FLOP *** [7s Qh Jd]
Pippa83: bets $2.26
franbasualdo10: calls $2.26
*** TURN *** [7s Qh Jd] [6c]
Pippa83: bets $4.40
franbasualdo10: folds 
Uncalled bet ($4.40) returned to Pippa83
Pippa83 collected $13.32 from pot
Pippa83: doesn't show hand 
*** SUMMARY ***
Total pot $14.02 | Rake $0.70 
Board [7s Qh Jd 6c]
Seat 2: smithy_2441
Seat 1: antgouna (small blind) folded before Flop
Seat 3: Pippa83 (big blind) collected ($13.32)
Seat 4: UnderC@t folded before Flop (didn't bet)
Seat 5: franbasualdo10 folded on the Turn
Seat 6: Pon4uk.ua (button) folded before Flop (didn't bet)



PokerStars Hand #254529715364:  Hold'em No Limit ($0.50/$1.00 USD) - 2025/01/24 15:13:49 WET [2025/01/24 10:13:49 ET]
Table 'Vinata IV' 6-max Seat #1 is the button
Seat 2: smithy_2441 ($0 in chips) is sitting out
Seat 1: antgouna ($98.50 in chips) 
Seat 3: Pippa83 ($119.06 in chips) 
Seat 4: UnderC@t ($100 in chips) 
Seat 5: franbasualdo10 ($12.30 in chips) 
Seat 6: Pon4uk.ua ($104.50 in chips) 
Pippa83: posts small blind $0.50
UnderC@t: posts big blind $1
*** HOLE CARDS ***
franbasualdo10: folds 
Pon4uk.ua: folds 
antgouna: folds 
Pippa83: raises $2 to $3
UnderC@t: folds 
Uncalled bet ($2) returned to Pippa83
Pippa83 collected $2 from pot
Pippa83: doesn't show hand 
*** SUMMARY ***
Total pot $2 | Rake $0 
Seat 2: smithy_2441
Seat 1: antgouna (button) folded before Flop (didn't bet)
Seat 3: Pippa83 (small blind) collected ($2)
Seat 4: UnderC@t (big blind) folded before Flop
Seat 5: franbasualdo10 folded before Flop (didn't bet)
Seat 6: Pon4uk.ua folded before Flop (didn't bet)



PokerStars Hand #254529720363:  Hold'em No Limit ($0.50/$1.00 USD) - 2025/01/24 15:14:15 WET [2025/01/24 10:14:15 ET]
Table 'Vinata IV' 6-max Seat #3 is the button
Seat 2: smithy_2441 ($0 in chips) is sitting out
Seat 1: antgouna ($98.50 in chips) 
Seat 3: Pippa83 ($120.06 in chips) 
Seat 4: UnderC@t ($100 in chips) 
Seat 5: franbasualdo10 ($12.30 in chips) 
Seat 6: Pon4uk.ua ($104.50 in chips) 
UnderC@t: posts small blind $0.50
franbasualdo10: posts big blind $1
*** HOLE CARDS ***
Pon4uk.ua: folds 
antgouna: folds 
Pippa83: folds 
UnderC@t: calls $0.50
franbasualdo10: checks 
*** FLOP *** [8d 7s Td]
UnderC@t: bets $1
franbasualdo10: calls $1
*** TURN *** [8d 7s Td] [Ad]
UnderC@t: checks 
franbasualdo10: checks 
*** RIVER *** [8d 7s Td Ad] [8h]
UnderC@t: bets $3.80
franbasualdo10: calls $3.80
*** SHOW DOWN ***
UnderC@t: shows [5h 6s] (a pair of Eights)
franbasualdo10: shows [Jh 7c] (two pair, Eights and Sevens)
franbasualdo10 collected $11.02 from pot
*** SUMMARY ***
Total pot $11.60 | Rake $0.58 
Board [8d 7s Td Ad 8h]
Seat 2: smithy_2441
Seat 1: antgouna folded before Flop (didn't bet)
Seat 3: Pippa83 (button) folded before Flop (didn't bet)
Seat 4: UnderC@t (small blind) showed [5h 6s] and lost with a pair of Eights
Seat 5: franbasualdo10 (big blind) showed [Jh 7c] and won ($11.02) with two pair, Eights and Sevens
Seat 6: Pon4uk.ua folded before Flop (didn't bet)



PokerStars Hand #254529750048:  Hold'em No Limit ($0.50/$1.00 USD) - 2025/01/24 15:16:42 WET [2025/01/24 10:16:42 ET]
Table 'Vinata IV' 6-max Seat #3 is the button
Seat 2: smithy_2441 ($0 in chips) is sitting out
Seat 1: antgouna ($99.50 in chips) 
Seat 3: Pippa83 ($113.56 in chips) 
Seat 4: UnderC@t ($103 in chips) 
UnderC@t: posts small blind $0.50
antgouna: posts big blind $1
*** HOLE CARDS ***
Pippa83: folds 
UnderC@t: raises $2 to $3
antgouna: folds 
Uncalled bet ($2) returned to UnderC@t
UnderC@t collected $2 from pot
UnderC@t: doesn't show hand 
*** SUMMARY ***
Total pot $2 | Rake $0 
Seat 2: smithy_2441
Seat 1: antgouna (big blind) folded before Flop
Seat 3: Pippa83 (button) folded before Flop (didn't bet)
Seat 4: UnderC@t (small blind) collected ($2)



PokerStars Hand #254529752248:  Hold'em No Limit ($0.50/$1.00 USD) - 2025/01/24 15:16:53 WET [2025/01/24 10:16:53 ET]
Table 'Vinata IV' 6-max Seat #4 is the button
Seat 2: smithy_2441 ($0 in chips) is sitting out
Seat 1: antgouna ($98.50 in chips) 
Seat 3: Pippa83 ($113.56 in chips) 
Seat 4: UnderC@t ($104 in chips) 
antgouna: posts small blind $0.50
Pippa83: posts big blind $1
*** HOLE CARDS ***
UnderC@t: folds 
antgouna: calls $0.50
Pippa83: checks 
*** FLOP *** [Ad 5s 7d]
antgouna: bets $1
Pippa83: folds 
Uncalled bet ($1) returned to antgouna
antgouna collected $1.90 from pot
antgouna: doesn't show hand 
*** SUMMARY ***
Total pot $2 | Rake $0.10 
Board [Ad 5s 7d]
Seat 2: smithy_2441
Seat 1: antgouna (small blind) collected ($1.90)
Seat 3: Pippa83 (big blind) folded on the Flop
Seat 4: UnderC@t (button) folded before Flop (didn't bet)



PokerStars Hand #254529756719:  Hold'em No Limit ($0.50/$1.00 USD) - 2025/01/24 15:17:15 WET [2025/01/24 10:17:15 ET]
Table 'Vinata IV' 6-max Seat #1 is the button
Seat 2: smithy_2441 ($0 in chips) is sitting out
Seat 1: antgouna ($99.40 in chips) 
Seat 3: Pippa83 ($112.56 in chips) 
Seat 4: UnderC@t ($104 in chips) 
Pippa83: posts small blind $0.50
UnderC@t: posts big blind $1
*** HOLE CARDS ***
antgouna: folds 
Pippa83: raises $2 to $3
UnderC@t: folds 
Uncalled bet ($2) returned to Pippa83
Pippa83 collected $2 from pot
Pippa83: doesn't show hand 
*** SUMMARY ***
Total pot $2 | Rake $0 
Seat 2: smithy_2441
Seat 1: antgouna (button) folded before Flop (didn't bet)
Seat 3: Pippa83 (small blind) collected ($2)
Seat 4: UnderC@t (big blind) folded before Flop



PokerStars Hand #254529761109:  Hold'em No Limit ($0.50/$1.00 USD) - 2025/01/24 15:17:36 WET [2025/01/24 10:17:36 ET]
Table 'Vinata IV' 6-max Seat #3 is the button
Seat 2: smithy_2441 ($0 in chips) is sitting out
Seat 1: antgouna ($99.40 in chips) 
Seat 3: Pippa83 ($113.56 in chips) 
Seat 4: UnderC@t ($103 in chips) 
UnderC@t: posts small blind $0.50
antgouna: posts big blind $1
*** HOLE CARDS ***
Pippa83: raises $1.50 to $2.50
UnderC@t: folds 
antgouna: folds 
Uncalled bet ($1.50) returned to Pippa83
Pippa83 collected $2.50 from pot
Pippa83: doesn't show hand 
*** SUMMARY ***
Total pot $2.50 | Rake $0 
Seat 2: smithy_2441
Seat 1: antgouna (big blind) folded before Flop
Seat 3: Pippa83 (button) collected ($2.50)
Seat 4: UnderC@t (small blind) folded before Flop



PokerStars Hand #254529763739:  Hold'em No Limit ($0.50/$1.00 USD) - 2025/01/24 15:17:49 WET [2025/01/24 10:17:49 ET]
Table 'Vinata IV' 6-max Seat #4 is the button
Seat 2: smithy_2441 ($0 in chips) is sitting out
Seat 1: antgouna ($98.40 in chips) 
Seat 3: Pippa83 ($115.06 in chips) 
Seat 4: UnderC@t ($102.50 in chips) 
antgouna: posts small blind $0.50
Pippa83: posts big blind $1
*** HOLE CARDS ***
UnderC@t: folds 
antgouna: raises $1.30 to $2.30
Pippa83: calls $1.30
*** FLOP *** [8d 5c Qc]
antgouna: bets $1.75
Pippa83: raises $3.75 to $5.50
antgouna: folds 
Uncalled bet ($3.75) returned to Pippa83
Pippa83 collected $7.70 from pot
smithy_2441 leaves the table
Pippa83: doesn't show hand 
*** SUMMARY ***
Total pot $8.10 | Rake $0.40 
Board [8d 5c Qc]
Seat 2: smithy_2441
Seat 1: antgouna (small blind) folded on the Flop
Seat 3: Pippa83 (big blind) collected ($7.70)
Seat 4: UnderC@t (button) folded before Flop (didn't bet)



PokerStars Hand #254529769925:  Hold'em No Limit ($0.50/$1.00 USD) - 2025/01/24 15:18:18 WET [2025/01/24 10:18:18 ET]
Table 'Vinata IV' 6-max Seat #1 is the button
Seat 1: antgouna ($94.35 in chips) 
Seat 3: Pippa83 ($118.71 in chips) 
Seat 4: UnderC@t ($102.50 in chips) 
Pippa83: posts small blind $0.50
UnderC@t: posts big blind $1
*** HOLE CARDS ***
antgouna: raises $1.30 to $2.30
Pippa83: folds 
UnderC@t: folds 
Uncalled bet ($1.30) returned to antgouna
antgouna collected $2.50 from pot
antgouna: doesn't show hand 
*** SUMMARY ***
Total pot $2.50 | Rake $0 
Seat 1: antgouna (button) collected ($2.50)
Seat 3: Pippa83 (small blind) folded before Flop
Seat 4: UnderC@t (big blind) folded before Flop



PokerStars Hand #254529771899:  Hold'em No Limit ($0.50/$1.00 USD) - 2025/01/24 15:18:28 WET [2025/01/24 10:18:28 ET]
Table 'Vinata IV' 6-max Seat #3 is the button
Seat 1: antgouna ($95.85 in chips) 
Seat 3: Pippa83 ($118.21 in chips) 
Seat 4: UnderC@t ($101.50 in chips) 
UnderC@t: posts small blind $0.50
antgouna: posts big blind $1
*** HOLE CARDS ***
Pippa83: folds 
UnderC@t: folds 
Uncalled bet ($0.50) returned to antgouna
Pippa83 leaves the table
antgouna collected $1 from pot
antgouna: doesn't show hand 
*** SUMMARY ***
Total pot $1 | Rake $0 
Seat 1: antgouna (big blind) collected ($1)
Seat 3: Pippa83 (button) folded before Flop (didn't bet)
Seat 4: UnderC@t (small blind) folded before Flop



PokerStars Hand #254529773677:  Hold'em No Limit ($0.50/$1.00 USD) - 2025/01/24 15:18:37 WET [2025/01/24 10:18:37 ET]
Table 'Vinata IV' 6-max Seat #1 is the button
Seat 1: antgouna ($96.35 in chips) 
Seat 4: UnderC@t ($101 in chips) 
antgouna: posts small blind $0.50
UnderC@t: posts big blind $1
*** HOLE CARDS ***
antgouna: folds 
Uncalled bet ($0.50) returned to UnderC@t
UnderC@t collected $1 from pot
UnderC@t: doesn't show hand 
*** SUMMARY ***
Total pot $1 | Rake $0 
Seat 1: antgouna (button) (small blind) folded before Flop
Seat 4: UnderC@t (big blind) collected ($1)



PokerStars Hand #254529775356:  Hold'em No Limit ($0.50/$1.00 USD) - 2025/01/24 15:18:45 WET [2025/01/24 10:18:45 ET]
Table 'Vinata IV' 6-max Seat #4 is the button
Seat 1: antgouna ($95.85 in chips) 
Seat 4: UnderC@t ($101.50 in chips) 
UnderC@t: posts small blind $0.50
antgouna: posts big blind $1
*** HOLE CARDS ***
UnderC@t: raises $1.50 to $2.50
antgouna: calls $1.50
*** FLOP *** [Tc Jd 7s]
antgouna: checks 
UnderC@t: checks 
*** TURN *** [Tc Jd 7s] [3d]
antgouna: checks 
UnderC@t: bets $1.43
antgouna: calls $1.43
*** RIVER *** [Tc Jd 7s 3d] [2c]
antgouna: bets $2.99
UnderC@t: calls $2.99
*** SHOW DOWN ***
antgouna: shows [8h Js] (a pair of Jacks)
UnderC@t: mucks hand 
antgouna collected $13.15 from pot
*** SUMMARY ***
Total pot $13.84 | Rake $0.69 
Board [Tc Jd 7s 3d 2c]
Seat 1: antgouna (big blind) showed [8h Js] and won ($13.15) with a pair of Jacks
Seat 4: UnderC@t (button) (small blind) mucked



PokerStars Hand #254533228847:  Hold'em No Limit ($0.50/$1.00 USD) - 2025/01/24 19:16:59 WET [2025/01/24 14:16:59 ET]
Table 'Vinata IV' 6-max Seat #2 is the button
Seat 6: LucasTo90 ($0 in chips) is sitting out
Seat 1: ImaPeppaPig ($104.58 in chips) 
Seat 2: Zvst ($35 in chips) 
Seat 3: easy_sarcasm ($100 in chips) 
Seat 4: Y_19 ($100 in chips) 
Seat 5: reiyser ($100 in chips) 
easy_sarcasm: posts small blind $0.50
Y_19: posts big blind $1
*** HOLE CARDS ***
reiyser: folds 
ImaPeppaPig: folds 
Zvst: folds 
easy_sarcasm: folds 
Uncalled bet ($0.50) returned to Y_19
Y_19 collected $1 from pot
Y_19: doesn't show hand 
*** SUMMARY ***
Total pot $1 | Rake $0 
Seat 6: LucasTo90
Seat 1: ImaPeppaPig folded before Flop (didn't bet)
Seat 2: Zvst (button) folded before Flop (didn't bet)
Seat 3: easy_sarcasm (small blind) folded before Flop
Seat 4: Y_19 (big blind) collected ($1)
Seat 5: reiyser folded before Flop (didn't bet)



PokerStars Hand #254533232394:  Hold'em No Limit ($0.50/$1.00 USD) - 2025/01/24 19:17:11 WET [2025/01/24 14:17:11 ET]
Table 'Vinata IV' 6-max Seat #3 is the button
Seat 1: ImaPeppaPig ($104.58 in chips) 
Seat 2: Zvst ($35 in chips) 
Seat 3: easy_sarcasm ($100 in chips) 
Seat 4: Y_19 ($100.50 in chips) 
Seat 5: reiyser ($100 in chips) 
Seat 6: LucasTo90 ($10 in chips) 
Y_19: posts small blind $0.50
reiyser: posts big blind $1
*** HOLE CARDS ***
LucasTo90: raises $2 to $3
ImaPeppaPig: folds 
Zvst: folds 
easy_sarcasm: folds 
Y_19: raises $8 to $11
reiyser: folds 
LucasTo90: calls $7 and is all-in
Uncalled bet ($1) returned to Y_19
*** FLOP *** [4c 5d Tc]
*** TURN *** [4c 5d Tc] [3d]
*** RIVER *** [4c 5d Tc 3d] [8h]
*** SHOW DOWN ***
Y_19: shows [7c 7h] (a pair of Sevens)
LucasTo90: shows [As Td] (a pair of Tens)
LucasTo90 collected $19.95 from pot
*** SUMMARY ***
Total pot $21 | Rake $1.05 
Board [4c 5d Tc 3d 8h]
Seat 1: ImaPeppaPig folded before Flop (didn't bet)
Seat 2: Zvst folded before Flop (didn't bet)
Seat 3: easy_sarcasm (button) folded before Flop (didn't bet)
Seat 4: Y_19 (small blind) showed [7c 7h] and lost with a pair of Sevens
Seat 5: reiyser (big blind) folded before Flop
Seat 6: LucasTo90 showed [As Td] and won ($19.95) with a pair of Tens



PokerStars Hand #254533239846:  Hold'em No Limit ($0.50/$1.00 USD) - 2025/01/24 19:17:38 WET [2025/01/24 14:17:38 ET]
Table 'Vinata IV' 6-max Seat #4 is the button
Seat 1: ImaPeppaPig ($104.58 in chips) 
Seat 2: Zvst ($35 in chips) 
Seat 3: easy_sarcasm ($100 in chips) 
Seat 4: Y_19 ($100 in chips) 
Seat 5: reiyser ($100 in chips) 
Seat 6: LucasTo90 ($19.95 in chips) 
reiyser: posts small blind $0.50
LucasTo90: posts big blind $1
*** HOLE CARDS ***
ImaPeppaPig: folds 
Zvst: folds 
easy_sarcasm: folds 
Y_19: folds 
reiyser: folds 
Uncalled bet ($0.50) returned to LucasTo90
LucasTo90 collected $1 from pot
LucasTo90: doesn't show hand 
*** SUMMARY ***
Total pot $1 | Rake $0 
Seat 1: ImaPeppaPig folded before Flop (didn't bet)
Seat 2: Zvst folded before Flop (didn't bet)
Seat 3: easy_sarcasm folded before Flop (didn't bet)
Seat 4: Y_19 (button) folded before Flop (didn't bet)
Seat 5: reiyser (small blind) folded before Flop
Seat 6: LucasTo90 (big blind) collected ($1)



PokerStars Hand #254533244594:  Hold'em No Limit ($0.50/$1.00 USD) - 2025/01/24 19:17:55 WET [2025/01/24 14:17:55 ET]
Table 'Vinata IV' 6-max Seat #5 is the button
Seat 1: ImaPeppaPig ($104.58 in chips) 
Seat 2: Zvst ($35 in chips) 
Seat 3: easy_sarcasm ($100 in chips) 
Seat 4: Y_19 ($100 in chips) 
Seat 5: reiyser ($100 in chips) 
Seat 6: LucasTo90 ($20.45 in chips) 
LucasTo90: posts small blind $0.50
ImaPeppaPig: posts big blind $1
*** HOLE CARDS ***
Zvst: folds 
easy_sarcasm: folds 
Y_19: folds 
reiyser: folds 
LucasTo90: folds 
Uncalled bet ($0.50) returned to ImaPeppaPig
ImaPeppaPig collected $1 from pot
ImaPeppaPig: doesn't show hand 
*** SUMMARY ***
Total pot $1 | Rake $0 
Seat 1: ImaPeppaPig (big blind) collected ($1)
Seat 2: Zvst folded before Flop (didn't bet)
Seat 3: easy_sarcasm folded before Flop (didn't bet)
Seat 4: Y_19 folded before Flop (didn't bet)
Seat 5: reiyser (button) folded before Flop (didn't bet)
Seat 6: LucasTo90 (small blind) folded before Flop



PokerStars Hand #254533252844:  Hold'em No Limit ($0.50/$1.00 USD) - 2025/01/24 19:18:24 WET [2025/01/24 14:18:24 ET]
Table 'Vinata IV' 6-max Seat #6 is the button
Seat 1: ImaPeppaPig ($105.08 in chips) 
Seat 2: Zvst ($35 in chips) 
Seat 3: easy_sarcasm ($100 in chips) 
Seat 4: Y_19 ($100 in chips) 
Seat 5: reiyser ($100 in chips) 
Seat 6: LucasTo90 ($19.95 in chips) 
ImaPeppaPig: posts small blind $0.50
Zvst: posts big blind $1
*** HOLE CARDS ***
easy_sarcasm: folds 
Y_19: folds 
reiyser: folds 
LucasTo90: raises $2 to $3
ImaPeppaPig: folds 
Zvst: folds 
Uncalled bet ($2) returned to LucasTo90
LucasTo90 collected $2.50 from pot
LucasTo90: doesn't show hand 
*** SUMMARY ***
Total pot $2.50 | Rake $0 
Seat 1: ImaPeppaPig (small blind) folded before Flop
Seat 2: Zvst (big blind) folded before Flop
Seat 3: easy_sarcasm folded before Flop (didn't bet)
Seat 4: Y_19 folded before Flop (didn't bet)
Seat 5: reiyser folded before Flop (didn't bet)
Seat 6: LucasTo90 (button) collected ($2.50)



PokerStars Hand #254533258394:  Hold'em No Limit ($0.50/$1.00 USD) - 2025/01/24 19:18:44 WET [2025/01/24 14:18:44 ET]
Table 'Vinata IV' 6-max Seat #1 is the button
Seat 1: ImaPeppaPig ($104.58 in chips) 
Seat 2: Zvst ($35 in chips) 
Seat 3: easy_sarcasm ($100 in chips) 
Seat 4: Y_19 ($100 in chips) 
Seat 5: reiyser ($100 in chips) 
Seat 6: LucasTo90 ($21.45 in chips) 
Zvst: posts small blind $0.50
easy_sarcasm: posts big blind $1
*** HOLE CARDS ***
Y_19: folds 
reiyser: raises $1.23 to $2.23
LucasTo90: calls $2.23
ImaPeppaPig: folds 
Zvst: folds 
easy_sarcasm: folds 
*** FLOP *** [5s 5c 2s]
reiyser: checks 
LucasTo90: checks 
*** TURN *** [5s 5c 2s] [Kc]
reiyser: checks 
LucasTo90: checks 
*** RIVER *** [5s 5c 2s Kc] [3d]
reiyser: bets $2.94
LucasTo90: folds 
Uncalled bet ($2.94) returned to reiyser
reiyser collected $5.66 from pot
reiyser: doesn't show hand 
*** SUMMARY ***
Total pot $5.96 | Rake $0.30 
Board [5s 5c 2s Kc 3d]
Seat 1: ImaPeppaPig (button) folded before Flop (didn't bet)
Seat 2: Zvst (small blind) folded before Flop
Seat 3: easy_sarcasm (big blind) folded before Flop
Seat 4: Y_19 folded before Flop (didn't bet)
Seat 5: reiyser collected ($5.66)
Seat 6: LucasTo90 folded on the River



PokerStars Hand #254533269180:  Hold'em No Limit ($0.50/$1.00 USD) - 2025/01/24 19:19:22 WET [2025/01/24 14:19:22 ET]
Table 'Vinata IV' 6-max Seat #2 is the button
Seat 1: ImaPeppaPig ($104.58 in chips) 
Seat 2: Zvst ($35 in chips) 
Seat 3: easy_sarcasm ($100 in chips) 
Seat 4: Y_19 ($100 in chips) 
Seat 5: reiyser ($103.43 in chips) 
Seat 6: LucasTo90 ($19.22 in chips) 
easy_sarcasm: posts small blind $0.50
Y_19: posts big blind $1
*** HOLE CARDS ***
reiyser: folds 
LucasTo90: raises $2.50 to $3.50
ImaPeppaPig: folds 
Zvst: folds 
easy_sarcasm: folds 
Y_19: calls $2.50
*** FLOP *** [Jc 3s 4d]
Y_19: checks 
LucasTo90: bets $3
Y_19: folds 
Uncalled bet ($3) returned to LucasTo90
LucasTo90 collected $7.12 from pot
LucasTo90: doesn't show hand 
*** SUMMARY ***
Total pot $7.50 | Rake $0.38 
Board [Jc 3s 4d]
Seat 1: ImaPeppaPig folded before Flop (didn't bet)
Seat 2: Zvst (button) folded before Flop (didn't bet)
Seat 3: easy_sarcasm (small blind) folded before Flop
Seat 4: Y_19 (big blind) folded on the Flop
Seat 5: reiyser folded before Flop (didn't bet)
Seat 6: LucasTo90 collected ($7.12)



PokerStars Hand #254533283986:  Hold'em No Limit ($0.50/$1.00 USD) - 2025/01/24 19:20:15 WET [2025/01/24 14:20:15 ET]
Table 'Vinata IV' 6-max Seat #3 is the button
Seat 1: ImaPeppaPig ($104.58 in chips) 
Seat 2: Zvst ($35 in chips) 
Seat 3: easy_sarcasm ($100 in chips) 
Seat 4: Y_19 ($100 in chips) 
Seat 5: reiyser ($103.43 in chips) 
Seat 6: LucasTo90 ($22.84 in chips) 
Y_19: posts small blind $0.50
reiyser: posts big blind $1
*** HOLE CARDS ***
LucasTo90: raises $2 to $3
ImaPeppaPig: folds 
Zvst: folds 
easy_sarcasm: folds 
Y_19: calls $2.50
reiyser: folds 
*** FLOP *** [Js 3d 3c]
Y_19: checks 
LucasTo90: checks 
*** TURN *** [Js 3d 3c] [8s]
Y_19: bets $2.19
LucasTo90: calls $2.19
*** RIVER *** [Js 3d 3c 8s] [Kh]
Y_19: checks 
LucasTo90: bets $6.41
Y_19: folds 
Uncalled bet ($6.41) returned to LucasTo90
LucasTo90 collected $10.81 from pot
LucasTo90: shows [Ac 4c] (a pair of Threes)
*** SUMMARY ***
Total pot $11.38 | Rake $0.57 
Board [Js 3d 3c 8s Kh]
Seat 1: ImaPeppaPig folded before Flop (didn't bet)
Seat 2: Zvst folded before Flop (didn't bet)
Seat 3: easy_sarcasm (button) folded before Flop (didn't bet)
Seat 4: Y_19 (small blind) folded on the River
Seat 5: reiyser (big blind) folded before Flop
Seat 6: LucasTo90 collected ($10.81)



PokerStars Hand #254533295185:  Hold'em No Limit ($0.50/$1.00 USD) - 2025/01/24 19:20:55 WET [2025/01/24 14:20:55 ET]
Table 'Vinata IV' 6-max Seat #4 is the button
Seat 1: ImaPeppaPig ($104.58 in chips) 
Seat 2: Zvst ($35 in chips) 
Seat 3: easy_sarcasm ($100 in chips) 
Seat 4: Y_19 ($100 in chips) 
Seat 5: reiyser ($102.43 in chips) 
Seat 6: LucasTo90 ($28.46 in chips) 
reiyser: posts small blind $0.50
LucasTo90: posts big blind $1
*** HOLE CARDS ***
ImaPeppaPig: folds 
Zvst: folds 
easy_sarcasm: folds 
Y_19: raises $1.23 to $2.23
reiyser: raises $9.27 to $11.50
LucasTo90: folds 
Y_19: folds 
Uncalled bet ($9.27) returned to reiyser
reiyser collected $5.46 from pot
reiyser: doesn't show hand 
*** SUMMARY ***
Total pot $5.46 | Rake $0 
Seat 1: ImaPeppaPig folded before Flop (didn't bet)
Seat 2: Zvst folded before Flop (didn't bet)
Seat 3: easy_sarcasm folded before Flop (didn't bet)
Seat 4: Y_19 (button) folded before Flop
Seat 5: reiyser (small blind) collected ($5.46)
Seat 6: LucasTo90 (big blind) folded before Flop



PokerStars Hand #254533302440:  Hold'em No Limit ($0.50/$1.00 USD) - 2025/01/24 19:21:22 WET [2025/01/24 14:21:22 ET]
Table 'Vinata IV' 6-max Seat #5 is the button
Seat 1: ImaPeppaPig ($104.58 in chips) 
Seat 2: Zvst ($35 in chips) 
Seat 3: easy_sarcasm ($100 in chips) 
Seat 4: Y_19 ($100 in chips) 
Seat 5: reiyser ($105.66 in chips) 
Seat 6: LucasTo90 ($27.46 in chips) 
LucasTo90: posts small blind $0.50
ImaPeppaPig: posts big blind $1
*** HOLE CARDS ***
Zvst: raises $1 to $2
easy_sarcasm: folds 
Y_19: folds 
reiyser: raises $4 to $6
LucasTo90: folds 
ImaPeppaPig: folds 
Zvst: raises $7 to $13
reiyser: raises $37.50 to $50.50
Zvst: folds 
Uncalled bet ($37.50) returned to reiyser
reiyser collected $27.50 from pot
reiyser: doesn't show hand 
*** SUMMARY ***
Total pot $27.50 | Rake $0 
Seat 1: ImaPeppaPig (big blind) folded before Flop
Seat 2: Zvst folded before Flop
Seat 3: easy_sarcasm folded before Flop (didn't bet)
Seat 4: Y_19 folded before Flop (didn't bet)
Seat 5: reiyser (button) collected ($27.50)
Seat 6: LucasTo90 (small blind) folded before Flop



PokerStars Hand #254533319553:  Hold'em No Limit ($0.50/$1.00 USD) - 2025/01/24 19:22:23 WET [2025/01/24 14:22:23 ET]
Table 'Vinata IV' 6-max Seat #6 is the button
Seat 1: ImaPeppaPig ($103.58 in chips) 
Seat 2: Zvst ($35 in chips) 
Seat 3: easy_sarcasm ($100 in chips) 
Seat 4: Y_19 ($100 in chips) 
Seat 5: reiyser ($120.16 in chips) 
Seat 6: LucasTo90 ($26.96 in chips) 
ImaPeppaPig: posts small blind $0.50
Zvst: posts big blind $1
*** HOLE CARDS ***
easy_sarcasm: folds 
Y_19: raises $1.23 to $2.23
reiyser: folds 
LucasTo90: calls $2.23
ImaPeppaPig: folds 
Zvst: calls $1.23
*** FLOP *** [2h 3c 3h]
Zvst: checks 
Y_19: checks 
LucasTo90: bets $6
Zvst: folds 
Y_19: folds 
Uncalled bet ($6) returned to LucasTo90
LucasTo90 collected $6.83 from pot
LucasTo90: doesn't show hand 
*** SUMMARY ***
Total pot $7.19 | Rake $0.36 
Board [2h 3c 3h]
Seat 1: ImaPeppaPig (small blind) folded before Flop
Seat 2: Zvst (big blind) folded on the Flop
Seat 3: easy_sarcasm folded before Flop (didn't bet)
Seat 4: Y_19 folded on the Flop
Seat 5: reiyser folded before Flop (didn't bet)
Seat 6: LucasTo90 (button) collected ($6.83)



PokerStars Hand #254533332462:  Hold'em No Limit ($0.50/$1.00 USD) - 2025/01/24 19:23:09 WET [2025/01/24 14:23:09 ET]
Table 'Vinata IV' 6-max Seat #1 is the button
Seat 1: ImaPeppaPig ($103.08 in chips) 
Seat 2: Zvst ($35 in chips) 
Seat 3: easy_sarcasm ($100 in chips) 
Seat 4: Y_19 ($100 in chips) 
Seat 5: reiyser ($120.16 in chips) 
Seat 6: LucasTo90 ($31.56 in chips) 
Zvst: posts small blind $0.50
easy_sarcasm: posts big blind $1
*** HOLE CARDS ***
Y_19: folds 
reiyser: raises $1.23 to $2.23
LucasTo90: calls $2.23
ImaPeppaPig: calls $2.23
Zvst: raises $32.77 to $35 and is all-in
easy_sarcasm: folds 
reiyser: folds 
LucasTo90: folds 
ImaPeppaPig: calls $32.77
*** FLOP *** [Ks Ts 8c]
*** TURN *** [Ks Ts 8c] [5s]
*** RIVER *** [Ks Ts 8c 5s] [Qd]
*** SHOW DOWN ***
Zvst: shows [Qs Ac] (a pair of Queens)
ImaPeppaPig: shows [7s 7h] (a pair of Sevens)
Zvst collected $72.96 from pot
*** SUMMARY ***
Total pot $75.46 | Rake $2.50 
Board [Ks Ts 8c 5s Qd]
Seat 1: ImaPeppaPig (button) showed [7s 7h] and lost with a pair of Sevens
Seat 2: Zvst (small blind) showed [Qs Ac] and won ($72.96) with a pair of Queens
Seat 3: easy_sarcasm (big blind) folded before Flop
Seat 4: Y_19 folded before Flop (didn't bet)
Seat 5: reiyser folded before Flop
Seat 6: LucasTo90 folded before Flop



PokerStars Hand #254533343972:  Hold'em No Limit ($0.50/$1.00 USD) - 2025/01/24 19:23:51 WET [2025/01/24 14:23:51 ET]
Table 'Vinata IV' 6-max Seat #2 is the button
Seat 1: ImaPeppaPig ($100 in chips) 
Seat 2: Zvst ($72.96 in chips) 
Seat 3: easy_sarcasm ($100 in chips) 
Seat 4: Y_19 ($100 in chips) 
Seat 5: reiyser ($117.93 in chips) 
Seat 6: LucasTo90 ($29.33 in chips) 
easy_sarcasm: posts small blind $0.50
Y_19: posts big blind $1
*** HOLE CARDS ***
reiyser: folds 
LucasTo90: raises $2.50 to $3.50
ImaPeppaPig: folds 
Zvst: folds 
easy_sarcasm: folds 
Y_19: raises $8 to $11.50
LucasTo90: calls $8
*** FLOP *** [Ts 5d 7c]
Y_19: bets $7.37
LucasTo90: raises $10.46 to $17.83 and is all-in
Y_19: calls $10.46
*** TURN *** [Ts 5d 7c] [9d]
*** RIVER *** [Ts 5d 7c 9d] [9s]
*** SHOW DOWN ***
Y_19: shows [Jc Jd] (two pair, Jacks and Nines)
LucasTo90: shows [Qc Tc] (two pair, Tens and Nines)
Y_19 collected $56.66 from pot
*** SUMMARY ***
Total pot $59.16 | Rake $2.50 
Board [Ts 5d 7c 9d 9s]
Seat 1: ImaPeppaPig folded before Flop (didn't bet)
Seat 2: Zvst (button) folded before Flop (didn't bet)
Seat 3: easy_sarcasm (small blind) folded before Flop
Seat 4: Y_19 (big blind) showed [Jc Jd] and won ($56.66) with two pair, Jacks and Nines
Seat 5: reiyser folded before Flop (didn't bet)
Seat 6: LucasTo90 showed [Qc Tc] and lost with two pair, Tens and Nines



PokerStars Hand #254533354394:  Hold'em No Limit ($0.50/$1.00 USD) - 2025/01/24 19:24:28 WET [2025/01/24 14:24:28 ET]
Table 'Vinata IV' 6-max Seat #3 is the button
Seat 6: LucasTo90 ($0 in chips) is sitting out
Seat 1: ImaPeppaPig ($100 in chips) 
Seat 2: Zvst ($72.96 in chips) 
Seat 3: easy_sarcasm ($100 in chips) 
Seat 4: Y_19 ($127.33 in chips) 
Seat 5: reiyser ($117.93 in chips) 
Y_19: posts small blind $0.50
reiyser: posts big blind $1
*** HOLE CARDS ***
ImaPeppaPig: raises $1.50 to $2.50
Zvst: folds 
easy_sarcasm: folds 
Y_19: folds 
reiyser: calls $1.50
*** FLOP *** [Ad 3h Qs]
reiyser: checks 
ImaPeppaPig: bets $1.62
reiyser: folds 
Uncalled bet ($1.62) returned to ImaPeppaPig
ImaPeppaPig collected $5.22 from pot
ImaPeppaPig: doesn't show hand 
*** SUMMARY ***
Total pot $5.50 | Rake $0.28 
Board [Ad 3h Qs]
Seat 6: LucasTo90
Seat 1: ImaPeppaPig collected ($5.22)
Seat 2: Zvst folded before Flop (didn't bet)
Seat 3: easy_sarcasm (button) folded before Flop (didn't bet)
Seat 4: Y_19 (small blind) folded before Flop
Seat 5: reiyser (big blind) folded on the Flop



PokerStars Hand #254533361770:  Hold'em No Limit ($0.50/$1.00 USD) - 2025/01/24 19:24:55 WET [2025/01/24 14:24:55 ET]
Table 'Vinata IV' 6-max Seat #4 is the button
Seat 1: ImaPeppaPig ($102.72 in chips) 
Seat 2: Zvst ($72.96 in chips) 
Seat 3: easy_sarcasm ($100 in chips) 
Seat 4: Y_19 ($126.83 in chips) 
Seat 5: reiyser ($115.43 in chips) 
Seat 6: LucasTo90 ($20.62 in chips) 
reiyser: posts small blind $0.50
LucasTo90: posts big blind $1
*** HOLE CARDS ***
ImaPeppaPig: folds 
Zvst: folds 
easy_sarcasm: folds 
Y_19: folds 
reiyser: calls $0.50
LucasTo90: raises $2 to $3
reiyser: folds 
Uncalled bet ($2) returned to LucasTo90
LucasTo90 collected $2 from pot
LucasTo90: doesn't show hand 
*** SUMMARY ***
Total pot $2 | Rake $0 
Seat 1: ImaPeppaPig folded before Flop (didn't bet)
Seat 2: Zvst folded before Flop (didn't bet)
Seat 3: easy_sarcasm folded before Flop (didn't bet)
Seat 4: Y_19 (button) folded before Flop (didn't bet)
Seat 5: reiyser (small blind) folded before Flop
Seat 6: LucasTo90 (big blind) collected ($2)



PokerStars Hand #254533369205:  Hold'em No Limit ($0.50/$1.00 USD) - 2025/01/24 19:25:22 WET [2025/01/24 14:25:22 ET]
Table 'Vinata IV' 6-max Seat #5 is the button
Seat 1: ImaPeppaPig ($102.72 in chips) 
Seat 2: Zvst ($72.96 in chips) 
Seat 3: easy_sarcasm ($100 in chips) 
Seat 4: Y_19 ($126.83 in chips) 
Seat 5: reiyser ($114.43 in chips) 
Seat 6: LucasTo90 ($21.62 in chips) 
LucasTo90: posts small blind $0.50
ImaPeppaPig: posts big blind $1
*** HOLE CARDS ***
Zvst: folds 
easy_sarcasm: folds 
Y_19: raises $1.23 to $2.23
reiyser: folds 
LucasTo90: folds 
ImaPeppaPig: calls $1.23
*** FLOP *** [3h Jh 3d]
ImaPeppaPig: checks 
Y_19: bets $1.55
ImaPeppaPig: folds 
Uncalled bet ($1.55) returned to Y_19
Y_19 collected $4.71 from pot
Y_19: doesn't show hand 
*** SUMMARY ***
Total pot $4.96 | Rake $0.25 
Board [3h Jh 3d]
Seat 1: ImaPeppaPig (big blind) folded on the Flop
Seat 2: Zvst folded before Flop (didn't bet)
Seat 3: easy_sarcasm folded before Flop (didn't bet)
Seat 4: Y_19 collected ($4.71)
Seat 5: reiyser (button) folded before Flop (didn't bet)
Seat 6: LucasTo90 (small blind) folded before Flop



PokerStars Hand #254533379433:  Hold'em No Limit ($0.50/$1.00 USD) - 2025/01/24 19:25:59 WET [2025/01/24 14:25:59 ET]
Table 'Vinata IV' 6-max Seat #6 is the button
Seat 1: ImaPeppaPig ($100.49 in chips) 
Seat 2: Zvst ($72.96 in chips) 
Seat 3: easy_sarcasm ($100 in chips) 
Seat 4: Y_19 ($129.31 in chips) 
Seat 5: reiyser ($114.43 in chips) 
Seat 6: LucasTo90 ($21.12 in chips) 
ImaPeppaPig: posts small blind $0.50
Zvst: posts big blind $1
*** HOLE CARDS ***
easy_sarcasm: folds 
Y_19: raises $1.23 to $2.23
reiyser: raises $5.27 to $7.50
LucasTo90: raises $13.62 to $21.12 and is all-in
ImaPeppaPig: folds 
Zvst: folds 
Y_19: folds 
reiyser: calls $13.62
*** FLOP *** [Js 7d 3h]
*** TURN *** [Js 7d 3h] [6d]
*** RIVER *** [Js 7d 3h 6d] [2c]
*** SHOW DOWN ***
reiyser: shows [Ad Qh] (high card Ace)
LucasTo90: shows [Qd Qs] (a pair of Queens)
LucasTo90 collected $43.67 from pot
*** SUMMARY ***
Total pot $45.97 | Rake $2.30 
Board [Js 7d 3h 6d 2c]
Seat 1: ImaPeppaPig (small blind) folded before Flop
Seat 2: Zvst (big blind) folded before Flop
Seat 3: easy_sarcasm folded before Flop (didn't bet)
Seat 4: Y_19 folded before Flop
Seat 5: reiyser showed [Ad Qh] and lost with high card Ace
Seat 6: LucasTo90 (button) showed [Qd Qs] and won ($43.67) with a pair of Queens



PokerStars Hand #254533388932:  Hold'em No Limit ($0.50/$1.00 USD) - 2025/01/24 19:26:32 WET [2025/01/24 14:26:32 ET]
Table 'Vinata IV' 6-max Seat #1 is the button
Seat 1: ImaPeppaPig ($100 in chips) 
Seat 2: Zvst ($71.96 in chips) 
Seat 3: easy_sarcasm ($100 in chips) 
Seat 4: Y_19 ($127.08 in chips) 
Seat 5: reiyser ($100 in chips) 
Seat 6: LucasTo90 ($43.67 in chips) 
Zvst: posts small blind $0.50
easy_sarcasm: posts big blind $1
*** HOLE CARDS ***
Y_19: raises $1.23 to $2.23
reiyser: folds 
LucasTo90: calls $2.23
ImaPeppaPig: folds 
Zvst: folds 
easy_sarcasm: folds 
*** FLOP *** [Tc 9c 6s]
Y_19: checks 
LucasTo90: bets $4.66
Y_19: calls $4.66
*** TURN *** [Tc 9c 6s] [8d]
Y_19: checks 
LucasTo90: bets $7.26
Y_19: calls $7.26
*** RIVER *** [Tc 9c 6s 8d] [5d]
Y_19: checks 
LucasTo90: checks 
*** SHOW DOWN ***
Y_19: shows [9h Jh] (a pair of Nines)
LucasTo90: shows [Kd Ts] (a pair of Tens)
LucasTo90 collected $28.31 from pot
*** SUMMARY ***
Total pot $29.80 | Rake $1.49 
Board [Tc 9c 6s 8d 5d]
Seat 1: ImaPeppaPig (button) folded before Flop (didn't bet)
Seat 2: Zvst (small blind) folded before Flop
Seat 3: easy_sarcasm (big blind) folded before Flop
Seat 4: Y_19 showed [9h Jh] and lost with a pair of Nines
Seat 5: reiyser folded before Flop (didn't bet)
Seat 6: LucasTo90 showed [Kd Ts] and won ($28.31) with a pair of Tens



PokerStars Hand #254533400091:  Hold'em No Limit ($0.50/$1.00 USD) - 2025/01/24 19:27:12 WET [2025/01/24 14:27:12 ET]
Table 'Vinata IV' 6-max Seat #2 is the button
Seat 1: ImaPeppaPig ($100 in chips) 
Seat 2: Zvst ($71.46 in chips) 
Seat 3: easy_sarcasm ($100 in chips) 
Seat 4: Y_19 ($112.93 in chips) 
Seat 5: reiyser ($100 in chips) 
Seat 6: LucasTo90 ($57.83 in chips) 
easy_sarcasm: posts small blind $0.50
Y_19: posts big blind $1
*** HOLE CARDS ***
reiyser: folds 
LucasTo90: raises $2 to $3
ImaPeppaPig: calls $3
Zvst: folds 
easy_sarcasm: folds 
Y_19: calls $2
*** FLOP *** [As 9h 2d]
Y_19: checks 
LucasTo90: checks 
ImaPeppaPig: checks 
*** TURN *** [As 9h 2d] [3d]
Y_19: checks 
LucasTo90: checks 
ImaPeppaPig: checks 
*** RIVER *** [As 9h 2d 3d] [2s]
Y_19: checks 
LucasTo90: checks 
ImaPeppaPig: checks 
*** SHOW DOWN ***
Y_19: shows [7c 6c] (a pair of Deuces)
LucasTo90: mucks hand 
ImaPeppaPig: shows [7d 8d] (a pair of Deuces - Ace+Nine+Eight kicker)
ImaPeppaPig collected $9.02 from pot
*** SUMMARY ***
Total pot $9.50 | Rake $0.48 
Board [As 9h 2d 3d 2s]
Seat 1: ImaPeppaPig showed [7d 8d] and won ($9.02) with a pair of Deuces
Seat 2: Zvst (button) folded before Flop (didn't bet)
Seat 3: easy_sarcasm (small blind) folded before Flop
Seat 4: Y_19 (big blind) showed [7c 6c] and lost with a pair of Deuces
Seat 5: reiyser folded before Flop (didn't bet)
Seat 6: LucasTo90 mucked



PokerStars Hand #254533415687:  Hold'em No Limit ($0.50/$1.00 USD) - 2025/01/24 19:28:08 WET [2025/01/24 14:28:08 ET]
Table 'Vinata IV' 6-max Seat #3 is the button
Seat 1: ImaPeppaPig ($106.02 in chips) 
Seat 2: Zvst ($71.46 in chips) 
Seat 3: easy_sarcasm ($100 in chips) 
Seat 4: Y_19 ($109.93 in chips) 
Seat 5: reiyser ($100 in chips) 
Seat 6: LucasTo90 ($54.83 in chips) 
Y_19: posts small blind $0.50
reiyser: posts big blind $1
*** HOLE CARDS ***
LucasTo90: folds 
ImaPeppaPig: raises $1.50 to $2.50
Zvst: folds 
easy_sarcasm: folds 
Y_19: folds 
reiyser: folds 
Uncalled bet ($1.50) returned to ImaPeppaPig
ImaPeppaPig collected $2.50 from pot
ImaPeppaPig: doesn't show hand 
*** SUMMARY ***
Total pot $2.50 | Rake $0 
Seat 1: ImaPeppaPig collected ($2.50)
Seat 2: Zvst folded before Flop (didn't bet)
Seat 3: easy_sarcasm (button) folded before Flop (didn't bet)
Seat 4: Y_19 (small blind) folded before Flop
Seat 5: reiyser (big blind) folded before Flop
Seat 6: LucasTo90 folded before Flop (didn't bet)



PokerStars Hand #254533419336:  Hold'em No Limit ($0.50/$1.00 USD) - 2025/01/24 19:28:21 WET [2025/01/24 14:28:21 ET]
Table 'Vinata IV' 6-max Seat #4 is the button
Seat 1: ImaPeppaPig ($107.52 in chips) 
Seat 2: Zvst ($71.46 in chips) 
Seat 3: easy_sarcasm ($100 in chips) 
Seat 4: Y_19 ($109.43 in chips) 
Seat 5: reiyser ($100 in chips) 
Seat 6: LucasTo90 ($54.83 in chips) 
reiyser: posts small blind $0.50
LucasTo90: posts big blind $1
*** HOLE CARDS ***
ImaPeppaPig: folds 
Zvst: folds 
easy_sarcasm: raises $2 to $3
Y_19: raises $6 to $9
reiyser: folds 
LucasTo90: folds 
easy_sarcasm: folds 
Uncalled bet ($6) returned to Y_19
Y_19 collected $7.50 from pot
Y_19: doesn't show hand 
*** SUMMARY ***
Total pot $7.50 | Rake $0 
Seat 1: ImaPeppaPig folded before Flop (didn't bet)
Seat 2: Zvst folded before Flop (didn't bet)
Seat 3: easy_sarcasm folded before Flop
Seat 4: Y_19 (button) collected ($7.50)
Seat 5: reiyser (small blind) folded before Flop
Seat 6: LucasTo90 (big blind) folded before Flop



PokerStars Hand #254533424571:  Hold'em No Limit ($0.50/$1.00 USD) - 2025/01/24 19:28:40 WET [2025/01/24 14:28:40 ET]
Table 'Vinata IV' 6-max Seat #5 is the button
Seat 1: ImaPeppaPig ($107.52 in chips) 
Seat 2: Zvst ($71.46 in chips) 
Seat 3: easy_sarcasm ($100 in chips) 
Seat 4: Y_19 ($113.93 in chips) 
Seat 5: reiyser ($100 in chips) 
Seat 6: LucasTo90 ($53.83 in chips) 
LucasTo90: posts small blind $0.50
ImaPeppaPig: posts big blind $1
*** HOLE CARDS ***
Zvst: folds 
easy_sarcasm: folds 
Y_19: folds 
reiyser: folds 
LucasTo90: folds 
Uncalled bet ($0.50) returned to ImaPeppaPig
LucasTo90 is disconnected 
ImaPeppaPig collected $1 from pot
ImaPeppaPig: doesn't show hand 
*** SUMMARY ***
Total pot $1 | Rake $0 
Seat 1: ImaPeppaPig (big blind) collected ($1)
Seat 2: Zvst folded before Flop (didn't bet)
Seat 3: easy_sarcasm folded before Flop (didn't bet)
Seat 4: Y_19 folded before Flop (didn't bet)
Seat 5: reiyser (button) folded before Flop (didn't bet)
Seat 6: LucasTo90 (small blind) folded before Flop



PokerStars Hand #254533427787:  Hold'em No Limit ($0.50/$1.00 USD) - 2025/01/24 19:28:51 WET [2025/01/24 14:28:51 ET]
Table 'Vinata IV' 6-max Seat #6 is the button
Seat 1: ImaPeppaPig ($108.02 in chips) 
Seat 2: Zvst ($71.46 in chips) 
Seat 3: easy_sarcasm ($100 in chips) 
Seat 4: Y_19 ($113.93 in chips) 
Seat 5: reiyser ($100 in chips) 
Seat 6: LucasTo90 ($53.33 in chips) 
ImaPeppaPig: posts small blind $0.50
Zvst: posts big blind $1
*** HOLE CARDS ***
easy_sarcasm: raises $2 to $3
Y_19: folds 
reiyser: raises $6 to $9
LucasTo90 has timed out while disconnected
LucasTo90: folds 
ImaPeppaPig: folds 
Zvst: folds 
easy_sarcasm: calls $6
*** FLOP *** [6h Ah Ac]
easy_sarcasm: checks 
reiyser: bets $5.37
easy_sarcasm: calls $5.37
*** TURN *** [6h Ah Ac] [8c]
easy_sarcasm: checks 
reiyser: bets $21.83
easy_sarcasm: calls $21.83
*** RIVER *** [6h Ah Ac 8c] [Kc]
easy_sarcasm: checks 
reiyser: checks 
*** SHOW DOWN ***
easy_sarcasm: shows [Qc As] (three of a kind, Aces)
reiyser: mucks hand 
easy_sarcasm collected $71.40 from pot
*** SUMMARY ***
Total pot $73.90 | Rake $2.50 
Board [6h Ah Ac 8c Kc]
Seat 1: ImaPeppaPig (small blind) folded before Flop
Seat 2: Zvst (big blind) folded before Flop
Seat 3: easy_sarcasm showed [Qc As] and won ($71.40) with three of a kind, Aces
Seat 4: Y_19 folded before Flop (didn't bet)
Seat 5: reiyser mucked
Seat 6: LucasTo90 (button) folded before Flop (didn't bet)



PokerStars Hand #254533449238:  Hold'em No Limit ($0.50/$1.00 USD) - 2025/01/24 19:30:08 WET [2025/01/24 14:30:08 ET]
Table 'Vinata IV' 6-max Seat #1 is the button
Seat 6: LucasTo90 ($53.33 in chips) is sitting out
Seat 1: ImaPeppaPig ($107.52 in chips) 
Seat 2: Zvst ($70.46 in chips) 
Seat 3: easy_sarcasm ($135.20 in chips) 
Seat 4: Y_19 ($113.93 in chips) 
Seat 5: reiyser ($100 in chips) 
Zvst: posts small blind $0.50
easy_sarcasm: posts big blind $1
*** HOLE CARDS ***
Y_19: folds 
reiyser: folds 
ImaPeppaPig: folds 
Zvst: raises $2 to $3
easy_sarcasm: calls $2
*** FLOP *** [9c 7c Td]
Zvst: bets $1.88
easy_sarcasm: folds 
Uncalled bet ($1.88) returned to Zvst
Zvst collected $5.70 from pot
Zvst: doesn't show hand 
*** SUMMARY ***
Total pot $6 | Rake $0.30 
Board [9c 7c Td]
Seat 6: LucasTo90
Seat 1: ImaPeppaPig (button) folded before Flop (didn't bet)
Seat 2: Zvst (small blind) collected ($5.70)
Seat 3: easy_sarcasm (big blind) folded on the Flop
Seat 4: Y_19 folded before Flop (didn't bet)
Seat 5: reiyser folded before Flop (didn't bet)



PokerStars Hand #254533456754:  Hold'em No Limit ($0.50/$1.00 USD) - 2025/01/24 19:30:35 WET [2025/01/24 14:30:35 ET]
Table 'Vinata IV' 6-max Seat #2 is the button
Seat 6: LucasTo90 ($53.33 in chips) is sitting out
Seat 1: ImaPeppaPig ($107.52 in chips) 
Seat 2: Zvst ($73.16 in chips) 
Seat 3: easy_sarcasm ($132.20 in chips) 
Seat 4: Y_19 ($113.93 in chips) 
Seat 5: reiyser ($100 in chips) 
easy_sarcasm: posts small blind $0.50
Y_19: posts big blind $1
*** HOLE CARDS ***
reiyser: folds 
ImaPeppaPig: raises $1.50 to $2.50
Zvst: folds 
easy_sarcasm: folds 
Y_19: calls $1.50
*** FLOP *** [Kc Tc Ah]
Y_19: checks 
ImaPeppaPig: bets $3.97
Y_19: folds 
Uncalled bet ($3.97) returned to ImaPeppaPig
ImaPeppaPig collected $5.22 from pot
ImaPeppaPig: doesn't show hand 
*** SUMMARY ***
Total pot $5.50 | Rake $0.28 
Board [Kc Tc Ah]
Seat 6: LucasTo90
Seat 1: ImaPeppaPig collected ($5.22)
Seat 2: Zvst (button) folded before Flop (didn't bet)
Seat 3: easy_sarcasm (small blind) folded before Flop
Seat 4: Y_19 (big blind) folded on the Flop
Seat 5: reiyser folded before Flop (didn't bet)



PokerStars Hand #254533461695:  Hold'em No Limit ($0.50/$1.00 USD) - 2025/01/24 19:30:52 WET [2025/01/24 14:30:52 ET]
Table 'Vinata IV' 6-max Seat #3 is the button
Seat 6: LucasTo90 ($53.33 in chips) is sitting out
Seat 1: ImaPeppaPig ($110.24 in chips) 
Seat 2: Zvst ($73.16 in chips) 
Seat 3: easy_sarcasm ($131.70 in chips) 
Seat 4: Y_19 ($111.43 in chips) 
Seat 5: reiyser ($100 in chips) 
Y_19: posts small blind $0.50
reiyser: posts big blind $1
*** HOLE CARDS ***
ImaPeppaPig: folds 
Zvst: raises $1.50 to $2.50
easy_sarcasm: folds 
Y_19: raises $9 to $11.50
reiyser: folds 
Zvst: folds 
Uncalled bet ($9) returned to Y_19
Y_19 collected $6 from pot
Y_19: doesn't show hand 
*** SUMMARY ***
Total pot $6 | Rake $0 
Seat 6: LucasTo90
Seat 1: ImaPeppaPig folded before Flop (didn't bet)
Seat 2: Zvst folded before Flop
Seat 3: easy_sarcasm (button) folded before Flop (didn't bet)
Seat 4: Y_19 (small blind) collected ($6)
Seat 5: reiyser (big blind) folded before Flop



PokerStars Hand #254533471516:  Hold'em No Limit ($0.50/$1.00 USD) - 2025/01/24 19:31:26 WET [2025/01/24 14:31:26 ET]
Table 'Vinata IV' 6-max Seat #4 is the button
Seat 6: LucasTo90 ($53.33 in chips) is sitting out
Seat 1: ImaPeppaPig ($110.24 in chips) 
Seat 2: Zvst ($70.66 in chips) 
Seat 3: easy_sarcasm ($131.70 in chips) 
Seat 4: Y_19 ($114.93 in chips) 
Seat 5: reiyser ($100 in chips) 
reiyser: posts small blind $0.50
ImaPeppaPig: posts big blind $1
*** HOLE CARDS ***
Zvst: raises $1 to $2
easy_sarcasm: raises $6 to $8
Y_19: folds 
reiyser: folds 
ImaPeppaPig: raises $13 to $21
Zvst: folds 
easy_sarcasm: folds 
Uncalled bet ($13) returned to ImaPeppaPig
ImaPeppaPig collected $18.50 from pot
ImaPeppaPig: doesn't show hand 
*** SUMMARY ***
Total pot $18.50 | Rake $0 
Seat 6: LucasTo90
Seat 1: ImaPeppaPig (big blind) collected ($18.50)
Seat 2: Zvst folded before Flop
Seat 3: easy_sarcasm folded before Flop
Seat 4: Y_19 (button) folded before Flop (didn't bet)
Seat 5: reiyser (small blind) folded before Flop



PokerStars Hand #254533479260:  Hold'em No Limit ($0.50/$1.00 USD) - 2025/01/24 19:31:54 WET [2025/01/24 14:31:54 ET]
Table 'Vinata IV' 6-max Seat #5 is the button
Seat 6: LucasTo90 ($53.33 in chips) is sitting out
Seat 1: ImaPeppaPig ($120.74 in chips) 
Seat 2: Zvst ($68.66 in chips) 
Seat 3: easy_sarcasm ($123.70 in chips) 
Seat 4: Y_19 ($114.93 in chips) 
Seat 5: reiyser ($100 in chips) 
ImaPeppaPig: posts small blind $0.50
Zvst: posts big blind $1
*** HOLE CARDS ***
easy_sarcasm: folds 
Y_19: folds 
reiyser: folds 
ImaPeppaPig: raises $2 to $3
Zvst: folds 
Uncalled bet ($2) returned to ImaPeppaPig
ImaPeppaPig collected $2 from pot
ImaPeppaPig: doesn't show hand 
*** SUMMARY ***
Total pot $2 | Rake $0 
Seat 6: LucasTo90
Seat 1: ImaPeppaPig (small blind) collected ($2)
Seat 2: Zvst (big blind) folded before Flop
Seat 3: easy_sarcasm folded before Flop (didn't bet)
Seat 4: Y_19 folded before Flop (didn't bet)
Seat 5: reiyser (button) folded before Flop (didn't bet)



PokerStars Hand #254533482405:  Hold'em No Limit ($0.50/$1.00 USD) - 2025/01/24 19:32:05 WET [2025/01/24 14:32:05 ET]
Table 'Vinata IV' 6-max Seat #1 is the button
Seat 6: LucasTo90 ($53.33 in chips) is sitting out
Seat 1: ImaPeppaPig ($121.74 in chips) 
Seat 2: Zvst ($67.66 in chips) 
Seat 3: easy_sarcasm ($123.70 in chips) 
Seat 4: Y_19 ($114.93 in chips) 
Seat 5: reiyser ($100 in chips) 
Zvst: posts small blind $0.50
easy_sarcasm: posts big blind $1
*** HOLE CARDS ***
Y_19: folds 
reiyser: raises $1.23 to $2.23
ImaPeppaPig: folds 
Zvst: folds 
easy_sarcasm: calls $1.23
*** FLOP *** [7s 9h 3d]
easy_sarcasm: checks 
reiyser: checks 
*** TURN *** [7s 9h 3d] [Jc]
easy_sarcasm: bets $2.50
reiyser: folds 
Uncalled bet ($2.50) returned to easy_sarcasm
easy_sarcasm collected $4.71 from pot
*** SUMMARY ***
Total pot $4.96 | Rake $0.25 
Board [7s 9h 3d Jc]
Seat 6: LucasTo90
Seat 1: ImaPeppaPig (button) folded before Flop (didn't bet)
Seat 2: Zvst (small blind) folded before Flop
Seat 3: easy_sarcasm (big blind) collected ($4.71)
Seat 4: Y_19 folded before Flop (didn't bet)
Seat 5: reiyser folded on the Turn



PokerStars Hand #254533493657:  Hold'em No Limit ($0.50/$1.00 USD) - 2025/01/24 19:32:44 WET [2025/01/24 14:32:44 ET]
Table 'Vinata IV' 6-max Seat #2 is the button
Seat 6: LucasTo90 ($53.33 in chips) is sitting out
Seat 1: ImaPeppaPig ($121.74 in chips) 
Seat 2: Zvst ($67.16 in chips) 
Seat 3: easy_sarcasm ($126.18 in chips) 
Seat 4: Y_19 ($114.93 in chips) 
Seat 5: reiyser ($100 in chips) 
easy_sarcasm: posts small blind $0.50
Y_19: posts big blind $1
*** HOLE CARDS ***
reiyser: folds 
ImaPeppaPig: raises $1.50 to $2.50
Zvst: folds 
easy_sarcasm: folds 
Y_19: calls $1.50
*** FLOP *** [5c 7c 2s]
Y_19: checks 
ImaPeppaPig: bets $2.71
Y_19: calls $2.71
*** TURN *** [5c 7c 2s] [Jd]
Y_19: checks 
ImaPeppaPig: checks 
*** RIVER *** [5c 7c 2s Jd] [Ks]
Y_19: checks 
ImaPeppaPig: checks 
*** SHOW DOWN ***
Y_19: shows [Ad Jc] (a pair of Jacks)
ImaPeppaPig: mucks hand 
Y_19 collected $10.37 from pot
*** SUMMARY ***
Total pot $10.92 | Rake $0.55 
Board [5c 7c 2s Jd Ks]
Seat 6: LucasTo90
Seat 1: ImaPeppaPig mucked
Seat 2: Zvst (button) folded before Flop (didn't bet)
Seat 3: easy_sarcasm (small blind) folded before Flop
Seat 4: Y_19 (big blind) showed [Ad Jc] and won ($10.37) with a pair of Jacks
Seat 5: reiyser folded before Flop (didn't bet)



PokerStars Hand #254533507902:  Hold'em No Limit ($0.50/$1.00 USD) - 2025/01/24 19:33:35 WET [2025/01/24 14:33:35 ET]
Table 'Vinata IV' 6-max Seat #3 is the button
Seat 6: LucasTo90 ($53.33 in chips) is sitting out
Seat 1: ImaPeppaPig ($116.53 in chips) 
Seat 2: Zvst ($67.16 in chips) 
Seat 3: easy_sarcasm ($125.68 in chips) 
Seat 4: Y_19 ($120.09 in chips) 
Seat 5: reiyser ($100 in chips) 
Y_19: posts small blind $0.50
reiyser: posts big blind $1
*** HOLE CARDS ***
ImaPeppaPig: raises $1.50 to $2.50
Zvst: folds 
easy_sarcasm: folds 
Y_19: raises $9 to $11.50
reiyser: folds 
ImaPeppaPig: folds 
Uncalled bet ($9) returned to Y_19
Y_19 collected $6 from pot
Y_19: doesn't show hand 
*** SUMMARY ***
Total pot $6 | Rake $0 
Seat 6: LucasTo90
Seat 1: ImaPeppaPig folded before Flop
Seat 2: Zvst folded before Flop (didn't bet)
Seat 3: easy_sarcasm (button) folded before Flop (didn't bet)
Seat 4: Y_19 (small blind) collected ($6)
Seat 5: reiyser (big blind) folded before Flop



PokerStars Hand #254533514294:  Hold'em No Limit ($0.50/$1.00 USD) - 2025/01/24 19:33:58 WET [2025/01/24 14:33:58 ET]
Table 'Vinata IV' 6-max Seat #4 is the button
Seat 6: LucasTo90 ($53.33 in chips) is sitting out
Seat 1: ImaPeppaPig ($114.03 in chips) 
Seat 2: Zvst ($67.16 in chips) 
Seat 3: easy_sarcasm ($125.68 in chips) 
Seat 4: Y_19 ($123.59 in chips) 
Seat 5: reiyser ($100 in chips) 
reiyser: posts small blind $0.50
ImaPeppaPig: posts big blind $1
*** HOLE CARDS ***
Zvst: folds 
easy_sarcasm: raises $2 to $3
Y_19: folds 
reiyser: folds 
ImaPeppaPig: folds 
Uncalled bet ($2) returned to easy_sarcasm
easy_sarcasm collected $2.50 from pot
*** SUMMARY ***
Total pot $2.50 | Rake $0 
Seat 6: LucasTo90
Seat 1: ImaPeppaPig (big blind) folded before Flop
Seat 2: Zvst folded before Flop (didn't bet)
Seat 3: easy_sarcasm collected ($2.50)
Seat 4: Y_19 (button) folded before Flop (didn't bet)
Seat 5: reiyser (small blind) folded before Flop



PokerStars Hand #254533518051:  Hold'em No Limit ($0.50/$1.00 USD) - 2025/01/24 19:34:11 WET [2025/01/24 14:34:11 ET]
Table 'Vinata IV' 6-max Seat #5 is the button
Seat 6: LucasTo90 ($53.33 in chips) is sitting out
Seat 1: ImaPeppaPig ($113.03 in chips) 
Seat 2: Zvst ($67.16 in chips) 
Seat 3: easy_sarcasm ($127.18 in chips) 
Seat 4: Y_19 ($123.59 in chips) 
Seat 5: reiyser ($100 in chips) 
ImaPeppaPig: posts small blind $0.50
Zvst: posts big blind $1
*** HOLE CARDS ***
easy_sarcasm: folds 
Y_19: folds 
reiyser: raises $1.23 to $2.23
ImaPeppaPig: folds 
Zvst: calls $1.23
*** FLOP *** [5d 9c Tc]
Zvst: checks 
reiyser: bets $2.45
Zvst: calls $2.45
*** TURN *** [5d 9c Tc] [Ts]
Zvst: checks 
reiyser: bets $7.12
Zvst: calls $7.12
*** RIVER *** [5d 9c Tc Ts] [6d]
Zvst: checks 
reiyser: bets $17.40
Zvst: calls $17.40
*** SHOW DOWN ***
reiyser: shows [8d Td] (three of a kind, Tens)
Zvst: mucks hand 
reiyser collected $56.40 from pot
*** SUMMARY ***
Total pot $58.90 | Rake $2.50 
Board [5d 9c Tc Ts 6d]
Seat 6: LucasTo90
Seat 1: ImaPeppaPig (small blind) folded before Flop
Seat 2: Zvst (big blind) mucked
Seat 3: easy_sarcasm folded before Flop (didn't bet)
Seat 4: Y_19 folded before Flop (didn't bet)
Seat 5: reiyser (button) showed [8d Td] and won ($56.40) with three of a kind, Tens



PokerStars Hand #254533544610:  Hold'em No Limit ($0.50/$1.00 USD) - 2025/01/24 19:35:43 WET [2025/01/24 14:35:43 ET]
Table 'Vinata IV' 6-max Seat #1 is the button
Seat 6: LucasTo90 ($53.33 in chips) is sitting out
Seat 1: ImaPeppaPig ($112.53 in chips) 
Seat 2: Zvst ($37.96 in chips) 
Seat 3: easy_sarcasm ($127.18 in chips) 
Seat 4: Y_19 ($123.59 in chips) 
Seat 5: reiyser ($127.20 in chips) 
Zvst: posts small blind $0.50
easy_sarcasm: posts big blind $1
*** HOLE CARDS ***
Y_19: raises $1.23 to $2.23
reiyser: folds 
ImaPeppaPig: folds 
Zvst: folds 
easy_sarcasm: folds 
Uncalled bet ($1.23) returned to Y_19
Y_19 collected $2.50 from pot
Y_19: doesn't show hand 
*** SUMMARY ***
Total pot $2.50 | Rake $0 
Seat 6: LucasTo90
Seat 1: ImaPeppaPig (button) folded before Flop (didn't bet)
Seat 2: Zvst (small blind) folded before Flop
Seat 3: easy_sarcasm (big blind) folded before Flop
Seat 4: Y_19 collected ($2.50)
Seat 5: reiyser folded before Flop (didn't bet)



PokerStars Hand #254533548238:  Hold'em No Limit ($0.50/$1.00 USD) - 2025/01/24 19:35:56 WET [2025/01/24 14:35:56 ET]
Table 'Vinata IV' 6-max Seat #2 is the button
Seat 6: LucasTo90 ($53.33 in chips) is sitting out
Seat 1: ImaPeppaPig ($112.53 in chips) 
Seat 2: Zvst ($37.46 in chips) 
Seat 3: easy_sarcasm ($126.18 in chips) 
Seat 4: Y_19 ($125.09 in chips) 
Seat 5: reiyser ($127.20 in chips) 
easy_sarcasm: posts small blind $0.50
Y_19: posts big blind $1
*** HOLE CARDS ***
reiyser: folds 
ImaPeppaPig: folds 
Zvst: raises $1.50 to $2.50
easy_sarcasm: folds 
Y_19: folds 
Uncalled bet ($1.50) returned to Zvst
Zvst collected $2.50 from pot
Zvst: doesn't show hand 
*** SUMMARY ***
Total pot $2.50 | Rake $0 
Seat 6: LucasTo90
Seat 1: ImaPeppaPig folded before Flop (didn't bet)
Seat 2: Zvst (button) collected ($2.50)
Seat 3: easy_sarcasm (small blind) folded before Flop
Seat 4: Y_19 (big blind) folded before Flop
Seat 5: reiyser folded before Flop (didn't bet)



PokerStars Hand #254533555020:  Hold'em No Limit ($0.50/$1.00 USD) - 2025/01/24 19:36:20 WET [2025/01/24 14:36:20 ET]
Table 'Vinata IV' 6-max Seat #3 is the button
Seat 6: LucasTo90 ($53.33 in chips) is sitting out
Seat 1: ImaPeppaPig ($112.53 in chips) 
Seat 2: Zvst ($38.96 in chips) 
Seat 3: easy_sarcasm ($125.68 in chips) 
Seat 4: Y_19 ($124.09 in chips) 
Seat 5: reiyser ($127.20 in chips) 
Y_19: posts small blind $0.50
reiyser: posts big blind $1
*** HOLE CARDS ***
ImaPeppaPig: folds 
Zvst: folds 
easy_sarcasm: folds 
Y_19: folds 
Uncalled bet ($0.50) returned to reiyser
reiyser collected $1 from pot
reiyser: doesn't show hand 
*** SUMMARY ***
Total pot $1 | Rake $0 
Seat 6: LucasTo90
Seat 1: ImaPeppaPig folded before Flop (didn't bet)
Seat 2: Zvst folded before Flop (didn't bet)
Seat 3: easy_sarcasm (button) folded before Flop (didn't bet)
Seat 4: Y_19 (small blind) folded before Flop
Seat 5: reiyser (big blind) collected ($1)



PokerStars Hand #254533557840:  Hold'em No Limit ($0.50/$1.00 USD) - 2025/01/24 19:36:30 WET [2025/01/24 14:36:30 ET]
Table 'Vinata IV' 6-max Seat #4 is the button
Seat 6: LucasTo90 ($53.33 in chips) is sitting out
Seat 1: ImaPeppaPig ($112.53 in chips) 
Seat 2: Zvst ($38.96 in chips) 
Seat 3: easy_sarcasm ($125.68 in chips) 
Seat 4: Y_19 ($123.59 in chips) 
Seat 5: reiyser ($127.70 in chips) 
reiyser: posts small blind $0.50
ImaPeppaPig: posts big blind $1
*** HOLE CARDS ***
Zvst: folds 
Zvst leaves the table
easy_sarcasm: raises $2 to $3
Y_19: folds 
reiyser: raises $10 to $13
ImaPeppaPig: folds 
easy_sarcasm: calls $10
*** FLOP *** [3s 7c Td]
reiyser: bets $13.34
easy_sarcasm: calls $13.34
*** TURN *** [3s 7c Td] [6c]
reiyser: checks 
easy_sarcasm: checks 
*** RIVER *** [3s 7c Td 6c] [5h]
paramourx joins the table at seat #2 
reiyser: bets $14.84
easy_sarcasm: calls $14.84
*** SHOW DOWN ***
reiyser: shows [Jd Jh] (a pair of Jacks)
easy_sarcasm: mucks hand 
reiyser collected $80.86 from pot
*** SUMMARY ***
Total pot $83.36 | Rake $2.50 
Board [3s 7c Td 6c 5h]
Seat 6: LucasTo90
Seat 1: ImaPeppaPig (big blind) folded before Flop
Seat 2: Zvst folded before Flop (didn't bet)
Seat 3: easy_sarcasm mucked
Seat 4: Y_19 (button) folded before Flop (didn't bet)
Seat 5: reiyser (small blind) showed [Jd Jh] and won ($80.86) with a pair of Jacks



PokerStars Hand #254533575491:  Hold'em No Limit ($0.50/$1.00 USD) - 2025/01/24 19:37:32 WET [2025/01/24 14:37:32 ET]
Table 'Vinata IV' 6-max Seat #5 is the button
Seat 6: LucasTo90 ($53.33 in chips) is sitting out
Seat 1: ImaPeppaPig ($111.53 in chips) 
Seat 2: paramourx ($100 in chips) 
Seat 3: easy_sarcasm ($100 in chips) 
Seat 4: Y_19 ($123.59 in chips) 
Seat 5: reiyser ($167.38 in chips) 
ImaPeppaPig: posts small blind $0.50
paramourx: posts big blind $1
*** HOLE CARDS ***
easy_sarcasm: folds 
Y_19: raises $1.23 to $2.23
reiyser: folds 
ImaPeppaPig: folds 
paramourx: calls $1.23
*** FLOP *** [5h Kd 7s]
paramourx: checks 
Y_19: bets $1.55
paramourx: calls $1.55
*** TURN *** [5h Kd 7s] [9c]
paramourx: checks 
Y_19: checks 
*** RIVER *** [5h Kd 7s 9c] [9h]
paramourx: checks 
Y_19: bets $5.36
paramourx: folds 
Uncalled bet ($5.36) returned to Y_19
Y_19 collected $7.66 from pot
Y_19: doesn't show hand 
*** SUMMARY ***
Total pot $8.06 | Rake $0.40 
Board [5h Kd 7s 9c 9h]
Seat 6: LucasTo90
Seat 1: ImaPeppaPig (small blind) folded before Flop
Seat 2: paramourx (big blind) folded on the River
Seat 3: easy_sarcasm folded before Flop (didn't bet)
Seat 4: Y_19 collected ($7.66)
Seat 5: reiyser (button) folded before Flop (didn't bet)



PokerStars Hand #254533593084:  Hold'em No Limit ($0.50/$1.00 USD) - 2025/01/24 19:38:34 WET [2025/01/24 14:38:34 ET]
Table 'Vinata IV' 6-max Seat #1 is the button
Seat 3: easy_sarcasm ($100 in chips) is sitting out
Seat 6: LucasTo90 ($53.33 in chips) is sitting out
Seat 1: ImaPeppaPig ($111.03 in chips) 
Seat 2: paramourx ($100 in chips) 
Seat 4: Y_19 ($127.47 in chips) 
Seat 5: reiyser ($167.38 in chips) 
paramourx: posts small blind $0.50
easy_sarcasm: is sitting out 
Y_19: posts big blind $1
*** HOLE CARDS ***
easy_sarcasm leaves the table
reiyser: folds 
ImaPeppaPig: folds 
paramourx: folds 
Uncalled bet ($0.50) returned to Y_19
Y_19 collected $1 from pot
Y_19: doesn't show hand 
*** SUMMARY ***
Total pot $1 | Rake $0 
Seat 3: easy_sarcasm
Seat 6: LucasTo90
Seat 1: ImaPeppaPig (button) folded before Flop (didn't bet)
Seat 2: paramourx (small blind) folded before Flop
Seat 4: Y_19 (big blind) collected ($1)
Seat 5: reiyser folded before Flop (didn't bet)



PokerStars Hand #254533596155:  Hold'em No Limit ($0.50/$1.00 USD) - 2025/01/24 19:38:44 WET [2025/01/24 14:38:44 ET]
Table 'Vinata IV' 6-max Seat #2 is the button
Seat 6: LucasTo90 ($53.33 in chips) is sitting out
Seat 1: ImaPeppaPig ($111.03 in chips) 
Seat 2: paramourx ($100 in chips) 
Seat 4: Y_19 ($127.97 in chips) 
Seat 5: reiyser ($167.38 in chips) 
Y_19: posts small blind $0.50
reiyser: posts big blind $1
*** HOLE CARDS ***
ImaPeppaPig: folds 
paramourx: folds 
LucasTo90 leaves the table
Y_19: folds 
Uncalled bet ($0.50) returned to reiyser
reiyser collected $1 from pot
reiyser: doesn't show hand 
*** SUMMARY ***
Total pot $1 | Rake $0 
Seat 6: LucasTo90
Seat 1: ImaPeppaPig folded before Flop (didn't bet)
Seat 2: paramourx (button) folded before Flop (didn't bet)
Seat 4: Y_19 (small blind) folded before Flop
Seat 5: reiyser (big blind) collected ($1)



PokerStars Hand #254533598860:  Hold'em No Limit ($0.50/$1.00 USD) - 2025/01/24 19:38:54 WET [2025/01/24 14:38:54 ET]
Table 'Vinata IV' 6-max Seat #4 is the button
Seat 1: ImaPeppaPig ($111.03 in chips) 
Seat 2: paramourx ($100 in chips) 
Seat 4: Y_19 ($127.47 in chips) 
Seat 5: reiyser ($167.88 in chips) 
reiyser: posts small blind $0.50
ImaPeppaPig: posts big blind $1
*** HOLE CARDS ***
paramourx: folds 
Y_19: folds 
reiyser: raises $1.80 to $2.80
ImaPeppaPig: folds 
Uncalled bet ($1.80) returned to reiyser
reiyser collected $2 from pot
reiyser: doesn't show hand 
*** SUMMARY ***
Total pot $2 | Rake $0 
Seat 1: ImaPeppaPig (big blind) folded before Flop
Seat 2: paramourx folded before Flop (didn't bet)
Seat 4: Y_19 (button) folded before Flop (didn't bet)
Seat 5: reiyser (small blind) collected ($2)



PokerStars Hand #254533602636:  Hold'em No Limit ($0.50/$1.00 USD) - 2025/01/24 19:39:07 WET [2025/01/24 14:39:07 ET]
Table 'Vinata IV' 6-max Seat #5 is the button
Seat 1: ImaPeppaPig ($110.03 in chips) 
Seat 2: paramourx ($100 in chips) 
Seat 4: Y_19 ($127.47 in chips) 
Seat 5: reiyser ($168.88 in chips) 
ImaPeppaPig: posts small blind $0.50
paramourx: posts big blind $1
*** HOLE CARDS ***
Y_19: raises $1.23 to $2.23
reiyser: folds 
ImaPeppaPig: folds 
paramourx: folds 
Uncalled bet ($1.23) returned to Y_19
Y_19 collected $2.50 from pot
Y_19: doesn't show hand 
*** SUMMARY ***
Total pot $2.50 | Rake $0 
Seat 1: ImaPeppaPig (small blind) folded before Flop
Seat 2: paramourx (big blind) folded before Flop
Seat 4: Y_19 collected ($2.50)
Seat 5: reiyser (button) folded before Flop (didn't bet)



PokerStars Hand #254533605853:  Hold'em No Limit ($0.50/$1.00 USD) - 2025/01/24 19:39:18 WET [2025/01/24 14:39:18 ET]
Table 'Vinata IV' 6-max Seat #1 is the button
Seat 4: Y_19 ($128.97 in chips) is sitting out
Seat 1: ImaPeppaPig ($109.53 in chips) 
Seat 2: paramourx ($100 in chips) 
Seat 5: reiyser ($168.88 in chips) 
paramourx: posts small blind $0.50
Y_19: is sitting out 
reiyser: posts big blind $1
*** HOLE CARDS ***
ImaPeppaPig: raises $1.50 to $2.50
paramourx: folds 
Y_19 leaves the table
reiyser: calls $1.50
*** FLOP *** [Ad Qc Jd]
reiyser: checks 
ImaPeppaPig: bets $2.71
reiyser: folds 
Uncalled bet ($2.71) returned to ImaPeppaPig
ImaPeppaPig collected $5.22 from pot
ImaPeppaPig: doesn't show hand 
*** SUMMARY ***
Total pot $5.50 | Rake $0.28 
Board [Ad Qc Jd]
Seat 4: Y_19
Seat 1: ImaPeppaPig (button) collected ($5.22)
Seat 2: paramourx (small blind) folded before Flop
Seat 5: reiyser (big blind) folded on the Flop



PokerStars Hand #254533611585:  Hold'em No Limit ($0.50/$1.00 USD) - 2025/01/24 19:39:38 WET [2025/01/24 14:39:38 ET]
Table 'Vinata IV' 6-max Seat #2 is the button
Seat 1: ImaPeppaPig ($112.25 in chips) 
Seat 2: paramourx ($100 in chips) 
Seat 5: reiyser ($166.38 in chips) 
reiyser: posts small blind $0.50
ImaPeppaPig: posts big blind $1
*** HOLE CARDS ***
paramourx: folds 
reiyser: folds 
Uncalled bet ($0.50) returned to ImaPeppaPig
ImaPeppaPig collected $1 from pot
ImaPeppaPig: doesn't show hand 
*** SUMMARY ***
Total pot $1 | Rake $0 
Seat 1: ImaPeppaPig (big blind) collected ($1)
Seat 2: paramourx (button) folded before Flop (didn't bet)
Seat 5: reiyser (small blind) folded before Flop



PokerStars Hand #254533613467:  Hold'em No Limit ($0.50/$1.00 USD) - 2025/01/24 19:39:45 WET [2025/01/24 14:39:45 ET]
Table 'Vinata IV' 6-max Seat #5 is the button
Seat 1: ImaPeppaPig ($112.75 in chips) 
Seat 2: paramourx ($100 in chips) 
Seat 5: reiyser ($165.88 in chips) 
ImaPeppaPig: posts small blind $0.50
paramourx: posts big blind $1
*** HOLE CARDS ***
reiyser: folds 
ImaPeppaPig: folds 
Uncalled bet ($0.50) returned to paramourx
paramourx collected $1 from pot
paramourx: doesn't show hand 
*** SUMMARY ***
Total pot $1 | Rake $0 
Seat 1: ImaPeppaPig (small blind) folded before Flop
Seat 2: paramourx (big blind) collected ($1)
Seat 5: reiyser (button) folded before Flop (didn't bet)



PokerStars Hand #254533615727:  Hold'em No Limit ($0.50/$1.00 USD) - 2025/01/24 19:39:52 WET [2025/01/24 14:39:52 ET]
Table 'Vinata IV' 6-max Seat #2 is the button
Seat 5: reiyser ($165.88 in chips) is sitting out
Seat 1: ImaPeppaPig ($112.25 in chips) 
Seat 2: paramourx ($100.50 in chips) 
paramourx: posts small blind $0.50
reiyser: is sitting out 
ImaPeppaPig: posts big blind $1
*** HOLE CARDS ***
paramourx: folds 
Uncalled bet ($0.50) returned to ImaPeppaPig
ImaPeppaPig collected $1 from pot
ImaPeppaPig: doesn't show hand 
*** SUMMARY ***
Total pot $1 | Rake $0 
Seat 5: reiyser
Seat 1: ImaPeppaPig (big blind) collected ($1)
Seat 2: paramourx (button) (small blind) folded before Flop



