PokerStars Hand #254538807538:  Hold'em No Limit ($0.50/$1.00 USD) - 2025/01/24 0:17:13 WET [2025/01/24 19:17:13 ET]
Table 'Telesto IV' 6-max Seat #4 is the button
Seat 1: m0nTTu ($80 in chips) 
Seat 2: kuca86 ($100 in chips) 
Seat 4: equilibrium_tv ($40 in chips) 
m0nTTu: posts small blind $0.50
kuca86: posts big blind $1
*** HOLE CARDS ***
equilibrium_tv: folds 
m0nTTu: folds 
Uncalled bet ($0.50) returned to kuca86
kuca86 collected $1 from pot
kuca86: doesn't show hand 
*** SUMMARY ***
Total pot $1 | Rake $0 
Seat 1: m0nTTu (small blind) folded before Flop
Seat 2: kuca86 (big blind) collected ($1)
Seat 4: equilibrium_tv (button) folded before Flop (didn't bet)



PokerStars Hand #254538813325:  Hold'em No Limit ($0.50/$1.00 USD) - 2025/01/24 0:17:38 WET [2025/01/24 19:17:38 ET]
Table 'Telesto IV' 6-max Seat #1 is the button
Seat 1: m0nTTu ($79.50 in chips) 
Seat 2: kuca86 ($100.50 in chips) 
Seat 4: equilibrium_tv ($40 in chips) 
kuca86: posts small blind $0.50
equilibrium_tv: posts big blind $1
*** HOLE CARDS ***
m0nTTu: folds 
kuca86: raises $2 to $3
p0pa4poker joins the table at seat #5 
p0pa4poker leaves the table
equilibrium_tv: folds 
Uncalled bet ($2) returned to kuca86
kuca86 collected $2 from pot
kuca86: doesn't show hand 
*** SUMMARY ***
Total pot $2 | Rake $0 
Seat 1: m0nTTu (button) folded before Flop (didn't bet)
Seat 2: kuca86 (small blind) collected ($2)
Seat 4: equilibrium_tv (big blind) folded before Flop



PokerStars Hand #254538821459:  Hold'em No Limit ($0.50/$1.00 USD) - 2025/01/24 0:18:13 WET [2025/01/24 19:18:13 ET]
Table 'Telesto IV' 6-max Seat #2 is the button
Seat 1: m0nTTu ($79.50 in chips) 
Seat 2: kuca86 ($101.50 in chips) 
Seat 4: equilibrium_tv ($39 in chips) 
equilibrium_tv: posts small blind $0.50
m0nTTu: posts big blind $1
*** HOLE CARDS ***
kuca86: raises $1.50 to $2.50
equilibrium_tv: folds 
m0nTTu: folds 
Uncalled bet ($1.50) returned to kuca86
kuca86 collected $2.50 from pot
kuca86: doesn't show hand 
*** SUMMARY ***
Total pot $2.50 | Rake $0 
Seat 1: m0nTTu (big blind) folded before Flop
Seat 2: kuca86 (button) collected ($2.50)
Seat 4: equilibrium_tv (small blind) folded before Flop



PokerStars Hand #254538830396:  Hold'em No Limit ($0.50/$1.00 USD) - 2025/01/24 0:18:52 WET [2025/01/24 19:18:52 ET]
Table 'Telesto IV' 6-max Seat #4 is the button
Seat 1: m0nTTu ($78.50 in chips) 
Seat 2: kuca86 ($103 in chips) 
Seat 4: equilibrium_tv ($38.50 in chips) 
m0nTTu: posts small blind $0.50
kuca86: posts big blind $1
*** HOLE CARDS ***
equilibrium_tv: folds 
m0nTTu: folds 
Uncalled bet ($0.50) returned to kuca86
kuca86 collected $1 from pot
kuca86: doesn't show hand 
*** SUMMARY ***
Total pot $1 | Rake $0 
Seat 1: m0nTTu (small blind) folded before Flop
Seat 2: kuca86 (big blind) collected ($1)
Seat 4: equilibrium_tv (button) folded before Flop (didn't bet)



PokerStars Hand #254538835976:  Hold'em No Limit ($0.50/$1.00 USD) - 2025/01/24 0:19:15 WET [2025/01/24 19:19:15 ET]
Table 'Telesto IV' 6-max Seat #1 is the button
Seat 1: m0nTTu ($78 in chips) 
Seat 2: kuca86 ($103.50 in chips) 
Seat 4: equilibrium_tv ($38.50 in chips) 
kuca86: posts small blind $0.50
equilibrium_tv: posts big blind $1
*** HOLE CARDS ***
p0pa4poker joins the table at seat #3 
p0pa4poker leaves the table
m0nTTu: folds 
kuca86: folds 
Uncalled bet ($0.50) returned to equilibrium_tv
equilibrium_tv collected $1 from pot
*** SUMMARY ***
Total pot $1 | Rake $0 
Seat 1: m0nTTu (button) folded before Flop (didn't bet)
Seat 2: kuca86 (small blind) folded before Flop
Seat 4: equilibrium_tv (big blind) collected ($1)



PokerStars Hand #254538841214:  Hold'em No Limit ($0.50/$1.00 USD) - 2025/01/24 0:19:38 WET [2025/01/24 19:19:38 ET]
Table 'Telesto IV' 6-max Seat #4 is the button
Seat 1: m0nTTu ($78 in chips) is sitting out
Seat 2: kuca86 ($103 in chips) 
Seat 4: equilibrium_tv ($39 in chips) 
equilibrium_tv: posts small blind $0.50
m0nTTu: is sitting out 
kuca86: posts big blind $1
*** HOLE CARDS ***
equilibrium_tv: folds 
Uncalled bet ($0.50) returned to kuca86
kuca86 collected $1 from pot
kuca86: doesn't show hand 
*** SUMMARY ***
Total pot $1 | Rake $0 
Seat 1: m0nTTu
Seat 2: kuca86 (big blind) collected ($1)
Seat 4: equilibrium_tv (button) (small blind) folded before Flop



PokerStars Hand #254538844733:  Hold'em No Limit ($0.50/$1.00 USD) - 2025/01/24 0:19:53 WET [2025/01/24 19:19:53 ET]
Table 'Telesto IV' 6-max Seat #2 is the button
Seat 1: m0nTTu ($78 in chips) is sitting out
Seat 2: kuca86 ($103.50 in chips) 
Seat 4: equilibrium_tv ($38.50 in chips) 
kuca86: posts small blind $0.50
equilibrium_tv: posts big blind $1
*** HOLE CARDS ***
m0nTTu leaves the table
kuca86: folds 
Uncalled bet ($0.50) returned to equilibrium_tv
equilibrium_tv collected $1 from pot
*** SUMMARY ***
Total pot $1 | Rake $0 
Seat 1: m0nTTu
Seat 2: kuca86 (button) (small blind) folded before Flop
Seat 4: equilibrium_tv (big blind) collected ($1)



PokerStars Hand #254538848485:  Hold'em No Limit ($0.50/$1.00 USD) - 2025/01/24 0:20:10 WET [2025/01/24 19:20:10 ET]
Table 'Telesto IV' 6-max Seat #4 is the button
Seat 2: kuca86 ($103 in chips) 
Seat 4: equilibrium_tv ($39 in chips) 
equilibrium_tv: posts small blind $0.50
kuca86: posts big blind $1
*** HOLE CARDS ***
equilibrium_tv: folds 
Uncalled bet ($0.50) returned to kuca86
kuca86 collected $1 from pot
kuca86: doesn't show hand 
*** SUMMARY ***
Total pot $1 | Rake $0 
Seat 2: kuca86 (big blind) collected ($1)
Seat 4: equilibrium_tv (button) (small blind) folded before Flop



