PokerStars Hand #254532618617:  Hold'em No Limit ($0.50/$1.00 USD) - 2025/01/24 18:38:38 WET [2025/01/24 13:38:38 ET]
Table 'Guangxi IV' 6-max Seat #4 is the button
Seat 2: I TAKE IT 85 ($101.50 in chips) is sitting out
Seat 4: AIien Hand ($100 in chips) 
Seat 5: Maximysss85 ($100 in chips) 
AIien Hand: posts small blind $0.50
Maximysss85: posts big blind $1
*** HOLE CARDS ***
I TAKE IT 85 leaves the table
AIien Hand: folds 
Uncalled bet ($0.50) returned to Maximysss85
Maximysss85 collected $1 from pot
Maximysss85: doesn't show hand 
*** SUMMARY ***
Total pot $1 | Rake $0 
Seat 2: I TAKE IT 85
Seat 4: AIien Hand (button) (small blind) folded before Flop
Seat 5: Maximysss85 (big blind) collected ($1)



PokerStars Hand #254532621416:  Hold'em No Limit ($0.50/$1.00 USD) - 2025/01/24 18:38:48 WET [2025/01/24 13:38:48 ET]
Table 'Guangxi IV' 6-max Seat #5 is the button
Seat 4: AIien Hand ($100 in chips) 
Seat 5: Maximysss85 ($100.50 in chips) 
Maximysss85: posts small blind $0.50
AIien Hand: posts big blind $1
*** HOLE CARDS ***
Maximysss85: raises $1.50 to $2.50
AIien Hand: folds 
Uncalled bet ($1.50) returned to Maximysss85
Maximysss85 collected $2 from pot
Maximysss85: doesn't show hand 
*** SUMMARY ***
Total pot $2 | Rake $0 
Seat 4: AIien Hand (big blind) folded before Flop
Seat 5: Maximysss85 (button) (small blind) collected ($2)



PokerStars Hand #254532633766:  Hold'em No Limit ($0.50/$1.00 USD) - 2025/01/24 18:39:31 WET [2025/01/24 13:39:31 ET]
Table 'Guangxi IV' 6-max Seat #1 is the button
Seat 4: AIien Hand ($100 in chips) is sitting out
Seat 1: I TAKE IT 85 ($101.50 in chips) 
Seat 2: GuigaMan ($100 in chips) 
I TAKE IT 85: posts small blind $0.50
GuigaMan is connected 
GuigaMan: posts big blind $1
*** HOLE CARDS ***
I TAKE IT 85: folds 
Uncalled bet ($0.50) returned to GuigaMan
GuigaMan collected $1 from pot
GuigaMan: doesn't show hand 
*** SUMMARY ***
Total pot $1 | Rake $0 
Seat 4: AIien Hand
Seat 1: I TAKE IT 85 (button) (small blind) folded before Flop
Seat 2: GuigaMan (big blind) collected ($1)



PokerStars Hand #254532635446:  Hold'em No Limit ($0.50/$1.00 USD) - 2025/01/24 18:39:37 WET [2025/01/24 13:39:37 ET]
Table 'Guangxi IV' 6-max Seat #1 is the button
Seat 1: I TAKE IT 85 ($101 in chips) 
Seat 2: GuigaMan ($100.50 in chips) 
Seat 4: AIien Hand ($100 in chips) 
GuigaMan: posts small blind $0.50
AIien Hand: posts big blind $1
*** HOLE CARDS ***
I TAKE IT 85: raises $1.05 to $2.05
GuigaMan: folds 
AIien Hand: calls $1.05
*** FLOP *** [5h 9c 5c]
AIien Hand: checks 
I TAKE IT 85: checks 
*** TURN *** [5h 9c 5c] [5d]
AIien Hand: checks 
I TAKE IT 85: checks 
*** RIVER *** [5h 9c 5c 5d] [4s]
AIien Hand: checks 
I TAKE IT 85: checks 
*** SHOW DOWN ***
AIien Hand: shows [Ad 9h] (a full house, Fives full of Nines)
I TAKE IT 85: mucks hand 
AIien Hand collected $4.37 from pot
*** SUMMARY ***
Total pot $4.60 | Rake $0.23 
Board [5h 9c 5c 5d 4s]
Seat 1: I TAKE IT 85 (button) mucked
Seat 2: GuigaMan (small blind) folded before Flop
Seat 4: AIien Hand (big blind) showed [Ad 9h] and won ($4.37) with a full house, Fives full of Nines



PokerStars Hand #254532654827:  Hold'em No Limit ($0.50/$1.00 USD) - 2025/01/24 18:40:47 WET [2025/01/24 13:40:47 ET]
Table 'Guangxi IV' 6-max Seat #2 is the button
Seat 1: I TAKE IT 85 ($100 in chips) 
Seat 2: GuigaMan ($100 in chips) 
Seat 4: AIien Hand ($102.32 in chips) 
AIien Hand: posts small blind $0.50
I TAKE IT 85: posts big blind $1
*** HOLE CARDS ***
GuigaMan: raises $1.50 to $2.50
AIien Hand: folds 
I TAKE IT 85: folds 
Uncalled bet ($1.50) returned to GuigaMan
GuigaMan collected $2.50 from pot
GuigaMan: doesn't show hand 
*** SUMMARY ***
Total pot $2.50 | Rake $0 
Seat 1: I TAKE IT 85 (big blind) folded before Flop
Seat 2: GuigaMan (button) collected ($2.50)
Seat 4: AIien Hand (small blind) folded before Flop



PokerStars Hand #254532658321:  Hold'em No Limit ($0.50/$1.00 USD) - 2025/01/24 18:41:00 WET [2025/01/24 13:41:00 ET]
Table 'Guangxi IV' 6-max Seat #4 is the button
Seat 1: I TAKE IT 85 ($100 in chips) 
Seat 2: GuigaMan ($101.50 in chips) 
Seat 4: AIien Hand ($101.82 in chips) 
I TAKE IT 85: posts small blind $0.50
GuigaMan: posts big blind $1
*** HOLE CARDS ***
AIien Hand: folds 
I TAKE IT 85: raises $2 to $3
GuigaMan: folds 
Uncalled bet ($2) returned to I TAKE IT 85
I TAKE IT 85 collected $2 from pot
I TAKE IT 85: doesn't show hand 
*** SUMMARY ***
Total pot $2 | Rake $0 
Seat 1: I TAKE IT 85 (small blind) collected ($2)
Seat 2: GuigaMan (big blind) folded before Flop
Seat 4: AIien Hand (button) folded before Flop (didn't bet)



PokerStars Hand #254532661075:  Hold'em No Limit ($0.50/$1.00 USD) - 2025/01/24 18:41:09 WET [2025/01/24 13:41:09 ET]
Table 'Guangxi IV' 6-max Seat #1 is the button
Seat 1: I TAKE IT 85 ($101 in chips) 
Seat 2: GuigaMan ($100.50 in chips) 
Seat 4: AIien Hand ($101.82 in chips) 
GuigaMan: posts small blind $0.50
AIien Hand: posts big blind $1
*** HOLE CARDS ***
I TAKE IT 85: folds 
GuigaMan: folds 
Uncalled bet ($0.50) returned to AIien Hand
AIien Hand collected $1 from pot
AIien Hand: doesn't show hand 
*** SUMMARY ***
Total pot $1 | Rake $0 
Seat 1: I TAKE IT 85 (button) folded before Flop (didn't bet)
Seat 2: GuigaMan (small blind) folded before Flop
Seat 4: AIien Hand (big blind) collected ($1)



PokerStars Hand #254532662901:  Hold'em No Limit ($0.50/$1.00 USD) - 2025/01/24 18:41:16 WET [2025/01/24 13:41:16 ET]
Table 'Guangxi IV' 6-max Seat #2 is the button
Seat 1: I TAKE IT 85 ($101 in chips) 
Seat 2: GuigaMan ($100 in chips) 
Seat 4: AIien Hand ($102.32 in chips) 
AIien Hand: posts small blind $0.50
I TAKE IT 85: posts big blind $1
*** HOLE CARDS ***
GuigaMan: folds 
AIien Hand: folds 
Uncalled bet ($0.50) returned to I TAKE IT 85
I TAKE IT 85 collected $1 from pot
I TAKE IT 85: doesn't show hand 
*** SUMMARY ***
Total pot $1 | Rake $0 
Seat 1: I TAKE IT 85 (big blind) collected ($1)
Seat 2: GuigaMan (button) folded before Flop (didn't bet)
Seat 4: AIien Hand (small blind) folded before Flop



PokerStars Hand #254532665183:  Hold'em No Limit ($0.50/$1.00 USD) - 2025/01/24 18:41:24 WET [2025/01/24 13:41:24 ET]
Table 'Guangxi IV' 6-max Seat #4 is the button
Seat 1: I TAKE IT 85 ($101.50 in chips) 
Seat 2: GuigaMan ($100 in chips) 
Seat 4: AIien Hand ($101.82 in chips) 
I TAKE IT 85: posts small blind $0.50
GuigaMan: posts big blind $1
*** HOLE CARDS ***
AIien Hand: raises $1.50 to $2.50
I TAKE IT 85: folds 
GuigaMan: folds 
Uncalled bet ($1.50) returned to AIien Hand
AIien Hand collected $2.50 from pot
AIien Hand: doesn't show hand 
*** SUMMARY ***
Total pot $2.50 | Rake $0 
Seat 1: I TAKE IT 85 (small blind) folded before Flop
Seat 2: GuigaMan (big blind) folded before Flop
Seat 4: AIien Hand (button) collected ($2.50)



PokerStars Hand #254532668104:  Hold'em No Limit ($0.50/$1.00 USD) - 2025/01/24 18:41:35 WET [2025/01/24 13:41:35 ET]
Table 'Guangxi IV' 6-max Seat #1 is the button
Seat 1: I TAKE IT 85 ($101 in chips) 
Seat 2: GuigaMan ($100 in chips) 
Seat 4: AIien Hand ($103.32 in chips) 
GuigaMan: posts small blind $0.50
AIien Hand: posts big blind $1
*** HOLE CARDS ***
I TAKE IT 85: raises $1.05 to $2.05
GuigaMan: folds 
AIien Hand: folds 
Uncalled bet ($1.05) returned to I TAKE IT 85
I TAKE IT 85 collected $2.50 from pot
I TAKE IT 85: doesn't show hand 
*** SUMMARY ***
Total pot $2.50 | Rake $0 
Seat 1: I TAKE IT 85 (button) collected ($2.50)
Seat 2: GuigaMan (small blind) folded before Flop
Seat 4: AIien Hand (big blind) folded before Flop



PokerStars Hand #254532670379:  Hold'em No Limit ($0.50/$1.00 USD) - 2025/01/24 18:41:43 WET [2025/01/24 13:41:43 ET]
Table 'Guangxi IV' 6-max Seat #2 is the button
Seat 1: I TAKE IT 85 ($102.50 in chips) 
Seat 2: GuigaMan ($100 in chips) 
Seat 4: AIien Hand ($102.32 in chips) 
AIien Hand: posts small blind $0.50
I TAKE IT 85: posts big blind $1
*** HOLE CARDS ***
GuigaMan: raises $1.50 to $2.50
AIien Hand: raises $8 to $10.50
I TAKE IT 85: folds 
GuigaMan: folds 
Uncalled bet ($8) returned to AIien Hand
AIien Hand collected $6 from pot
AIien Hand: doesn't show hand 
*** SUMMARY ***
Total pot $6 | Rake $0 
Seat 1: I TAKE IT 85 (big blind) folded before Flop
Seat 2: GuigaMan (button) folded before Flop
Seat 4: AIien Hand (small blind) collected ($6)



PokerStars Hand #254532675397:  Hold'em No Limit ($0.50/$1.00 USD) - 2025/01/24 18:42:01 WET [2025/01/24 13:42:01 ET]
Table 'Guangxi IV' 6-max Seat #4 is the button
Seat 1: I TAKE IT 85 ($101.50 in chips) 
Seat 2: GuigaMan ($100 in chips) 
Seat 4: AIien Hand ($105.82 in chips) 
I TAKE IT 85: posts small blind $0.50
GuigaMan: posts big blind $1
*** HOLE CARDS ***
AIien Hand: raises $1.50 to $2.50
I TAKE IT 85: folds 
GuigaMan: folds 
Uncalled bet ($1.50) returned to AIien Hand
AIien Hand collected $2.50 from pot
AIien Hand: doesn't show hand 
*** SUMMARY ***
Total pot $2.50 | Rake $0 
Seat 1: I TAKE IT 85 (small blind) folded before Flop
Seat 2: GuigaMan (big blind) folded before Flop
Seat 4: AIien Hand (button) collected ($2.50)



PokerStars Hand #254532677975:  Hold'em No Limit ($0.50/$1.00 USD) - 2025/01/24 18:42:10 WET [2025/01/24 13:42:10 ET]
Table 'Guangxi IV' 6-max Seat #1 is the button
Seat 1: I TAKE IT 85 ($101 in chips) 
Seat 2: GuigaMan ($100 in chips) 
Seat 4: AIien Hand ($107.32 in chips) 
GuigaMan: posts small blind $0.50
AIien Hand: posts big blind $1
*** HOLE CARDS ***
I TAKE IT 85: raises $1.05 to $2.05
GuigaMan: folds 
AIien Hand: calls $1.05
*** FLOP *** [Js Ks 7h]
AIien Hand: checks 
I TAKE IT 85: bets $1.66
AIien Hand: folds 
Uncalled bet ($1.66) returned to I TAKE IT 85
I TAKE IT 85 collected $4.37 from pot
I TAKE IT 85: doesn't show hand 
*** SUMMARY ***
Total pot $4.60 | Rake $0.23 
Board [Js Ks 7h]
Seat 1: I TAKE IT 85 (button) collected ($4.37)
Seat 2: GuigaMan (small blind) folded before Flop
Seat 4: AIien Hand (big blind) folded on the Flop



PokerStars Hand #254532683694:  Hold'em No Limit ($0.50/$1.00 USD) - 2025/01/24 18:42:30 WET [2025/01/24 13:42:30 ET]
Table 'Guangxi IV' 6-max Seat #2 is the button
Seat 1: I TAKE IT 85 ($103.32 in chips) 
Seat 2: GuigaMan ($100 in chips) 
Seat 4: AIien Hand ($105.27 in chips) 
AIien Hand: posts small blind $0.50
I TAKE IT 85: posts big blind $1
*** HOLE CARDS ***
GuigaMan: raises $1.50 to $2.50
AIien Hand: raises $8 to $10.50
I TAKE IT 85: folds 
GuigaMan: folds 
Uncalled bet ($8) returned to AIien Hand
AIien Hand collected $6 from pot
AIien Hand: doesn't show hand 
*** SUMMARY ***
Total pot $6 | Rake $0 
Seat 1: I TAKE IT 85 (big blind) folded before Flop
Seat 2: GuigaMan (button) folded before Flop
Seat 4: AIien Hand (small blind) collected ($6)



PokerStars Hand #254532688462:  Hold'em No Limit ($0.50/$1.00 USD) - 2025/01/24 18:42:48 WET [2025/01/24 13:42:48 ET]
Table 'Guangxi IV' 6-max Seat #4 is the button
Seat 1: I TAKE IT 85 ($102.32 in chips) 
Seat 2: GuigaMan ($100 in chips) 
Seat 4: AIien Hand ($108.77 in chips) 
I TAKE IT 85: posts small blind $0.50
GuigaMan: posts big blind $1
*** HOLE CARDS ***
AIien Hand: raises $1.50 to $2.50
I TAKE IT 85: folds 
GuigaMan: folds 
Uncalled bet ($1.50) returned to AIien Hand
AIien Hand collected $2.50 from pot
AIien Hand: doesn't show hand 
*** SUMMARY ***
Total pot $2.50 | Rake $0 
Seat 1: I TAKE IT 85 (small blind) folded before Flop
Seat 2: GuigaMan (big blind) folded before Flop
Seat 4: AIien Hand (button) collected ($2.50)



PokerStars Hand #254532690877:  Hold'em No Limit ($0.50/$1.00 USD) - 2025/01/24 18:42:56 WET [2025/01/24 13:42:56 ET]
Table 'Guangxi IV' 6-max Seat #1 is the button
Seat 1: I TAKE IT 85 ($101.82 in chips) 
Seat 2: GuigaMan ($100 in chips) 
Seat 4: AIien Hand ($110.27 in chips) 
GuigaMan: posts small blind $0.50
AIien Hand: posts big blind $1
*** HOLE CARDS ***
I TAKE IT 85: folds 
GuigaMan: folds 
Uncalled bet ($0.50) returned to AIien Hand
worker0k joins the table at seat #6 
AIien Hand collected $1 from pot
AIien Hand: doesn't show hand 
sta$igk joins the table at seat #3 
Haalleluja joins the table at seat #5 
*** SUMMARY ***
Total pot $1 | Rake $0 
Seat 1: I TAKE IT 85 (button) folded before Flop (didn't bet)
Seat 2: GuigaMan (small blind) folded before Flop
Seat 4: AIien Hand (big blind) collected ($1)



PokerStars Hand #254532693428:  Hold'em No Limit ($0.50/$1.00 USD) - 2025/01/24 18:43:05 WET [2025/01/24 13:43:05 ET]
Table 'Guangxi IV' 6-max Seat #2 is the button
Seat 3: sta$igk ($100 in chips) is sitting out
Seat 6: worker0k ($100 in chips) is sitting out
Seat 1: I TAKE IT 85 ($101.82 in chips) 
Seat 2: GuigaMan ($100 in chips) 
Seat 4: AIien Hand ($110.77 in chips) 
Seat 5: Haalleluja ($100 in chips) 
Haalleluja is disconnected 
AIien Hand: posts small blind $0.50
Haalleluja is connected 
Haalleluja: posts big blind $1
worker0k: sits out 
*** HOLE CARDS ***
I TAKE IT 85: folds 
GuigaMan: folds 
AIien Hand: folds 
Uncalled bet ($0.50) returned to Haalleluja
Haalleluja collected $1 from pot
*** SUMMARY ***
Total pot $1 | Rake $0 
Seat 3: sta$igk
Seat 6: worker0k
Seat 1: I TAKE IT 85 folded before Flop (didn't bet)
Seat 2: GuigaMan (button) folded before Flop (didn't bet)
Seat 4: AIien Hand (small blind) folded before Flop
Seat 5: Haalleluja (big blind) collected ($1)



PokerStars Hand #254532695470:  Hold'em No Limit ($0.50/$1.00 USD) - 2025/01/24 18:43:13 WET [2025/01/24 13:43:13 ET]
Table 'Guangxi IV' 6-max Seat #4 is the button
Seat 3: sta$igk ($100 in chips) is sitting out
Seat 1: I TAKE IT 85 ($101.82 in chips) 
Seat 2: GuigaMan ($100 in chips) 
Seat 4: AIien Hand ($110.27 in chips) 
Seat 5: Haalleluja ($100.50 in chips) 
Seat 6: worker0k ($100 in chips) 
Haalleluja: posts small blind $0.50
worker0k: posts big blind $1
sta$igk: sits out 
*** HOLE CARDS ***
I TAKE IT 85: folds 
GuigaMan: folds 
AIien Hand: folds 
Haalleluja: folds 
Uncalled bet ($0.50) returned to worker0k
worker0k collected $1 from pot
*** SUMMARY ***
Total pot $1 | Rake $0 
Seat 3: sta$igk
Seat 1: I TAKE IT 85 folded before Flop (didn't bet)
Seat 2: GuigaMan folded before Flop (didn't bet)
Seat 4: AIien Hand (button) folded before Flop (didn't bet)
Seat 5: Haalleluja (small blind) folded before Flop
Seat 6: worker0k (big blind) collected ($1)



PokerStars Hand #254532697432:  Hold'em No Limit ($0.50/$1.00 USD) - 2025/01/24 18:43:20 WET [2025/01/24 13:43:20 ET]
Table 'Guangxi IV' 6-max Seat #5 is the button
Seat 3: sta$igk ($100 in chips) is sitting out
Seat 1: I TAKE IT 85 ($101.82 in chips) 
Seat 2: GuigaMan ($100 in chips) 
Seat 4: AIien Hand ($110.27 in chips) 
Seat 5: Haalleluja ($100 in chips) 
Seat 6: worker0k ($100.50 in chips) 
worker0k: posts small blind $0.50
I TAKE IT 85: posts big blind $1
sta$igk: sits out 
*** HOLE CARDS ***
GuigaMan: raises $1.50 to $2.50
AIien Hand: raises $5 to $7.50
Haalleluja: folds 
worker0k: raises $13.50 to $21
I TAKE IT 85: folds 
GuigaMan: folds 
AIien Hand: folds 
Uncalled bet ($13.50) returned to worker0k
worker0k collected $18.50 from pot
*** SUMMARY ***
Total pot $18.50 | Rake $0 
Seat 3: sta$igk
Seat 1: I TAKE IT 85 (big blind) folded before Flop
Seat 2: GuigaMan folded before Flop
Seat 4: AIien Hand folded before Flop
Seat 5: Haalleluja (button) folded before Flop (didn't bet)
Seat 6: worker0k (small blind) collected ($18.50)



PokerStars Hand #254532703244:  Hold'em No Limit ($0.50/$1.00 USD) - 2025/01/24 18:43:41 WET [2025/01/24 13:43:41 ET]
Table 'Guangxi IV' 6-max Seat #6 is the button
Seat 3: sta$igk ($100 in chips) is sitting out
Seat 1: I TAKE IT 85 ($100.82 in chips) 
Seat 2: GuigaMan ($100 in chips) 
Seat 4: AIien Hand ($102.77 in chips) 
Seat 5: Haalleluja ($100 in chips) 
Seat 6: worker0k ($111.50 in chips) 
I TAKE IT 85: posts small blind $0.50
GuigaMan: posts big blind $1
sta$igk: sits out 
*** HOLE CARDS ***
AIien Hand: folds 
Haalleluja: raises $1.50 to $2.50
worker0k: raises $5 to $7.50
I TAKE IT 85: folds 
GuigaMan: folds 
Haalleluja: folds 
Uncalled bet ($5) returned to worker0k
worker0k collected $6.50 from pot
*** SUMMARY ***
Total pot $6.50 | Rake $0 
Seat 3: sta$igk
Seat 1: I TAKE IT 85 (small blind) folded before Flop
Seat 2: GuigaMan (big blind) folded before Flop
Seat 4: AIien Hand folded before Flop (didn't bet)
Seat 5: Haalleluja folded before Flop
Seat 6: worker0k (button) collected ($6.50)



PokerStars Hand #254532708183:  Hold'em No Limit ($0.50/$1.00 USD) - 2025/01/24 18:43:59 WET [2025/01/24 13:43:59 ET]
Table 'Guangxi IV' 6-max Seat #1 is the button
Seat 1: I TAKE IT 85 ($100.32 in chips) 
Seat 2: GuigaMan ($100 in chips) 
Seat 3: sta$igk ($100 in chips) 
Seat 4: AIien Hand ($102.77 in chips) 
Seat 5: Haalleluja ($97.50 in chips) 
Seat 6: worker0k ($115.50 in chips) 
GuigaMan: posts small blind $0.50
sta$igk: posts big blind $1
*** HOLE CARDS ***
AIien Hand: folds 
Haalleluja: raises $1 to $2
worker0k: folds 
I TAKE IT 85: folds 
GuigaMan: folds 
sta$igk: folds 
Uncalled bet ($1) returned to Haalleluja
Haalleluja collected $2.50 from pot
*** SUMMARY ***
Total pot $2.50 | Rake $0 
Seat 1: I TAKE IT 85 (button) folded before Flop (didn't bet)
Seat 2: GuigaMan (small blind) folded before Flop
Seat 3: sta$igk (big blind) folded before Flop
Seat 4: AIien Hand folded before Flop (didn't bet)
Seat 5: Haalleluja collected ($2.50)
Seat 6: worker0k folded before Flop (didn't bet)



PokerStars Hand #254532905085:  Hold'em No Limit ($0.50/$1.00 USD) - 2025/01/24 18:56:11 WET [2025/01/24 13:56:11 ET]
Table 'Guangxi IV' 6-max Seat #4 is the button
Seat 2: BGS013 ($100 in chips) 
Seat 3: BronsonJC ($119.02 in chips) 
Seat 4: AIien Hand ($135.35 in chips) 
Seat 5: Oli3579 ($100.50 in chips) 
Seat 6: Rezzonner ($100 in chips) 
Oli3579: posts small blind $0.50
Rezzonner: posts big blind $1
*** HOLE CARDS ***
BGS013: folds 
BronsonJC: raises $1.50 to $2.50
AIien Hand: raises $5 to $7.50
Oli3579: folds 
Rezzonner: folds 
BronsonJC: calls $5
*** FLOP *** [Js 9d 2s]
BronsonJC: checks 
AIien Hand: bets $4.71
BronsonJC: folds 
Uncalled bet ($4.71) returned to AIien Hand
AIien Hand collected $15.68 from pot
AIien Hand: doesn't show hand 
*** SUMMARY ***
Total pot $16.50 | Rake $0.82 
Board [Js 9d 2s]
Seat 2: BGS013 folded before Flop (didn't bet)
Seat 3: BronsonJC folded on the Flop
Seat 4: AIien Hand (button) collected ($15.68)
Seat 5: Oli3579 (small blind) folded before Flop
Seat 6: Rezzonner (big blind) folded before Flop



PokerStars Hand #254532911721:  Hold'em No Limit ($0.50/$1.00 USD) - 2025/01/24 18:56:44 WET [2025/01/24 13:56:44 ET]
Table 'Guangxi IV' 6-max Seat #5 is the button
Seat 2: BGS013 ($100 in chips) 
Seat 3: BronsonJC ($111.52 in chips) 
Seat 4: AIien Hand ($143.53 in chips) 
Seat 5: Oli3579 ($100 in chips) 
Seat 6: Rezzonner ($100 in chips) 
Rezzonner: posts small blind $0.50
BGS013: posts big blind $1
*** HOLE CARDS ***
BronsonJC: folds 
AIien Hand: folds 
Oli3579: folds 
Rezzonner: raises $2 to $3
BGS013: calls $2
*** FLOP *** [2d Ac 6d]
Rezzonner: checks 
BGS013: checks 
*** TURN *** [2d Ac 6d] [As]
Rezzonner: checks 
BGS013: checks 
*** RIVER *** [2d Ac 6d As] [2s]
Rezzonner: checks 
BronsonJC leaves the table
BGS013: checks 
*** SHOW DOWN ***
Rezzonner: shows [Qh Jc] (two pair, Aces and Deuces)
BGS013: shows [4s Ks] (two pair, Aces and Deuces - King kicker)
BGS013 collected $5.70 from pot
*** SUMMARY ***
Total pot $6 | Rake $0.30 
Board [2d Ac 6d As 2s]
Seat 2: BGS013 (big blind) showed [4s Ks] and won ($5.70) with two pair, Aces and Deuces
Seat 3: BronsonJC folded before Flop (didn't bet)
Seat 4: AIien Hand folded before Flop (didn't bet)
Seat 5: Oli3579 (button) folded before Flop (didn't bet)
Seat 6: Rezzonner (small blind) showed [Qh Jc] and lost with two pair, Aces and Deuces



PokerStars Hand #254532925590:  Hold'em No Limit ($0.50/$1.00 USD) - 2025/01/24 18:57:54 WET [2025/01/24 13:57:54 ET]
Table 'Guangxi IV' 6-max Seat #6 is the button
Seat 2: BGS013 ($102.70 in chips) 
Seat 4: AIien Hand ($143.53 in chips) 
Seat 5: Oli3579 ($100 in chips) 
Seat 6: Rezzonner ($100 in chips) 
BGS013: posts small blind $0.50
AIien Hand: posts big blind $1
*** HOLE CARDS ***
Oli3579: raises $1.25 to $2.25
Rezzonner: folds 
BGS013: folds 
AIien Hand: folds 
Uncalled bet ($1.25) returned to Oli3579
Oli3579 collected $2.50 from pot
Oli3579: doesn't show hand 
*** SUMMARY ***
Total pot $2.50 | Rake $0 
Seat 2: BGS013 (small blind) folded before Flop
Seat 4: AIien Hand (big blind) folded before Flop
Seat 5: Oli3579 collected ($2.50)
Seat 6: Rezzonner (button) folded before Flop (didn't bet)



PokerStars Hand #254532927744:  Hold'em No Limit ($0.50/$1.00 USD) - 2025/01/24 18:58:04 WET [2025/01/24 13:58:04 ET]
Table 'Guangxi IV' 6-max Seat #2 is the button
Seat 2: BGS013 ($102.20 in chips) 
Seat 4: AIien Hand ($142.53 in chips) 
Seat 5: Oli3579 ($101.50 in chips) 
Seat 6: Rezzonner ($100 in chips) 
AIien Hand: posts small blind $0.50
Oli3579: posts big blind $1
*** HOLE CARDS ***
Rezzonner: folds 
BGS013: folds 
AIien Hand: folds 
Uncalled bet ($0.50) returned to Oli3579
Oli3579 collected $1 from pot
Oli3579: doesn't show hand 
*** SUMMARY ***
Total pot $1 | Rake $0 
Seat 2: BGS013 (button) folded before Flop (didn't bet)
Seat 4: AIien Hand (small blind) folded before Flop
Seat 5: Oli3579 (big blind) collected ($1)
Seat 6: Rezzonner folded before Flop (didn't bet)



PokerStars Hand #254532930346:  Hold'em No Limit ($0.50/$1.00 USD) - 2025/01/24 18:58:18 WET [2025/01/24 13:58:18 ET]
Table 'Guangxi IV' 6-max Seat #4 is the button
Seat 2: BGS013 ($102.20 in chips) 
Seat 4: AIien Hand ($142.03 in chips) 
Seat 5: Oli3579 ($102 in chips) 
Seat 6: Rezzonner ($100 in chips) 
Oli3579: posts small blind $0.50
Rezzonner: posts big blind $1
*** HOLE CARDS ***
BGS013: folds 
AIien Hand: folds 
Oli3579: folds 
Uncalled bet ($0.50) returned to Rezzonner
Rezzonner collected $1 from pot
Rezzonner: doesn't show hand 
*** SUMMARY ***
Total pot $1 | Rake $0 
Seat 2: BGS013 folded before Flop (didn't bet)
Seat 4: AIien Hand (button) folded before Flop (didn't bet)
Seat 5: Oli3579 (small blind) folded before Flop
Seat 6: Rezzonner (big blind) collected ($1)



PokerStars Hand #254532931959:  Hold'em No Limit ($0.50/$1.00 USD) - 2025/01/24 18:58:26 WET [2025/01/24 13:58:26 ET]
Table 'Guangxi IV' 6-max Seat #5 is the button
Seat 2: BGS013 ($102.20 in chips) 
Seat 4: AIien Hand ($142.03 in chips) 
Seat 5: Oli3579 ($101.50 in chips) 
Seat 6: Rezzonner ($100.50 in chips) 
Rezzonner: posts small blind $0.50
BGS013: posts big blind $1
*** HOLE CARDS ***
AIien Hand: folds 
Oli3579: raises $1.25 to $2.25
Rezzonner: folds 
BGS013: calls $1.25
*** FLOP *** [9c Qd 4s]
BGS013: checks 
z00mba joins the table at seat #1 
GuigaMan joins the table at seat #3 
Oli3579: bets $2.37
BGS013: calls $2.37
*** TURN *** [9c Qd 4s] [Th]
z00mba leaves the table
BGS013: checks 
Oli3579: checks 
*** RIVER *** [9c Qd 4s Th] [5s]
BGS013: checks 
Oli3579: bets $6.11
BGS013: folds 
Uncalled bet ($6.11) returned to Oli3579
Oli3579 collected $9.25 from pot
Oli3579: doesn't show hand 
*** SUMMARY ***
Total pot $9.74 | Rake $0.49 
Board [9c Qd 4s Th 5s]
Seat 2: BGS013 (big blind) folded on the River
Seat 4: AIien Hand folded before Flop (didn't bet)
Seat 5: Oli3579 (button) collected ($9.25)
Seat 6: Rezzonner (small blind) folded before Flop



PokerStars Hand #254532946149:  Hold'em No Limit ($0.50/$1.00 USD) - 2025/01/24 18:59:37 WET [2025/01/24 13:59:37 ET]
Table 'Guangxi IV' 6-max Seat #6 is the button
Seat 2: BGS013 ($100 in chips) 
Seat 3: GuigaMan ($101.50 in chips) 
Seat 4: AIien Hand ($142.03 in chips) 
Seat 5: Oli3579 ($106.13 in chips) 
Seat 6: Rezzonner ($100 in chips) 
BGS013: posts small blind $0.50
GuigaMan: posts big blind $1
*** HOLE CARDS ***
AIien Hand: folds 
Oli3579: raises $1.25 to $2.25
Rezzonner: folds 
BGS013: folds 
GuigaMan: calls $1.25
*** FLOP *** [Ac 3h 5h]
GuigaMan: checks 
Oli3579: checks 
*** TURN *** [Ac 3h 5h] [Qs]
GuigaMan: checks 
Oli3579: checks 
*** RIVER *** [Ac 3h 5h Qs] [9c]
GuigaMan: checks 
Oli3579: checks 
*** SHOW DOWN ***
GuigaMan: shows [Kh 9h] (a pair of Nines)
Oli3579: shows [9s Ks] (a pair of Nines)
GuigaMan collected $2.38 from pot
Oli3579 collected $2.37 from pot
*** SUMMARY ***
Total pot $5 | Rake $0.25 
Board [Ac 3h 5h Qs 9c]
Seat 2: BGS013 (small blind) folded before Flop
Seat 3: GuigaMan (big blind) showed [Kh 9h] and won ($2.38) with a pair of Nines
Seat 4: AIien Hand folded before Flop (didn't bet)
Seat 5: Oli3579 showed [9s Ks] and won ($2.37) with a pair of Nines
Seat 6: Rezzonner (button) folded before Flop (didn't bet)



PokerStars Hand #254532956730:  Hold'em No Limit ($0.50/$1.00 USD) - 2025/01/24 19:00:29 WET [2025/01/24 14:00:29 ET]
Table 'Guangxi IV' 6-max Seat #2 is the button
Seat 2: BGS013 ($100 in chips) 
Seat 3: GuigaMan ($101.63 in chips) 
Seat 4: AIien Hand ($142.03 in chips) 
Seat 5: Oli3579 ($106.25 in chips) 
Seat 6: Rezzonner ($100 in chips) 
GuigaMan: posts small blind $0.50
AIien Hand: posts big blind $1
*** HOLE CARDS ***
Oli3579: raises $1.25 to $2.25
Rezzonner: folds 
BGS013: folds 
GuigaMan: folds 
AIien Hand: folds 
Uncalled bet ($1.25) returned to Oli3579
Oli3579 collected $2.50 from pot
Oli3579: doesn't show hand 
*** SUMMARY ***
Total pot $2.50 | Rake $0 
Seat 2: BGS013 (button) folded before Flop (didn't bet)
Seat 3: GuigaMan (small blind) folded before Flop
Seat 4: AIien Hand (big blind) folded before Flop
Seat 5: Oli3579 collected ($2.50)
Seat 6: Rezzonner folded before Flop (didn't bet)



PokerStars Hand #254532959649:  Hold'em No Limit ($0.50/$1.00 USD) - 2025/01/24 19:00:43 WET [2025/01/24 14:00:43 ET]
Table 'Guangxi IV' 6-max Seat #3 is the button
Seat 2: BGS013 ($100 in chips) 
Seat 3: GuigaMan ($101.13 in chips) 
Seat 4: AIien Hand ($141.03 in chips) 
Seat 5: Oli3579 ($107.75 in chips) 
Seat 6: Rezzonner ($100 in chips) 
AIien Hand: posts small blind $0.50
Oli3579: posts big blind $1
*** HOLE CARDS ***
Rezzonner: folds 
BGS013: raises $1.50 to $2.50
GuigaMan: folds 
AIien Hand: raises $8 to $10.50
Oli3579: folds 
BGS013: folds 
Uncalled bet ($8) returned to AIien Hand
AIien Hand collected $6 from pot
AIien Hand: doesn't show hand 
*** SUMMARY ***
Total pot $6 | Rake $0 
Seat 2: BGS013 folded before Flop
Seat 3: GuigaMan (button) folded before Flop (didn't bet)
Seat 4: AIien Hand (small blind) collected ($6)
Seat 5: Oli3579 (big blind) folded before Flop
Seat 6: Rezzonner folded before Flop (didn't bet)



PokerStars Hand #254532964781:  Hold'em No Limit ($0.50/$1.00 USD) - 2025/01/24 19:01:06 WET [2025/01/24 14:01:06 ET]
Table 'Guangxi IV' 6-max Seat #4 is the button
Seat 2: BGS013 ($100 in chips) 
Seat 3: GuigaMan ($101.13 in chips) 
Seat 4: AIien Hand ($144.53 in chips) 
Seat 5: Oli3579 ($106.75 in chips) 
Seat 6: Rezzonner ($100 in chips) 
Oli3579: posts small blind $0.50
Rezzonner: posts big blind $1
*** HOLE CARDS ***
BGS013: folds 
GuigaMan: folds 
AIien Hand: raises $1.50 to $2.50
Oli3579: folds 
Rezzonner: folds 
Uncalled bet ($1.50) returned to AIien Hand
AIien Hand collected $2.50 from pot
AIien Hand: doesn't show hand 
*** SUMMARY ***
Total pot $2.50 | Rake $0 
Seat 2: BGS013 folded before Flop (didn't bet)
Seat 3: GuigaMan folded before Flop (didn't bet)
Seat 4: AIien Hand (button) collected ($2.50)
Seat 5: Oli3579 (small blind) folded before Flop
Seat 6: Rezzonner (big blind) folded before Flop



PokerStars Hand #254532970999:  Hold'em No Limit ($0.50/$1.00 USD) - 2025/01/24 19:01:33 WET [2025/01/24 14:01:33 ET]
Table 'Guangxi IV' 6-max Seat #5 is the button
Seat 2: BGS013 ($100 in chips) 
Seat 3: GuigaMan ($101.13 in chips) 
Seat 4: AIien Hand ($146.03 in chips) 
Seat 5: Oli3579 ($106.25 in chips) 
Seat 6: Rezzonner ($100 in chips) 
Rezzonner: posts small blind $0.50
BGS013: posts big blind $1
*** HOLE CARDS ***
GuigaMan: raises $1.50 to $2.50
AIien Hand: folds 
Oli3579: folds 
Rezzonner: folds 
BGS013: folds 
Uncalled bet ($1.50) returned to GuigaMan
GuigaMan collected $2.50 from pot
GuigaMan: doesn't show hand 
*** SUMMARY ***
Total pot $2.50 | Rake $0 
Seat 2: BGS013 (big blind) folded before Flop
Seat 3: GuigaMan collected ($2.50)
Seat 4: AIien Hand folded before Flop (didn't bet)
Seat 5: Oli3579 (button) folded before Flop (didn't bet)
Seat 6: Rezzonner (small blind) folded before Flop



PokerStars Hand #254532974084:  Hold'em No Limit ($0.50/$1.00 USD) - 2025/01/24 19:01:45 WET [2025/01/24 14:01:45 ET]
Table 'Guangxi IV' 6-max Seat #6 is the button
Seat 2: BGS013 ($100 in chips) 
Seat 3: GuigaMan ($102.63 in chips) 
Seat 4: AIien Hand ($146.03 in chips) 
Seat 5: Oli3579 ($106.25 in chips) 
Seat 6: Rezzonner ($100 in chips) 
BGS013: posts small blind $0.50
GuigaMan: posts big blind $1
*** HOLE CARDS ***
AIien Hand: raises $1.20 to $2.20
Oli3579: folds 
Rezzonner: folds 
BGS013: folds 
GuigaMan: folds 
Uncalled bet ($1.20) returned to AIien Hand
AIien Hand collected $2.50 from pot
AIien Hand: doesn't show hand 
*** SUMMARY ***
Total pot $2.50 | Rake $0 
Seat 2: BGS013 (small blind) folded before Flop
Seat 3: GuigaMan (big blind) folded before Flop
Seat 4: AIien Hand collected ($2.50)
Seat 5: Oli3579 folded before Flop (didn't bet)
Seat 6: Rezzonner (button) folded before Flop (didn't bet)



PokerStars Hand #254532978630:  Hold'em No Limit ($0.50/$1.00 USD) - 2025/01/24 19:02:03 WET [2025/01/24 14:02:03 ET]
Table 'Guangxi IV' 6-max Seat #2 is the button
Seat 4: AIien Hand ($147.53 in chips) is sitting out
Seat 2: BGS013 ($100 in chips) 
Seat 3: GuigaMan ($101.63 in chips) 
Seat 5: Oli3579 ($106.25 in chips) 
Seat 6: Rezzonner ($100 in chips) 
GuigaMan: posts small blind $0.50
AIien Hand: is sitting out 
Oli3579: posts big blind $1
*** HOLE CARDS ***
Rezzonner: folds 
BGS013: raises $1.50 to $2.50
GuigaMan: folds 
Oli3579: folds 
Uncalled bet ($1.50) returned to BGS013
BGS013 collected $2.50 from pot
BGS013: doesn't show hand 
*** SUMMARY ***
Total pot $2.50 | Rake $0 
Seat 4: AIien Hand
Seat 2: BGS013 (button) collected ($2.50)
Seat 3: GuigaMan (small blind) folded before Flop
Seat 5: Oli3579 (big blind) folded before Flop
Seat 6: Rezzonner folded before Flop (didn't bet)



PokerStars Hand #254532983074:  Hold'em No Limit ($0.50/$1.00 USD) - 2025/01/24 19:02:18 WET [2025/01/24 14:02:18 ET]
Table 'Guangxi IV' 6-max Seat #3 is the button
Seat 4: AIien Hand ($147.53 in chips) is sitting out
Seat 2: BGS013 ($101.50 in chips) 
Seat 3: GuigaMan ($101.13 in chips) 
Seat 5: Oli3579 ($105.25 in chips) 
Seat 6: Rezzonner ($100 in chips) 
Oli3579: posts small blind $0.50
Rezzonner: posts big blind $1
*** HOLE CARDS ***
BGS013: folds 
GuigaMan: raises $1.50 to $2.50
Oli3579: folds 
Rezzonner: folds 
Uncalled bet ($1.50) returned to GuigaMan
GuigaMan collected $2.50 from pot
GuigaMan: doesn't show hand 
*** SUMMARY ***
Total pot $2.50 | Rake $0 
Seat 4: AIien Hand
Seat 2: BGS013 folded before Flop (didn't bet)
Seat 3: GuigaMan (button) collected ($2.50)
Seat 5: Oli3579 (small blind) folded before Flop
Seat 6: Rezzonner (big blind) folded before Flop



PokerStars Hand #254532989084:  Hold'em No Limit ($0.50/$1.00 USD) - 2025/01/24 19:02:41 WET [2025/01/24 14:02:41 ET]
Table 'Guangxi IV' 6-max Seat #5 is the button
Seat 4: AIien Hand ($147.53 in chips) is sitting out
Seat 2: BGS013 ($101.50 in chips) 
Seat 3: GuigaMan ($102.63 in chips) 
Seat 5: Oli3579 ($104.75 in chips) 
Seat 6: Rezzonner ($100 in chips) 
Rezzonner: posts small blind $0.50
BGS013: posts big blind $1
*** HOLE CARDS ***
GuigaMan: folds 
Oli3579: raises $1.25 to $2.25
Rezzonner: folds 
BGS013: calls $1.25
*** FLOP *** [9h 3s 2c]
BGS013: checks 
hshas joins the table at seat #1 
Oli3579: bets $3.56
BGS013: calls $3.56
*** TURN *** [9h 3s 2c] [Ts]
BGS013: checks 
Oli3579: bets $8.63
BGS013: calls $8.63
*** RIVER *** [9h 3s 2c Ts] [8d]
BGS013: checks 
Oli3579: bets $45.50
BGS013: folds 
Uncalled bet ($45.50) returned to Oli3579
Oli3579 collected $28.38 from pot
Oli3579: doesn't show hand 
*** SUMMARY ***
Total pot $29.38 | Rake $1 
Board [9h 3s 2c Ts 8d]
Seat 4: AIien Hand
Seat 2: BGS013 (big blind) folded on the River
Seat 3: GuigaMan folded before Flop (didn't bet)
Seat 5: Oli3579 (button) collected ($28.38)
Seat 6: Rezzonner (small blind) folded before Flop



PokerStars Hand #254533023602:  Hold'em No Limit ($0.50/$1.00 USD) - 2025/01/24 19:04:45 WET [2025/01/24 14:04:45 ET]
Table 'Guangxi IV' 6-max Seat #6 is the button
Seat 1: hshas ($100 in chips) is sitting out
Seat 4: AIien Hand ($147.53 in chips) is sitting out
Seat 2: BGS013 ($100 in chips) 
Seat 3: GuigaMan ($102.63 in chips) 
Seat 5: Oli3579 ($118.69 in chips) 
Seat 6: Rezzonner ($100 in chips) 
BGS013: posts small blind $0.50
GuigaMan: posts big blind $1
AIien Hand: sits out 
*** HOLE CARDS ***
Oli3579: raises $1.25 to $2.25
Rezzonner: folds 
BGS013: folds 
GuigaMan: folds 
Uncalled bet ($1.25) returned to Oli3579
Oli3579 collected $2.50 from pot
Oli3579: doesn't show hand 
*** SUMMARY ***
Total pot $2.50 | Rake $0 
Seat 1: hshas
Seat 4: AIien Hand
Seat 2: BGS013 (small blind) folded before Flop
Seat 3: GuigaMan (big blind) folded before Flop
Seat 5: Oli3579 collected ($2.50)
Seat 6: Rezzonner (button) folded before Flop (didn't bet)



PokerStars Hand #254533030027:  Hold'em No Limit ($0.50/$1.00 USD) - 2025/01/24 19:05:08 WET [2025/01/24 14:05:08 ET]
Table 'Guangxi IV' 6-max Seat #2 is the button
Seat 1: hshas ($100 in chips) is sitting out
Seat 2: BGS013 ($100 in chips) 
Seat 3: GuigaMan ($101.63 in chips) 
Seat 4: AIien Hand ($147.53 in chips) 
Seat 5: Oli3579 ($120.19 in chips) 
Seat 6: Rezzonner ($100 in chips) 
GuigaMan: posts small blind $0.50
AIien Hand: posts big blind $1
hshas: sits out 
*** HOLE CARDS ***
Oli3579: folds 
Rezzonner: folds 
BGS013: folds 
GuigaMan: folds 
Uncalled bet ($0.50) returned to AIien Hand
AIien Hand collected $1 from pot
AIien Hand: doesn't show hand 
*** SUMMARY ***
Total pot $1 | Rake $0 
Seat 1: hshas
Seat 2: BGS013 (button) folded before Flop (didn't bet)
Seat 3: GuigaMan (small blind) folded before Flop
Seat 4: AIien Hand (big blind) collected ($1)
Seat 5: Oli3579 folded before Flop (didn't bet)
Seat 6: Rezzonner folded before Flop (didn't bet)



PokerStars Hand #254533034411:  Hold'em No Limit ($0.50/$1.00 USD) - 2025/01/24 19:05:24 WET [2025/01/24 14:05:24 ET]
Table 'Guangxi IV' 6-max Seat #3 is the button
Seat 1: hshas ($100 in chips) is sitting out
Seat 2: BGS013 ($100 in chips) 
Seat 3: GuigaMan ($101.13 in chips) 
Seat 4: AIien Hand ($148.03 in chips) 
Seat 5: Oli3579 ($120.19 in chips) 
Seat 6: Rezzonner ($100 in chips) 
AIien Hand: posts small blind $0.50
Oli3579: posts big blind $1
hshas: sits out 
*** HOLE CARDS ***
Rezzonner: folds 
BGS013: raises $1.50 to $2.50
GuigaMan: folds 
AIien Hand: folds 
Oli3579: folds 
Uncalled bet ($1.50) returned to BGS013
BGS013 collected $2.50 from pot
BGS013: doesn't show hand 
*** SUMMARY ***
Total pot $2.50 | Rake $0 
Seat 1: hshas
Seat 2: BGS013 collected ($2.50)
Seat 3: GuigaMan (button) folded before Flop (didn't bet)
Seat 4: AIien Hand (small blind) folded before Flop
Seat 5: Oli3579 (big blind) folded before Flop
Seat 6: Rezzonner folded before Flop (didn't bet)



PokerStars Hand #254533040435:  Hold'em No Limit ($0.50/$1.00 USD) - 2025/01/24 19:05:45 WET [2025/01/24 14:05:45 ET]
Table 'Guangxi IV' 6-max Seat #4 is the button
Seat 1: hshas ($100 in chips) is sitting out
Seat 2: BGS013 ($101.50 in chips) 
Seat 3: GuigaMan ($101.13 in chips) 
Seat 4: AIien Hand ($147.53 in chips) 
Seat 5: Oli3579 ($119.19 in chips) 
Seat 6: Rezzonner ($100 in chips) 
Oli3579: posts small blind $0.50
Rezzonner: posts big blind $1
hshas: sits out 
*** HOLE CARDS ***
BGS013 has timed out
BGS013: folds 
GuigaMan: folds 
AIien Hand: folds 
Oli3579: folds 
Uncalled bet ($0.50) returned to Rezzonner
Rezzonner collected $1 from pot
Rezzonner: doesn't show hand 
*** SUMMARY ***
Total pot $1 | Rake $0 
Seat 1: hshas
Seat 2: BGS013 folded before Flop (didn't bet)
Seat 3: GuigaMan folded before Flop (didn't bet)
Seat 4: AIien Hand (button) folded before Flop (didn't bet)
Seat 5: Oli3579 (small blind) folded before Flop
Seat 6: Rezzonner (big blind) collected ($1)



PokerStars Hand #254532895199:  Hold'em No Limit ($0.50/$1.00 USD) - 2025/01/24 18:55:20 WET [2025/01/24 13:55:20 ET]
Table 'Guangxi IV' 6-max Seat #2 is the button
Seat 6: Rezzonner ($100 in chips) is sitting out
Seat 2: BGS013 ($100 in chips) 
Seat 3: BronsonJC ($131.04 in chips) 
Seat 4: AIien Hand ($124.83 in chips) 
BronsonJC: posts small blind $0.50
AIien Hand: posts big blind $1
Rezzonner: sits out 
*** HOLE CARDS ***
BGS013: folds 
BronsonJC: raises $2 to $3
Oli3579 joins the table at seat #5 
AIien Hand: calls $2
*** FLOP *** [Qh 6s 4c]
BronsonJC: bets $1.88
AIien Hand: calls $1.88
*** TURN *** [Qh 6s 4c] [8h]
BronsonJC: bets $7.14
AIien Hand: raises $19.54 to $26.68
BronsonJC: folds 
Uncalled bet ($19.54) returned to AIien Hand
AIien Hand collected $23.04 from pot
AIien Hand: doesn't show hand 
*** SUMMARY ***
Total pot $24.04 | Rake $1 
Board [Qh 6s 4c 8h]
Seat 6: Rezzonner
Seat 2: BGS013 (button) folded before Flop (didn't bet)
Seat 3: BronsonJC (small blind) folded on the Turn
Seat 4: AIien Hand (big blind) collected ($23.04)



PokerStars Hand #254532903593:  Hold'em No Limit ($0.50/$1.00 USD) - 2025/01/24 18:56:03 WET [2025/01/24 13:56:03 ET]
Table 'Guangxi IV' 6-max Seat #3 is the button
Seat 6: Rezzonner ($100 in chips) is sitting out
Seat 2: BGS013 ($100 in chips) 
Seat 3: BronsonJC ($119.02 in chips) 
Seat 4: AIien Hand ($135.85 in chips) 
Seat 5: Oli3579 ($100 in chips) 
AIien Hand: posts small blind $0.50
Oli3579: posts big blind $1
Rezzonner: sits out 
*** HOLE CARDS ***
BGS013: folds 
BronsonJC: folds 
AIien Hand: folds 
Uncalled bet ($0.50) returned to Oli3579
Oli3579 collected $1 from pot
Oli3579: doesn't show hand 
*** SUMMARY ***
Total pot $1 | Rake $0 
Seat 6: Rezzonner
Seat 2: BGS013 folded before Flop (didn't bet)
Seat 3: BronsonJC (button) folded before Flop (didn't bet)
Seat 4: AIien Hand (small blind) folded before Flop
Seat 5: Oli3579 (big blind) collected ($1)



PokerStars Hand #254533047869:  Hold'em No Limit ($0.50/$1.00 USD) - 2025/01/24 19:06:12 WET [2025/01/24 14:06:12 ET]
Table 'Guangxi IV' 6-max Seat #5 is the button
Seat 1: hshas ($100 in chips) 
Seat 2: BGS013 ($101.50 in chips) 
Seat 3: GuigaMan ($101.13 in chips) 
Seat 4: AIien Hand ($147.53 in chips) 
Seat 5: Oli3579 ($118.69 in chips) 
Seat 6: Rezzonner ($100.50 in chips) 
Rezzonner: posts small blind $0.50
hshas: posts big blind $1
*** HOLE CARDS ***
BGS013: folds 
GuigaMan: raises $1.20 to $2.20
AIien Hand: folds 
Oli3579: folds 
Rezzonner: folds 
hshas: calls $1.20
*** FLOP *** [Qs Jc 4s]
hshas: checks 
GuigaMan: bets $1.40
hshas: calls $1.40
*** TURN *** [Qs Jc 4s] [As]
hshas: checks 
GuigaMan: checks 
*** RIVER *** [Qs Jc 4s As] [8h]
hshas: checks 
GuigaMan: checks 
*** SHOW DOWN ***
hshas: shows [Tc Qh] (a pair of Queens)
GuigaMan: mucks hand 
hshas collected $7.32 from pot
*** SUMMARY ***
Total pot $7.70 | Rake $0.38 
Board [Qs Jc 4s As 8h]
Seat 1: hshas (big blind) showed [Tc Qh] and won ($7.32) with a pair of Queens
Seat 2: BGS013 folded before Flop (didn't bet)
Seat 3: GuigaMan mucked
Seat 4: AIien Hand folded before Flop (didn't bet)
Seat 5: Oli3579 (button) folded before Flop (didn't bet)
Seat 6: Rezzonner (small blind) folded before Flop



PokerStars Hand #254533064253:  Hold'em No Limit ($0.50/$1.00 USD) - 2025/01/24 19:07:11 WET [2025/01/24 14:07:11 ET]
Table 'Guangxi IV' 6-max Seat #6 is the button
Seat 1: hshas ($103.72 in chips) 
Seat 2: BGS013 ($101.50 in chips) 
Seat 3: GuigaMan ($100 in chips) 
Seat 4: AIien Hand ($147.53 in chips) 
Seat 5: Oli3579 ($118.69 in chips) 
Seat 6: Rezzonner ($100 in chips) 
hshas: posts small blind $0.50
BGS013: posts big blind $1
*** HOLE CARDS ***
GuigaMan: folds 
AIien Hand: folds 
Oli3579: raises $1.25 to $2.25
Rezzonner: folds 
hshas: folds 
BGS013: folds 
Uncalled bet ($1.25) returned to Oli3579
Oli3579 collected $2.50 from pot
Oli3579: doesn't show hand 
*** SUMMARY ***
Total pot $2.50 | Rake $0 
Seat 1: hshas (small blind) folded before Flop
Seat 2: BGS013 (big blind) folded before Flop
Seat 3: GuigaMan folded before Flop (didn't bet)
Seat 4: AIien Hand folded before Flop (didn't bet)
Seat 5: Oli3579 collected ($2.50)
Seat 6: Rezzonner (button) folded before Flop (didn't bet)



PokerStars Hand #254533069598:  Hold'em No Limit ($0.50/$1.00 USD) - 2025/01/24 19:07:30 WET [2025/01/24 14:07:30 ET]
Table 'Guangxi IV' 6-max Seat #1 is the button
Seat 1: hshas ($103.22 in chips) 
Seat 2: BGS013 ($100.50 in chips) 
Seat 3: GuigaMan ($100 in chips) 
Seat 4: AIien Hand ($147.53 in chips) 
Seat 5: Oli3579 ($120.19 in chips) 
Seat 6: Rezzonner ($100 in chips) 
BGS013: posts small blind $0.50
GuigaMan: posts big blind $1
*** HOLE CARDS ***
AIien Hand: folds 
Oli3579: folds 
Rezzonner: folds 
hshas: raises $1.25 to $2.25
BGS013: folds 
GuigaMan: folds 
Uncalled bet ($1.25) returned to hshas
hshas collected $2.50 from pot
hshas: doesn't show hand 
*** SUMMARY ***
Total pot $2.50 | Rake $0 
Seat 1: hshas (button) collected ($2.50)
Seat 2: BGS013 (small blind) folded before Flop
Seat 3: GuigaMan (big blind) folded before Flop
Seat 4: AIien Hand folded before Flop (didn't bet)
Seat 5: Oli3579 folded before Flop (didn't bet)
Seat 6: Rezzonner folded before Flop (didn't bet)



PokerStars Hand #254533078978:  Hold'em No Limit ($0.50/$1.00 USD) - 2025/01/24 19:08:04 WET [2025/01/24 14:08:04 ET]
Table 'Guangxi IV' 6-max Seat #2 is the button
Seat 4: AIien Hand ($147.53 in chips) is sitting out
Seat 1: hshas ($104.72 in chips) 
Seat 2: BGS013 ($100 in chips) 
Seat 3: GuigaMan ($100 in chips) 
Seat 5: Oli3579 ($120.19 in chips) 
Seat 6: Rezzonner ($100 in chips) 
GuigaMan: posts small blind $0.50
AIien Hand: is sitting out 
Oli3579: posts big blind $1
*** HOLE CARDS ***
Rezzonner: folds 
AIien Hand leaves the table
hshas: folds 
BGS013: raises $1.50 to $2.50
GuigaMan: folds 
Oli3579: calls $1.50
*** FLOP *** [6d 3d 9h]
Oli3579: checks 
BGS013: checks 
*** TURN *** [6d 3d 9h] [4d]
Oli3579: bets $1.72
BGS013: folds 
Uncalled bet ($1.72) returned to Oli3579
Oli3579 collected $5.22 from pot
Oli3579: doesn't show hand 
*** SUMMARY ***
Total pot $5.50 | Rake $0.28 
Board [6d 3d 9h 4d]
Seat 4: AIien Hand
Seat 1: hshas folded before Flop (didn't bet)
Seat 2: BGS013 (button) folded on the Turn
Seat 3: GuigaMan (small blind) folded before Flop
Seat 5: Oli3579 (big blind) collected ($5.22)
Seat 6: Rezzonner folded before Flop (didn't bet)



PokerStars Hand #254533090825:  Hold'em No Limit ($0.50/$1.00 USD) - 2025/01/24 19:08:48 WET [2025/01/24 14:08:48 ET]
Table 'Guangxi IV' 6-max Seat #3 is the button
Seat 1: hshas ($104.72 in chips) 
Seat 2: BGS013 ($100 in chips) 
Seat 3: GuigaMan ($100 in chips) 
Seat 5: Oli3579 ($122.91 in chips) 
Seat 6: Rezzonner ($100 in chips) 
Oli3579: posts small blind $0.50
Rezzonner: posts big blind $1
*** HOLE CARDS ***
hshas: folds 
BGS013: raises $1.50 to $2.50
GuigaMan: folds 
Oli3579: folds 
Rezzonner: folds 
Uncalled bet ($1.50) returned to BGS013
BGS013 collected $2.50 from pot
BGS013: doesn't show hand 
*** SUMMARY ***
Total pot $2.50 | Rake $0 
Seat 1: hshas folded before Flop (didn't bet)
Seat 2: BGS013 collected ($2.50)
Seat 3: GuigaMan (button) folded before Flop (didn't bet)
Seat 5: Oli3579 (small blind) folded before Flop
Seat 6: Rezzonner (big blind) folded before Flop



PokerStars Hand #254533095878:  Hold'em No Limit ($0.50/$1.00 USD) - 2025/01/24 19:09:06 WET [2025/01/24 14:09:06 ET]
Table 'Guangxi IV' 6-max Seat #5 is the button
Seat 1: hshas ($104.72 in chips) is sitting out
Seat 2: BGS013 ($101.50 in chips) 
Seat 3: GuigaMan ($100 in chips) 
Seat 5: Oli3579 ($122.41 in chips) 
Seat 6: Rezzonner ($100 in chips) 
Rezzonner: posts small blind $0.50
hshas: is sitting out 
BGS013: posts big blind $1
*** HOLE CARDS ***
GuigaMan: raises $1.50 to $2.50
Oli3579: folds 
Rezzonner: folds 
BGS013: calls $1.50
*** FLOP *** [5c 8c 5d]
BGS013: checks 
GuigaMan: bets $2.82
BGS013: folds 
Uncalled bet ($2.82) returned to GuigaMan
GuigaMan collected $5.22 from pot
GuigaMan: doesn't show hand 
*** SUMMARY ***
Total pot $5.50 | Rake $0.28 
Board [5c 8c 5d]
Seat 1: hshas
Seat 2: BGS013 (big blind) folded on the Flop
Seat 3: GuigaMan collected ($5.22)
Seat 5: Oli3579 (button) folded before Flop (didn't bet)
Seat 6: Rezzonner (small blind) folded before Flop



PokerStars Hand #254533104811:  Hold'em No Limit ($0.50/$1.00 USD) - 2025/01/24 19:09:38 WET [2025/01/24 14:09:38 ET]
Table 'Guangxi IV' 6-max Seat #6 is the button
Seat 1: hshas ($104.72 in chips) is sitting out
Seat 3: GuigaMan ($102.72 in chips) is sitting out
Seat 2: BGS013 ($100 in chips) 
Seat 5: Oli3579 ($122.41 in chips) 
Seat 6: Rezzonner ($100 in chips) 
BGS013: posts small blind $0.50
GuigaMan: is sitting out 
Oli3579: posts big blind $1
*** HOLE CARDS ***
Rezzonner: raises $1.50 to $2.50
GuigaMan leaves the table
BGS013: folds 
Oli3579: folds 
Uncalled bet ($1.50) returned to Rezzonner
Rezzonner collected $2.50 from pot
Rezzonner: doesn't show hand 
*** SUMMARY ***
Total pot $2.50 | Rake $0 
Seat 1: hshas
Seat 3: GuigaMan
Seat 2: BGS013 (small blind) folded before Flop
Seat 5: Oli3579 (big blind) folded before Flop
Seat 6: Rezzonner (button) collected ($2.50)



PokerStars Hand #254533107860:  Hold'em No Limit ($0.50/$1.00 USD) - 2025/01/24 19:09:49 WET [2025/01/24 14:09:49 ET]
Table 'Guangxi IV' 6-max Seat #2 is the button
Seat 1: hshas ($104.72 in chips) is sitting out
Seat 2: BGS013 ($100 in chips) 
Seat 5: Oli3579 ($121.41 in chips) 
Seat 6: Rezzonner ($101.50 in chips) 
Oli3579: posts small blind $0.50
Rezzonner: posts big blind $1
*** HOLE CARDS ***
BGS013: folds 
Oli3579: folds 
Uncalled bet ($0.50) returned to Rezzonner
Rezzonner collected $1 from pot
Rezzonner: doesn't show hand 
*** SUMMARY ***
Total pot $1 | Rake $0 
Seat 1: hshas
Seat 2: BGS013 (button) folded before Flop (didn't bet)
Seat 5: Oli3579 (small blind) folded before Flop
Seat 6: Rezzonner (big blind) collected ($1)



PokerStars Hand #254533109669:  Hold'em No Limit ($0.50/$1.00 USD) - 2025/01/24 19:09:56 WET [2025/01/24 14:09:56 ET]
Table 'Guangxi IV' 6-max Seat #5 is the button
Seat 1: hshas ($104.72 in chips) is sitting out
Seat 2: BGS013 ($100 in chips) 
Seat 5: Oli3579 ($120.91 in chips) 
Seat 6: Rezzonner ($102 in chips) 
Rezzonner: posts small blind $0.50
BGS013: posts big blind $1
*** HOLE CARDS ***
Oli3579: folds 
Rezzonner: folds 
Uncalled bet ($0.50) returned to BGS013
BGS013 collected $1 from pot
BGS013: doesn't show hand 
*** SUMMARY ***
Total pot $1 | Rake $0 
Seat 1: hshas
Seat 2: BGS013 (big blind) collected ($1)
Seat 5: Oli3579 (button) folded before Flop (didn't bet)
Seat 6: Rezzonner (small blind) folded before Flop



PokerStars Hand #254533112039:  Hold'em No Limit ($0.50/$1.00 USD) - 2025/01/24 19:10:04 WET [2025/01/24 14:10:04 ET]
Table 'Guangxi IV' 6-max Seat #6 is the button
Seat 1: hshas ($104.72 in chips) is sitting out
Seat 2: BGS013 ($100.50 in chips) 
Seat 5: Oli3579 ($120.91 in chips) 
Seat 6: Rezzonner ($101.50 in chips) 
BGS013: posts small blind $0.50
Oli3579: posts big blind $1
*** HOLE CARDS ***
Rezzonner: raises $1.50 to $2.50
tintin641 joins the table at seat #4 
BGS013: raises $8.50 to $11
GuigaMan joins the table at seat #3 
hshas leaves the table
Oli3579: raises $11.50 to $22.50
Rezzonner: folds 
BGS013: folds 
Uncalled bet ($11.50) returned to Oli3579
Oli3579 collected $24.50 from pot
Oli3579: doesn't show hand 
*** SUMMARY ***
Total pot $24.50 | Rake $0 
Seat 1: hshas
Seat 2: BGS013 (small blind) folded before Flop
Seat 5: Oli3579 (big blind) collected ($24.50)
Seat 6: Rezzonner (button) folded before Flop



PokerStars Hand #254533119550:  Hold'em No Limit ($0.50/$1.00 USD) - 2025/01/24 19:10:31 WET [2025/01/24 14:10:31 ET]
Table 'Guangxi IV' 6-max Seat #2 is the button
Seat 3: GuigaMan ($102.72 in chips) is sitting out
Seat 4: tintin641 ($100 in chips) is sitting out
Seat 2: BGS013 ($100 in chips) 
Seat 5: Oli3579 ($134.41 in chips) 
Seat 6: Rezzonner ($100 in chips) 
Oli3579: posts small blind $0.50
Rezzonner: posts big blind $1
*** HOLE CARDS ***
BGS013: folds 
Oli3579: folds 
Uncalled bet ($0.50) returned to Rezzonner
Rezzonner collected $1 from pot
Rezzonner: doesn't show hand 
*** SUMMARY ***
Total pot $1 | Rake $0 
Seat 3: GuigaMan
Seat 4: tintin641
Seat 2: BGS013 (button) folded before Flop (didn't bet)
Seat 5: Oli3579 (small blind) folded before Flop
Seat 6: Rezzonner (big blind) collected ($1)



PokerStars Hand #254533121556:  Hold'em No Limit ($0.50/$1.00 USD) - 2025/01/24 19:10:38 WET [2025/01/24 14:10:38 ET]
Table 'Guangxi IV' 6-max Seat #5 is the button
Seat 3: GuigaMan ($102.72 in chips) is sitting out
Seat 4: tintin641 ($100 in chips) is sitting out
Seat 2: BGS013 ($100 in chips) 
Seat 5: Oli3579 ($133.91 in chips) 
Seat 6: Rezzonner ($100.50 in chips) 
Rezzonner: posts small blind $0.50
BGS013: posts big blind $1
GuigaMan: sits out 
tintin641: sits out 
*** HOLE CARDS ***
Oli3579: folds 
Rezzonner: folds 
Uncalled bet ($0.50) returned to BGS013
BGS013 collected $1 from pot
BGS013: doesn't show hand 
*** SUMMARY ***
Total pot $1 | Rake $0 
Seat 3: GuigaMan
Seat 4: tintin641
Seat 2: BGS013 (big blind) collected ($1)
Seat 5: Oli3579 (button) folded before Flop (didn't bet)
Seat 6: Rezzonner (small blind) folded before Flop



PokerStars Hand #254533124055:  Hold'em No Limit ($0.50/$1.00 USD) - 2025/01/24 19:10:47 WET [2025/01/24 14:10:47 ET]
Table 'Guangxi IV' 6-max Seat #6 is the button
Seat 4: tintin641 ($100 in chips) is sitting out
Seat 2: BGS013 ($100.50 in chips) 
Seat 3: GuigaMan ($102.72 in chips) 
Seat 5: Oli3579 ($133.91 in chips) 
Seat 6: Rezzonner ($100 in chips) 
BGS013: posts small blind $0.50
GuigaMan: posts big blind $1
tintin641: sits out 
*** HOLE CARDS ***
Oli3579: raises $1.25 to $2.25
Rezzonner: folds 
BGS013: folds 
GuigaMan: calls $1.25
*** FLOP *** [Tc Ac 4d]
GuigaMan: checks 
Oli3579: bets $6
GuigaMan: folds 
Uncalled bet ($6) returned to Oli3579
Oli3579 collected $4.75 from pot
Oli3579: doesn't show hand 
*** SUMMARY ***
Total pot $5 | Rake $0.25 
Board [Tc Ac 4d]
Seat 4: tintin641
Seat 2: BGS013 (small blind) folded before Flop
Seat 3: GuigaMan (big blind) folded on the Flop
Seat 5: Oli3579 collected ($4.75)
Seat 6: Rezzonner (button) folded before Flop (didn't bet)



PokerStars Hand #254533132560:  Hold'em No Limit ($0.50/$1.00 USD) - 2025/01/24 19:11:17 WET [2025/01/24 14:11:17 ET]
Table 'Guangxi IV' 6-max Seat #2 is the button
Seat 2: BGS013 ($100 in chips) 
Seat 3: GuigaMan ($100.47 in chips) 
Seat 4: tintin641 ($100 in chips) 
Seat 5: Oli3579 ($136.41 in chips) 
Seat 6: Rezzonner ($100 in chips) 
GuigaMan: posts small blind $0.50
tintin641: posts big blind $1
*** HOLE CARDS ***
Oli3579: raises $1.25 to $2.25
Rezzonner: folds 
BGS013: folds 
BGS013 leaves the table
GuigaMan: folds 
tintin641: calls $1.25
*** FLOP *** [5d 8h Jd]
michasia joins the table at seat #2 
tintin641: checks 
Oli3579: bets $2.38
tintin641: raises $7.13 to $9.51
Oli3579: calls $7.13
*** TURN *** [5d 8h Jd] [Qs]
tintin641: bets $17.12
Oli3579: calls $17.12
*** RIVER *** [5d 8h Jd Qs] [6h]
tintin641: bets $71.12 and is all-in
Oli3579: calls $71.12
*** SHOW DOWN ***
tintin641: shows [5c 5h] (three of a kind, Fives)
Oli3579: shows [Qc Qd] (three of a kind, Queens)
Oli3579 collected $198 from pot
*** SUMMARY ***
Total pot $200.50 | Rake $2.50 
Board [5d 8h Jd Qs 6h]
Seat 2: BGS013 (button) folded before Flop (didn't bet)
Seat 3: GuigaMan (small blind) folded before Flop
Seat 4: tintin641 (big blind) showed [5c 5h] and lost with three of a kind, Fives
Seat 5: Oli3579 showed [Qc Qd] and won ($198) with three of a kind, Queens
Seat 6: Rezzonner folded before Flop (didn't bet)



PokerStars Hand #254533163761:  Hold'em No Limit ($0.50/$1.00 USD) - 2025/01/24 19:13:08 WET [2025/01/24 14:13:08 ET]
Table 'Guangxi IV' 6-max Seat #3 is the button
Seat 2: michasia ($100 in chips) is sitting out
Seat 3: GuigaMan ($100 in chips) 
Seat 4: tintin641 ($100 in chips) 
Seat 5: Oli3579 ($234.41 in chips) 
Seat 6: Rezzonner ($100 in chips) 
tintin641: posts small blind $0.50
Oli3579: posts big blind $1
*** HOLE CARDS ***
tnb17 joins the table at seat #1 
Rezzonner: folds 
GuigaMan: folds 
tintin641: raises $2 to $3
Oli3579: calls $2
*** FLOP *** [5c Jd Kc]
tintin641: bets $1.88
Oli3579: calls $1.88
*** TURN *** [5c Jd Kc] [7h]
tintin641: checks 
Oli3579: checks 
*** RIVER *** [5c Jd Kc 7h] [5d]
tintin641: checks 
Oli3579: bets $6.12
tintin641: folds 
Uncalled bet ($6.12) returned to Oli3579
Oli3579 collected $9.27 from pot
Oli3579: doesn't show hand 
*** SUMMARY ***
Total pot $9.76 | Rake $0.49 
Board [5c Jd Kc 7h 5d]
Seat 2: michasia
Seat 3: GuigaMan (button) folded before Flop (didn't bet)
Seat 4: tintin641 (small blind) folded on the River
Seat 5: Oli3579 (big blind) collected ($9.27)
Seat 6: Rezzonner folded before Flop (didn't bet)



PokerStars Hand #254533189492:  Hold'em No Limit ($0.50/$1.00 USD) - 2025/01/24 19:14:39 WET [2025/01/24 14:14:39 ET]
Table 'Guangxi IV' 6-max Seat #4 is the button
Seat 1: tnb17 ($100 in chips) is sitting out
Seat 2: michasia ($100 in chips) is sitting out
Seat 3: GuigaMan ($100 in chips) 
Seat 4: tintin641 ($100 in chips) 
Seat 5: Oli3579 ($238.80 in chips) 
Seat 6: Rezzonner ($100 in chips) 
Oli3579: posts small blind $0.50
Rezzonner: posts big blind $1
tnb17: sits out 
*** HOLE CARDS ***
GuigaMan: folds 
tintin641: raises $1.50 to $2.50
Oli3579: folds 
Rezzonner: folds 
Uncalled bet ($1.50) returned to tintin641
tintin641 collected $2.50 from pot
tintin641: doesn't show hand 
*** SUMMARY ***
Total pot $2.50 | Rake $0 
Seat 1: tnb17
Seat 2: michasia
Seat 3: GuigaMan folded before Flop (didn't bet)
Seat 4: tintin641 (button) collected ($2.50)
Seat 5: Oli3579 (small blind) folded before Flop
Seat 6: Rezzonner (big blind) folded before Flop



PokerStars Hand #254533192933:  Hold'em No Limit ($0.50/$1.00 USD) - 2025/01/24 19:14:52 WET [2025/01/24 14:14:52 ET]
Table 'Guangxi IV' 6-max Seat #5 is the button
Seat 2: michasia ($100 in chips) is sitting out
Seat 1: tnb17 ($100 in chips) 
Seat 3: GuigaMan ($100 in chips) 
Seat 4: tintin641 ($101.50 in chips) 
Seat 5: Oli3579 ($238.30 in chips) 
Seat 6: Rezzonner ($100 in chips) 
Rezzonner: posts small blind $0.50
tnb17: posts big blind $1
*** HOLE CARDS ***
GuigaMan: folds 
tintin641: raises $1.50 to $2.50
Oli3579: folds 
Rezzonner: folds 
tnb17: folds 
Uncalled bet ($1.50) returned to tintin641
tintin641 collected $2.50 from pot
tintin641: doesn't show hand 
*** SUMMARY ***
Total pot $2.50 | Rake $0 
Seat 2: michasia
Seat 1: tnb17 (big blind) folded before Flop
Seat 3: GuigaMan folded before Flop (didn't bet)
Seat 4: tintin641 collected ($2.50)
Seat 5: Oli3579 (button) folded before Flop (didn't bet)
Seat 6: Rezzonner (small blind) folded before Flop



PokerStars Hand #254533198367:  Hold'em No Limit ($0.50/$1.00 USD) - 2025/01/24 19:15:11 WET [2025/01/24 14:15:11 ET]
Table 'Guangxi IV' 6-max Seat #6 is the button
Seat 2: michasia ($100 in chips) is sitting out
Seat 1: tnb17 ($99 in chips) 
Seat 3: GuigaMan ($100 in chips) 
Seat 4: tintin641 ($103 in chips) 
Seat 5: Oli3579 ($238.30 in chips) 
Seat 6: Rezzonner ($100 in chips) 
tnb17: posts small blind $0.50
GuigaMan: posts big blind $1
*** HOLE CARDS ***
tintin641: folds 
Oli3579: raises $1.25 to $2.25
Rezzonner: folds 
tnb17: folds 
GuigaMan: calls $1.25
*** FLOP *** [9s 7d Ks]
GuigaMan: checks 
Oli3579: bets $1.57
GuigaMan: folds 
Uncalled bet ($1.57) returned to Oli3579
Oli3579 collected $4.75 from pot
Oli3579: doesn't show hand 
*** SUMMARY ***
Total pot $5 | Rake $0.25 
Board [9s 7d Ks]
Seat 2: michasia
Seat 1: tnb17 (small blind) folded before Flop
Seat 3: GuigaMan (big blind) folded on the Flop
Seat 4: tintin641 folded before Flop (didn't bet)
Seat 5: Oli3579 collected ($4.75)
Seat 6: Rezzonner (button) folded before Flop (didn't bet)



PokerStars Hand #254533207005:  Hold'em No Limit ($0.50/$1.00 USD) - 2025/01/24 19:15:41 WET [2025/01/24 14:15:41 ET]
Table 'Guangxi IV' 6-max Seat #1 is the button
Seat 2: michasia ($100 in chips) is sitting out
Seat 1: tnb17 ($98.50 in chips) 
Seat 3: GuigaMan ($100 in chips) 
Seat 4: tintin641 ($103 in chips) 
Seat 5: Oli3579 ($240.80 in chips) 
Seat 6: Rezzonner ($100 in chips) 
GuigaMan: posts small blind $0.50
tintin641: posts big blind $1
*** HOLE CARDS ***
Oli3579: raises $1.25 to $2.25
Rezzonner: raises $4.50 to $6.75
tnb17: folds 
GuigaMan: folds 
tintin641: folds 
Oli3579: folds 
Uncalled bet ($4.50) returned to Rezzonner
Rezzonner collected $6 from pot
Rezzonner: doesn't show hand 
*** SUMMARY ***
Total pot $6 | Rake $0 
Seat 2: michasia
Seat 1: tnb17 (button) folded before Flop (didn't bet)
Seat 3: GuigaMan (small blind) folded before Flop
Seat 4: tintin641 (big blind) folded before Flop
Seat 5: Oli3579 folded before Flop
Seat 6: Rezzonner collected ($6)



PokerStars Hand #254533212099:  Hold'em No Limit ($0.50/$1.00 USD) - 2025/01/24 19:15:59 WET [2025/01/24 14:15:59 ET]
Table 'Guangxi IV' 6-max Seat #3 is the button
Seat 2: michasia ($100 in chips) is sitting out
Seat 1: tnb17 ($98.50 in chips) 
Seat 3: GuigaMan ($100 in chips) 
Seat 4: tintin641 ($102 in chips) 
Seat 5: Oli3579 ($238.55 in chips) 
Seat 6: Rezzonner ($103.75 in chips) 
tintin641: posts small blind $0.50
Oli3579: posts big blind $1
michasia: sits out 
*** HOLE CARDS ***
Rezzonner: raises $1.50 to $2.50
tnb17: folds 
GuigaMan: folds 
tintin641: folds 
Oli3579: folds 
Uncalled bet ($1.50) returned to Rezzonner
Rezzonner collected $2.50 from pot
Rezzonner: doesn't show hand 
*** SUMMARY ***
Total pot $2.50 | Rake $0 
Seat 2: michasia
Seat 1: tnb17 folded before Flop (didn't bet)
Seat 3: GuigaMan (button) folded before Flop (didn't bet)
Seat 4: tintin641 (small blind) folded before Flop
Seat 5: Oli3579 (big blind) folded before Flop
Seat 6: Rezzonner collected ($2.50)



PokerStars Hand #254533215567:  Hold'em No Limit ($0.50/$1.00 USD) - 2025/01/24 19:16:12 WET [2025/01/24 14:16:12 ET]
Table 'Guangxi IV' 6-max Seat #4 is the button
Seat 2: michasia ($100 in chips) is sitting out
Seat 1: tnb17 ($98.50 in chips) 
Seat 3: GuigaMan ($100 in chips) 
Seat 4: tintin641 ($101.50 in chips) 
Seat 5: Oli3579 ($237.55 in chips) 
Seat 6: Rezzonner ($105.25 in chips) 
Oli3579: posts small blind $0.50
Rezzonner: posts big blind $1
michasia: sits out 
*** HOLE CARDS ***
tnb17: folds 
GuigaMan: folds 
tintin641: raises $1.50 to $2.50
Oli3579: folds 
Rezzonner: folds 
Uncalled bet ($1.50) returned to tintin641
tintin641 collected $2.50 from pot
tintin641: doesn't show hand 
*** SUMMARY ***
Total pot $2.50 | Rake $0 
Seat 2: michasia
Seat 1: tnb17 folded before Flop (didn't bet)
Seat 3: GuigaMan folded before Flop (didn't bet)
Seat 4: tintin641 (button) collected ($2.50)
Seat 5: Oli3579 (small blind) folded before Flop
Seat 6: Rezzonner (big blind) folded before Flop



PokerStars Hand #254533219619:  Hold'em No Limit ($0.50/$1.00 USD) - 2025/01/24 19:16:26 WET [2025/01/24 14:16:26 ET]
Table 'Guangxi IV' 6-max Seat #5 is the button
Seat 2: michasia ($100 in chips) is sitting out
Seat 1: tnb17 ($98.50 in chips) 
Seat 3: GuigaMan ($100 in chips) 
Seat 4: tintin641 ($103 in chips) 
Seat 5: Oli3579 ($237.05 in chips) 
Seat 6: Rezzonner ($104.25 in chips) 
Rezzonner: posts small blind $0.50
tnb17: posts big blind $1
michasia: sits out 
*** HOLE CARDS ***
GuigaMan: raises $1.20 to $2.20
tintin641: folds 
Oli3579: folds 
Rezzonner: folds 
tnb17: calls $1.20
*** FLOP *** [Kh 7s Jh]
tnb17: checks 
GuigaMan: bets $1.40
tnb17: calls $1.40
*** TURN *** [Kh 7s Jh] [2d]
tnb17: checks 
GuigaMan: checks 
*** RIVER *** [Kh 7s Jh 2d] [Td]
tnb17: checks 
GuigaMan: bets $8.64
tnb17: calls $8.64
*** SHOW DOWN ***
GuigaMan: shows [Ac Qd] (a straight, Ten to Ace)
tnb17: mucks hand 
GuigaMan collected $23.73 from pot
*** SUMMARY ***
Total pot $24.98 | Rake $1.25 
Board [Kh 7s Jh 2d Td]
Seat 2: michasia
Seat 1: tnb17 (big blind) mucked
Seat 3: GuigaMan showed [Ac Qd] and won ($23.73) with a straight, Ten to Ace
Seat 4: tintin641 folded before Flop (didn't bet)
Seat 5: Oli3579 (button) folded before Flop (didn't bet)
Seat 6: Rezzonner (small blind) folded before Flop



PokerStars Hand #254533229132:  Hold'em No Limit ($0.50/$1.00 USD) - 2025/01/24 19:17:00 WET [2025/01/24 14:17:00 ET]
Table 'Guangxi IV' 6-max Seat #6 is the button
Seat 1: tnb17 ($86.26 in chips) 
Seat 2: michasia ($100 in chips) 
Seat 3: GuigaMan ($111.49 in chips) 
Seat 4: tintin641 ($103 in chips) 
Seat 5: Oli3579 ($237.05 in chips) 
Seat 6: Rezzonner ($103.75 in chips) 
tnb17: posts small blind $0.50
michasia: posts big blind $1
*** HOLE CARDS ***
GuigaMan: folds 
tintin641: folds 
Oli3579: raises $1.25 to $2.25
Rezzonner: folds 
tnb17: folds 
michasia: folds 
Uncalled bet ($1.25) returned to Oli3579
Oli3579 collected $2.50 from pot
Oli3579: doesn't show hand 
*** SUMMARY ***
Total pot $2.50 | Rake $0 
Seat 1: tnb17 (small blind) folded before Flop
Seat 2: michasia (big blind) folded before Flop
Seat 3: GuigaMan folded before Flop (didn't bet)
Seat 4: tintin641 folded before Flop (didn't bet)
Seat 5: Oli3579 collected ($2.50)
Seat 6: Rezzonner (button) folded before Flop (didn't bet)



PokerStars Hand #254533233804:  Hold'em No Limit ($0.50/$1.00 USD) - 2025/01/24 19:17:16 WET [2025/01/24 14:17:16 ET]
Table 'Guangxi IV' 6-max Seat #1 is the button
Seat 1: tnb17 ($85.76 in chips) 
Seat 2: michasia ($100 in chips) 
Seat 3: GuigaMan ($111.49 in chips) 
Seat 4: tintin641 ($103 in chips) 
Seat 5: Oli3579 ($238.55 in chips) 
Seat 6: Rezzonner ($103.75 in chips) 
michasia: posts small blind $0.50
GuigaMan: posts big blind $1
*** HOLE CARDS ***
tintin641: folds 
Oli3579: folds 
Rezzonner: folds 
tnb17: raises $1.50 to $2.50
michasia: folds 
GuigaMan: calls $1.50
*** FLOP *** [Th 7h Jd]
GuigaMan: checks 
tnb17: bets $2.61
GuigaMan: folds 
Uncalled bet ($2.61) returned to tnb17
tnb17 collected $5.22 from pot
tnb17: doesn't show hand 
*** SUMMARY ***
Total pot $5.50 | Rake $0.28 
Board [Th 7h Jd]
Seat 1: tnb17 (button) collected ($5.22)
Seat 2: michasia (small blind) folded before Flop
Seat 3: GuigaMan (big blind) folded on the Flop
Seat 4: tintin641 folded before Flop (didn't bet)
Seat 5: Oli3579 folded before Flop (didn't bet)
Seat 6: Rezzonner folded before Flop (didn't bet)



PokerStars Hand #254533239173:  Hold'em No Limit ($0.50/$1.00 USD) - 2025/01/24 19:17:35 WET [2025/01/24 14:17:35 ET]
Table 'Guangxi IV' 6-max Seat #2 is the button
Seat 1: tnb17 ($88.48 in chips) 
Seat 2: michasia ($100 in chips) 
Seat 3: GuigaMan ($108.99 in chips) 
Seat 4: tintin641 ($103 in chips) 
Seat 5: Oli3579 ($238.55 in chips) 
Seat 6: Rezzonner ($103.75 in chips) 
GuigaMan: posts small blind $0.50
tintin641: posts big blind $1
*** HOLE CARDS ***
Oli3579: folds 
Rezzonner: folds 
tnb17: raises $1.50 to $2.50
michasia: folds 
GuigaMan: folds 
tintin641: folds 
Uncalled bet ($1.50) returned to tnb17
tnb17 collected $2.50 from pot
tnb17: doesn't show hand 
*** SUMMARY ***
Total pot $2.50 | Rake $0 
Seat 1: tnb17 collected ($2.50)
Seat 2: michasia (button) folded before Flop (didn't bet)
Seat 3: GuigaMan (small blind) folded before Flop
Seat 4: tintin641 (big blind) folded before Flop
Seat 5: Oli3579 folded before Flop (didn't bet)
Seat 6: Rezzonner folded before Flop (didn't bet)



PokerStars Hand #254533243230:  Hold'em No Limit ($0.50/$1.00 USD) - 2025/01/24 19:17:50 WET [2025/01/24 14:17:50 ET]
Table 'Guangxi IV' 6-max Seat #3 is the button
Seat 5: Oli3579 ($238.55 in chips) is sitting out
Seat 6: Rezzonner ($103.75 in chips) is sitting out
Seat 1: tnb17 ($89.98 in chips) 
Seat 2: michasia ($100 in chips) 
Seat 3: GuigaMan ($108.49 in chips) 
Seat 4: tintin641 ($102 in chips) 
tintin641: posts small blind $0.50
Oli3579: is sitting out 
Rezzonner: is sitting out 
tnb17: posts big blind $1
*** HOLE CARDS ***
Oli3579 leaves the table
michasia: raises $1.80 to $2.80
GuigaMan: folds 
tintin641: folds 
tnb17: folds 
Uncalled bet ($1.80) returned to michasia
sta$igk joins the table at seat #5 
michasia collected $2.50 from pot
michasia: doesn't show hand 
*** SUMMARY ***
Total pot $2.50 | Rake $0 
Seat 5: Oli3579
Seat 6: Rezzonner
Seat 1: tnb17 (big blind) folded before Flop
Seat 2: michasia collected ($2.50)
Seat 3: GuigaMan (button) folded before Flop (didn't bet)
Seat 4: tintin641 (small blind) folded before Flop



PokerStars Hand #254533246500:  Hold'em No Limit ($0.50/$1.00 USD) - 2025/01/24 19:18:02 WET [2025/01/24 14:18:02 ET]
Table 'Guangxi IV' 6-max Seat #4 is the button
Seat 5: sta$igk ($117.39 in chips) is sitting out
Seat 6: Rezzonner ($103.75 in chips) is sitting out
Seat 1: tnb17 ($88.98 in chips) 
Seat 2: michasia ($101.50 in chips) 
Seat 3: GuigaMan ($108.49 in chips) 
Seat 4: tintin641 ($101.50 in chips) 
tnb17: posts small blind $0.50
michasia: posts big blind $1
*** HOLE CARDS ***
Rezzonner leaves the table
GuigaMan: folds 
tintin641: raises $1.50 to $2.50
tnb17: folds 
michasia: folds 
Uncalled bet ($1.50) returned to tintin641
tintin641 collected $2.50 from pot
tintin641: doesn't show hand 
*** SUMMARY ***
Total pot $2.50 | Rake $0 
Seat 5: sta$igk
Seat 6: Rezzonner
Seat 1: tnb17 (small blind) folded before Flop
Seat 2: michasia (big blind) folded before Flop
Seat 3: GuigaMan folded before Flop (didn't bet)
Seat 4: tintin641 (button) collected ($2.50)



PokerStars Hand #254533249796:  Hold'em No Limit ($0.50/$1.00 USD) - 2025/01/24 19:18:13 WET [2025/01/24 14:18:13 ET]
Table 'Guangxi IV' 6-max Seat #1 is the button
Seat 5: sta$igk ($117.39 in chips) is sitting out
Seat 1: tnb17 ($88.48 in chips) 
Seat 2: michasia ($100.50 in chips) 
Seat 3: GuigaMan ($108.49 in chips) 
Seat 4: tintin641 ($103 in chips) 
michasia: posts small blind $0.50
GuigaMan: posts big blind $1
sta$igk: sits out 
*** HOLE CARDS ***
tintin641: folds 
tnb17: raises $1.50 to $2.50
michasia: folds 
GuigaMan: folds 
Uncalled bet ($1.50) returned to tnb17
tnb17 collected $2.50 from pot
tnb17: doesn't show hand 
*** SUMMARY ***
Total pot $2.50 | Rake $0 
Seat 5: sta$igk
Seat 1: tnb17 (button) collected ($2.50)
Seat 2: michasia (small blind) folded before Flop
Seat 3: GuigaMan (big blind) folded before Flop
Seat 4: tintin641 folded before Flop (didn't bet)



PokerStars Hand #254533254057:  Hold'em No Limit ($0.50/$1.00 USD) - 2025/01/24 19:18:28 WET [2025/01/24 14:18:28 ET]
Table 'Guangxi IV' 6-max Seat #2 is the button
Seat 5: sta$igk ($117.39 in chips) is sitting out
Seat 1: tnb17 ($89.98 in chips) 
Seat 2: michasia ($100 in chips) 
Seat 3: GuigaMan ($107.49 in chips) 
Seat 4: tintin641 ($103 in chips) 
GuigaMan: posts small blind $0.50
tintin641: posts big blind $1
sta$igk: sits out 
*** HOLE CARDS ***
tnb17: folds 
michasia: raises $1.80 to $2.80
GuigaMan: folds 
KarP93 joins the table at seat #6 
tintin641: calls $1.80
*** FLOP *** [As 3h 3c]
tintin641: checks 
michasia: bets $1.91
tintin641: raises $4.81 to $6.72
michasia: calls $4.81
*** TURN *** [As 3h 3c] [Jc]
tintin641: checks 
michasia: checks 
*** RIVER *** [As 3h 3c Jc] [Jd]
tintin641: checks 
michasia: checks 
*** SHOW DOWN ***
tintin641: shows [5h 5c] (two pair, Jacks and Fives)
michasia: shows [Ac Kh] (two pair, Aces and Jacks)
michasia collected $18.56 from pot
*** SUMMARY ***
Total pot $19.54 | Rake $0.98 
Board [As 3h 3c Jc Jd]
Seat 5: sta$igk
Seat 1: tnb17 folded before Flop (didn't bet)
Seat 2: michasia (button) showed [Ac Kh] and won ($18.56) with two pair, Aces and Jacks
Seat 3: GuigaMan (small blind) folded before Flop
Seat 4: tintin641 (big blind) showed [5h 5c] and lost with two pair, Jacks and Fives



PokerStars Hand #254533274277:  Hold'em No Limit ($0.50/$1.00 USD) - 2025/01/24 19:19:41 WET [2025/01/24 14:19:41 ET]
Table 'Guangxi IV' 6-max Seat #3 is the button
Seat 6: KarP93 ($110 in chips) is sitting out
Seat 1: tnb17 ($89.98 in chips) 
Seat 2: michasia ($109.04 in chips) 
Seat 3: GuigaMan ($106.99 in chips) 
Seat 4: tintin641 ($100 in chips) 
Seat 5: sta$igk ($117.39 in chips) 
tintin641: posts small blind $0.50
sta$igk: posts big blind $1
KarP93: sits out 
*** HOLE CARDS ***
tnb17: folds 
michasia: folds 
GuigaMan: raises $1.50 to $2.50
tintin641: folds 
sta$igk: calls $1.50
*** FLOP *** [2d 8h Tc]
sta$igk: checks 
GuigaMan: checks 
*** TURN *** [2d 8h Tc] [3h]
sta$igk: bets $3.92
GuigaMan: folds 
Uncalled bet ($3.92) returned to sta$igk
sta$igk collected $5.22 from pot
sta$igk: doesn't show hand 
*** SUMMARY ***
Total pot $5.50 | Rake $0.28 
Board [2d 8h Tc 3h]
Seat 6: KarP93
Seat 1: tnb17 folded before Flop (didn't bet)
Seat 2: michasia folded before Flop (didn't bet)
Seat 3: GuigaMan (button) folded on the Turn
Seat 4: tintin641 (small blind) folded before Flop
Seat 5: sta$igk (big blind) collected ($5.22)



PokerStars Hand #254533283985:  Hold'em No Limit ($0.50/$1.00 USD) - 2025/01/24 19:20:15 WET [2025/01/24 14:20:15 ET]
Table 'Guangxi IV' 6-max Seat #4 is the button
Seat 1: tnb17 ($89.98 in chips) 
Seat 2: michasia ($109.04 in chips) 
Seat 3: GuigaMan ($104.49 in chips) 
Seat 4: tintin641 ($100 in chips) 
Seat 5: sta$igk ($120.11 in chips) 
Seat 6: KarP93 ($110 in chips) 
sta$igk: posts small blind $0.50
KarP93: posts big blind $1
*** HOLE CARDS ***
tnb17: folds 
michasia: folds 
GuigaMan: folds 
tintin641: folds 
sta$igk: raises $2 to $3
KarP93: folds 
Uncalled bet ($2) returned to sta$igk
sta$igk collected $2 from pot
sta$igk: doesn't show hand 
*** SUMMARY ***
Total pot $2 | Rake $0 
Seat 1: tnb17 folded before Flop (didn't bet)
Seat 2: michasia folded before Flop (didn't bet)
Seat 3: GuigaMan folded before Flop (didn't bet)
Seat 4: tintin641 (button) folded before Flop (didn't bet)
Seat 5: sta$igk (small blind) collected ($2)
Seat 6: KarP93 (big blind) folded before Flop



PokerStars Hand #254533290869:  Hold'em No Limit ($0.50/$1.00 USD) - 2025/01/24 19:20:40 WET [2025/01/24 14:20:40 ET]
Table 'Guangxi IV' 6-max Seat #5 is the button
Seat 1: tnb17 ($89.98 in chips) 
Seat 2: michasia ($109.04 in chips) 
Seat 3: GuigaMan ($104.49 in chips) 
Seat 4: tintin641 ($100 in chips) 
Seat 5: sta$igk ($121.11 in chips) 
Seat 6: KarP93 ($109 in chips) 
KarP93: posts small blind $0.50
tnb17: posts big blind $1
*** HOLE CARDS ***
michasia: folds 
GuigaMan: folds 
tintin641: folds 
sta$igk: raises $1.50 to $2.50
KarP93: folds 
tnb17: folds 
Uncalled bet ($1.50) returned to sta$igk
sta$igk collected $2.50 from pot
sta$igk: doesn't show hand 
*** SUMMARY ***
Total pot $2.50 | Rake $0 
Seat 1: tnb17 (big blind) folded before Flop
Seat 2: michasia folded before Flop (didn't bet)
Seat 3: GuigaMan folded before Flop (didn't bet)
Seat 4: tintin641 folded before Flop (didn't bet)
Seat 5: sta$igk (button) collected ($2.50)
Seat 6: KarP93 (small blind) folded before Flop



PokerStars Hand #254533300496:  Hold'em No Limit ($0.50/$1.00 USD) - 2025/01/24 19:21:15 WET [2025/01/24 14:21:15 ET]
Table 'Guangxi IV' 6-max Seat #6 is the button
Seat 1: tnb17 ($88.98 in chips) 
Seat 2: michasia ($109.04 in chips) 
Seat 3: GuigaMan ($104.49 in chips) 
Seat 4: tintin641 ($100 in chips) 
Seat 5: sta$igk ($122.61 in chips) 
Seat 6: KarP93 ($108.50 in chips) 
tnb17: posts small blind $0.50
michasia: posts big blind $1
*** HOLE CARDS ***
GuigaMan: folds 
tintin641: folds 
sta$igk: folds 
KarP93: raises $1.50 to $2.50
tnb17: folds 
michasia: raises $9.50 to $12
KarP93: folds 
Uncalled bet ($9.50) returned to michasia
michasia collected $5.50 from pot
michasia: doesn't show hand 
*** SUMMARY ***
Total pot $5.50 | Rake $0 
Seat 1: tnb17 (small blind) folded before Flop
Seat 2: michasia (big blind) collected ($5.50)
Seat 3: GuigaMan folded before Flop (didn't bet)
Seat 4: tintin641 folded before Flop (didn't bet)
Seat 5: sta$igk folded before Flop (didn't bet)
Seat 6: KarP93 (button) folded before Flop



PokerStars Hand #254533308583:  Hold'em No Limit ($0.50/$1.00 USD) - 2025/01/24 19:21:44 WET [2025/01/24 14:21:44 ET]
Table 'Guangxi IV' 6-max Seat #1 is the button
Seat 1: tnb17 ($88.48 in chips) 
Seat 2: michasia ($112.04 in chips) 
Seat 3: GuigaMan ($104.49 in chips) 
Seat 4: tintin641 ($100 in chips) 
Seat 5: sta$igk ($122.61 in chips) 
Seat 6: KarP93 ($106 in chips) 
michasia: posts small blind $0.50
GuigaMan: posts big blind $1
*** HOLE CARDS ***
tintin641: raises $1.50 to $2.50
sta$igk: folds 
KarP93: folds 
tnb17: raises $5.50 to $8
michasia: folds 
GuigaMan: folds 
tintin641: calls $5.50
*** FLOP *** [9d Qh 5c]
tintin641: checks 
tnb17: bets $8.31
tintin641: folds 
Uncalled bet ($8.31) returned to tnb17
tnb17 collected $16.62 from pot
tnb17: doesn't show hand 
*** SUMMARY ***
Total pot $17.50 | Rake $0.88 
Board [9d Qh 5c]
Seat 1: tnb17 (button) collected ($16.62)
Seat 2: michasia (small blind) folded before Flop
Seat 3: GuigaMan (big blind) folded before Flop
Seat 4: tintin641 folded on the Flop
Seat 5: sta$igk folded before Flop (didn't bet)
Seat 6: KarP93 folded before Flop (didn't bet)



PokerStars Hand #254533317902:  Hold'em No Limit ($0.50/$1.00 USD) - 2025/01/24 19:22:17 WET [2025/01/24 14:22:17 ET]
Table 'Guangxi IV' 6-max Seat #2 is the button
Seat 1: tnb17 ($97.10 in chips) 
Seat 2: michasia ($111.54 in chips) 
Seat 3: GuigaMan ($103.49 in chips) 
Seat 4: tintin641 ($100 in chips) 
Seat 5: sta$igk ($122.61 in chips) 
Seat 6: KarP93 ($106 in chips) 
GuigaMan: posts small blind $0.50
tintin641: posts big blind $1
*** HOLE CARDS ***
sta$igk: folds 
KarP93: folds 
tnb17: folds 
michasia: folds 
GuigaMan: raises $2 to $3
tintin641: folds 
Uncalled bet ($2) returned to GuigaMan
GuigaMan collected $2 from pot
GuigaMan: doesn't show hand 
*** SUMMARY ***
Total pot $2 | Rake $0 
Seat 1: tnb17 folded before Flop (didn't bet)
Seat 2: michasia (button) folded before Flop (didn't bet)
Seat 3: GuigaMan (small blind) collected ($2)
Seat 4: tintin641 (big blind) folded before Flop
Seat 5: sta$igk folded before Flop (didn't bet)
Seat 6: KarP93 folded before Flop (didn't bet)



PokerStars Hand #254533321480:  Hold'em No Limit ($0.50/$1.00 USD) - 2025/01/24 19:22:30 WET [2025/01/24 14:22:30 ET]
Table 'Guangxi IV' 6-max Seat #3 is the button
Seat 1: tnb17 ($97.10 in chips) 
Seat 2: michasia ($111.54 in chips) 
Seat 3: GuigaMan ($104.49 in chips) 
Seat 4: tintin641 ($100 in chips) 
Seat 5: sta$igk ($122.61 in chips) 
Seat 6: KarP93 ($106 in chips) 
tintin641: posts small blind $0.50
sta$igk: posts big blind $1
*** HOLE CARDS ***
KarP93: folds 
tnb17: folds 
michasia: folds 
GuigaMan: raises $1.50 to $2.50
tintin641: folds 
sta$igk: folds 
Uncalled bet ($1.50) returned to GuigaMan
GuigaMan collected $2.50 from pot
GuigaMan: doesn't show hand 
*** SUMMARY ***
Total pot $2.50 | Rake $0 
Seat 1: tnb17 folded before Flop (didn't bet)
Seat 2: michasia folded before Flop (didn't bet)
Seat 3: GuigaMan (button) collected ($2.50)
Seat 4: tintin641 (small blind) folded before Flop
Seat 5: sta$igk (big blind) folded before Flop
Seat 6: KarP93 folded before Flop (didn't bet)



PokerStars Hand #254533325037:  Hold'em No Limit ($0.50/$1.00 USD) - 2025/01/24 19:22:43 WET [2025/01/24 14:22:43 ET]
Table 'Guangxi IV' 6-max Seat #4 is the button
Seat 6: KarP93 ($106 in chips) is sitting out
Seat 1: tnb17 ($97.10 in chips) 
Seat 2: michasia ($111.54 in chips) 
Seat 3: GuigaMan ($105.99 in chips) 
Seat 4: tintin641 ($100 in chips) 
Seat 5: sta$igk ($121.61 in chips) 
sta$igk: posts small blind $0.50
KarP93: is sitting out 
tnb17: posts big blind $1
*** HOLE CARDS ***
michasia: raises $1.60 to $2.60
GuigaMan: folds 
tintin641: folds 
sta$igk: folds 
tnb17: folds 
Uncalled bet ($1.60) returned to michasia
michasia collected $2.50 from pot
michasia: doesn't show hand 
*** SUMMARY ***
Total pot $2.50 | Rake $0 
Seat 6: KarP93
Seat 1: tnb17 (big blind) folded before Flop
Seat 2: michasia collected ($2.50)
Seat 3: GuigaMan folded before Flop (didn't bet)
Seat 4: tintin641 (button) folded before Flop (didn't bet)
Seat 5: sta$igk (small blind) folded before Flop



PokerStars Hand #254533329226:  Hold'em No Limit ($0.50/$1.00 USD) - 2025/01/24 19:22:58 WET [2025/01/24 14:22:58 ET]
Table 'Guangxi IV' 6-max Seat #5 is the button
Seat 6: KarP93 ($106 in chips) is sitting out
Seat 1: tnb17 ($96.10 in chips) 
Seat 2: michasia ($113.04 in chips) 
Seat 3: GuigaMan ($105.99 in chips) 
Seat 4: tintin641 ($100 in chips) 
Seat 5: sta$igk ($121.11 in chips) 
tnb17: posts small blind $0.50
michasia: posts big blind $1
*** HOLE CARDS ***
GuigaMan: folds 
tintin641: raises $1.50 to $2.50
sta$igk: folds 
tnb17: folds 
michasia: folds 
Uncalled bet ($1.50) returned to tintin641
tintin641 collected $2.50 from pot
tintin641: doesn't show hand 
*** SUMMARY ***
Total pot $2.50 | Rake $0 
Seat 6: KarP93
Seat 1: tnb17 (small blind) folded before Flop
Seat 2: michasia (big blind) folded before Flop
Seat 3: GuigaMan folded before Flop (didn't bet)
Seat 4: tintin641 collected ($2.50)
Seat 5: sta$igk (button) folded before Flop (didn't bet)



PokerStars Hand #254533332215:  Hold'em No Limit ($0.50/$1.00 USD) - 2025/01/24 19:23:08 WET [2025/01/24 14:23:08 ET]
Table 'Guangxi IV' 6-max Seat #1 is the button
Seat 6: KarP93 ($106 in chips) is sitting out
Seat 1: tnb17 ($95.60 in chips) 
Seat 2: michasia ($112.04 in chips) 
Seat 3: GuigaMan ($105.99 in chips) 
Seat 4: tintin641 ($101.50 in chips) 
Seat 5: sta$igk ($121.11 in chips) 
michasia: posts small blind $0.50
GuigaMan: posts big blind $1
*** HOLE CARDS ***
tintin641: folds 
sta$igk: raises $1.50 to $2.50
tnb17: folds 
michasia: folds 
GuigaMan: folds 
Uncalled bet ($1.50) returned to sta$igk
sta$igk collected $2.50 from pot
sta$igk: doesn't show hand 
*** SUMMARY ***
Total pot $2.50 | Rake $0 
Seat 6: KarP93
Seat 1: tnb17 (button) folded before Flop (didn't bet)
Seat 2: michasia (small blind) folded before Flop
Seat 3: GuigaMan (big blind) folded before Flop
Seat 4: tintin641 folded before Flop (didn't bet)
Seat 5: sta$igk collected ($2.50)



PokerStars Hand #254533337738:  Hold'em No Limit ($0.50/$1.00 USD) - 2025/01/24 19:23:28 WET [2025/01/24 14:23:28 ET]
Table 'Guangxi IV' 6-max Seat #2 is the button
Seat 6: KarP93 ($106 in chips) is sitting out
Seat 1: tnb17 ($95.60 in chips) 
Seat 2: michasia ($111.54 in chips) 
Seat 3: GuigaMan ($104.99 in chips) 
Seat 4: tintin641 ($101.50 in chips) 
Seat 5: sta$igk ($122.61 in chips) 
GuigaMan: posts small blind $0.50
tintin641: posts big blind $1
*** HOLE CARDS ***
sta$igk: folds 
tnb17: raises $1.50 to $2.50
michasia: folds 
GuigaMan: folds 
tintin641: calls $1.50
*** FLOP *** [Js 5s 2h]
tintin641: checks 
tnb17: bets $2
tintin641: raises $6.92 to $8.92
tnb17: calls $6.92
*** TURN *** [Js 5s 2h] [Ts]
tintin641: bets $7.32
tnb17: raises $36.81 to $44.13
tintin641: folds 
Uncalled bet ($36.81) returned to tnb17
tnb17 collected $36.08 from pot
tnb17: doesn't show hand 
*** SUMMARY ***
Total pot $37.98 | Rake $1.90 
Board [Js 5s 2h Ts]
Seat 6: KarP93
Seat 1: tnb17 collected ($36.08)
Seat 2: michasia (button) folded before Flop (didn't bet)
Seat 3: GuigaMan (small blind) folded before Flop
Seat 4: tintin641 (big blind) folded on the Turn
Seat 5: sta$igk folded before Flop (didn't bet)



PokerStars Hand #254533352850:  Hold'em No Limit ($0.50/$1.00 USD) - 2025/01/24 19:24:23 WET [2025/01/24 14:24:23 ET]
Table 'Guangxi IV' 6-max Seat #3 is the button
Seat 6: KarP93 ($106 in chips) is sitting out
Seat 1: tnb17 ($112.94 in chips) 
Seat 2: michasia ($111.54 in chips) 
Seat 3: GuigaMan ($104.49 in chips) 
Seat 4: tintin641 ($100 in chips) 
Seat 5: sta$igk ($122.61 in chips) 
tintin641: posts small blind $0.50
sta$igk: posts big blind $1
*** HOLE CARDS ***
tnb17: folds 
michasia: raises $1.80 to $2.80
GuigaMan: folds 
tintin641: folds 
sta$igk: folds 
Uncalled bet ($1.80) returned to michasia
michasia collected $2.50 from pot
michasia: doesn't show hand 
*** SUMMARY ***
Total pot $2.50 | Rake $0 
Seat 6: KarP93
Seat 1: tnb17 folded before Flop (didn't bet)
Seat 2: michasia collected ($2.50)
Seat 3: GuigaMan (button) folded before Flop (didn't bet)
Seat 4: tintin641 (small blind) folded before Flop
Seat 5: sta$igk (big blind) folded before Flop



PokerStars Hand #254533356167:  Hold'em No Limit ($0.50/$1.00 USD) - 2025/01/24 19:24:35 WET [2025/01/24 14:24:35 ET]
Table 'Guangxi IV' 6-max Seat #4 is the button
Seat 6: KarP93 ($106 in chips) is sitting out
Seat 1: tnb17 ($112.94 in chips) 
Seat 2: michasia ($113.04 in chips) 
Seat 3: GuigaMan ($104.49 in chips) 
Seat 4: tintin641 ($100 in chips) 
Seat 5: sta$igk ($121.61 in chips) 
sta$igk: posts small blind $0.50
tnb17: posts big blind $1
*** HOLE CARDS ***
michasia: folds 
KarP93 leaves the table
GuigaMan: raises $1.50 to $2.50
tintin641: folds 
sta$igk: folds 
tnb17: raises $3.50 to $6
GuigaMan: calls $3.50
*** FLOP *** [Ad 7h 8s]
tnb17: checks 
GuigaMan: checks 
*** TURN *** [Ad 7h 8s] [7d]
tnb17: checks 
GuigaMan: checks 
*** RIVER *** [Ad 7h 8s 7d] [4h]
tnb17: checks 
GuigaMan: checks 
*** SHOW DOWN ***
tnb17: shows [Qd Qs] (two pair, Queens and Sevens)
GuigaMan: mucks hand 
tnb17 collected $11.88 from pot
*** SUMMARY ***
Total pot $12.50 | Rake $0.62 
Board [Ad 7h 8s 7d 4h]
Seat 6: KarP93
Seat 1: tnb17 (big blind) showed [Qd Qs] and won ($11.88) with two pair, Queens and Sevens
Seat 2: michasia folded before Flop (didn't bet)
Seat 3: GuigaMan mucked
Seat 4: tintin641 (button) folded before Flop (didn't bet)
Seat 5: sta$igk (small blind) folded before Flop



PokerStars Hand #254533364809:  Hold'em No Limit ($0.50/$1.00 USD) - 2025/01/24 19:25:06 WET [2025/01/24 14:25:06 ET]
Table 'Guangxi IV' 6-max Seat #5 is the button
Seat 1: tnb17 ($118.82 in chips) 
Seat 2: michasia ($113.04 in chips) 
Seat 3: GuigaMan ($100 in chips) 
Seat 4: tintin641 ($100 in chips) 
Seat 5: sta$igk ($121.11 in chips) 
tnb17: posts small blind $0.50
michasia: posts big blind $1
*** HOLE CARDS ***
GuigaMan: folds 
tintin641: folds 
sta$igk: raises $1.50 to $2.50
tnb17: folds 
michasia: calls $1.50
*** FLOP *** [2s Jd 5c]
michasia: checks 
sta$igk: bets $1.72
michasia: calls $1.72
*** TURN *** [2s Jd 5c] [3h]
michasia: checks 
sta$igk: bets $6.37
michasia: calls $6.37
*** RIVER *** [2s Jd 5c 3h] [4h]
michasia: checks 
sta$igk: bets $13.80
michasia: folds 
Uncalled bet ($13.80) returned to sta$igk
sta$igk collected $20.60 from pot
sta$igk: doesn't show hand 
*** SUMMARY ***
Total pot $21.68 | Rake $1.08 
Board [2s Jd 5c 3h 4h]
Seat 1: tnb17 (small blind) folded before Flop
Seat 2: michasia (big blind) folded on the River
Seat 3: GuigaMan folded before Flop (didn't bet)
Seat 4: tintin641 folded before Flop (didn't bet)
Seat 5: sta$igk (button) collected ($20.60)



PokerStars Hand #254533378607:  Hold'em No Limit ($0.50/$1.00 USD) - 2025/01/24 19:25:56 WET [2025/01/24 14:25:56 ET]
Table 'Guangxi IV' 6-max Seat #1 is the button
Seat 1: tnb17 ($118.32 in chips) 
Seat 2: michasia ($102.45 in chips) 
Seat 3: GuigaMan ($100 in chips) 
Seat 4: tintin641 ($100 in chips) 
michasia: posts small blind $0.50
GuigaMan: posts big blind $1
*** HOLE CARDS ***
tintin641: folds 
tnb17: folds 
michasia: folds 
Uncalled bet ($0.50) returned to GuigaMan
GuigaMan collected $1 from pot
GuigaMan: doesn't show hand 
*** SUMMARY ***
Total pot $1 | Rake $0 
Seat 1: tnb17 (button) folded before Flop (didn't bet)
Seat 2: michasia (small blind) folded before Flop
Seat 3: GuigaMan (big blind) collected ($1)
Seat 4: tintin641 folded before Flop (didn't bet)



PokerStars Hand #254533380936:  Hold'em No Limit ($0.50/$1.00 USD) - 2025/01/24 19:26:04 WET [2025/01/24 14:26:04 ET]
Table 'Guangxi IV' 6-max Seat #2 is the button
Seat 1: tnb17 ($118.32 in chips) 
Seat 2: michasia ($101.95 in chips) 
Seat 3: GuigaMan ($100.50 in chips) 
Seat 4: tintin641 ($100 in chips) 
GuigaMan: posts small blind $0.50
tintin641: posts big blind $1
*** HOLE CARDS ***
tnb17: folds 
michasia: raises $1.80 to $2.80
GuigaMan: folds 
tintin641: calls $1.80
*** FLOP *** [5c Qh Td]
tintin641: checks 
michasia: bets $3.87
tintin641: folds 
Uncalled bet ($3.87) returned to michasia
michasia collected $5.80 from pot
michasia: doesn't show hand 
*** SUMMARY ***
Total pot $6.10 | Rake $0.30 
Board [5c Qh Td]
Seat 1: tnb17 folded before Flop (didn't bet)
Seat 2: michasia (button) collected ($5.80)
Seat 3: GuigaMan (small blind) folded before Flop
Seat 4: tintin641 (big blind) folded on the Flop



PokerStars Hand #254533388982:  Hold'em No Limit ($0.50/$1.00 USD) - 2025/01/24 19:26:32 WET [2025/01/24 14:26:32 ET]
Table 'Guangxi IV' 6-max Seat #3 is the button
Seat 1: tnb17 ($118.32 in chips) 
Seat 2: michasia ($104.95 in chips) 
Seat 3: GuigaMan ($100 in chips) 
Seat 4: tintin641 ($100 in chips) 
tintin641: posts small blind $0.50
tnb17: posts big blind $1
*** HOLE CARDS ***
michasia: raises $1.80 to $2.80
GuigaMan: folds 
imhungarian8 joins the table at seat #5 
tintin641: folds 
tnb17: folds 
Uncalled bet ($1.80) returned to michasia
michasia collected $2.50 from pot
michasia: doesn't show hand 
Y_19 joins the table at seat #6 
*** SUMMARY ***
Total pot $2.50 | Rake $0 
Seat 1: tnb17 (big blind) folded before Flop
Seat 2: michasia collected ($2.50)
Seat 3: GuigaMan (button) folded before Flop (didn't bet)
Seat 4: tintin641 (small blind) folded before Flop



PokerStars Hand #254533392214:  Hold'em No Limit ($0.50/$1.00 USD) - 2025/01/24 19:26:44 WET [2025/01/24 14:26:44 ET]
Table 'Guangxi IV' 6-max Seat #4 is the button
Seat 5: imhungarian8 ($100 in chips) is sitting out
Seat 6: Y_19 ($100 in chips) is sitting out
Seat 1: tnb17 ($117.32 in chips) 
Seat 2: michasia ($106.45 in chips) 
Seat 3: GuigaMan ($100 in chips) 
Seat 4: tintin641 ($100 in chips) 
tnb17: posts small blind $0.50
michasia: posts big blind $1
*** HOLE CARDS ***
GuigaMan: folds 
tintin641: raises $1.50 to $2.50
tnb17: folds 
michasia: raises $9.50 to $12
tintin641: folds 
Uncalled bet ($9.50) returned to michasia
michasia collected $5.50 from pot
michasia: doesn't show hand 
*** SUMMARY ***
Total pot $5.50 | Rake $0 
Seat 5: imhungarian8
Seat 6: Y_19
Seat 1: tnb17 (small blind) folded before Flop
Seat 2: michasia (big blind) collected ($5.50)
Seat 3: GuigaMan folded before Flop (didn't bet)
Seat 4: tintin641 (button) folded before Flop



PokerStars Hand #254533397973:  Hold'em No Limit ($0.50/$1.00 USD) - 2025/01/24 19:27:05 WET [2025/01/24 14:27:05 ET]
Table 'Guangxi IV' 6-max Seat #1 is the button
Seat 5: imhungarian8 ($100 in chips) is sitting out
Seat 6: Y_19 ($100 in chips) is sitting out
Seat 1: tnb17 ($116.82 in chips) 
Seat 2: michasia ($109.45 in chips) 
Seat 3: GuigaMan ($100 in chips) 
Seat 4: tintin641 ($100 in chips) 
michasia: posts small blind $0.50
GuigaMan: posts big blind $1
imhungarian8: sits out 
Y_19: sits out 
*** HOLE CARDS ***
tintin641: folds 
tnb17: folds 
michasia: folds 
Uncalled bet ($0.50) returned to GuigaMan
GuigaMan collected $1 from pot
GuigaMan: doesn't show hand 
*** SUMMARY ***
Total pot $1 | Rake $0 
Seat 5: imhungarian8
Seat 6: Y_19
Seat 1: tnb17 (button) folded before Flop (didn't bet)
Seat 2: michasia (small blind) folded before Flop
Seat 3: GuigaMan (big blind) collected ($1)
Seat 4: tintin641 folded before Flop (didn't bet)



PokerStars Hand #254533400259:  Hold'em No Limit ($0.50/$1.00 USD) - 2025/01/24 19:27:13 WET [2025/01/24 14:27:13 ET]
Table 'Guangxi IV' 6-max Seat #2 is the button
Seat 5: imhungarian8 ($100 in chips) is sitting out
Seat 6: Y_19 ($100 in chips) is sitting out
Seat 1: tnb17 ($116.82 in chips) 
Seat 2: michasia ($108.95 in chips) 
Seat 3: GuigaMan ($100.50 in chips) 
Seat 4: tintin641 ($100 in chips) 
GuigaMan: posts small blind $0.50
tintin641: posts big blind $1
imhungarian8: sits out 
Y_19: sits out 
*** HOLE CARDS ***
tnb17: folds 
michasia: raises $1.80 to $2.80
GuigaMan: folds 
tintin641: folds 
Uncalled bet ($1.80) returned to michasia
michasia collected $2.50 from pot
michasia: doesn't show hand 
*** SUMMARY ***
Total pot $2.50 | Rake $0 
Seat 5: imhungarian8
Seat 6: Y_19
Seat 1: tnb17 folded before Flop (didn't bet)
Seat 2: michasia (button) collected ($2.50)
Seat 3: GuigaMan (small blind) folded before Flop
Seat 4: tintin641 (big blind) folded before Flop



PokerStars Hand #254533404583:  Hold'em No Limit ($0.50/$1.00 USD) - 2025/01/24 19:27:29 WET [2025/01/24 14:27:29 ET]
Table 'Guangxi IV' 6-max Seat #3 is the button
Seat 6: Y_19 ($100 in chips) is sitting out
Seat 1: tnb17 ($116.82 in chips) 
Seat 2: michasia ($110.45 in chips) 
Seat 3: GuigaMan ($100 in chips) 
Seat 4: tintin641 ($100 in chips) 
Seat 5: imhungarian8 ($100 in chips) 
tintin641: posts small blind $0.50
imhungarian8: posts big blind $1
Y_19: sits out 
*** HOLE CARDS ***
tnb17: raises $1.50 to $2.50
michasia: folds 
GuigaMan: folds 
tintin641: folds 
imhungarian8: calls $1.50
*** FLOP *** [3d 8c 8h]
imhungarian8: checks 
tnb17: checks 
*** TURN *** [3d 8c 8h] [9d]
imhungarian8: checks 
tnb17: bets $2.61
imhungarian8: calls $2.61
*** RIVER *** [3d 8c 8h 9d] [Ts]
imhungarian8: checks 
tnb17: bets $5.09
imhungarian8: calls $5.09
*** SHOW DOWN ***
tnb17: shows [Ks Jc] (a pair of Eights)
imhungarian8: shows [2c 2s] (two pair, Eights and Deuces)
imhungarian8 collected $19.86 from pot
*** SUMMARY ***
Total pot $20.90 | Rake $1.04 
Board [3d 8c 8h 9d Ts]
Seat 6: Y_19
Seat 1: tnb17 showed [Ks Jc] and lost with a pair of Eights
Seat 2: michasia folded before Flop (didn't bet)
Seat 3: GuigaMan (button) folded before Flop (didn't bet)
Seat 4: tintin641 (small blind) folded before Flop
Seat 5: imhungarian8 (big blind) showed [2c 2s] and won ($19.86) with two pair, Eights and Deuces



PokerStars Hand #254533417690:  Hold'em No Limit ($0.50/$1.00 USD) - 2025/01/24 19:28:15 WET [2025/01/24 14:28:15 ET]
Table 'Guangxi IV' 6-max Seat #4 is the button
Seat 1: tnb17 ($106.62 in chips) 
Seat 2: michasia ($110.45 in chips) 
Seat 3: GuigaMan ($100 in chips) 
Seat 4: tintin641 ($100 in chips) 
Seat 5: imhungarian8 ($109.66 in chips) 
Seat 6: Y_19 ($100 in chips) 
imhungarian8: posts small blind $0.50
Y_19: posts big blind $1
*** HOLE CARDS ***
tnb17: folds 
michasia: folds 
GuigaMan: folds 
tintin641: raises $1.50 to $2.50
imhungarian8: folds 
Y_19: calls $1.50
*** FLOP *** [4s 9s 5c]
Y_19: checks 
tintin641: bets $3.92
Y_19: calls $3.92
*** TURN *** [4s 9s 5c] [Ks]
Y_19: checks 
tintin641: checks 
*** RIVER *** [4s 9s 5c Ks] [6h]
Y_19: bets $8.87
tintin641: folds 
Uncalled bet ($8.87) returned to Y_19
Y_19 collected $12.67 from pot
Y_19: doesn't show hand 
*** SUMMARY ***
Total pot $13.34 | Rake $0.67 
Board [4s 9s 5c Ks 6h]
Seat 1: tnb17 folded before Flop (didn't bet)
Seat 2: michasia folded before Flop (didn't bet)
Seat 3: GuigaMan folded before Flop (didn't bet)
Seat 4: tintin641 (button) folded on the River
Seat 5: imhungarian8 (small blind) folded before Flop
Seat 6: Y_19 (big blind) collected ($12.67)



PokerStars Hand #254533442823:  Hold'em No Limit ($0.50/$1.00 USD) - 2025/01/24 19:29:45 WET [2025/01/24 14:29:45 ET]
Table 'Guangxi IV' 6-max Seat #5 is the button
Seat 1: tnb17 ($106.62 in chips) 
Seat 2: michasia ($110.45 in chips) 
Seat 3: GuigaMan ($100 in chips) 
Seat 4: tintin641 ($100 in chips) 
Seat 5: imhungarian8 ($109.16 in chips) 
Seat 6: Y_19 ($106.25 in chips) 
Y_19: posts small blind $0.50
tnb17: posts big blind $1
*** HOLE CARDS ***
michasia: folds 
GuigaMan: folds 
tintin641: folds 
imhungarian8: raises $1.50 to $2.50
Y_19: folds 
tnb17: calls $1.50
*** FLOP *** [2h 4h 7h]
tnb17: checks 
imhungarian8: checks 
*** TURN *** [2h 4h 7h] [4c]
tnb17: checks 
imhungarian8: checks 
*** RIVER *** [2h 4h 7h 4c] [Js]
tnb17: checks 
imhungarian8: checks 
*** SHOW DOWN ***
tnb17: shows [7d 6c] (two pair, Sevens and Fours)
imhungarian8: mucks hand 
tnb17 collected $5.22 from pot
*** SUMMARY ***
Total pot $5.50 | Rake $0.28 
Board [2h 4h 7h 4c Js]
Seat 1: tnb17 (big blind) showed [7d 6c] and won ($5.22) with two pair, Sevens and Fours
Seat 2: michasia folded before Flop (didn't bet)
Seat 3: GuigaMan folded before Flop (didn't bet)
Seat 4: tintin641 folded before Flop (didn't bet)
Seat 5: imhungarian8 (button) mucked
Seat 6: Y_19 (small blind) folded before Flop



PokerStars Hand #254533452781:  Hold'em No Limit ($0.50/$1.00 USD) - 2025/01/24 19:30:20 WET [2025/01/24 14:30:20 ET]
Table 'Guangxi IV' 6-max Seat #6 is the button
Seat 1: tnb17 ($109.34 in chips) 
Seat 2: michasia ($110.45 in chips) 
Seat 3: GuigaMan ($100 in chips) 
Seat 4: tintin641 ($100 in chips) 
Seat 5: imhungarian8 ($106.66 in chips) 
Seat 6: Y_19 ($105.75 in chips) 
tnb17: posts small blind $0.50
michasia: posts big blind $1
*** HOLE CARDS ***
GuigaMan: folds 
tintin641: raises $1.50 to $2.50
imhungarian8: folds 
Y_19: folds 
tnb17: folds 
michasia: calls $1.50
*** FLOP *** [Js 4s 7c]
michasia: checks 
tintin641: bets $2.61
michasia: raises $5.22 to $7.83
tintin641: folds 
Uncalled bet ($5.22) returned to michasia
michasia collected $10.18 from pot
michasia: doesn't show hand 
*** SUMMARY ***
Total pot $10.72 | Rake $0.54 
Board [Js 4s 7c]
Seat 1: tnb17 (small blind) folded before Flop
Seat 2: michasia (big blind) collected ($10.18)
Seat 3: GuigaMan folded before Flop (didn't bet)
Seat 4: tintin641 folded on the Flop
Seat 5: imhungarian8 folded before Flop (didn't bet)
Seat 6: Y_19 (button) folded before Flop (didn't bet)



PokerStars Hand #254533464230:  Hold'em No Limit ($0.50/$1.00 USD) - 2025/01/24 19:31:01 WET [2025/01/24 14:31:01 ET]
Table 'Guangxi IV' 6-max Seat #1 is the button
Seat 1: tnb17 ($108.84 in chips) 
Seat 2: michasia ($115.52 in chips) 
Seat 3: GuigaMan ($100 in chips) 
Seat 4: tintin641 ($100 in chips) 
Seat 5: imhungarian8 ($106.66 in chips) 
Seat 6: Y_19 ($105.75 in chips) 
michasia: posts small blind $0.50
GuigaMan: posts big blind $1
*** HOLE CARDS ***
tintin641: folds 
imhungarian8: folds 
Y_19: folds 
tnb17: raises $1.50 to $2.50
michasia: folds 
GuigaMan: folds 
Uncalled bet ($1.50) returned to tnb17
tnb17 collected $2.50 from pot
tnb17: doesn't show hand 
*** SUMMARY ***
Total pot $2.50 | Rake $0 
Seat 1: tnb17 (button) collected ($2.50)
Seat 2: michasia (small blind) folded before Flop
Seat 3: GuigaMan (big blind) folded before Flop
Seat 4: tintin641 folded before Flop (didn't bet)
Seat 5: imhungarian8 folded before Flop (didn't bet)
Seat 6: Y_19 folded before Flop (didn't bet)



PokerStars Hand #254533468959:  Hold'em No Limit ($0.50/$1.00 USD) - 2025/01/24 19:31:17 WET [2025/01/24 14:31:17 ET]
Table 'Guangxi IV' 6-max Seat #2 is the button
Seat 1: tnb17 ($110.34 in chips) 
Seat 2: michasia ($115.02 in chips) 
Seat 3: GuigaMan ($100 in chips) 
Seat 4: tintin641 ($100 in chips) 
Seat 5: imhungarian8 ($106.66 in chips) 
Seat 6: Y_19 ($105.75 in chips) 
GuigaMan: posts small blind $0.50
tintin641: posts big blind $1
*** HOLE CARDS ***
imhungarian8: raises $1 to $2
Y_19: folds 
tnb17: folds 
michasia: folds 
GuigaMan: folds 
tintin641: calls $1
*** FLOP *** [6d 8s 4s]
tintin641: checks 
imhungarian8: checks 
*** TURN *** [6d 8s 4s] [3d]
tintin641: bets $6.42
tnb17 leaves the table
imhungarian8: folds 
Uncalled bet ($6.42) returned to tintin641
tintin641 collected $4.28 from pot
tintin641: doesn't show hand 
*** SUMMARY ***
Total pot $4.50 | Rake $0.22 
Board [6d 8s 4s 3d]
Seat 1: tnb17 folded before Flop (didn't bet)
Seat 2: michasia (button) folded before Flop (didn't bet)
Seat 3: GuigaMan (small blind) folded before Flop
Seat 4: tintin641 (big blind) collected ($4.28)
Seat 5: imhungarian8 folded on the Turn
Seat 6: Y_19 folded before Flop (didn't bet)



PokerStars Hand #254533487788:  Hold'em No Limit ($0.50/$1.00 USD) - 2025/01/24 19:32:24 WET [2025/01/24 14:32:24 ET]
Table 'Guangxi IV' 6-max Seat #3 is the button
Seat 5: imhungarian8 ($104.66 in chips) is sitting out
Seat 2: michasia ($115.02 in chips) 
Seat 3: GuigaMan ($100 in chips) 
Seat 4: tintin641 ($102.28 in chips) 
Seat 6: Y_19 ($105.75 in chips) 
tintin641: posts small blind $0.50
imhungarian8: is sitting out 
Y_19: posts big blind $1
*** HOLE CARDS ***
michasia: raises $1.80 to $2.80
imhungarian8 leaves the table
GuigaMan: folds 
tintin641: folds 
Y_19: folds 
Uncalled bet ($1.80) returned to michasia
michasia collected $2.50 from pot
michasia: doesn't show hand 
*** SUMMARY ***
Total pot $2.50 | Rake $0 
Seat 5: imhungarian8
Seat 2: michasia collected ($2.50)
Seat 3: GuigaMan (button) folded before Flop (didn't bet)
Seat 4: tintin641 (small blind) folded before Flop
Seat 6: Y_19 (big blind) folded before Flop



PokerStars Hand #254533491254:  Hold'em No Limit ($0.50/$1.00 USD) - 2025/01/24 19:32:36 WET [2025/01/24 14:32:36 ET]
Table 'Guangxi IV' 6-max Seat #4 is the button
Seat 2: michasia ($116.52 in chips) 
Seat 3: GuigaMan ($100 in chips) 
Seat 4: tintin641 ($101.78 in chips) 
Seat 6: Y_19 ($104.75 in chips) 
Y_19: posts small blind $0.50
michasia: posts big blind $1
*** HOLE CARDS ***
GuigaMan: folds 
tintin641: raises $1.50 to $2.50
Y_19: folds 
michasia: calls $1.50
*** FLOP *** [Jd 3d Jc]
michasia: checks 
tintin641: bets $1.72
michasia: calls $1.72
*** TURN *** [Jd 3d Jc] [2d]
michasia: checks 
tintin641: checks 
*** RIVER *** [Jd 3d Jc 2d] [7h]
michasia: bets $5.66
tintin641: raises $14.86 to $20.52
michasia: folds 
Uncalled bet ($14.86) returned to tintin641
tintin641 collected $19.26 from pot
tintin641: doesn't show hand 
*** SUMMARY ***
Total pot $20.26 | Rake $1 
Board [Jd 3d Jc 2d 7h]
Seat 2: michasia (big blind) folded on the River
Seat 3: GuigaMan folded before Flop (didn't bet)
Seat 4: tintin641 (button) collected ($19.26)
Seat 6: Y_19 (small blind) folded before Flop



PokerStars Hand #254533512065:  Hold'em No Limit ($0.50/$1.00 USD) - 2025/01/24 19:33:49 WET [2025/01/24 14:33:49 ET]
Table 'Guangxi IV' 6-max Seat #6 is the button
Seat 2: michasia ($106.64 in chips) 
Seat 3: GuigaMan ($100 in chips) 
Seat 4: tintin641 ($111.16 in chips) 
Seat 6: Y_19 ($104.25 in chips) 
michasia: posts small blind $0.50
GuigaMan: posts big blind $1
*** HOLE CARDS ***
tintin641: folds 
Y_19: folds 
michasia: folds 
Uncalled bet ($0.50) returned to GuigaMan
GuigaMan collected $1 from pot
GuigaMan: doesn't show hand 
*** SUMMARY ***
Total pot $1 | Rake $0 
Seat 2: michasia (small blind) folded before Flop
Seat 3: GuigaMan (big blind) collected ($1)
Seat 4: tintin641 folded before Flop (didn't bet)
Seat 6: Y_19 (button) folded before Flop (didn't bet)



PokerStars Hand #254533515616:  Hold'em No Limit ($0.50/$1.00 USD) - 2025/01/24 19:34:02 WET [2025/01/24 14:34:02 ET]
Table 'Guangxi IV' 6-max Seat #3 is the button
Seat 4: tintin641 ($111.16 in chips) is sitting out
Seat 6: Y_19 ($104.25 in chips) is sitting out
Seat 2: michasia ($106.14 in chips) 
Seat 3: GuigaMan ($100.50 in chips) 
GuigaMan: posts small blind $0.50
tintin641: is sitting out 
Y_19: is sitting out 
michasia: posts big blind $1
*** HOLE CARDS ***
tintin641 leaves the table
GuigaMan: folds 
Uncalled bet ($0.50) returned to michasia
michasia collected $1 from pot
michasia: doesn't show hand 
*** SUMMARY ***
Total pot $1 | Rake $0 
Seat 4: tintin641
Seat 6: Y_19
Seat 2: michasia (big blind) collected ($1)
Seat 3: GuigaMan (button) (small blind) folded before Flop



PokerStars Hand #254533517697:  Hold'em No Limit ($0.50/$1.00 USD) - 2025/01/24 19:34:09 WET [2025/01/24 14:34:09 ET]
Table 'Guangxi IV' 6-max Seat #2 is the button
Seat 6: Y_19 ($104.25 in chips) is sitting out
Seat 2: michasia ($106.64 in chips) 
Seat 3: GuigaMan ($100 in chips) 
michasia: posts small blind $0.50
GuigaMan: posts big blind $1
*** HOLE CARDS ***
michasia: folds 
Uncalled bet ($0.50) returned to GuigaMan
GuigaMan collected $1 from pot
GuigaMan: doesn't show hand 
*** SUMMARY ***
Total pot $1 | Rake $0 
Seat 6: Y_19
Seat 2: michasia (button) (small blind) folded before Flop
Seat 3: GuigaMan (big blind) collected ($1)



PokerStars Hand #254533522848:  Hold'em No Limit ($0.50/$1.00 USD) - 2025/01/24 19:34:27 WET [2025/01/24 14:34:27 ET]
Table 'Guangxi IV' 6-max Seat #3 is the button
Seat 2: michasia ($106.14 in chips) 
Seat 3: GuigaMan ($100.50 in chips) 
Seat 4: jockywils100 ($77.12 in chips) 
Seat 5: tintin641 ($111.16 in chips) 
Seat 6: Y_19 ($104.25 in chips) 
jockywils100: posts small blind $0.50
tintin641: posts big blind $1
*** HOLE CARDS ***
Y_19: folds 
imhungarian8 joins the table at seat #1 
michasia: folds 
GuigaMan: folds 
jockywils100: raises $1 to $2
tintin641: folds 
Uncalled bet ($1) returned to jockywils100
jockywils100 collected $2 from pot
*** SUMMARY ***
Total pot $2 | Rake $0 
Seat 2: michasia folded before Flop (didn't bet)
Seat 3: GuigaMan (button) folded before Flop (didn't bet)
Seat 4: jockywils100 (small blind) collected ($2)
Seat 5: tintin641 (big blind) folded before Flop
Seat 6: Y_19 folded before Flop (didn't bet)



PokerStars Hand #254533530684:  Hold'em No Limit ($0.50/$1.00 USD) - 2025/01/24 19:34:55 WET [2025/01/24 14:34:55 ET]
Table 'Guangxi IV' 6-max Seat #4 is the button
Seat 1: imhungarian8 ($104.66 in chips) is sitting out
Seat 2: michasia ($106.14 in chips) 
Seat 3: GuigaMan ($100.50 in chips) 
Seat 4: jockywils100 ($78.12 in chips) 
Seat 5: tintin641 ($110.16 in chips) 
Seat 6: Y_19 ($104.25 in chips) 
tintin641: posts small blind $0.50
Y_19: posts big blind $1
imhungarian8: sits out 
*** HOLE CARDS ***
michasia: raises $1.60 to $2.60
GuigaMan: folds 
jockywils100: folds 
tintin641: folds 
Y_19: calls $1.60
*** FLOP *** [4s Tc 9c]
Y_19: checks 
michasia: bets $1.79
Y_19: folds 
Uncalled bet ($1.79) returned to michasia
michasia collected $5.42 from pot
michasia: doesn't show hand 
*** SUMMARY ***
Total pot $5.70 | Rake $0.28 
Board [4s Tc 9c]
Seat 1: imhungarian8
Seat 2: michasia collected ($5.42)
Seat 3: GuigaMan folded before Flop (didn't bet)
Seat 4: jockywils100 (button) folded before Flop (didn't bet)
Seat 5: tintin641 (small blind) folded before Flop
Seat 6: Y_19 (big blind) folded on the Flop



PokerStars Hand #254533542329:  Hold'em No Limit ($0.50/$1.00 USD) - 2025/01/24 19:35:35 WET [2025/01/24 14:35:35 ET]
Table 'Guangxi IV' 6-max Seat #5 is the button
Seat 1: imhungarian8 ($104.66 in chips) 
Seat 2: michasia ($108.96 in chips) 
Seat 3: GuigaMan ($100.50 in chips) 
Seat 4: jockywils100 ($78.12 in chips) 
Seat 5: tintin641 ($109.66 in chips) 
Seat 6: Y_19 ($101.65 in chips) 
Y_19: posts small blind $0.50
imhungarian8: posts big blind $1
*** HOLE CARDS ***
michasia: folds 
GuigaMan: folds 
jockywils100: folds 
tintin641: raises $1.50 to $2.50
Y_19: folds 
imhungarian8: calls $1.50
*** FLOP *** [Td 2c 3c]
imhungarian8: checks 
tintin641: checks 
*** TURN *** [Td 2c 3c] [Ts]
imhungarian8: checks 
tintin641: bets $1.72
imhungarian8: folds 
Uncalled bet ($1.72) returned to tintin641
tintin641 collected $5.22 from pot
tintin641: doesn't show hand 
*** SUMMARY ***
Total pot $5.50 | Rake $0.28 
Board [Td 2c 3c Ts]
Seat 1: imhungarian8 (big blind) folded on the Turn
Seat 2: michasia folded before Flop (didn't bet)
Seat 3: GuigaMan folded before Flop (didn't bet)
Seat 4: jockywils100 folded before Flop (didn't bet)
Seat 5: tintin641 (button) collected ($5.22)
Seat 6: Y_19 (small blind) folded before Flop



PokerStars Hand #254533557956:  Hold'em No Limit ($0.50/$1.00 USD) - 2025/01/24 19:36:31 WET [2025/01/24 14:36:31 ET]
Table 'Guangxi IV' 6-max Seat #6 is the button
Seat 1: imhungarian8 ($102.16 in chips) 
Seat 2: michasia ($108.96 in chips) 
Seat 3: GuigaMan ($100.50 in chips) 
Seat 4: jockywils100 ($78.12 in chips) 
Seat 5: tintin641 ($112.38 in chips) 
Seat 6: Y_19 ($101.15 in chips) 
imhungarian8: posts small blind $0.50
michasia: posts big blind $1
*** HOLE CARDS ***
GuigaMan: folds 
jockywils100: folds 
tintin641: folds 
Y_19: raises $1.23 to $2.23
imhungarian8: folds 
michasia: folds 
Uncalled bet ($1.23) returned to Y_19
Y_19 collected $2.50 from pot
Y_19: doesn't show hand 
*** SUMMARY ***
Total pot $2.50 | Rake $0 
Seat 1: imhungarian8 (small blind) folded before Flop
Seat 2: michasia (big blind) folded before Flop
Seat 3: GuigaMan folded before Flop (didn't bet)
Seat 4: jockywils100 folded before Flop (didn't bet)
Seat 5: tintin641 folded before Flop (didn't bet)
Seat 6: Y_19 (button) collected ($2.50)



PokerStars Hand #254533564591:  Hold'em No Limit ($0.50/$1.00 USD) - 2025/01/24 19:36:54 WET [2025/01/24 14:36:54 ET]
Table 'Guangxi IV' 6-max Seat #1 is the button
Seat 1: imhungarian8 ($101.66 in chips) 
Seat 2: michasia ($107.96 in chips) 
Seat 3: GuigaMan ($100.50 in chips) 
Seat 4: jockywils100 ($78.12 in chips) 
Seat 5: tintin641 ($112.38 in chips) 
Seat 6: Y_19 ($102.65 in chips) 
michasia: posts small blind $0.50
GuigaMan: posts big blind $1
*** HOLE CARDS ***
jockywils100: folds 
tintin641: folds 
Y_19: folds 
imhungarian8: raises $1.50 to $2.50
michasia: folds 
GuigaMan: folds 
Uncalled bet ($1.50) returned to imhungarian8
imhungarian8 collected $2.50 from pot
imhungarian8: doesn't show hand 
*** SUMMARY ***
Total pot $2.50 | Rake $0 
Seat 1: imhungarian8 (button) collected ($2.50)
Seat 2: michasia (small blind) folded before Flop
Seat 3: GuigaMan (big blind) folded before Flop
Seat 4: jockywils100 folded before Flop (didn't bet)
Seat 5: tintin641 folded before Flop (didn't bet)
Seat 6: Y_19 folded before Flop (didn't bet)



PokerStars Hand #254533574918:  Hold'em No Limit ($0.50/$1.00 USD) - 2025/01/24 19:37:30 WET [2025/01/24 14:37:30 ET]
Table 'Guangxi IV' 6-max Seat #2 is the button
Seat 1: imhungarian8 ($103.16 in chips) 
Seat 2: michasia ($107.46 in chips) 
Seat 3: GuigaMan ($100 in chips) 
Seat 4: jockywils100 ($78.12 in chips) 
Seat 5: tintin641 ($112.38 in chips) 
Seat 6: Y_19 ($102.65 in chips) 
GuigaMan: posts small blind $0.50
jockywils100: posts big blind $1
*** HOLE CARDS ***
tintin641: folds 
Y_19: folds 
imhungarian8: folds 
michasia: folds 
GuigaMan: folds 
Uncalled bet ($0.50) returned to jockywils100
jockywils100 collected $1 from pot
*** SUMMARY ***
Total pot $1 | Rake $0 
Seat 1: imhungarian8 folded before Flop (didn't bet)
Seat 2: michasia (button) folded before Flop (didn't bet)
Seat 3: GuigaMan (small blind) folded before Flop
Seat 4: jockywils100 (big blind) collected ($1)
Seat 5: tintin641 folded before Flop (didn't bet)
Seat 6: Y_19 folded before Flop (didn't bet)



PokerStars Hand #254533579409:  Hold'em No Limit ($0.50/$1.00 USD) - 2025/01/24 19:37:46 WET [2025/01/24 14:37:46 ET]
Table 'Guangxi IV' 6-max Seat #3 is the button
Seat 1: imhungarian8 ($103.16 in chips) 
Seat 2: michasia ($107.46 in chips) 
Seat 3: GuigaMan ($100 in chips) 
Seat 4: jockywils100 ($78.62 in chips) 
Seat 5: tintin641 ($112.38 in chips) 
Seat 6: Y_19 ($102.65 in chips) 
jockywils100: posts small blind $0.50
tintin641: posts big blind $1
*** HOLE CARDS ***
Y_19: folds 
imhungarian8: raises $1 to $2
michasia: folds 
GuigaMan: folds 
jockywils100: calls $1.50
tintin641: folds 
*** FLOP *** [2s Ts 5h]
jockywils100: checks 
imhungarian8: bets $1.43
jockywils100: calls $1.43
*** TURN *** [2s Ts 5h] [6s]
jockywils100: bets $3.74
imhungarian8: calls $3.74
*** RIVER *** [2s Ts 5h 6s] [Ad]
jockywils100: bets $11.29
imhungarian8: calls $11.29
*** SHOW DOWN ***
jockywils100: shows [8h 4h] (high card Ace)
imhungarian8: shows [Ac 5c] (two pair, Aces and Fives)
imhungarian8 collected $36.02 from pot
*** SUMMARY ***
Total pot $37.92 | Rake $1.90 
Board [2s Ts 5h 6s Ad]
Seat 1: imhungarian8 showed [Ac 5c] and won ($36.02) with two pair, Aces and Fives
Seat 2: michasia folded before Flop (didn't bet)
Seat 3: GuigaMan (button) folded before Flop (didn't bet)
Seat 4: jockywils100 (small blind) showed [8h 4h] and lost with high card Ace
Seat 5: tintin641 (big blind) folded before Flop
Seat 6: Y_19 folded before Flop (didn't bet)



PokerStars Hand #254533595565:  Hold'em No Limit ($0.50/$1.00 USD) - 2025/01/24 19:38:42 WET [2025/01/24 14:38:42 ET]
Table 'Guangxi IV' 6-max Seat #4 is the button
Seat 1: imhungarian8 ($120.72 in chips) 
Seat 2: michasia ($107.46 in chips) 
Seat 3: GuigaMan ($100 in chips) 
Seat 4: jockywils100 ($60.16 in chips) 
Seat 5: tintin641 ($111.38 in chips) 
Seat 6: Y_19 ($102.65 in chips) 
tintin641: posts small blind $0.50
Y_19: posts big blind $1
*** HOLE CARDS ***
imhungarian8: folds 
michasia: folds 
GuigaMan: raises $1.50 to $2.50
jockywils100: folds 
tintin641: raises $8.50 to $11
Y_19: folds 
GuigaMan: folds 
Uncalled bet ($8.50) returned to tintin641
tintin641 collected $6 from pot
tintin641: doesn't show hand 
*** SUMMARY ***
Total pot $6 | Rake $0 
Seat 1: imhungarian8 folded before Flop (didn't bet)
Seat 2: michasia folded before Flop (didn't bet)
Seat 3: GuigaMan folded before Flop
Seat 4: jockywils100 (button) folded before Flop (didn't bet)
Seat 5: tintin641 (small blind) collected ($6)
Seat 6: Y_19 (big blind) folded before Flop



PokerStars Hand #254533604206:  Hold'em No Limit ($0.50/$1.00 USD) - 2025/01/24 19:39:12 WET [2025/01/24 14:39:12 ET]
Table 'Guangxi IV' 6-max Seat #5 is the button
Seat 1: imhungarian8 ($120.72 in chips) 
Seat 2: michasia ($107.46 in chips) 
Seat 3: GuigaMan ($100 in chips) 
Seat 4: jockywils100 ($60.16 in chips) 
Seat 5: tintin641 ($114.88 in chips) 
Seat 6: Y_19 ($101.65 in chips) 
Y_19: posts small blind $0.50
imhungarian8: posts big blind $1
*** HOLE CARDS ***
michasia: folds 
GuigaMan: folds 
jockywils100: raises $2 to $3
tintin641: folds 
Y_19: folds 
imhungarian8: folds 
Uncalled bet ($2) returned to jockywils100
jockywils100 collected $2.50 from pot
*** SUMMARY ***
Total pot $2.50 | Rake $0 
Seat 1: imhungarian8 (big blind) folded before Flop
Seat 2: michasia folded before Flop (didn't bet)
Seat 3: GuigaMan folded before Flop (didn't bet)
Seat 4: jockywils100 collected ($2.50)
Seat 5: tintin641 (button) folded before Flop (didn't bet)
Seat 6: Y_19 (small blind) folded before Flop



PokerStars Hand #254533609598:  Hold'em No Limit ($0.50/$1.00 USD) - 2025/01/24 19:39:31 WET [2025/01/24 14:39:31 ET]
Table 'Guangxi IV' 6-max Seat #6 is the button
Seat 1: imhungarian8 ($119.72 in chips) 
Seat 2: michasia ($107.46 in chips) 
Seat 3: GuigaMan ($100 in chips) 
Seat 4: jockywils100 ($61.66 in chips) 
Seat 5: tintin641 ($114.88 in chips) 
Seat 6: Y_19 ($101.15 in chips) 
imhungarian8: posts small blind $0.50
michasia: posts big blind $1
*** HOLE CARDS ***
GuigaMan: folds 
jockywils100: folds 
tintin641: folds 
Y_19: raises $1.23 to $2.23
imhungarian8: folds 
michasia: folds 
Uncalled bet ($1.23) returned to Y_19
Y_19 collected $2.50 from pot
Y_19: doesn't show hand 
*** SUMMARY ***
Total pot $2.50 | Rake $0 
Seat 1: imhungarian8 (small blind) folded before Flop
Seat 2: michasia (big blind) folded before Flop
Seat 3: GuigaMan folded before Flop (didn't bet)
Seat 4: jockywils100 folded before Flop (didn't bet)
Seat 5: tintin641 folded before Flop (didn't bet)
Seat 6: Y_19 (button) collected ($2.50)



PokerStars Hand #254533614573:  Hold'em No Limit ($0.50/$1.00 USD) - 2025/01/24 19:39:48 WET [2025/01/24 14:39:48 ET]
Table 'Guangxi IV' 6-max Seat #1 is the button
Seat 1: imhungarian8 ($119.22 in chips) 
Seat 2: michasia ($106.46 in chips) 
Seat 3: GuigaMan ($100 in chips) 
Seat 4: jockywils100 ($61.66 in chips) 
Seat 5: tintin641 ($114.88 in chips) 
Seat 6: Y_19 ($102.65 in chips) 
michasia: posts small blind $0.50
GuigaMan: posts big blind $1
*** HOLE CARDS ***
jockywils100: folds 
tintin641: raises $1.50 to $2.50
Y_19: raises $5 to $7.50
imhungarian8: folds 
michasia: folds 
GuigaMan: folds 
tintin641: folds 
Uncalled bet ($5) returned to Y_19
Y_19 collected $6.50 from pot
Y_19: doesn't show hand 
*** SUMMARY ***
Total pot $6.50 | Rake $0 
Seat 1: imhungarian8 (button) folded before Flop (didn't bet)
Seat 2: michasia (small blind) folded before Flop
Seat 3: GuigaMan (big blind) folded before Flop
Seat 4: jockywils100 folded before Flop (didn't bet)
Seat 5: tintin641 folded before Flop
Seat 6: Y_19 collected ($6.50)



PokerStars Hand #254533620596:  Hold'em No Limit ($0.50/$1.00 USD) - 2025/01/24 19:40:09 WET [2025/01/24 14:40:09 ET]
Table 'Guangxi IV' 6-max Seat #2 is the button
Seat 1: imhungarian8 ($119.22 in chips) 
Seat 2: michasia ($105.96 in chips) 
Seat 3: GuigaMan ($100 in chips) 
Seat 4: jockywils100 ($61.66 in chips) 
Seat 5: tintin641 ($112.38 in chips) 
Seat 6: Y_19 ($106.65 in chips) 
GuigaMan: posts small blind $0.50
jockywils100: posts big blind $1
*** HOLE CARDS ***
tintin641: folds 
Y_19: folds 
imhungarian8: folds 
michasia: folds 
GuigaMan: folds 
Uncalled bet ($0.50) returned to jockywils100
jockywils100 collected $1 from pot
*** SUMMARY ***
Total pot $1 | Rake $0 
Seat 1: imhungarian8 folded before Flop (didn't bet)
Seat 2: michasia (button) folded before Flop (didn't bet)
Seat 3: GuigaMan (small blind) folded before Flop
Seat 4: jockywils100 (big blind) collected ($1)
Seat 5: tintin641 folded before Flop (didn't bet)
Seat 6: Y_19 folded before Flop (didn't bet)



PokerStars Hand #254533623598:  Hold'em No Limit ($0.50/$1.00 USD) - 2025/01/24 19:40:20 WET [2025/01/24 14:40:20 ET]
Table 'Guangxi IV' 6-max Seat #3 is the button
Seat 1: imhungarian8 ($119.22 in chips) 
Seat 2: michasia ($105.96 in chips) 
Seat 3: GuigaMan ($100 in chips) 
Seat 4: jockywils100 ($62.16 in chips) 
Seat 5: tintin641 ($112.38 in chips) 
Seat 6: Y_19 ($106.65 in chips) 
jockywils100: posts small blind $0.50
tintin641: posts big blind $1
*** HOLE CARDS ***
Y_19: folds 
imhungarian8: folds 
michasia: folds 
GuigaMan: raises $1.50 to $2.50
jockywils100: calls $2
tintin641: folds 
*** FLOP *** [Ts Tc 6c]
jockywils100: checks 
GuigaMan: bets $3.08
jockywils100: calls $3.08
*** TURN *** [Ts Tc 6c] [6s]
jockywils100: bets $7.78
GuigaMan: calls $7.78
*** RIVER *** [Ts Tc 6c 6s] [8h]
jockywils100: bets $13.17
GuigaMan: raises $62.15 to $75.32
jockywils100: folds 
Uncalled bet ($62.15) returned to GuigaMan
GuigaMan collected $51.56 from pot
GuigaMan: doesn't show hand 
*** SUMMARY ***
Total pot $54.06 | Rake $2.50 
Board [Ts Tc 6c 6s 8h]
Seat 1: imhungarian8 folded before Flop (didn't bet)
Seat 2: michasia folded before Flop (didn't bet)
Seat 3: GuigaMan (button) collected ($51.56)
Seat 4: jockywils100 (small blind) folded on the River
Seat 5: tintin641 (big blind) folded before Flop
Seat 6: Y_19 folded before Flop (didn't bet)



PokerStars Hand #254533639983:  Hold'em No Limit ($0.50/$1.00 USD) - 2025/01/24 19:41:17 WET [2025/01/24 14:41:17 ET]
Table 'Guangxi IV' 6-max Seat #4 is the button
Seat 1: imhungarian8 ($119.22 in chips) 
Seat 2: michasia ($105.96 in chips) 
Seat 3: GuigaMan ($125.03 in chips) 
Seat 4: jockywils100 ($35.63 in chips) 
Seat 5: tintin641 ($111.38 in chips) 
Seat 6: Y_19 ($106.65 in chips) 
tintin641: posts small blind $0.50
Y_19: posts big blind $1
*** HOLE CARDS ***
imhungarian8: folds 
michasia: raises $1.60 to $2.60
GuigaMan: folds 
jockywils100: folds 
jockywils100 leaves the table
tintin641: folds 
Y_19: folds 
Uncalled bet ($1.60) returned to michasia
michasia collected $2.50 from pot
michasia: doesn't show hand 
*** SUMMARY ***
Total pot $2.50 | Rake $0 
Seat 1: imhungarian8 folded before Flop (didn't bet)
Seat 2: michasia collected ($2.50)
Seat 3: GuigaMan folded before Flop (didn't bet)
Seat 4: jockywils100 (button) folded before Flop (didn't bet)
Seat 5: tintin641 (small blind) folded before Flop
Seat 6: Y_19 (big blind) folded before Flop



PokerStars Hand #254533644553:  Hold'em No Limit ($0.50/$1.00 USD) - 2025/01/24 19:41:33 WET [2025/01/24 14:41:33 ET]
Table 'Guangxi IV' 6-max Seat #5 is the button
Seat 1: imhungarian8 ($119.22 in chips) 
Seat 2: michasia ($107.46 in chips) 
Seat 3: GuigaMan ($125.03 in chips) 
Seat 5: tintin641 ($110.88 in chips) 
Seat 6: Y_19 ($105.65 in chips) 
Y_19: posts small blind $0.50
imhungarian8: posts big blind $1
*** HOLE CARDS ***
michasia: folds 
GuigaMan: folds 
tintin641: folds 
Y_19: raises $2 to $3
imhungarian8: calls $2
*** FLOP *** [3s Ac 3c]
Y_19: bets $1.88
imhungarian8: calls $1.88
*** TURN *** [3s Ac 3c] [9c]
Y_19: checks 
imhungarian8: bets $4.64
Y_19: calls $4.64
*** RIVER *** [3s Ac 3c 9c] [Js]
Y_19: checks 
imhungarian8: bets $45.23
Y_19: folds 
Uncalled bet ($45.23) returned to imhungarian8
imhungarian8 collected $18.09 from pot
imhungarian8: doesn't show hand 
*** SUMMARY ***
Total pot $19.04 | Rake $0.95 
Board [3s Ac 3c 9c Js]
Seat 1: imhungarian8 (big blind) collected ($18.09)
Seat 2: michasia folded before Flop (didn't bet)
Seat 3: GuigaMan folded before Flop (didn't bet)
Seat 5: tintin641 (button) folded before Flop (didn't bet)
Seat 6: Y_19 (small blind) folded on the River



PokerStars Hand #254533671728:  Hold'em No Limit ($0.50/$1.00 USD) - 2025/01/24 19:43:08 WET [2025/01/24 14:43:08 ET]
Table 'Guangxi IV' 6-max Seat #6 is the button
Seat 2: michasia ($107.46 in chips) is sitting out
Seat 1: imhungarian8 ($127.79 in chips) 
Seat 3: GuigaMan ($125.03 in chips) 
Seat 5: tintin641 ($110.88 in chips) 
Seat 6: Y_19 ($100 in chips) 
imhungarian8: posts small blind $0.50
michasia: is sitting out 
GuigaMan: posts big blind $1
*** HOLE CARDS ***
tintin641: folds 
Y_19: folds 
michasia leaves the table
imhungarian8: folds 
Uncalled bet ($0.50) returned to GuigaMan
GuigaMan collected $1 from pot
GuigaMan: doesn't show hand 
*** SUMMARY ***
Total pot $1 | Rake $0 
Seat 2: michasia
Seat 1: imhungarian8 (small blind) folded before Flop
Seat 3: GuigaMan (big blind) collected ($1)
Seat 5: tintin641 folded before Flop (didn't bet)
Seat 6: Y_19 (button) folded before Flop (didn't bet)



PokerStars Hand #254533674619:  Hold'em No Limit ($0.50/$1.00 USD) - 2025/01/24 19:43:18 WET [2025/01/24 14:43:18 ET]
Table 'Guangxi IV' 6-max Seat #1 is the button
Seat 1: imhungarian8 ($127.29 in chips) 
Seat 3: GuigaMan ($125.53 in chips) 
Seat 5: tintin641 ($110.88 in chips) 
Seat 6: Y_19 ($100 in chips) 
GuigaMan: posts small blind $0.50
tintin641: posts big blind $1
*** HOLE CARDS ***
Y_19: folds 
imhungarian8: raises $1.50 to $2.50
GuigaMan: folds 
tintin641: calls $1.50
*** FLOP *** [Jd Td 2h]
tintin641: checks 
imhungarian8: bets $1.57
vadjkeee joins the table at seat #4 
michasia joins the table at seat #2 
tintin641: calls $1.57
*** TURN *** [Jd Td 2h] [8h]
tintin641: checks 
imhungarian8: checks 
*** RIVER *** [Jd Td 2h 8h] [6h]
tintin641: bets $2.71
imhungarian8: calls $2.71
*** SHOW DOWN ***
tintin641: shows [9s Tc] (a pair of Tens)
imhungarian8: shows [Qd Jh] (a pair of Jacks)
imhungarian8 collected $13.36 from pot
*** SUMMARY ***
Total pot $14.06 | Rake $0.70 
Board [Jd Td 2h 8h 6h]
Seat 1: imhungarian8 (button) showed [Qd Jh] and won ($13.36) with a pair of Jacks
Seat 3: GuigaMan (small blind) folded before Flop
Seat 5: tintin641 (big blind) showed [9s Tc] and lost with a pair of Tens
Seat 6: Y_19 folded before Flop (didn't bet)



PokerStars Hand #254533688217:  Hold'em No Limit ($0.50/$1.00 USD) - 2025/01/24 19:44:06 WET [2025/01/24 14:44:06 ET]
Table 'Guangxi IV' 6-max Seat #3 is the button
Seat 1: imhungarian8 ($133.87 in chips) is sitting out
Seat 4: vadjkeee ($100 in chips) is sitting out
Seat 6: Y_19 ($100 in chips) is sitting out
Seat 2: michasia ($107.46 in chips) 
Seat 3: GuigaMan ($125.03 in chips) 
Seat 5: tintin641 ($104.10 in chips) 
tintin641: posts small blind $0.50
Y_19: is sitting out 
imhungarian8: is sitting out 
michasia: posts big blind $1
*** HOLE CARDS ***
GuigaMan: raises $1.50 to $2.50
Y_19 leaves the table
tintin641: folds 
imhungarian8 leaves the table
michasia: calls $1.50
*** FLOP *** [4h Qs Tc]
michasia: checks 
GuigaMan: bets $1.57
michasia: calls $1.57
*** TURN *** [4h Qs Tc] [Jh]
michasia: checks 
GuigaMan: bets $6.16
michasia: calls $6.16
*** RIVER *** [4h Qs Tc Jh] [2d]
michasia: checks 
GuigaMan: checks 
*** SHOW DOWN ***
michasia: shows [2h Kh] (a pair of Deuces)
GuigaMan: shows [Js Ac] (a pair of Jacks)
GuigaMan collected $19.96 from pot
Maximysss85 joins the table at seat #1 
*** SUMMARY ***
Total pot $20.96 | Rake $1 
Board [4h Qs Tc Jh 2d]
Seat 1: imhungarian8
Seat 4: vadjkeee
Seat 6: Y_19
Seat 2: michasia (big blind) showed [2h Kh] and lost with a pair of Deuces
Seat 3: GuigaMan (button) showed [Js Ac] and won ($19.96) with a pair of Jacks
Seat 5: tintin641 (small blind) folded before Flop



PokerStars Hand #254533697358:  Hold'em No Limit ($0.50/$1.00 USD) - 2025/01/24 19:44:38 WET [2025/01/24 14:44:38 ET]
Table 'Guangxi IV' 6-max Seat #5 is the button
Seat 1: Maximysss85 ($101.50 in chips) is sitting out
Seat 4: vadjkeee ($100 in chips) is sitting out
Seat 2: michasia ($100 in chips) 
Seat 3: GuigaMan ($134.76 in chips) 
Seat 5: tintin641 ($103.60 in chips) 
michasia: posts small blind $0.50
GuigaMan: posts big blind $1
vadjkeee: sits out 
*** HOLE CARDS ***
tintin641: folds 
michasia: folds 
Uncalled bet ($0.50) returned to GuigaMan
GuigaMan collected $1 from pot
GuigaMan: doesn't show hand 
*** SUMMARY ***
Total pot $1 | Rake $0 
Seat 1: Maximysss85
Seat 4: vadjkeee
Seat 2: michasia (small blind) folded before Flop
Seat 3: GuigaMan (big blind) collected ($1)
Seat 5: tintin641 (button) folded before Flop (didn't bet)



PokerStars Hand #254533699951:  Hold'em No Limit ($0.50/$1.00 USD) - 2025/01/24 19:44:47 WET [2025/01/24 14:44:47 ET]
Table 'Guangxi IV' 6-max Seat #2 is the button
Seat 1: Maximysss85 ($101.50 in chips) is sitting out
Seat 2: michasia ($100 in chips) 
Seat 3: GuigaMan ($135.26 in chips) 
Seat 4: vadjkeee ($100 in chips) 
Seat 5: tintin641 ($103.60 in chips) 
GuigaMan: posts small blind $0.50
vadjkeee: posts big blind $1
Maximysss85: sits out 
*** HOLE CARDS ***
tintin641: folds 
michasia: folds 
GuigaMan: folds 
Uncalled bet ($0.50) returned to vadjkeee
vadjkeee collected $1 from pot
vadjkeee: doesn't show hand 
*** SUMMARY ***
Total pot $1 | Rake $0 
Seat 1: Maximysss85
Seat 2: michasia (button) folded before Flop (didn't bet)
Seat 3: GuigaMan (small blind) folded before Flop
Seat 4: vadjkeee (big blind) collected ($1)
Seat 5: tintin641 folded before Flop (didn't bet)



PokerStars Hand #254533703339:  Hold'em No Limit ($0.50/$1.00 USD) - 2025/01/24 19:44:58 WET [2025/01/24 14:44:58 ET]
Table 'Guangxi IV' 6-max Seat #3 is the button
Seat 5: tintin641 ($103.60 in chips) is sitting out
Seat 1: Maximysss85 ($101.50 in chips) 
Seat 2: michasia ($100 in chips) 
Seat 3: GuigaMan ($134.76 in chips) 
Seat 4: vadjkeee ($100.50 in chips) 
vadjkeee: posts small blind $0.50
tintin641: is sitting out 
Maximysss85: posts big blind $1
*** HOLE CARDS ***
tintin641 leaves the table
michasia: raises $1.80 to $2.80
GuigaMan: raises $6.20 to $9
vadjkeee: folds 
Maximysss85: folds 
michasia: raises $15 to $24
GuigaMan: folds 
Uncalled bet ($15) returned to michasia
michasia collected $19.50 from pot
michasia: doesn't show hand 
Ruuukii92 joins the table at seat #6 
Ruuukii92 is disconnected 
*** SUMMARY ***
Total pot $19.50 | Rake $0 
Seat 5: tintin641
Seat 1: Maximysss85 (big blind) folded before Flop
Seat 2: michasia collected ($19.50)
Seat 3: GuigaMan (button) folded before Flop
Seat 4: vadjkeee (small blind) folded before Flop



PokerStars Hand #254533710247:  Hold'em No Limit ($0.50/$1.00 USD) - 2025/01/24 19:45:23 WET [2025/01/24 14:45:23 ET]
Table 'Guangxi IV' 6-max Seat #4 is the button
Seat 6: Ruuukii92 ($100 in chips) is sitting out
Seat 1: Maximysss85 ($100.50 in chips) 
Seat 2: michasia ($110.50 in chips) 
Seat 3: GuigaMan ($125.76 in chips) 
Seat 4: vadjkeee ($100 in chips) 
Maximysss85: posts small blind $0.50
michasia: posts big blind $1
*** HOLE CARDS ***
GuigaMan: folds 
PhoenixAssassin joins the table at seat #5 
vadjkeee: folds 
Maximysss85: folds 
Uncalled bet ($0.50) returned to michasia
michasia collected $1 from pot
michasia: doesn't show hand 
*** SUMMARY ***
Total pot $1 | Rake $0 
Seat 6: Ruuukii92
Seat 1: Maximysss85 (small blind) folded before Flop
Seat 2: michasia (big blind) collected ($1)
Seat 3: GuigaMan folded before Flop (didn't bet)
Seat 4: vadjkeee (button) folded before Flop (didn't bet)



PokerStars Hand #254533747353:  Hold'em No Limit ($0.50/$1.00 USD) - 2025/01/24 19:47:32 WET [2025/01/24 14:47:32 ET]
Table 'Guangxi IV' 6-max Seat #4 is the button
Seat 1: Maximysss85 ($100 in chips) 
Seat 2: michasia ($133.52 in chips) 
Seat 3: GuigaMan ($100.26 in chips) 
Seat 4: vadjkeee ($100 in chips) 
Seat 5: PhoenixAssassin ($100 in chips) 
Seat 6: Ruuukii92 ($101.28 in chips) 
PhoenixAssassin: posts small blind $0.50
Ruuukii92: posts big blind $1
*** HOLE CARDS ***
Maximysss85: folds 
michasia: folds 
GuigaMan: raises $1.50 to $2.50
vadjkeee: folds 
PhoenixAssassin: raises $9.50 to $12
Ruuukii92: folds 
GuigaMan: folds 
Uncalled bet ($9.50) returned to PhoenixAssassin
PhoenixAssassin collected $6 from pot
PhoenixAssassin: doesn't show hand 
*** SUMMARY ***
Total pot $6 | Rake $0 
Seat 1: Maximysss85 folded before Flop (didn't bet)
Seat 2: michasia folded before Flop (didn't bet)
Seat 3: GuigaMan folded before Flop
Seat 4: vadjkeee (button) folded before Flop (didn't bet)
Seat 5: PhoenixAssassin (small blind) collected ($6)
Seat 6: Ruuukii92 (big blind) folded before Flop



PokerStars Hand #254533753692:  Hold'em No Limit ($0.50/$1.00 USD) - 2025/01/24 19:47:54 WET [2025/01/24 14:47:54 ET]
Table 'Guangxi IV' 6-max Seat #5 is the button
Seat 1: Maximysss85 ($100 in chips) 
Seat 2: michasia ($133.52 in chips) 
Seat 3: GuigaMan ($100 in chips) 
Seat 4: vadjkeee ($100 in chips) 
Seat 5: PhoenixAssassin ($103.50 in chips) 
Seat 6: Ruuukii92 ($100.28 in chips) 
Ruuukii92: posts small blind $0.50
Maximysss85: posts big blind $1
*** HOLE CARDS ***
michasia: folds 
GuigaMan: folds 
vadjkeee: raises $2 to $3
PhoenixAssassin: folds 
Ruuukii92: folds 
Maximysss85: folds 
Uncalled bet ($2) returned to vadjkeee
vadjkeee collected $2.50 from pot
vadjkeee: doesn't show hand 
*** SUMMARY ***
Total pot $2.50 | Rake $0 
Seat 1: Maximysss85 (big blind) folded before Flop
Seat 2: michasia folded before Flop (didn't bet)
Seat 3: GuigaMan folded before Flop (didn't bet)
Seat 4: vadjkeee collected ($2.50)
Seat 5: PhoenixAssassin (button) folded before Flop (didn't bet)
Seat 6: Ruuukii92 (small blind) folded before Flop



PokerStars Hand #254533757185:  Hold'em No Limit ($0.50/$1.00 USD) - 2025/01/24 19:48:06 WET [2025/01/24 14:48:06 ET]
Table 'Guangxi IV' 6-max Seat #6 is the button
Seat 1: Maximysss85 ($100 in chips) 
Seat 2: michasia ($133.52 in chips) 
Seat 3: GuigaMan ($100 in chips) 
Seat 4: vadjkeee ($101.50 in chips) 
Seat 5: PhoenixAssassin ($103.50 in chips) 
Seat 6: Ruuukii92 ($99.78 in chips) 
Maximysss85: posts small blind $0.50
michasia: posts big blind $1
*** HOLE CARDS ***
GuigaMan: folds 
vadjkeee: folds 
PhoenixAssassin: folds 
Ruuukii92: calls $1
Maximysss85: raises $2.34 to $3.34
michasia: folds 
Ruuukii92: calls $2.34
*** FLOP *** [Qs Qh 5h]
Maximysss85: checks 
Ruuukii92: checks 
*** TURN *** [Qs Qh 5h] [5s]
Maximysss85: checks 
Ruuukii92: checks 
*** RIVER *** [Qs Qh 5h 5s] [3c]
Maximysss85: checks 
Ruuukii92: checks 
*** SHOW DOWN ***
Maximysss85: shows [Ad 6d] (two pair, Queens and Fives)
Ruuukii92: mucks hand 
Maximysss85 collected $7.30 from pot
*** SUMMARY ***
Total pot $7.68 | Rake $0.38 
Board [Qs Qh 5h 5s 3c]
Seat 1: Maximysss85 (small blind) showed [Ad 6d] and won ($7.30) with two pair, Queens and Fives
Seat 2: michasia (big blind) folded before Flop
Seat 3: GuigaMan folded before Flop (didn't bet)
Seat 4: vadjkeee folded before Flop (didn't bet)
Seat 5: PhoenixAssassin folded before Flop (didn't bet)
Seat 6: Ruuukii92 (button) mucked



PokerStars Hand #254533769649:  Hold'em No Limit ($0.50/$1.00 USD) - 2025/01/24 19:48:50 WET [2025/01/24 14:48:50 ET]
Table 'Guangxi IV' 6-max Seat #1 is the button
Seat 1: Maximysss85 ($103.96 in chips) 
Seat 2: michasia ($132.52 in chips) 
Seat 3: GuigaMan ($100 in chips) 
Seat 4: vadjkeee ($101.50 in chips) 
Seat 5: PhoenixAssassin ($103.50 in chips) 
Seat 6: Ruuukii92 ($96.44 in chips) 
michasia: posts small blind $0.50
GuigaMan: posts big blind $1
*** HOLE CARDS ***
vadjkeee: folds 
PhoenixAssassin: raises $1.20 to $2.20
Ruuukii92: folds 
Maximysss85: folds 
michasia: folds 
GuigaMan: folds 
Uncalled bet ($1.20) returned to PhoenixAssassin
PhoenixAssassin collected $2.50 from pot
PhoenixAssassin: doesn't show hand 
*** SUMMARY ***
Total pot $2.50 | Rake $0 
Seat 1: Maximysss85 (button) folded before Flop (didn't bet)
Seat 2: michasia (small blind) folded before Flop
Seat 3: GuigaMan (big blind) folded before Flop
Seat 4: vadjkeee folded before Flop (didn't bet)
Seat 5: PhoenixAssassin collected ($2.50)
Seat 6: Ruuukii92 folded before Flop (didn't bet)



PokerStars Hand #254533775904:  Hold'em No Limit ($0.50/$1.00 USD) - 2025/01/24 19:49:12 WET [2025/01/24 14:49:12 ET]
Table 'Guangxi IV' 6-max Seat #2 is the button
Seat 1: Maximysss85 ($103.96 in chips) 
Seat 2: michasia ($132.02 in chips) 
Seat 3: GuigaMan ($100 in chips) 
Seat 4: vadjkeee ($101.50 in chips) 
Seat 5: PhoenixAssassin ($105 in chips) 
Seat 6: Ruuukii92 ($96.44 in chips) 
GuigaMan: posts small blind $0.50
vadjkeee: posts big blind $1
*** HOLE CARDS ***
PhoenixAssassin: folds 
Ruuukii92: calls $1
Maximysss85: folds 
michasia: folds 
GuigaMan: folds 
vadjkeee: checks 
*** FLOP *** [9h 6s Ah]
vadjkeee: checks 
Ruuukii92: checks 
*** TURN *** [9h 6s Ah] [Ad]
vadjkeee: checks 
Ruuukii92: checks 
*** RIVER *** [9h 6s Ah Ad] [Kc]
vadjkeee: bets $1.78
Ruuukii92: folds 
Uncalled bet ($1.78) returned to vadjkeee
vadjkeee collected $2.38 from pot
vadjkeee: doesn't show hand 
*** SUMMARY ***
Total pot $2.50 | Rake $0.12 
Board [9h 6s Ah Ad Kc]
Seat 1: Maximysss85 folded before Flop (didn't bet)
Seat 2: michasia (button) folded before Flop (didn't bet)
Seat 3: GuigaMan (small blind) folded before Flop
Seat 4: vadjkeee (big blind) collected ($2.38)
Seat 5: PhoenixAssassin folded before Flop (didn't bet)
Seat 6: Ruuukii92 folded on the River



PokerStars Hand #254533788042:  Hold'em No Limit ($0.50/$1.00 USD) - 2025/01/24 19:49:54 WET [2025/01/24 14:49:54 ET]
Table 'Guangxi IV' 6-max Seat #3 is the button
Seat 1: Maximysss85 ($103.96 in chips) 
Seat 2: michasia ($132.02 in chips) 
Seat 3: GuigaMan ($100 in chips) 
Seat 4: vadjkeee ($102.88 in chips) 
Seat 5: PhoenixAssassin ($105 in chips) 
vadjkeee: posts small blind $0.50
Ruuukii92 leaves the table
PhoenixAssassin: posts big blind $1
*** HOLE CARDS ***
Maximysss85: folds 
michasia: raises $1.80 to $2.80
GuigaMan: folds 
vadjkeee: folds 
joaquin612 joins the table at seat #6 
PhoenixAssassin: raises $9.20 to $12
michasia: folds 
Uncalled bet ($9.20) returned to PhoenixAssassin
PhoenixAssassin collected $6.10 from pot
PhoenixAssassin: doesn't show hand 
*** SUMMARY ***
Total pot $6.10 | Rake $0 
Seat 1: Maximysss85 folded before Flop (didn't bet)
Seat 2: michasia folded before Flop
Seat 3: GuigaMan (button) folded before Flop (didn't bet)
Seat 4: vadjkeee (small blind) folded before Flop
Seat 5: PhoenixAssassin (big blind) collected ($6.10)



PokerStars Hand #254533792869:  Hold'em No Limit ($0.50/$1.00 USD) - 2025/01/24 19:50:11 WET [2025/01/24 14:50:11 ET]
Table 'Guangxi IV' 6-max Seat #4 is the button
Seat 1: Maximysss85 ($103.96 in chips) 
Seat 2: michasia ($129.22 in chips) 
Seat 3: GuigaMan ($100 in chips) 
Seat 4: vadjkeee ($102.38 in chips) 
Seat 5: PhoenixAssassin ($108.30 in chips) 
Seat 6: joaquin612 ($100 in chips) 
PhoenixAssassin: posts small blind $0.50
joaquin612: posts big blind $1
*** HOLE CARDS ***
Maximysss85: folds 
michasia: raises $1.60 to $2.60
GuigaMan: folds 
vadjkeee: folds 
PhoenixAssassin: folds 
joaquin612: calls $1.60
*** FLOP *** [6d Jd 5c]
joaquin612: checks 
michasia: bets $1.79
joaquin612: raises $4.71 to $6.50
michasia: calls $4.71
*** TURN *** [6d Jd 5c] [8s]
joaquin612: bets $13.32
michasia: calls $13.32
*** RIVER *** [6d Jd 5c 8s] [7h]
joaquin612: checks 
michasia: checks 
*** SHOW DOWN ***
joaquin612: shows [Ac 7c] (a pair of Sevens)
michasia: shows [Qs Js] (a pair of Jacks)
michasia collected $43.07 from pot
*** SUMMARY ***
Total pot $45.34 | Rake $2.27 
Board [6d Jd 5c 8s 7h]
Seat 1: Maximysss85 folded before Flop (didn't bet)
Seat 2: michasia showed [Qs Js] and won ($43.07) with a pair of Jacks
Seat 3: GuigaMan folded before Flop (didn't bet)
Seat 4: vadjkeee (button) folded before Flop (didn't bet)
Seat 5: PhoenixAssassin (small blind) folded before Flop
Seat 6: joaquin612 (big blind) showed [Ac 7c] and lost with a pair of Sevens



PokerStars Hand #254533812159:  Hold'em No Limit ($0.50/$1.00 USD) - 2025/01/24 19:51:17 WET [2025/01/24 14:51:17 ET]
Table 'Guangxi IV' 6-max Seat #5 is the button
Seat 1: Maximysss85 ($103.96 in chips) is sitting out
Seat 2: michasia ($149.87 in chips) is sitting out
Seat 3: GuigaMan ($100 in chips) 
Seat 4: vadjkeee ($102.38 in chips) 
Seat 5: PhoenixAssassin ($107.80 in chips) 
Seat 6: joaquin612 ($100 in chips) 
joaquin612: posts small blind $0.50
Maximysss85: is sitting out 
michasia: is sitting out 
GuigaMan: posts big blind $1
*** HOLE CARDS ***
vadjkeee: folds 
Maximysss85 leaves the table
PhoenixAssassin: raises $1.50 to $2.50
vadjkeee leaves the table
joaquin612: folds 
michasia leaves the table
GuigaMan: calls $1.50
*** FLOP *** [4s 2s Ac]
GuigaMan: checks 
PhoenixAssassin: bets $1.72
GuigaMan: calls $1.72
*** TURN *** [4s 2s Ac] [Tc]
GuigaMan: checks 
PhoenixAssassin: bets $6
GuigaMan: folds 
Uncalled bet ($6) returned to PhoenixAssassin
PhoenixAssassin collected $8.49 from pot
PhoenixAssassin: doesn't show hand 
*** SUMMARY ***
Total pot $8.94 | Rake $0.45 
Board [4s 2s Ac Tc]
Seat 1: Maximysss85
Seat 2: michasia
Seat 3: GuigaMan (big blind) folded on the Turn
Seat 4: vadjkeee folded before Flop (didn't bet)
Seat 5: PhoenixAssassin (button) collected ($8.49)
Seat 6: joaquin612 (small blind) folded before Flop



