PokerStars Hand #254525410663:  Hold'em No Limit ($0.50/$1.00 USD) - 2025/01/24 4:43:13 WET [2025/01/23 23:43:13 ET]
Table 'Mauritia IV' 6-max Seat #1 is the button
Seat 1: ImaPeppaPig ($100 in chips) 
Seat 3: B1GBankroll ($100 in chips) 
Seat 4: Melenya ($100 in chips) 
Seat 5: Supermegopro ($126.50 in chips) 
Seat 6: 7bekon7 ($101.50 in chips) 
B1GBankroll: posts small blind $0.50
Melenya: posts big blind $1
*** HOLE CARDS ***
Supermegopro: folds 
7bekon7: folds 
Supermegopro leaves the table
7bekon7 leaves the table
ImaPeppaPig: folds 
B1GBankroll: folds 
Uncalled bet ($0.50) returned to Melenya
Melenya collected $1 from pot
Melenya: doesn't show hand 
*** SUMMARY ***
Total pot $1 | Rake $0 
Seat 1: ImaPeppaPig (button) folded before Flop (didn't bet)
Seat 3: B1GBankroll (small blind) folded before Flop
Seat 4: Melenya (big blind) collected ($1)
Seat 5: Supermegopro folded before Flop (didn't bet)
Seat 6: 7bekon7 folded before Flop (didn't bet)



PokerStars Hand #254525413428:  Hold'em No Limit ($0.50/$1.00 USD) - 2025/01/24 4:43:41 WET [2025/01/23 23:43:41 ET]
Table 'Mauritia IV' 6-max Seat #3 is the button
Seat 1: ImaPeppaPig ($100 in chips) 
Seat 3: B1GBankroll ($100 in chips) 
Seat 4: Melenya ($100.50 in chips) 
Melenya: posts small blind $0.50
ImaPeppaPig: posts big blind $1
*** HOLE CARDS ***
B1GBankroll: folds 
Melenya: raises $2 to $3
ImaPeppaPig: calls $2
*** FLOP *** [4d 6s Qc]
Melenya: checks 
ImaPeppaPig: checks 
*** TURN *** [4d 6s Qc] [Js]
Melenya: checks 
ImaPeppaPig: checks 
*** RIVER *** [4d 6s Qc Js] [6d]
Melenya: checks 
ImaPeppaPig: checks 
*** SHOW DOWN ***
Melenya: shows [Jh 8d] (two pair, Jacks and Sixes)
ImaPeppaPig: mucks hand 
Melenya collected $5.70 from pot
*** SUMMARY ***
Total pot $6 | Rake $0.30 
Board [4d 6s Qc Js 6d]
Seat 1: ImaPeppaPig (big blind) mucked
Seat 3: B1GBankroll (button) folded before Flop (didn't bet)
Seat 4: Melenya (small blind) showed [Jh 8d] and won ($5.70) with two pair, Jacks and Sixes



PokerStars Hand #254525418386:  Hold'em No Limit ($0.50/$1.00 USD) - 2025/01/24 4:44:31 WET [2025/01/23 23:44:31 ET]
Table 'Mauritia IV' 6-max Seat #4 is the button
Seat 1: ImaPeppaPig ($100 in chips) 
Seat 3: B1GBankroll ($100 in chips) 
Seat 4: Melenya ($103.20 in chips) 
ImaPeppaPig: posts small blind $0.50
B1GBankroll: posts big blind $1
*** HOLE CARDS ***
Melenya: folds 
ImaPeppaPig: raises $2 to $3
B1GBankroll: folds 
Uncalled bet ($2) returned to ImaPeppaPig
ImaPeppaPig collected $2 from pot
ImaPeppaPig: doesn't show hand 
*** SUMMARY ***
Total pot $2 | Rake $0 
Seat 1: ImaPeppaPig (small blind) collected ($2)
Seat 3: B1GBankroll (big blind) folded before Flop
Seat 4: Melenya (button) folded before Flop (didn't bet)



PokerStars Hand #254525419496:  Hold'em No Limit ($0.50/$1.00 USD) - 2025/01/24 4:44:41 WET [2025/01/23 23:44:41 ET]
Table 'Mauritia IV' 6-max Seat #3 is the button
Seat 4: Melenya ($103.20 in chips) is sitting out
Seat 1: ImaPeppaPig ($101 in chips) 
Seat 3: B1GBankroll ($100 in chips) 
B1GBankroll: posts small blind $0.50
Melenya: is sitting out 
ImaPeppaPig: posts big blind $1
*** HOLE CARDS ***
Melenya leaves the table
B1GBankroll: raises $1.50 to $2.50
ImaPeppaPig: calls $1.50
*** FLOP *** [4c 3s 5s]
ImaPeppaPig: checks 
B1GBankroll: checks 
*** TURN *** [4c 3s 5s] [Js]
ImaPeppaPig: checks 
B1GBankroll: checks 
*** RIVER *** [4c 3s 5s Js] [2c]
ImaPeppaPig: checks 
B1GBankroll: bets $3.52
ImaPeppaPig: folds 
Uncalled bet ($3.52) returned to B1GBankroll
B1GBankroll collected $4.75 from pot
B1GBankroll: doesn't show hand 
*** SUMMARY ***
Total pot $5 | Rake $0.25 
Board [4c 3s 5s Js 2c]
Seat 4: Melenya
Seat 1: ImaPeppaPig (big blind) folded on the River
Seat 3: B1GBankroll (button) (small blind) collected ($4.75)



PokerStars Hand #254525423194:  Hold'em No Limit ($0.50/$1.00 USD) - 2025/01/24 4:45:19 WET [2025/01/23 23:45:19 ET]
Table 'Mauritia IV' 6-max Seat #1 is the button
Seat 1: ImaPeppaPig ($100 in chips) 
Seat 3: B1GBankroll ($102.25 in chips) 
ImaPeppaPig: posts small blind $0.50
B1GBankroll: posts big blind $1
*** HOLE CARDS ***
ImaPeppaPig: folds 
Uncalled bet ($0.50) returned to B1GBankroll
B1GBankroll collected $1 from pot
B1GBankroll: doesn't show hand 
*** SUMMARY ***
Total pot $1 | Rake $0 
Seat 1: ImaPeppaPig (button) (small blind) folded before Flop
Seat 3: B1GBankroll (big blind) collected ($1)



PokerStars Hand #254525650444:  Hold'em No Limit ($0.50/$1.00 USD) - 2025/01/24 5:27:27 WET [2025/01/24 0:27:27 ET]
Table 'Mauritia IV' 6-max Seat #6 is the button
Seat 1: Supermegopro ($126.50 in chips) 
Seat 2: steelNike ($10 in chips) 
Seat 4: UK Boetseun ($100 in chips) 
Seat 5: EasyGamerrr ($100 in chips) 
Seat 6: Eredar5 ($100 in chips) 
Supermegopro: posts small blind $0.50
steelNike: posts big blind $1
*** HOLE CARDS ***
UK Boetseun: folds 
EasyGamerrr: folds 
Eredar5: folds 
Supermegopro: raises $11 to $12
steelNike: folds 
Uncalled bet ($11) returned to Supermegopro
Supermegopro collected $2 from pot
Supermegopro: doesn't show hand 
reeqar joins the table at seat #3 
*** SUMMARY ***
Total pot $2 | Rake $0 
Seat 1: Supermegopro (small blind) collected ($2)
Seat 2: steelNike (big blind) folded before Flop
Seat 4: UK Boetseun folded before Flop (didn't bet)
Seat 5: EasyGamerrr folded before Flop (didn't bet)
Seat 6: Eredar5 (button) folded before Flop (didn't bet)



PokerStars Hand #254525651973:  Hold'em No Limit ($0.50/$1.00 USD) - 2025/01/24 5:27:45 WET [2025/01/24 0:27:45 ET]
Table 'Mauritia IV' 6-max Seat #1 is the button
Seat 1: Supermegopro ($127.50 in chips) 
Seat 2: steelNike ($89 in chips) 
Seat 3: reeqar ($100 in chips) 
Seat 4: UK Boetseun ($100 in chips) 
Seat 5: EasyGamerrr ($100 in chips) 
Seat 6: Eredar5 ($100 in chips) 
steelNike: posts small blind $0.50
reeqar: posts big blind $1
*** HOLE CARDS ***
UK Boetseun: folds 
EasyGamerrr: raises $1 to $2
Eredar5: folds 
Supermegopro: folds 
steelNike: folds 
reeqar: folds 
Uncalled bet ($1) returned to EasyGamerrr
EasyGamerrr collected $2.50 from pot
EasyGamerrr: doesn't show hand 
*** SUMMARY ***
Total pot $2.50 | Rake $0 
Seat 1: Supermegopro (button) folded before Flop (didn't bet)
Seat 2: steelNike (small blind) folded before Flop
Seat 3: reeqar (big blind) folded before Flop
Seat 4: UK Boetseun folded before Flop (didn't bet)
Seat 5: EasyGamerrr collected ($2.50)
Seat 6: Eredar5 folded before Flop (didn't bet)



PokerStars Hand #254525653874:  Hold'em No Limit ($0.50/$1.00 USD) - 2025/01/24 5:28:08 WET [2025/01/24 0:28:08 ET]
Table 'Mauritia IV' 6-max Seat #2 is the button
Seat 1: Supermegopro ($127.50 in chips) 
Seat 2: steelNike ($100 in chips) 
Seat 3: reeqar ($100 in chips) 
Seat 4: UK Boetseun ($100 in chips) 
Seat 5: EasyGamerrr ($101.50 in chips) 
Seat 6: Eredar5 ($100 in chips) 
reeqar: posts small blind $0.50
UK Boetseun: posts big blind $1
*** HOLE CARDS ***
EasyGamerrr: folds 
Eredar5: raises $2 to $3
Supermegopro: folds 
steelNike: folds 
reeqar: folds 
UK Boetseun: raises $6.50 to $9.50
Eredar5: calls $6.50
*** FLOP *** [8s Td 8h]
UK Boetseun: bets $18.52
Eredar5: folds 
Uncalled bet ($18.52) returned to UK Boetseun
UK Boetseun collected $18.52 from pot
*** SUMMARY ***
Total pot $19.50 | Rake $0.98 
Board [8s Td 8h]
Seat 1: Supermegopro folded before Flop (didn't bet)
Seat 2: steelNike (button) folded before Flop (didn't bet)
Seat 3: reeqar (small blind) folded before Flop
Seat 4: UK Boetseun (big blind) collected ($18.52)
Seat 5: EasyGamerrr folded before Flop (didn't bet)
Seat 6: Eredar5 folded on the Flop



PokerStars Hand #254525656985:  Hold'em No Limit ($0.50/$1.00 USD) - 2025/01/24 5:28:44 WET [2025/01/24 0:28:44 ET]
Table 'Mauritia IV' 6-max Seat #3 is the button
Seat 1: Supermegopro ($127.50 in chips) 
Seat 2: steelNike ($100 in chips) 
Seat 3: reeqar ($100 in chips) 
Seat 4: UK Boetseun ($109.02 in chips) 
Seat 5: EasyGamerrr ($101.50 in chips) 
Seat 6: Eredar5 ($100 in chips) 
UK Boetseun: posts small blind $0.50
EasyGamerrr: posts big blind $1
*** HOLE CARDS ***
Eredar5: folds 
Supermegopro: folds 
steelNike: folds 
reeqar: folds 
UK Boetseun: calls $0.50
EasyGamerrr: checks 
*** FLOP *** [Ah 2c 9h]
UK Boetseun: checks 
EasyGamerrr: bets $1.27
UK Boetseun: folds 
Uncalled bet ($1.27) returned to EasyGamerrr
EasyGamerrr collected $1.90 from pot
EasyGamerrr: doesn't show hand 
*** SUMMARY ***
Total pot $2 | Rake $0.10 
Board [Ah 2c 9h]
Seat 1: Supermegopro folded before Flop (didn't bet)
Seat 2: steelNike folded before Flop (didn't bet)
Seat 3: reeqar (button) folded before Flop (didn't bet)
Seat 4: UK Boetseun (small blind) folded on the Flop
Seat 5: EasyGamerrr (big blind) collected ($1.90)
Seat 6: Eredar5 folded before Flop (didn't bet)



PokerStars Hand #254525661400:  Hold'em No Limit ($0.50/$1.00 USD) - 2025/01/24 5:29:36 WET [2025/01/24 0:29:36 ET]
Table 'Mauritia IV' 6-max Seat #4 is the button
Seat 1: Supermegopro ($127.50 in chips) 
Seat 2: steelNike ($100 in chips) 
Seat 3: reeqar ($100 in chips) 
Seat 4: UK Boetseun ($108.02 in chips) 
Seat 5: EasyGamerrr ($102.40 in chips) 
Seat 6: Eredar5 ($100 in chips) 
EasyGamerrr: posts small blind $0.50
Eredar5: posts big blind $1
*** HOLE CARDS ***
Supermegopro: folds 
steelNike: folds 
reeqar: raises $1.50 to $2.50
UK Boetseun: folds 
EasyGamerrr: folds 
Eredar5: folds 
Uncalled bet ($1.50) returned to reeqar
reeqar collected $2.50 from pot
reeqar: doesn't show hand 
*** SUMMARY ***
Total pot $2.50 | Rake $0 
Seat 1: Supermegopro folded before Flop (didn't bet)
Seat 2: steelNike folded before Flop (didn't bet)
Seat 3: reeqar collected ($2.50)
Seat 4: UK Boetseun (button) folded before Flop (didn't bet)
Seat 5: EasyGamerrr (small blind) folded before Flop
Seat 6: Eredar5 (big blind) folded before Flop



PokerStars Hand #254525663320:  Hold'em No Limit ($0.50/$1.00 USD) - 2025/01/24 5:29:59 WET [2025/01/24 0:29:59 ET]
Table 'Mauritia IV' 6-max Seat #5 is the button
Seat 1: Supermegopro ($127.50 in chips) 
Seat 2: steelNike ($100 in chips) 
Seat 3: reeqar ($101.50 in chips) 
Seat 4: UK Boetseun ($108.02 in chips) 
Seat 5: EasyGamerrr ($101.90 in chips) 
Seat 6: Eredar5 ($100 in chips) 
Eredar5: posts small blind $0.50
Supermegopro: posts big blind $1
*** HOLE CARDS ***
steelNike: folds 
reeqar: folds 
UK Boetseun: raises $1 to $2
EasyGamerrr: raises $5 to $7
Eredar5: folds 
Supermegopro: folds 
UK Boetseun: calls $5
*** FLOP *** [8s 7d 9h]
UK Boetseun: bets $7.36
EasyGamerrr: folds 
Uncalled bet ($7.36) returned to UK Boetseun
UK Boetseun collected $14.72 from pot
*** SUMMARY ***
Total pot $15.50 | Rake $0.78 
Board [8s 7d 9h]
Seat 1: Supermegopro (big blind) folded before Flop
Seat 2: steelNike folded before Flop (didn't bet)
Seat 3: reeqar folded before Flop (didn't bet)
Seat 4: UK Boetseun collected ($14.72)
Seat 5: EasyGamerrr (button) folded on the Flop
Seat 6: Eredar5 (small blind) folded before Flop



PokerStars Hand #254525665934:  Hold'em No Limit ($0.50/$1.00 USD) - 2025/01/24 5:30:28 WET [2025/01/24 0:30:28 ET]
Table 'Mauritia IV' 6-max Seat #6 is the button
Seat 1: Supermegopro ($126.50 in chips) 
Seat 2: steelNike ($100 in chips) 
Seat 3: reeqar ($101.50 in chips) 
Seat 4: UK Boetseun ($115.74 in chips) 
Seat 5: EasyGamerrr ($100 in chips) 
Seat 6: Eredar5 ($100 in chips) 
Supermegopro: posts small blind $0.50
steelNike: posts big blind $1
*** HOLE CARDS ***
reeqar: folds 
UK Boetseun: calls $1
EasyGamerrr: folds 
Eredar5: folds 
Supermegopro: calls $0.50
steelNike: checks 
*** FLOP *** [7h Qd 4s]
Supermegopro: checks 
steelNike: checks 
UK Boetseun: checks 
*** TURN *** [7h Qd 4s] [8s]
Supermegopro: bets $1.90
steelNike: raises $4.99 to $6.89
UK Boetseun: folds 
Supermegopro: calls $4.99
*** RIVER *** [7h Qd 4s 8s] [Qc]
Supermegopro: checks 
steelNike: checks 
*** SHOW DOWN ***
Supermegopro: shows [5s 3s] (a pair of Queens)
steelNike: shows [4d 7d] (two pair, Queens and Sevens)
steelNike collected $15.94 from pot
*** SUMMARY ***
Total pot $16.78 | Rake $0.84 
Board [7h Qd 4s 8s Qc]
Seat 1: Supermegopro (small blind) showed [5s 3s] and lost with a pair of Queens
Seat 2: steelNike (big blind) showed [4d 7d] and won ($15.94) with two pair, Queens and Sevens
Seat 3: reeqar folded before Flop (didn't bet)
Seat 4: UK Boetseun folded on the Turn
Seat 5: EasyGamerrr folded before Flop (didn't bet)
Seat 6: Eredar5 (button) folded before Flop (didn't bet)



PokerStars Hand #254525670560:  Hold'em No Limit ($0.50/$1.00 USD) - 2025/01/24 5:31:23 WET [2025/01/24 0:31:23 ET]
Table 'Mauritia IV' 6-max Seat #1 is the button
Seat 1: Supermegopro ($118.61 in chips) 
Seat 2: steelNike ($108.05 in chips) 
Seat 3: reeqar ($101.50 in chips) 
Seat 4: UK Boetseun ($114.74 in chips) 
Seat 5: EasyGamerrr ($100 in chips) 
Seat 6: Eredar5 ($100 in chips) 
steelNike: posts small blind $0.50
reeqar: posts big blind $1
*** HOLE CARDS ***
UK Boetseun: raises $1 to $2
EasyGamerrr: folds 
Eredar5: folds 
Supermegopro: folds 
steelNike: calls $1.50
reeqar: folds 
*** FLOP *** [9s 2c 5d]
steelNike: checks 
UK Boetseun: checks 
*** TURN *** [9s 2c 5d] [Ks]
steelNike: checks 
UK Boetseun: bets $2.38
steelNike: folds 
Uncalled bet ($2.38) returned to UK Boetseun
UK Boetseun collected $4.75 from pot
*** SUMMARY ***
Total pot $5 | Rake $0.25 
Board [9s 2c 5d Ks]
Seat 1: Supermegopro (button) folded before Flop (didn't bet)
Seat 2: steelNike (small blind) folded on the Turn
Seat 3: reeqar (big blind) folded before Flop
Seat 4: UK Boetseun collected ($4.75)
Seat 5: EasyGamerrr folded before Flop (didn't bet)
Seat 6: Eredar5 folded before Flop (didn't bet)



PokerStars Hand #254525673364:  Hold'em No Limit ($0.50/$1.00 USD) - 2025/01/24 5:31:56 WET [2025/01/24 0:31:56 ET]
Table 'Mauritia IV' 6-max Seat #2 is the button
Seat 1: Supermegopro ($118.61 in chips) 
Seat 2: steelNike ($106.05 in chips) 
Seat 3: reeqar ($100.50 in chips) 
Seat 4: UK Boetseun ($117.49 in chips) 
Seat 5: EasyGamerrr ($100 in chips) 
Seat 6: Eredar5 ($100 in chips) 
reeqar: posts small blind $0.50
UK Boetseun: posts big blind $1
*** HOLE CARDS ***
EasyGamerrr: folds 
Eredar5: raises $2 to $3
Supermegopro: folds 
steelNike: folds 
reeqar: raises $8 to $11
UK Boetseun: folds 
Eredar5: folds 
Uncalled bet ($8) returned to reeqar
reeqar collected $7 from pot
reeqar: doesn't show hand 
*** SUMMARY ***
Total pot $7 | Rake $0 
Seat 1: Supermegopro folded before Flop (didn't bet)
Seat 2: steelNike (button) folded before Flop (didn't bet)
Seat 3: reeqar (small blind) collected ($7)
Seat 4: UK Boetseun (big blind) folded before Flop
Seat 5: EasyGamerrr folded before Flop (didn't bet)
Seat 6: Eredar5 folded before Flop



PokerStars Hand #254525675968:  Hold'em No Limit ($0.50/$1.00 USD) - 2025/01/24 5:32:26 WET [2025/01/24 0:32:26 ET]
Table 'Mauritia IV' 6-max Seat #3 is the button
Seat 1: Supermegopro ($118.61 in chips) 
Seat 2: steelNike ($106.05 in chips) 
Seat 3: reeqar ($104.50 in chips) 
Seat 4: UK Boetseun ($116.49 in chips) 
Seat 5: EasyGamerrr ($100 in chips) 
Seat 6: Eredar5 ($100 in chips) 
UK Boetseun: posts small blind $0.50
EasyGamerrr: posts big blind $1
*** HOLE CARDS ***
Eredar5: folds 
Supermegopro: raises $1.50 to $2.50
steelNike: folds 
reeqar: folds 
UK Boetseun: raises $1.50 to $4
EasyGamerrr: raises $14 to $18
Supermegopro: folds 
UK Boetseun: folds 
Uncalled bet ($14) returned to EasyGamerrr
EasyGamerrr collected $10.50 from pot
EasyGamerrr: doesn't show hand 
*** SUMMARY ***
Total pot $10.50 | Rake $0 
Seat 1: Supermegopro folded before Flop
Seat 2: steelNike folded before Flop (didn't bet)
Seat 3: reeqar (button) folded before Flop (didn't bet)
Seat 4: UK Boetseun (small blind) folded before Flop
Seat 5: EasyGamerrr (big blind) collected ($10.50)
Seat 6: Eredar5 folded before Flop (didn't bet)



PokerStars Hand #254525677581:  Hold'em No Limit ($0.50/$1.00 USD) - 2025/01/24 5:32:45 WET [2025/01/24 0:32:45 ET]
Table 'Mauritia IV' 6-max Seat #4 is the button
Seat 1: Supermegopro ($116.11 in chips) 
Seat 2: steelNike ($106.05 in chips) 
Seat 3: reeqar ($104.50 in chips) 
Seat 4: UK Boetseun ($112.49 in chips) 
Seat 5: EasyGamerrr ($106.50 in chips) 
Seat 6: Eredar5 ($100 in chips) 
EasyGamerrr: posts small blind $0.50
Eredar5: posts big blind $1
*** HOLE CARDS ***
Supermegopro: folds 
steelNike: folds 
reeqar: folds 
UK Boetseun: raises $1 to $2
EasyGamerrr: folds 
Eredar5: calls $1
*** FLOP *** [5c Ts 3c]
Eredar5: checks 
UK Boetseun: bets $4.28
Eredar5: folds 
Uncalled bet ($4.28) returned to UK Boetseun
UK Boetseun collected $4.28 from pot
*** SUMMARY ***
Total pot $4.50 | Rake $0.22 
Board [5c Ts 3c]
Seat 1: Supermegopro folded before Flop (didn't bet)
Seat 2: steelNike folded before Flop (didn't bet)
Seat 3: reeqar folded before Flop (didn't bet)
Seat 4: UK Boetseun (button) collected ($4.28)
Seat 5: EasyGamerrr (small blind) folded before Flop
Seat 6: Eredar5 (big blind) folded on the Flop



PokerStars Hand #254525681194:  Hold'em No Limit ($0.50/$1.00 USD) - 2025/01/24 5:33:28 WET [2025/01/24 0:33:28 ET]
Table 'Mauritia IV' 6-max Seat #5 is the button
Seat 1: Supermegopro ($116.11 in chips) 
Seat 2: steelNike ($106.05 in chips) 
Seat 3: reeqar ($104.50 in chips) 
Seat 4: UK Boetseun ($114.77 in chips) 
Seat 5: EasyGamerrr ($106 in chips) 
Seat 6: Eredar5 ($100 in chips) 
Eredar5: posts small blind $0.50
Supermegopro: posts big blind $1
*** HOLE CARDS ***
steelNike: folds 
reeqar: folds 
UK Boetseun: folds 
EasyGamerrr: raises $1.50 to $2.50
Eredar5: folds 
Supermegopro: folds 
Uncalled bet ($1.50) returned to EasyGamerrr
EasyGamerrr collected $2.50 from pot
EasyGamerrr: doesn't show hand 
*** SUMMARY ***
Total pot $2.50 | Rake $0 
Seat 1: Supermegopro (big blind) folded before Flop
Seat 2: steelNike folded before Flop (didn't bet)
Seat 3: reeqar folded before Flop (didn't bet)
Seat 4: UK Boetseun folded before Flop (didn't bet)
Seat 5: EasyGamerrr (button) collected ($2.50)
Seat 6: Eredar5 (small blind) folded before Flop



PokerStars Hand #254525682678:  Hold'em No Limit ($0.50/$1.00 USD) - 2025/01/24 5:33:45 WET [2025/01/24 0:33:45 ET]
Table 'Mauritia IV' 6-max Seat #6 is the button
Seat 1: Supermegopro ($115.11 in chips) 
Seat 2: steelNike ($106.05 in chips) 
Seat 3: reeqar ($104.50 in chips) 
Seat 4: UK Boetseun ($114.77 in chips) 
Seat 5: EasyGamerrr ($107.50 in chips) 
Seat 6: Eredar5 ($100 in chips) 
Supermegopro: posts small blind $0.50
steelNike: posts big blind $1
*** HOLE CARDS ***
reeqar: folds 
UK Boetseun: folds 
EasyGamerrr: raises $1.50 to $2.50
Eredar5: folds 
Supermegopro: folds 
steelNike: folds 
Uncalled bet ($1.50) returned to EasyGamerrr
EasyGamerrr collected $2.50 from pot
EasyGamerrr: doesn't show hand 
*** SUMMARY ***
Total pot $2.50 | Rake $0 
Seat 1: Supermegopro (small blind) folded before Flop
Seat 2: steelNike (big blind) folded before Flop
Seat 3: reeqar folded before Flop (didn't bet)
Seat 4: UK Boetseun folded before Flop (didn't bet)
Seat 5: EasyGamerrr collected ($2.50)
Seat 6: Eredar5 (button) folded before Flop (didn't bet)



PokerStars Hand #254525684072:  Hold'em No Limit ($0.50/$1.00 USD) - 2025/01/24 5:34:02 WET [2025/01/24 0:34:02 ET]
Table 'Mauritia IV' 6-max Seat #1 is the button
Seat 1: Supermegopro ($114.61 in chips) 
Seat 2: steelNike ($105.05 in chips) 
Seat 3: reeqar ($104.50 in chips) 
Seat 4: UK Boetseun ($114.77 in chips) 
Seat 5: EasyGamerrr ($109 in chips) 
Seat 6: Eredar5 ($100 in chips) 
steelNike: posts small blind $0.50
reeqar: posts big blind $1
*** HOLE CARDS ***
UK Boetseun: raises $2.50 to $3.50
EasyGamerrr: folds 
Eredar5: folds 
Supermegopro: folds 
steelNike: folds 
reeqar: folds 
Uncalled bet ($2.50) returned to UK Boetseun
UK Boetseun collected $2.50 from pot
*** SUMMARY ***
Total pot $2.50 | Rake $0 
Seat 1: Supermegopro (button) folded before Flop (didn't bet)
Seat 2: steelNike (small blind) folded before Flop
Seat 3: reeqar (big blind) folded before Flop
Seat 4: UK Boetseun collected ($2.50)
Seat 5: EasyGamerrr folded before Flop (didn't bet)
Seat 6: Eredar5 folded before Flop (didn't bet)



PokerStars Hand #254525685636:  Hold'em No Limit ($0.50/$1.00 USD) - 2025/01/24 5:34:20 WET [2025/01/24 0:34:20 ET]
Table 'Mauritia IV' 6-max Seat #2 is the button
Seat 1: Supermegopro ($114.61 in chips) 
Seat 2: steelNike ($104.55 in chips) 
Seat 3: reeqar ($103.50 in chips) 
Seat 4: UK Boetseun ($116.27 in chips) 
Seat 5: EasyGamerrr ($109 in chips) 
Seat 6: Eredar5 ($100 in chips) 
reeqar: posts small blind $0.50
UK Boetseun: posts big blind $1
*** HOLE CARDS ***
EasyGamerrr: folds 
Eredar5: folds 
Supermegopro: raises $1.50 to $2.50
steelNike: folds 
reeqar: folds 
UK Boetseun: calls $1.50
*** FLOP *** [4s 6s 7h]
UK Boetseun: bets $2.61
Supermegopro: calls $2.61
*** TURN *** [4s 6s 7h] [7c]
UK Boetseun: checks 
Supermegopro: checks 
*** RIVER *** [4s 6s 7h 7c] [Qd]
UK Boetseun: checks 
Supermegopro: checks 
*** SHOW DOWN ***
UK Boetseun: shows [Ah 2h] (a pair of Sevens)
Supermegopro: mucks hand 
UK Boetseun collected $10.18 from pot
*** SUMMARY ***
Total pot $10.72 | Rake $0.54 
Board [4s 6s 7h 7c Qd]
Seat 1: Supermegopro mucked
Seat 2: steelNike (button) folded before Flop (didn't bet)
Seat 3: reeqar (small blind) folded before Flop
Seat 4: UK Boetseun (big blind) showed [Ah 2h] and won ($10.18) with a pair of Sevens
Seat 5: EasyGamerrr folded before Flop (didn't bet)
Seat 6: Eredar5 folded before Flop (didn't bet)



PokerStars Hand #254525688592:  Hold'em No Limit ($0.50/$1.00 USD) - 2025/01/24 5:34:55 WET [2025/01/24 0:34:55 ET]
Table 'Mauritia IV' 6-max Seat #3 is the button
Seat 1: Supermegopro ($109.50 in chips) 
Seat 2: steelNike ($104.55 in chips) 
Seat 3: reeqar ($103 in chips) 
Seat 4: UK Boetseun ($121.34 in chips) 
Seat 5: EasyGamerrr ($109 in chips) 
Seat 6: Eredar5 ($100 in chips) 
UK Boetseun: posts small blind $0.50
EasyGamerrr: posts big blind $1
*** HOLE CARDS ***
Eredar5: folds 
Supermegopro: folds 
steelNike: folds 
reeqar: folds 
UK Boetseun: raises $1 to $2
EasyGamerrr: calls $1
*** FLOP *** [9s 4h Kh]
UK Boetseun: bets $3.80
EasyGamerrr: folds 
Uncalled bet ($3.80) returned to UK Boetseun
UK Boetseun collected $3.80 from pot
*** SUMMARY ***
Total pot $4 | Rake $0.20 
Board [9s 4h Kh]
Seat 1: Supermegopro folded before Flop (didn't bet)
Seat 2: steelNike folded before Flop (didn't bet)
Seat 3: reeqar (button) folded before Flop (didn't bet)
Seat 4: UK Boetseun (small blind) collected ($3.80)
Seat 5: EasyGamerrr (big blind) folded on the Flop
Seat 6: Eredar5 folded before Flop (didn't bet)



PokerStars Hand #254525690584:  Hold'em No Limit ($0.50/$1.00 USD) - 2025/01/24 5:35:18 WET [2025/01/24 0:35:18 ET]
Table 'Mauritia IV' 6-max Seat #4 is the button
Seat 1: Supermegopro ($109.50 in chips) 
Seat 2: steelNike ($104.55 in chips) 
Seat 3: reeqar ($103 in chips) 
Seat 4: UK Boetseun ($123.14 in chips) 
Seat 5: EasyGamerrr ($107 in chips) 
Seat 6: Eredar5 ($100 in chips) 
EasyGamerrr: posts small blind $0.50
Eredar5: posts big blind $1
*** HOLE CARDS ***
Supermegopro: folds 
steelNike: folds 
reeqar: raises $1.50 to $2.50
UK Boetseun: raises $1.50 to $4
EasyGamerrr: folds 
Eredar5: folds 
reeqar: raises $99 to $103 and is all-in
UK Boetseun: folds 
Uncalled bet ($99) returned to reeqar
reeqar collected $9.50 from pot
reeqar: doesn't show hand 
*** SUMMARY ***
Total pot $9.50 | Rake $0 
Seat 1: Supermegopro folded before Flop (didn't bet)
Seat 2: steelNike folded before Flop (didn't bet)
Seat 3: reeqar collected ($9.50)
Seat 4: UK Boetseun (button) folded before Flop
Seat 5: EasyGamerrr (small blind) folded before Flop
Seat 6: Eredar5 (big blind) folded before Flop



PokerStars Hand #254525694298:  Hold'em No Limit ($0.50/$1.00 USD) - 2025/01/24 5:36:02 WET [2025/01/24 0:36:02 ET]
Table 'Mauritia IV' 6-max Seat #5 is the button
Seat 1: Supermegopro ($109.50 in chips) 
Seat 2: steelNike ($104.55 in chips) 
Seat 3: reeqar ($108.50 in chips) 
Seat 4: UK Boetseun ($119.14 in chips) 
Seat 5: EasyGamerrr ($106.50 in chips) 
Seat 6: Eredar5 ($100 in chips) 
Eredar5: posts small blind $0.50
Supermegopro: posts big blind $1
*** HOLE CARDS ***
steelNike: folds 
reeqar: folds 
UK Boetseun: folds 
EasyGamerrr: raises $1.50 to $2.50
Eredar5: folds 
Supermegopro: calls $1.50
*** FLOP *** [Kc 6d Tc]
Supermegopro: checks 
EasyGamerrr: checks 
*** TURN *** [Kc 6d Tc] [7c]
Supermegopro: checks 
EasyGamerrr: bets $2.09
Supermegopro: folds 
Uncalled bet ($2.09) returned to EasyGamerrr
EasyGamerrr collected $5.22 from pot
EasyGamerrr: doesn't show hand 
*** SUMMARY ***
Total pot $5.50 | Rake $0.28 
Board [Kc 6d Tc 7c]
Seat 1: Supermegopro (big blind) folded on the Turn
Seat 2: steelNike folded before Flop (didn't bet)
Seat 3: reeqar folded before Flop (didn't bet)
Seat 4: UK Boetseun folded before Flop (didn't bet)
Seat 5: EasyGamerrr (button) collected ($5.22)
Seat 6: Eredar5 (small blind) folded before Flop



PokerStars Hand #254525753957:  Hold'em No Limit ($0.50/$1.00 USD) - 2025/01/24 5:48:00 WET [2025/01/24 0:48:00 ET]
Table 'Mauritia IV' 6-max Seat #1 is the button
Seat 1: Supermegopro ($102.22 in chips) 
Seat 2: steelNike ($100.05 in chips) 
Seat 3: reeqar ($133.03 in chips) 
Seat 4: UK Boetseun ($215.13 in chips) 
Seat 5: EasyGamerrr ($102.68 in chips) 
Seat 6: Eredar5 ($100 in chips) 
steelNike: posts small blind $0.50
reeqar: posts big blind $1
*** HOLE CARDS ***
UK Boetseun: folds 
EasyGamerrr: folds 
Eredar5: folds 
Supermegopro: raises $1.50 to $2.50
steelNike: raises $9.50 to $12
reeqar: folds 
Supermegopro: calls $9.50
*** FLOP *** [5c 9c Qs]
steelNike: bets $7.84
Supermegopro: raises $82.38 to $90.22 and is all-in
steelNike: folds 
Uncalled bet ($82.38) returned to Supermegopro
Supermegopro collected $38.65 from pot
Supermegopro: doesn't show hand 
*** SUMMARY ***
Total pot $40.68 | Rake $2.03 
Board [5c 9c Qs]
Seat 1: Supermegopro (button) collected ($38.65)
Seat 2: steelNike (small blind) folded on the Flop
Seat 3: reeqar (big blind) folded before Flop
Seat 4: UK Boetseun folded before Flop (didn't bet)
Seat 5: EasyGamerrr folded before Flop (didn't bet)
Seat 6: Eredar5 folded before Flop (didn't bet)



PokerStars Hand #254525757699:  Hold'em No Limit ($0.50/$1.00 USD) - 2025/01/24 5:48:45 WET [2025/01/24 0:48:45 ET]
Table 'Mauritia IV' 6-max Seat #2 is the button
Seat 1: Supermegopro ($121.03 in chips) 
Seat 2: steelNike ($100 in chips) 
Seat 3: reeqar ($132.03 in chips) 
Seat 4: UK Boetseun ($215.13 in chips) 
Seat 5: EasyGamerrr ($102.68 in chips) 
Seat 6: Eredar5 ($100 in chips) 
reeqar: posts small blind $0.50
UK Boetseun: posts big blind $1
*** HOLE CARDS ***
EasyGamerrr: folds 
Eredar5: folds 
Supermegopro: folds 
steelNike: folds 
reeqar: folds 
Uncalled bet ($0.50) returned to UK Boetseun
UK Boetseun collected $1 from pot
*** SUMMARY ***
Total pot $1 | Rake $0 
Seat 1: Supermegopro folded before Flop (didn't bet)
Seat 2: steelNike (button) folded before Flop (didn't bet)
Seat 3: reeqar (small blind) folded before Flop
Seat 4: UK Boetseun (big blind) collected ($1)
Seat 5: EasyGamerrr folded before Flop (didn't bet)
Seat 6: Eredar5 folded before Flop (didn't bet)



PokerStars Hand #254525758750:  Hold'em No Limit ($0.50/$1.00 USD) - 2025/01/24 5:48:58 WET [2025/01/24 0:48:58 ET]
Table 'Mauritia IV' 6-max Seat #3 is the button
Seat 1: Supermegopro ($121.03 in chips) 
Seat 2: steelNike ($100 in chips) 
Seat 3: reeqar ($131.53 in chips) 
Seat 4: UK Boetseun ($215.63 in chips) 
Seat 5: EasyGamerrr ($102.68 in chips) 
Seat 6: Eredar5 ($100 in chips) 
UK Boetseun: posts small blind $0.50
EasyGamerrr: posts big blind $1
*** HOLE CARDS ***
Eredar5: folds 
Supermegopro: folds 
steelNike: raises $1.30 to $2.30
reeqar: calls $2.30
UK Boetseun: calls $1.80
EasyGamerrr: folds 
*** FLOP *** [Qc 4d 4h]
UK Boetseun: checks 
steelNike: bets $3.75
reeqar: folds 
UK Boetseun: folds 
Uncalled bet ($3.75) returned to steelNike
steelNike collected $7.50 from pot
*** SUMMARY ***
Total pot $7.90 | Rake $0.40 
Board [Qc 4d 4h]
Seat 1: Supermegopro folded before Flop (didn't bet)
Seat 2: steelNike collected ($7.50)
Seat 3: reeqar (button) folded on the Flop
Seat 4: UK Boetseun (small blind) folded on the Flop
Seat 5: EasyGamerrr (big blind) folded before Flop
Seat 6: Eredar5 folded before Flop (didn't bet)



PokerStars Hand #254525761840:  Hold'em No Limit ($0.50/$1.00 USD) - 2025/01/24 5:49:36 WET [2025/01/24 0:49:36 ET]
Table 'Mauritia IV' 6-max Seat #4 is the button
Seat 1: Supermegopro ($121.03 in chips) 
Seat 2: steelNike ($105.20 in chips) 
Seat 3: reeqar ($129.23 in chips) 
Seat 4: UK Boetseun ($213.33 in chips) 
Seat 5: EasyGamerrr ($101.68 in chips) 
Seat 6: Eredar5 ($100 in chips) 
EasyGamerrr: posts small blind $0.50
Eredar5: posts big blind $1
*** HOLE CARDS ***
Supermegopro: folds 
steelNike: folds 
reeqar: folds 
UK Boetseun: folds 
EasyGamerrr: raises $2 to $3
Eredar5: folds 
Uncalled bet ($2) returned to EasyGamerrr
EasyGamerrr collected $2 from pot
EasyGamerrr: doesn't show hand 
*** SUMMARY ***
Total pot $2 | Rake $0 
Seat 1: Supermegopro folded before Flop (didn't bet)
Seat 2: steelNike folded before Flop (didn't bet)
Seat 3: reeqar folded before Flop (didn't bet)
Seat 4: UK Boetseun (button) folded before Flop (didn't bet)
Seat 5: EasyGamerrr (small blind) collected ($2)
Seat 6: Eredar5 (big blind) folded before Flop



PokerStars Hand #254525763012:  Hold'em No Limit ($0.50/$1.00 USD) - 2025/01/24 5:49:50 WET [2025/01/24 0:49:50 ET]
Table 'Mauritia IV' 6-max Seat #5 is the button
Seat 1: Supermegopro ($121.03 in chips) 
Seat 2: steelNike ($105.20 in chips) 
Seat 3: reeqar ($129.23 in chips) 
Seat 4: UK Boetseun ($213.33 in chips) 
Seat 5: EasyGamerrr ($102.68 in chips) 
Seat 6: Eredar5 ($100 in chips) 
Eredar5: posts small blind $0.50
Supermegopro: posts big blind $1
*** HOLE CARDS ***
steelNike: folds 
reeqar: raises $1.50 to $2.50
UK Boetseun: raises $1.50 to $4
EasyGamerrr: folds 
Eredar5: folds 
Supermegopro: calls $3
reeqar: calls $1.50
*** FLOP *** [5h 8d 6h]
Supermegopro: checks 
reeqar: checks 
UK Boetseun: bets $5.94
Supermegopro: calls $5.94
reeqar: folds 
*** TURN *** [5h 8d 6h] [8c]
Supermegopro: checks 
UK Boetseun: checks 
*** RIVER *** [5h 8d 6h 8c] [Ts]
Supermegopro: checks 
UK Boetseun: bets $3
Supermegopro: calls $3
*** SHOW DOWN ***
UK Boetseun: shows [9s Ac] (a pair of Eights)
Supermegopro: shows [9c Tc] (two pair, Tens and Eights)
Supermegopro collected $28.86 from pot
*** SUMMARY ***
Total pot $30.38 | Rake $1.52 
Board [5h 8d 6h 8c Ts]
Seat 1: Supermegopro (big blind) showed [9c Tc] and won ($28.86) with two pair, Tens and Eights
Seat 2: steelNike folded before Flop (didn't bet)
Seat 3: reeqar folded on the Flop
Seat 4: UK Boetseun showed [9s Ac] and lost with a pair of Eights
Seat 5: EasyGamerrr (button) folded before Flop (didn't bet)
Seat 6: Eredar5 (small blind) folded before Flop



PokerStars Hand #254525767443:  Hold'em No Limit ($0.50/$1.00 USD) - 2025/01/24 5:50:44 WET [2025/01/24 0:50:44 ET]
Table 'Mauritia IV' 6-max Seat #6 is the button
Seat 1: Supermegopro ($136.95 in chips) 
Seat 2: steelNike ($105.20 in chips) 
Seat 3: reeqar ($125.23 in chips) 
Seat 4: UK Boetseun ($200.39 in chips) 
Seat 5: EasyGamerrr ($102.68 in chips) 
Seat 6: Eredar5 ($100 in chips) 
Supermegopro: posts small blind $0.50
steelNike: posts big blind $1
*** HOLE CARDS ***
reeqar: folds 
UK Boetseun: folds 
EasyGamerrr: folds 
Eredar5: folds 
Supermegopro: raises $2 to $3
steelNike: raises $7 to $10
Supermegopro: calls $7
*** FLOP *** [Kd 8h Td]
Supermegopro: checks 
steelNike: bets $6.27
Supermegopro: folds 
Uncalled bet ($6.27) returned to steelNike
steelNike collected $19 from pot
*** SUMMARY ***
Total pot $20 | Rake $1 
Board [Kd 8h Td]
Seat 1: Supermegopro (small blind) folded on the Flop
Seat 2: steelNike (big blind) collected ($19)
Seat 3: reeqar folded before Flop (didn't bet)
Seat 4: UK Boetseun folded before Flop (didn't bet)
Seat 5: EasyGamerrr folded before Flop (didn't bet)
Seat 6: Eredar5 (button) folded before Flop (didn't bet)



PokerStars Hand #254525772431:  Hold'em No Limit ($0.50/$1.00 USD) - 2025/01/24 5:51:44 WET [2025/01/24 0:51:44 ET]
Table 'Mauritia IV' 6-max Seat #1 is the button
Seat 1: Supermegopro ($126.95 in chips) 
Seat 2: steelNike ($114.20 in chips) 
Seat 3: reeqar ($125.23 in chips) 
Seat 4: UK Boetseun ($200.39 in chips) 
Seat 5: EasyGamerrr ($102.68 in chips) 
Seat 6: Eredar5 ($100 in chips) 
steelNike: posts small blind $0.50
reeqar: posts big blind $1
*** HOLE CARDS ***
UK Boetseun: raises $2.50 to $3.50
EasyGamerrr: folds 
Eredar5: raises $7 to $10.50
Supermegopro: folds 
steelNike: folds 
reeqar: folds 
UK Boetseun: calls $7
*** FLOP *** [Ts 7h Ah]
UK Boetseun: checks 
Eredar5: bets $14.32
UK Boetseun: folds 
Uncalled bet ($14.32) returned to Eredar5
Eredar5 collected $21.38 from pot
Eredar5: doesn't show hand 
*** SUMMARY ***
Total pot $22.50 | Rake $1.12 
Board [Ts 7h Ah]
Seat 1: Supermegopro (button) folded before Flop (didn't bet)
Seat 2: steelNike (small blind) folded before Flop
Seat 3: reeqar (big blind) folded before Flop
Seat 4: UK Boetseun folded on the Flop
Seat 5: EasyGamerrr folded before Flop (didn't bet)
Seat 6: Eredar5 collected ($21.38)



PokerStars Hand #254525775961:  Hold'em No Limit ($0.50/$1.00 USD) - 2025/01/24 5:52:28 WET [2025/01/24 0:52:28 ET]
Table 'Mauritia IV' 6-max Seat #2 is the button
Seat 1: Supermegopro ($126.95 in chips) 
Seat 2: steelNike ($113.70 in chips) 
Seat 3: reeqar ($124.23 in chips) 
Seat 4: UK Boetseun ($189.89 in chips) 
Seat 5: EasyGamerrr ($102.68 in chips) 
Seat 6: Eredar5 ($110.88 in chips) 
reeqar: posts small blind $0.50
UK Boetseun: posts big blind $1
*** HOLE CARDS ***
EasyGamerrr: folds 
Eredar5: folds 
Supermegopro: raises $1.50 to $2.50
steelNike: folds 
reeqar: folds 
UK Boetseun: raises $1.50 to $4
Supermegopro: calls $1.50
*** FLOP *** [4d 3h 6c]
UK Boetseun: bets $4.04
Supermegopro: calls $4.04
*** TURN *** [4d 3h 6c] [4h]
UK Boetseun: checks 
Supermegopro: bets $13.39
UK Boetseun: folds 
Uncalled bet ($13.39) returned to Supermegopro
Supermegopro collected $15.75 from pot
Supermegopro: doesn't show hand 
*** SUMMARY ***
Total pot $16.58 | Rake $0.83 
Board [4d 3h 6c 4h]
Seat 1: Supermegopro collected ($15.75)
Seat 2: steelNike (button) folded before Flop (didn't bet)
Seat 3: reeqar (small blind) folded before Flop
Seat 4: UK Boetseun (big blind) folded on the Turn
Seat 5: EasyGamerrr folded before Flop (didn't bet)
Seat 6: Eredar5 folded before Flop (didn't bet)



PokerStars Hand #254525778578:  Hold'em No Limit ($0.50/$1.00 USD) - 2025/01/24 5:52:59 WET [2025/01/24 0:52:59 ET]
Table 'Mauritia IV' 6-max Seat #3 is the button
Seat 1: Supermegopro ($134.66 in chips) 
Seat 2: steelNike ($113.70 in chips) 
Seat 3: reeqar ($123.73 in chips) 
Seat 4: UK Boetseun ($181.85 in chips) 
Seat 5: EasyGamerrr ($102.68 in chips) 
Seat 6: Eredar5 ($110.88 in chips) 
UK Boetseun: posts small blind $0.50
EasyGamerrr: posts big blind $1
*** HOLE CARDS ***
Eredar5: folds 
Supermegopro: raises $1.50 to $2.50
steelNike: folds 
reeqar: folds 
UK Boetseun: raises $6 to $8.50
EasyGamerrr: folds 
Supermegopro: calls $6
*** FLOP *** [Ac Ad 4c]
UK Boetseun: checks 
Supermegopro: checks 
*** TURN *** [Ac Ad 4c] [2s]
UK Boetseun: checks 
Supermegopro: checks 
*** RIVER *** [Ac Ad 4c 2s] [Th]
UK Boetseun: bets $3
Supermegopro: calls $3
*** SHOW DOWN ***
UK Boetseun: shows [Ks Td] (two pair, Aces and Tens)
Supermegopro: mucks hand 
UK Boetseun collected $22.80 from pot
*** SUMMARY ***
Total pot $24 | Rake $1.20 
Board [Ac Ad 4c 2s Th]
Seat 1: Supermegopro mucked
Seat 2: steelNike folded before Flop (didn't bet)
Seat 3: reeqar (button) folded before Flop (didn't bet)
Seat 4: UK Boetseun (small blind) showed [Ks Td] and won ($22.80) with two pair, Aces and Tens
Seat 5: EasyGamerrr (big blind) folded before Flop
Seat 6: Eredar5 folded before Flop (didn't bet)



PokerStars Hand #254525781558:  Hold'em No Limit ($0.50/$1.00 USD) - 2025/01/24 5:53:35 WET [2025/01/24 0:53:35 ET]
Table 'Mauritia IV' 6-max Seat #4 is the button
Seat 6: Eredar5 ($110.88 in chips) is sitting out
Seat 1: Supermegopro ($123.16 in chips) 
Seat 2: steelNike ($113.70 in chips) 
Seat 3: reeqar ($123.73 in chips) 
Seat 4: UK Boetseun ($193.15 in chips) 
Seat 5: EasyGamerrr ($101.68 in chips) 
EasyGamerrr: posts small blind $0.50
Eredar5: is sitting out 
Supermegopro: posts big blind $1
*** HOLE CARDS ***
steelNike: folds 
reeqar: raises $1.50 to $2.50
UK Boetseun: folds 
EasyGamerrr: folds 
Supermegopro: calls $1.50
*** FLOP *** [Kd Ah 7d]
Supermegopro: checks 
reeqar: bets $3.45
Supermegopro: folds 
Uncalled bet ($3.45) returned to reeqar
reeqar collected $5.22 from pot
reeqar: doesn't show hand 
*** SUMMARY ***
Total pot $5.50 | Rake $0.28 
Board [Kd Ah 7d]
Seat 6: Eredar5
Seat 1: Supermegopro (big blind) folded on the Flop
Seat 2: steelNike folded before Flop (didn't bet)
Seat 3: reeqar collected ($5.22)
Seat 4: UK Boetseun (button) folded before Flop (didn't bet)
Seat 5: EasyGamerrr (small blind) folded before Flop



PokerStars Hand #254525783751:  Hold'em No Limit ($0.50/$1.00 USD) - 2025/01/24 5:54:03 WET [2025/01/24 0:54:03 ET]
Table 'Mauritia IV' 6-max Seat #5 is the button
Seat 6: Eredar5 ($110.88 in chips) is sitting out
Seat 1: Supermegopro ($120.66 in chips) 
Seat 2: steelNike ($113.70 in chips) 
Seat 3: reeqar ($126.45 in chips) 
Seat 4: UK Boetseun ($193.15 in chips) 
Seat 5: EasyGamerrr ($101.18 in chips) 
Supermegopro: posts small blind $0.50
steelNike: posts big blind $1
*** HOLE CARDS ***
reeqar: folds 
UK Boetseun: raises $2 to $3
EasyGamerrr: folds 
Supermegopro: calls $2.50
steelNike: folds 
*** FLOP *** [As Ac 6c]
Supermegopro: checks 
UK Boetseun: bets $3.33
Supermegopro: calls $3.33
*** TURN *** [As Ac 6c] [Kh]
Supermegopro: checks 
UK Boetseun: bets $3
Supermegopro: calls $3
*** RIVER *** [As Ac 6c Kh] [8s]
Supermegopro: checks 
UK Boetseun: bets $3
Supermegopro: calls $3
*** SHOW DOWN ***
UK Boetseun: shows [Kd 4d] (two pair, Aces and Kings)
Supermegopro: mucks hand 
UK Boetseun collected $24.38 from pot
*** SUMMARY ***
Total pot $25.66 | Rake $1.28 
Board [As Ac 6c Kh 8s]
Seat 6: Eredar5
Seat 1: Supermegopro (small blind) mucked
Seat 2: steelNike (big blind) folded before Flop
Seat 3: reeqar folded before Flop (didn't bet)
Seat 4: UK Boetseun showed [Kd 4d] and won ($24.38) with two pair, Aces and Kings
Seat 5: EasyGamerrr (button) folded before Flop (didn't bet)



PokerStars Hand #254525786766:  Hold'em No Limit ($0.50/$1.00 USD) - 2025/01/24 5:54:40 WET [2025/01/24 0:54:40 ET]
Table 'Mauritia IV' 6-max Seat #1 is the button
Seat 6: Eredar5 ($110.88 in chips) is sitting out
Seat 1: Supermegopro ($108.33 in chips) 
Seat 2: steelNike ($112.70 in chips) 
Seat 3: reeqar ($126.45 in chips) 
Seat 4: UK Boetseun ($205.20 in chips) 
Seat 5: EasyGamerrr ($101.18 in chips) 
steelNike: posts small blind $0.50
reeqar: posts big blind $1
*** HOLE CARDS ***
UK Boetseun: raises $2 to $3
EasyGamerrr: folds 
Supermegopro: calls $3
steelNike: calls $2.50
reeqar: folds 
*** FLOP *** [Tc Th 6d]
steelNike: checks 
UK Boetseun: checks 
Supermegopro: checks 
*** TURN *** [Tc Th 6d] [Kh]
steelNike: checks 
UK Boetseun: checks 
Supermegopro: checks 
*** RIVER *** [Tc Th 6d Kh] [Kc]
steelNike: checks 
UK Boetseun: checks 
Supermegopro: checks 
*** SHOW DOWN ***
steelNike: shows [2s 2d] (two pair, Kings and Tens)
UK Boetseun: shows [7d Qd] (two pair, Kings and Tens - Queen kicker)
Supermegopro: shows [Qh 5h] (two pair, Kings and Tens)
UK Boetseun collected $4.75 from pot
Supermegopro collected $4.75 from pot
*** SUMMARY ***
Total pot $10 | Rake $0.50 
Board [Tc Th 6d Kh Kc]
Seat 6: Eredar5
Seat 1: Supermegopro (button) showed [Qh 5h] and won ($4.75) with two pair, Kings and Tens
Seat 2: steelNike (small blind) showed [2s 2d] and lost with two pair, Kings and Tens
Seat 3: reeqar (big blind) folded before Flop
Seat 4: UK Boetseun showed [7d Qd] and won ($4.75) with two pair, Kings and Tens
Seat 5: EasyGamerrr folded before Flop (didn't bet)



PokerStars Hand #254525791041:  Hold'em No Limit ($0.50/$1.00 USD) - 2025/01/24 5:55:36 WET [2025/01/24 0:55:36 ET]
Table 'Mauritia IV' 6-max Seat #2 is the button
Seat 6: Eredar5 ($110.88 in chips) is sitting out
Seat 1: Supermegopro ($110.08 in chips) 
Seat 2: steelNike ($109.70 in chips) 
Seat 3: reeqar ($125.45 in chips) 
Seat 4: UK Boetseun ($206.95 in chips) 
Seat 5: EasyGamerrr ($101.18 in chips) 
reeqar: posts small blind $0.50
UK Boetseun: posts big blind $1
Eredar5: sits out 
*** HOLE CARDS ***
EasyGamerrr: folds 
Supermegopro: folds 
steelNike: folds 
reeqar: folds 
Uncalled bet ($0.50) returned to UK Boetseun
UK Boetseun collected $1 from pot
*** SUMMARY ***
Total pot $1 | Rake $0 
Seat 6: Eredar5
Seat 1: Supermegopro folded before Flop (didn't bet)
Seat 2: steelNike (button) folded before Flop (didn't bet)
Seat 3: reeqar (small blind) folded before Flop
Seat 4: UK Boetseun (big blind) collected ($1)
Seat 5: EasyGamerrr folded before Flop (didn't bet)



PokerStars Hand #254525791972:  Hold'em No Limit ($0.50/$1.00 USD) - 2025/01/24 5:55:50 WET [2025/01/24 0:55:50 ET]
Table 'Mauritia IV' 6-max Seat #3 is the button
Seat 6: Eredar5 ($110.88 in chips) is sitting out
Seat 1: Supermegopro ($110.08 in chips) 
Seat 2: steelNike ($109.70 in chips) 
Seat 3: reeqar ($124.95 in chips) 
Seat 4: UK Boetseun ($207.45 in chips) 
Seat 5: EasyGamerrr ($101.18 in chips) 
UK Boetseun: posts small blind $0.50
EasyGamerrr: posts big blind $1
Eredar5: sits out 
*** HOLE CARDS ***
Supermegopro: folds 
steelNike: folds 
reeqar: raises $1.50 to $2.50
UK Boetseun: raises $6 to $8.50
EasyGamerrr: folds 
reeqar: calls $6
*** FLOP *** [Ad 4d 4c]
UK Boetseun: bets $17.10
reeqar: folds 
Uncalled bet ($17.10) returned to UK Boetseun
UK Boetseun collected $17.10 from pot
*** SUMMARY ***
Total pot $18 | Rake $0.90 
Board [Ad 4d 4c]
Seat 6: Eredar5
Seat 1: Supermegopro folded before Flop (didn't bet)
Seat 2: steelNike folded before Flop (didn't bet)
Seat 3: reeqar (button) folded on the Flop
Seat 4: UK Boetseun (small blind) collected ($17.10)
Seat 5: EasyGamerrr (big blind) folded before Flop



PokerStars Hand #254525794606:  Hold'em No Limit ($0.50/$1.00 USD) - 2025/01/24 5:56:28 WET [2025/01/24 0:56:28 ET]
Table 'Mauritia IV' 6-max Seat #4 is the button
Seat 1: Supermegopro ($110.08 in chips) 
Seat 2: steelNike ($109.70 in chips) 
Seat 3: reeqar ($116.45 in chips) 
Seat 4: UK Boetseun ($216.05 in chips) 
Seat 5: EasyGamerrr ($100.18 in chips) 
Seat 6: Eredar5 ($110.88 in chips) 
EasyGamerrr: posts small blind $0.50
Eredar5: posts big blind $1
*** HOLE CARDS ***
Supermegopro: folds 
steelNike: raises $1 to $2
reeqar: folds 
UK Boetseun: calls $2
EasyGamerrr: folds 
Eredar5: folds 
*** FLOP *** [5s 8c 8h]
steelNike: checks 
UK Boetseun: checks 
*** TURN *** [5s 8c 8h] [2s]
steelNike: bets $3.92
UK Boetseun: folds 
Uncalled bet ($3.92) returned to steelNike
steelNike collected $5.22 from pot
*** SUMMARY ***
Total pot $5.50 | Rake $0.28 
Board [5s 8c 8h 2s]
Seat 1: Supermegopro folded before Flop (didn't bet)
Seat 2: steelNike collected ($5.22)
Seat 3: reeqar folded before Flop (didn't bet)
Seat 4: UK Boetseun (button) folded on the Turn
Seat 5: EasyGamerrr (small blind) folded before Flop
Seat 6: Eredar5 (big blind) folded before Flop



PokerStars Hand #254525796169:  Hold'em No Limit ($0.50/$1.00 USD) - 2025/01/24 5:56:50 WET [2025/01/24 0:56:50 ET]
Table 'Mauritia IV' 6-max Seat #5 is the button
Seat 1: Supermegopro ($110.08 in chips) 
Seat 2: steelNike ($112.92 in chips) 
Seat 3: reeqar ($116.45 in chips) 
Seat 4: UK Boetseun ($214.05 in chips) 
Seat 5: EasyGamerrr ($100 in chips) 
Seat 6: Eredar5 ($109.88 in chips) 
Eredar5: posts small blind $0.50
Supermegopro: posts big blind $1
*** HOLE CARDS ***
steelNike: folds 
reeqar: folds 
UK Boetseun: raises $3 to $4
EasyGamerrr: folds 
Eredar5: folds 
Supermegopro: folds 
Uncalled bet ($3) returned to UK Boetseun
UK Boetseun collected $2.50 from pot
*** SUMMARY ***
Total pot $2.50 | Rake $0 
Seat 1: Supermegopro (big blind) folded before Flop
Seat 2: steelNike folded before Flop (didn't bet)
Seat 3: reeqar folded before Flop (didn't bet)
Seat 4: UK Boetseun collected ($2.50)
Seat 5: EasyGamerrr (button) folded before Flop (didn't bet)
Seat 6: Eredar5 (small blind) folded before Flop



PokerStars Hand #254525797103:  Hold'em No Limit ($0.50/$1.00 USD) - 2025/01/24 5:57:04 WET [2025/01/24 0:57:04 ET]
Table 'Mauritia IV' 6-max Seat #6 is the button
Seat 1: Supermegopro ($109.08 in chips) 
Seat 2: steelNike ($112.92 in chips) 
Seat 3: reeqar ($116.45 in chips) 
Seat 4: UK Boetseun ($215.55 in chips) 
Seat 5: EasyGamerrr ($100 in chips) 
Seat 6: Eredar5 ($109.38 in chips) 
Supermegopro: posts small blind $0.50
steelNike: posts big blind $1
*** HOLE CARDS ***
reeqar: folds 
UK Boetseun: calls $1
EasyGamerrr: folds 
Eredar5: raises $3 to $4
Supermegopro: folds 
steelNike: raises $10.50 to $14.50
UK Boetseun: folds 
Eredar5: folds 
Uncalled bet ($10.50) returned to steelNike
steelNike collected $9.50 from pot
*** SUMMARY ***
Total pot $9.50 | Rake $0 
Seat 1: Supermegopro (small blind) folded before Flop
Seat 2: steelNike (big blind) collected ($9.50)
Seat 3: reeqar folded before Flop (didn't bet)
Seat 4: UK Boetseun folded before Flop
Seat 5: EasyGamerrr folded before Flop (didn't bet)
Seat 6: Eredar5 (button) folded before Flop



PokerStars Hand #254525799508:  Hold'em No Limit ($0.50/$1.00 USD) - 2025/01/24 5:57:39 WET [2025/01/24 0:57:39 ET]
Table 'Mauritia IV' 6-max Seat #1 is the button
Seat 1: Supermegopro ($108.58 in chips) 
Seat 2: steelNike ($118.42 in chips) 
Seat 3: reeqar ($116.45 in chips) 
Seat 4: UK Boetseun ($214.55 in chips) 
Seat 5: EasyGamerrr ($100 in chips) 
Seat 6: Eredar5 ($105.38 in chips) 
steelNike: posts small blind $0.50
reeqar: posts big blind $1
*** HOLE CARDS ***
UK Boetseun: folds 
EasyGamerrr: folds 
Eredar5: folds 
Supermegopro: raises $2 to $3
steelNike: folds 
reeqar: folds 
Uncalled bet ($2) returned to Supermegopro
Supermegopro collected $2.50 from pot
Supermegopro: doesn't show hand 
*** SUMMARY ***
Total pot $2.50 | Rake $0 
Seat 1: Supermegopro (button) collected ($2.50)
Seat 2: steelNike (small blind) folded before Flop
Seat 3: reeqar (big blind) folded before Flop
Seat 4: UK Boetseun folded before Flop (didn't bet)
Seat 5: EasyGamerrr folded before Flop (didn't bet)
Seat 6: Eredar5 folded before Flop (didn't bet)



PokerStars Hand #254525800813:  Hold'em No Limit ($0.50/$1.00 USD) - 2025/01/24 5:57:57 WET [2025/01/24 0:57:57 ET]
Table 'Mauritia IV' 6-max Seat #2 is the button
Seat 1: Supermegopro ($110.08 in chips) 
Seat 2: steelNike ($117.92 in chips) 
Seat 3: reeqar ($115.45 in chips) 
Seat 4: UK Boetseun ($214.55 in chips) 
Seat 5: EasyGamerrr ($100 in chips) 
Seat 6: Eredar5 ($105.38 in chips) 
reeqar: posts small blind $0.50
UK Boetseun: posts big blind $1
*** HOLE CARDS ***
EasyGamerrr: folds 
Eredar5: folds 
Supermegopro: raises $1.50 to $2.50
steelNike: raises $5.50 to $8
reeqar: folds 
UK Boetseun: folds 
Supermegopro: folds 
Uncalled bet ($5.50) returned to steelNike
steelNike collected $6.50 from pot
*** SUMMARY ***
Total pot $6.50 | Rake $0 
Seat 1: Supermegopro folded before Flop
Seat 2: steelNike (button) collected ($6.50)
Seat 3: reeqar (small blind) folded before Flop
Seat 4: UK Boetseun (big blind) folded before Flop
Seat 5: EasyGamerrr folded before Flop (didn't bet)
Seat 6: Eredar5 folded before Flop (didn't bet)



PokerStars Hand #254525802512:  Hold'em No Limit ($0.50/$1.00 USD) - 2025/01/24 5:58:22 WET [2025/01/24 0:58:22 ET]
Table 'Mauritia IV' 6-max Seat #3 is the button
Seat 1: Supermegopro ($107.58 in chips) 
Seat 2: steelNike ($121.92 in chips) 
Seat 3: reeqar ($114.95 in chips) 
Seat 4: UK Boetseun ($213.55 in chips) 
Seat 5: EasyGamerrr ($100 in chips) 
Seat 6: Eredar5 ($105.38 in chips) 
UK Boetseun: posts small blind $0.50
EasyGamerrr: posts big blind $1
*** HOLE CARDS ***
Eredar5: folds 
Supermegopro: folds 
steelNike: folds 
reeqar: folds 
UK Boetseun: folds 
Uncalled bet ($0.50) returned to EasyGamerrr
EasyGamerrr collected $1 from pot
EasyGamerrr: doesn't show hand 
*** SUMMARY ***
Total pot $1 | Rake $0 
Seat 1: Supermegopro folded before Flop (didn't bet)
Seat 2: steelNike folded before Flop (didn't bet)
Seat 3: reeqar (button) folded before Flop (didn't bet)
Seat 4: UK Boetseun (small blind) folded before Flop
Seat 5: EasyGamerrr (big blind) collected ($1)
Seat 6: Eredar5 folded before Flop (didn't bet)



PokerStars Hand #254525803102:  Hold'em No Limit ($0.50/$1.00 USD) - 2025/01/24 5:58:30 WET [2025/01/24 0:58:30 ET]
Table 'Mauritia IV' 6-max Seat #4 is the button
Seat 1: Supermegopro ($107.58 in chips) 
Seat 2: steelNike ($121.92 in chips) 
Seat 3: reeqar ($114.95 in chips) 
Seat 4: UK Boetseun ($213.05 in chips) 
Seat 5: EasyGamerrr ($100.50 in chips) 
Seat 6: Eredar5 ($105.38 in chips) 
EasyGamerrr: posts small blind $0.50
Eredar5: posts big blind $1
*** HOLE CARDS ***
Supermegopro: folds 
steelNike: folds 
reeqar: raises $1 to $2
UK Boetseun: raises $5.50 to $7.50
EasyGamerrr: folds 
Eredar5: folds 
reeqar: calls $5.50
*** FLOP *** [4h Ac Qc]
reeqar: checks 
UK Boetseun: bets $5
reeqar: folds 
Uncalled bet ($5) returned to UK Boetseun
UK Boetseun collected $15.68 from pot
*** SUMMARY ***
Total pot $16.50 | Rake $0.82 
Board [4h Ac Qc]
Seat 1: Supermegopro folded before Flop (didn't bet)
Seat 2: steelNike folded before Flop (didn't bet)
Seat 3: reeqar folded on the Flop
Seat 4: UK Boetseun (button) collected ($15.68)
Seat 5: EasyGamerrr (small blind) folded before Flop
Seat 6: Eredar5 (big blind) folded before Flop



PokerStars Hand #254525806721:  Hold'em No Limit ($0.50/$1.00 USD) - 2025/01/24 5:59:22 WET [2025/01/24 0:59:22 ET]
Table 'Mauritia IV' 6-max Seat #5 is the button
Seat 1: Supermegopro ($107.58 in chips) 
Seat 2: steelNike ($121.92 in chips) 
Seat 3: reeqar ($107.45 in chips) 
Seat 4: UK Boetseun ($221.23 in chips) 
Seat 5: EasyGamerrr ($100 in chips) 
Seat 6: Eredar5 ($104.38 in chips) 
Eredar5: posts small blind $0.50
Supermegopro: posts big blind $1
*** HOLE CARDS ***
steelNike: folds 
reeqar: raises $1 to $2
UK Boetseun: calls $2
EasyGamerrr: calls $2
Eredar5: folds 
Supermegopro: calls $1
*** FLOP *** [9h 8h 7h]
Supermegopro: checks 
reeqar: checks 
UK Boetseun: checks 
EasyGamerrr: checks 
*** TURN *** [9h 8h 7h] [Jd]
Supermegopro: checks 
reeqar: bets $6.06
UK Boetseun: folds 
EasyGamerrr: folds 
Supermegopro: calls $6.06
*** RIVER *** [9h 8h 7h Jd] [5d]
Supermegopro: checks 
reeqar: bets $14.69
Supermegopro: folds 
Uncalled bet ($14.69) returned to reeqar
reeqar collected $19.59 from pot
reeqar: doesn't show hand 
*** SUMMARY ***
Total pot $20.62 | Rake $1.03 
Board [9h 8h 7h Jd 5d]
Seat 1: Supermegopro (big blind) folded on the River
Seat 2: steelNike folded before Flop (didn't bet)
Seat 3: reeqar collected ($19.59)
Seat 4: UK Boetseun folded on the Turn
Seat 5: EasyGamerrr (button) folded on the Turn
Seat 6: Eredar5 (small blind) folded before Flop



PokerStars Hand #254525811357:  Hold'em No Limit ($0.50/$1.00 USD) - 2025/01/24 6:00:28 WET [2025/01/24 1:00:28 ET]
Table 'Mauritia IV' 6-max Seat #6 is the button
Seat 1: Supermegopro ($100 in chips) 
Seat 2: steelNike ($121.92 in chips) 
Seat 3: reeqar ($118.98 in chips) 
Seat 4: UK Boetseun ($219.23 in chips) 
Seat 5: EasyGamerrr ($100 in chips) 
Seat 6: Eredar5 ($103.88 in chips) 
Supermegopro: posts small blind $0.50
steelNike: posts big blind $1
*** HOLE CARDS ***
reeqar: raises $1 to $2
UK Boetseun: folds 
EasyGamerrr: raises $4.50 to $6.50
Eredar5: folds 
Supermegopro: folds 
steelNike: folds 
reeqar: folds 
Uncalled bet ($4.50) returned to EasyGamerrr
EasyGamerrr collected $5.50 from pot
EasyGamerrr: doesn't show hand 
*** SUMMARY ***
Total pot $5.50 | Rake $0 
Seat 1: Supermegopro (small blind) folded before Flop
Seat 2: steelNike (big blind) folded before Flop
Seat 3: reeqar folded before Flop
Seat 4: UK Boetseun folded before Flop (didn't bet)
Seat 5: EasyGamerrr collected ($5.50)
Seat 6: Eredar5 (button) folded before Flop (didn't bet)



PokerStars Hand #254525812455:  Hold'em No Limit ($0.50/$1.00 USD) - 2025/01/24 6:00:43 WET [2025/01/24 1:00:43 ET]
Table 'Mauritia IV' 6-max Seat #1 is the button
Seat 1: Supermegopro ($100 in chips) 
Seat 2: steelNike ($120.92 in chips) 
Seat 3: reeqar ($116.98 in chips) 
Seat 4: UK Boetseun ($219.23 in chips) 
Seat 5: EasyGamerrr ($103.50 in chips) 
Seat 6: Eredar5 ($103.88 in chips) 
steelNike: posts small blind $0.50
reeqar: posts big blind $1
*** HOLE CARDS ***
UK Boetseun: folds 
EasyGamerrr: folds 
Eredar5: folds 
Supermegopro: raises $2 to $3
steelNike: folds 
reeqar: folds 
Uncalled bet ($2) returned to Supermegopro
Supermegopro collected $2.50 from pot
Supermegopro: doesn't show hand 
*** SUMMARY ***
Total pot $2.50 | Rake $0 
Seat 1: Supermegopro (button) collected ($2.50)
Seat 2: steelNike (small blind) folded before Flop
Seat 3: reeqar (big blind) folded before Flop
Seat 4: UK Boetseun folded before Flop (didn't bet)
Seat 5: EasyGamerrr folded before Flop (didn't bet)
Seat 6: Eredar5 folded before Flop (didn't bet)



PokerStars Hand #254525814067:  Hold'em No Limit ($0.50/$1.00 USD) - 2025/01/24 6:01:03 WET [2025/01/24 1:01:03 ET]
Table 'Mauritia IV' 6-max Seat #2 is the button
Seat 1: Supermegopro ($101.50 in chips) 
Seat 2: steelNike ($120.42 in chips) 
Seat 3: reeqar ($115.98 in chips) 
Seat 4: UK Boetseun ($219.23 in chips) 
Seat 5: EasyGamerrr ($103.50 in chips) 
Seat 6: Eredar5 ($103.88 in chips) 
reeqar: posts small blind $0.50
UK Boetseun: posts big blind $1
*** HOLE CARDS ***
EasyGamerrr: folds 
Eredar5: folds 
Supermegopro: folds 
steelNike: folds 
reeqar: folds 
Uncalled bet ($0.50) returned to UK Boetseun
UK Boetseun collected $1 from pot
*** SUMMARY ***
Total pot $1 | Rake $0 
Seat 1: Supermegopro folded before Flop (didn't bet)
Seat 2: steelNike (button) folded before Flop (didn't bet)
Seat 3: reeqar (small blind) folded before Flop
Seat 4: UK Boetseun (big blind) collected ($1)
Seat 5: EasyGamerrr folded before Flop (didn't bet)
Seat 6: Eredar5 folded before Flop (didn't bet)



PokerStars Hand #254525815485:  Hold'em No Limit ($0.50/$1.00 USD) - 2025/01/24 6:01:22 WET [2025/01/24 1:01:22 ET]
Table 'Mauritia IV' 6-max Seat #3 is the button
Seat 1: Supermegopro ($101.50 in chips) 
Seat 2: steelNike ($120.42 in chips) 
Seat 3: reeqar ($115.48 in chips) 
Seat 4: UK Boetseun ($219.73 in chips) 
Seat 5: EasyGamerrr ($103.50 in chips) 
Seat 6: Eredar5 ($103.88 in chips) 
UK Boetseun: posts small blind $0.50
EasyGamerrr: posts big blind $1
*** HOLE CARDS ***
Eredar5: folds 
Supermegopro: folds 
steelNike: folds 
reeqar: raises $1.50 to $2.50
UK Boetseun: raises $1.50 to $4
EasyGamerrr: calls $3
reeqar: raises $21 to $25
UK Boetseun: calls $21
EasyGamerrr: folds 
*** FLOP *** [3s Tc 9d]
UK Boetseun: bets $4
reeqar: raises $26.32 to $30.32
UK Boetseun: folds 
Uncalled bet ($26.32) returned to reeqar
reeqar collected $59.50 from pot
reeqar: doesn't show hand 
*** SUMMARY ***
Total pot $62 | Rake $2.50 
Board [3s Tc 9d]
Seat 1: Supermegopro folded before Flop (didn't bet)
Seat 2: steelNike folded before Flop (didn't bet)
Seat 3: reeqar (button) collected ($59.50)
Seat 4: UK Boetseun (small blind) folded on the Flop
Seat 5: EasyGamerrr (big blind) folded before Flop
Seat 6: Eredar5 folded before Flop (didn't bet)



PokerStars Hand #254525820404:  Hold'em No Limit ($0.50/$1.00 USD) - 2025/01/24 6:02:25 WET [2025/01/24 1:02:25 ET]
Table 'Mauritia IV' 6-max Seat #4 is the button
Seat 1: Supermegopro ($101.50 in chips) 
Seat 2: steelNike ($120.42 in chips) 
Seat 3: reeqar ($145.98 in chips) 
Seat 4: UK Boetseun ($190.73 in chips) 
Seat 5: EasyGamerrr ($100 in chips) 
Seat 6: Eredar5 ($103.88 in chips) 
EasyGamerrr: posts small blind $0.50
Eredar5: posts big blind $1
*** HOLE CARDS ***
Supermegopro: folds 
steelNike: folds 
reeqar: folds 
UK Boetseun: folds 
EasyGamerrr: raises $2 to $3
Eredar5: calls $2
*** FLOP *** [Kh 5h 8h]
EasyGamerrr: checks 
Eredar5: bets $1.94
EasyGamerrr: folds 
Uncalled bet ($1.94) returned to Eredar5
Eredar5 collected $5.70 from pot
Eredar5: doesn't show hand 
*** SUMMARY ***
Total pot $6 | Rake $0.30 
Board [Kh 5h 8h]
Seat 1: Supermegopro folded before Flop (didn't bet)
Seat 2: steelNike folded before Flop (didn't bet)
Seat 3: reeqar folded before Flop (didn't bet)
Seat 4: UK Boetseun (button) folded before Flop (didn't bet)
Seat 5: EasyGamerrr (small blind) folded on the Flop
Seat 6: Eredar5 (big blind) collected ($5.70)



PokerStars Hand #254525824217:  Hold'em No Limit ($0.50/$1.00 USD) - 2025/01/24 6:03:14 WET [2025/01/24 1:03:14 ET]
Table 'Mauritia IV' 6-max Seat #5 is the button
Seat 1: Supermegopro ($101.50 in chips) 
Seat 2: steelNike ($120.42 in chips) 
Seat 3: reeqar ($145.98 in chips) 
Seat 4: UK Boetseun ($190.73 in chips) 
Seat 5: EasyGamerrr ($100 in chips) 
Seat 6: Eredar5 ($106.58 in chips) 
Eredar5: posts small blind $0.50
Supermegopro: posts big blind $1
*** HOLE CARDS ***
steelNike: folds 
reeqar: folds 
UK Boetseun: raises $2.50 to $3.50
EasyGamerrr: folds 
Eredar5: folds 
Supermegopro: calls $2.50
*** FLOP *** [9s 5s Ks]
Supermegopro: checks 
UK Boetseun: bets $3.56
Supermegopro: calls $3.56
*** TURN *** [9s 5s Ks] [Ah]
Supermegopro: checks 
UK Boetseun: bets $6.95
Supermegopro: folds 
Uncalled bet ($6.95) returned to UK Boetseun
UK Boetseun collected $13.89 from pot
*** SUMMARY ***
Total pot $14.62 | Rake $0.73 
Board [9s 5s Ks Ah]
Seat 1: Supermegopro (big blind) folded on the Turn
Seat 2: steelNike folded before Flop (didn't bet)
Seat 3: reeqar folded before Flop (didn't bet)
Seat 4: UK Boetseun collected ($13.89)
Seat 5: EasyGamerrr (button) folded before Flop (didn't bet)
Seat 6: Eredar5 (small blind) folded before Flop



PokerStars Hand #254525826435:  Hold'em No Limit ($0.50/$1.00 USD) - 2025/01/24 6:03:42 WET [2025/01/24 1:03:42 ET]
Table 'Mauritia IV' 6-max Seat #6 is the button
Seat 1: Supermegopro ($100 in chips) 
Seat 2: steelNike ($120.42 in chips) 
Seat 3: reeqar ($145.98 in chips) 
Seat 4: UK Boetseun ($197.56 in chips) 
Seat 5: EasyGamerrr ($100 in chips) 
Seat 6: Eredar5 ($106.08 in chips) 
Supermegopro: posts small blind $0.50
steelNike: posts big blind $1
*** HOLE CARDS ***
reeqar: folds 
UK Boetseun: calls $1
EasyGamerrr: folds 
Eredar5: folds 
Supermegopro: folds 
steelNike: checks 
*** FLOP *** [Tc Qh 3h]
steelNike: checks 
UK Boetseun: checks 
*** TURN *** [Tc Qh 3h] [9c]
steelNike: checks 
UK Boetseun: checks 
*** RIVER *** [Tc Qh 3h 9c] [7h]
steelNike: checks 
UK Boetseun: checks 
*** SHOW DOWN ***
steelNike: shows [8d Kd] (high card King)
UK Boetseun: shows [8c Ah] (high card Ace)
UK Boetseun collected $2.38 from pot
*** SUMMARY ***
Total pot $2.50 | Rake $0.12 
Board [Tc Qh 3h 9c 7h]
Seat 1: Supermegopro (small blind) folded before Flop
Seat 2: steelNike (big blind) showed [8d Kd] and lost with high card King
Seat 3: reeqar folded before Flop (didn't bet)
Seat 4: UK Boetseun showed [8c Ah] and won ($2.38) with high card Ace
Seat 5: EasyGamerrr folded before Flop (didn't bet)
Seat 6: Eredar5 (button) folded before Flop (didn't bet)



PokerStars Hand #254525828679:  Hold'em No Limit ($0.50/$1.00 USD) - 2025/01/24 6:04:10 WET [2025/01/24 1:04:10 ET]
Table 'Mauritia IV' 6-max Seat #1 is the button
Seat 3: reeqar ($145.98 in chips) is sitting out
Seat 1: Supermegopro ($100 in chips) 
Seat 2: steelNike ($119.42 in chips) 
Seat 4: UK Boetseun ($198.94 in chips) 
Seat 5: EasyGamerrr ($100 in chips) 
Seat 6: Eredar5 ($106.08 in chips) 
steelNike: posts small blind $0.50
reeqar: is sitting out 
UK Boetseun: posts big blind $1
*** HOLE CARDS ***
EasyGamerrr: raises $1.50 to $2.50
Eredar5: folds 
Supermegopro: calls $2.50
steelNike: folds 
UK Boetseun: raises $1.50 to $4
EasyGamerrr: raises $14 to $18
Supermegopro: folds 
UK Boetseun: calls $14
*** FLOP *** [2h 7d 9c]
UK Boetseun: bets $5
EasyGamerrr: calls $5
*** TURN *** [2h 7d 9c] [Kc]
UK Boetseun: bets $5
EasyGamerrr: raises $23.75 to $28.75
UK Boetseun: calls $23.75
*** RIVER *** [2h 7d 9c Kc] [9h]
UK Boetseun: checks 
EasyGamerrr: checks 
*** SHOW DOWN ***
UK Boetseun: shows [Jc Tc] (a pair of Nines)
EasyGamerrr: shows [Qd Ah] (a pair of Nines - Ace kicker)
EasyGamerrr collected $104 from pot
*** SUMMARY ***
Total pot $106.50 | Rake $2.50 
Board [2h 7d 9c Kc 9h]
Seat 3: reeqar
Seat 1: Supermegopro (button) folded before Flop
Seat 2: steelNike (small blind) folded before Flop
Seat 4: UK Boetseun (big blind) showed [Jc Tc] and lost with a pair of Nines
Seat 5: EasyGamerrr showed [Qd Ah] and won ($104) with a pair of Nines
Seat 6: Eredar5 folded before Flop (didn't bet)



PokerStars Hand #254525833548:  Hold'em No Limit ($0.50/$1.00 USD) - 2025/01/24 6:05:11 WET [2025/01/24 1:05:11 ET]
Table 'Mauritia IV' 6-max Seat #2 is the button
Seat 3: reeqar ($145.98 in chips) is sitting out
Seat 1: Supermegopro ($100 in chips) 
Seat 2: steelNike ($118.92 in chips) 
Seat 4: UK Boetseun ($147.19 in chips) 
Seat 5: EasyGamerrr ($152.25 in chips) 
Seat 6: Eredar5 ($106.08 in chips) 
UK Boetseun: posts small blind $0.50
EasyGamerrr: posts big blind $1
*** HOLE CARDS ***
Eredar5: folds 
Supermegopro: folds 
steelNike: folds 
UK Boetseun: raises $8 to $9
EasyGamerrr: folds 
Uncalled bet ($8) returned to UK Boetseun
UK Boetseun collected $2 from pot
*** SUMMARY ***
Total pot $2 | Rake $0 
Seat 3: reeqar
Seat 1: Supermegopro folded before Flop (didn't bet)
Seat 2: steelNike (button) folded before Flop (didn't bet)
Seat 4: UK Boetseun (small blind) collected ($2)
Seat 5: EasyGamerrr (big blind) folded before Flop
Seat 6: Eredar5 folded before Flop (didn't bet)



PokerStars Hand #254525834720:  Hold'em No Limit ($0.50/$1.00 USD) - 2025/01/24 6:05:26 WET [2025/01/24 1:05:26 ET]
Table 'Mauritia IV' 6-max Seat #4 is the button
Seat 3: reeqar ($145.98 in chips) is sitting out
Seat 1: Supermegopro ($100 in chips) 
Seat 2: steelNike ($118.92 in chips) 
Seat 4: UK Boetseun ($148.19 in chips) 
Seat 5: EasyGamerrr ($151.25 in chips) 
Seat 6: Eredar5 ($106.08 in chips) 
EasyGamerrr: posts small blind $0.50
Eredar5: posts big blind $1
*** HOLE CARDS ***
Supermegopro: folds 
steelNike: raises $1.30 to $2.30
UK Boetseun: calls $2.30
EasyGamerrr: folds 
Eredar5: raises $11.20 to $13.50
steelNike: folds 
UK Boetseun: calls $11.20
*** FLOP *** [9d Td 3d]
Eredar5: bets $9.63
UK Boetseun: raises $9.63 to $19.26
Eredar5: raises $19.24 to $38.50
UK Boetseun: folds 
Uncalled bet ($19.24) returned to Eredar5
Eredar5 collected $65.82 from pot
Eredar5: doesn't show hand 
*** SUMMARY ***
Total pot $68.32 | Rake $2.50 
Board [9d Td 3d]
Seat 3: reeqar
Seat 1: Supermegopro folded before Flop (didn't bet)
Seat 2: steelNike folded before Flop
Seat 4: UK Boetseun (button) folded on the Flop
Seat 5: EasyGamerrr (small blind) folded before Flop
Seat 6: Eredar5 (big blind) collected ($65.82)



PokerStars Hand #254525840324:  Hold'em No Limit ($0.50/$1.00 USD) - 2025/01/24 6:06:37 WET [2025/01/24 1:06:37 ET]
Table 'Mauritia IV' 6-max Seat #5 is the button
Seat 3: reeqar ($145.98 in chips) is sitting out
Seat 1: Supermegopro ($100 in chips) 
Seat 2: steelNike ($116.62 in chips) 
Seat 4: UK Boetseun ($115.43 in chips) 
Seat 5: EasyGamerrr ($150.75 in chips) 
Seat 6: Eredar5 ($139.14 in chips) 
Eredar5: posts small blind $0.50
Supermegopro: posts big blind $1
*** HOLE CARDS ***
steelNike: folds 
UK Boetseun: raises $9 to $10
EasyGamerrr: folds 
Eredar5: folds 
Supermegopro: folds 
Uncalled bet ($9) returned to UK Boetseun
UK Boetseun collected $2.50 from pot
*** SUMMARY ***
Total pot $2.50 | Rake $0 
Seat 3: reeqar
Seat 1: Supermegopro (big blind) folded before Flop
Seat 2: steelNike folded before Flop (didn't bet)
Seat 4: UK Boetseun collected ($2.50)
Seat 5: EasyGamerrr (button) folded before Flop (didn't bet)
Seat 6: Eredar5 (small blind) folded before Flop



PokerStars Hand #254525841657:  Hold'em No Limit ($0.50/$1.00 USD) - 2025/01/24 6:06:54 WET [2025/01/24 1:06:54 ET]
Table 'Mauritia IV' 6-max Seat #6 is the button
Seat 3: reeqar ($145.98 in chips) is sitting out
Seat 1: Supermegopro ($100 in chips) 
Seat 2: steelNike ($116.62 in chips) 
Seat 4: UK Boetseun ($116.93 in chips) 
Seat 5: EasyGamerrr ($150.75 in chips) 
Seat 6: Eredar5 ($138.64 in chips) 
Supermegopro: posts small blind $0.50
steelNike: posts big blind $1
*** HOLE CARDS ***
UK Boetseun: raises $2.50 to $3.50
EasyGamerrr: folds 
Eredar5: folds 
Supermegopro: folds 
steelNike: folds 
Uncalled bet ($2.50) returned to UK Boetseun
UK Boetseun collected $2.50 from pot
*** SUMMARY ***
Total pot $2.50 | Rake $0 
Seat 3: reeqar
Seat 1: Supermegopro (small blind) folded before Flop
Seat 2: steelNike (big blind) folded before Flop
Seat 4: UK Boetseun collected ($2.50)
Seat 5: EasyGamerrr folded before Flop (didn't bet)
Seat 6: Eredar5 (button) folded before Flop (didn't bet)



PokerStars Hand #254525842611:  Hold'em No Limit ($0.50/$1.00 USD) - 2025/01/24 6:07:06 WET [2025/01/24 1:07:06 ET]
Table 'Mauritia IV' 6-max Seat #1 is the button
Seat 3: reeqar ($145.98 in chips) is sitting out
Seat 1: Supermegopro ($100 in chips) 
Seat 2: steelNike ($115.62 in chips) 
Seat 4: UK Boetseun ($118.43 in chips) 
Seat 5: EasyGamerrr ($150.75 in chips) 
Seat 6: Eredar5 ($138.64 in chips) 
steelNike: posts small blind $0.50
UK Boetseun: posts big blind $1
*** HOLE CARDS ***
EasyGamerrr: folds 
Eredar5: folds 
Supermegopro: raises $2 to $3
steelNike: folds 
UK Boetseun: folds 
Uncalled bet ($2) returned to Supermegopro
Supermegopro collected $2.50 from pot
Supermegopro: doesn't show hand 
*** SUMMARY ***
Total pot $2.50 | Rake $0 
Seat 3: reeqar
Seat 1: Supermegopro (button) collected ($2.50)
Seat 2: steelNike (small blind) folded before Flop
Seat 4: UK Boetseun (big blind) folded before Flop
Seat 5: EasyGamerrr folded before Flop (didn't bet)
Seat 6: Eredar5 folded before Flop (didn't bet)



PokerStars Hand #254525843452:  Hold'em No Limit ($0.50/$1.00 USD) - 2025/01/24 6:07:17 WET [2025/01/24 1:07:17 ET]
Table 'Mauritia IV' 6-max Seat #2 is the button
Seat 3: reeqar ($145.98 in chips) is sitting out
Seat 1: Supermegopro ($101.50 in chips) 
Seat 2: steelNike ($115.12 in chips) 
Seat 4: UK Boetseun ($117.43 in chips) 
Seat 5: EasyGamerrr ($150.75 in chips) 
Seat 6: Eredar5 ($138.64 in chips) 
UK Boetseun: posts small blind $0.50
EasyGamerrr: posts big blind $1
*** HOLE CARDS ***
Eredar5: raises $2 to $3
Supermegopro: folds 
steelNike: calls $3
UK Boetseun: raises $10 to $13
EasyGamerrr: folds 
Eredar5: calls $10
steelNike: raises $102.12 to $115.12 and is all-in
UK Boetseun: folds 
Eredar5: folds 
Uncalled bet ($102.12) returned to steelNike
steelNike collected $40 from pot
*** SUMMARY ***
Total pot $40 | Rake $0 
Seat 3: reeqar
Seat 1: Supermegopro folded before Flop (didn't bet)
Seat 2: steelNike (button) collected ($40)
Seat 4: UK Boetseun (small blind) folded before Flop
Seat 5: EasyGamerrr (big blind) folded before Flop
Seat 6: Eredar5 folded before Flop



PokerStars Hand #254525846644:  Hold'em No Limit ($0.50/$1.00 USD) - 2025/01/24 6:07:58 WET [2025/01/24 1:07:58 ET]
Table 'Mauritia IV' 6-max Seat #4 is the button
Seat 3: reeqar ($145.98 in chips) is sitting out
Seat 1: Supermegopro ($101.50 in chips) 
Seat 2: steelNike ($142.12 in chips) 
Seat 4: UK Boetseun ($104.43 in chips) 
Seat 5: EasyGamerrr ($149.75 in chips) 
Seat 6: Eredar5 ($125.64 in chips) 
EasyGamerrr: posts small blind $0.50
Eredar5: posts big blind $1
*** HOLE CARDS ***
Supermegopro: folds 
steelNike: folds 
UK Boetseun: raises $2.50 to $3.50
EasyGamerrr: folds 
Eredar5: calls $2.50
*** FLOP *** [3d 2d 3h]
Eredar5: checks 
UK Boetseun: checks 
*** TURN *** [3d 2d 3h] [7d]
Eredar5: bets $3.92
UK Boetseun: folds 
Uncalled bet ($3.92) returned to Eredar5
Eredar5 collected $7.12 from pot
Eredar5: doesn't show hand 
*** SUMMARY ***
Total pot $7.50 | Rake $0.38 
Board [3d 2d 3h 7d]
Seat 3: reeqar
Seat 1: Supermegopro folded before Flop (didn't bet)
Seat 2: steelNike folded before Flop (didn't bet)
Seat 4: UK Boetseun (button) folded on the Turn
Seat 5: EasyGamerrr (small blind) folded before Flop
Seat 6: Eredar5 (big blind) collected ($7.12)



PokerStars Hand #254525848758:  Hold'em No Limit ($0.50/$1.00 USD) - 2025/01/24 6:08:25 WET [2025/01/24 1:08:25 ET]
Table 'Mauritia IV' 6-max Seat #5 is the button
Seat 3: reeqar ($145.98 in chips) is sitting out
Seat 1: Supermegopro ($101.50 in chips) 
Seat 2: steelNike ($142.12 in chips) 
Seat 4: UK Boetseun ($100.93 in chips) 
Seat 5: EasyGamerrr ($149.25 in chips) 
Seat 6: Eredar5 ($129.26 in chips) 
Eredar5: posts small blind $0.50
Supermegopro: posts big blind $1
*** HOLE CARDS ***
steelNike: folds 
UK Boetseun: raises $2.50 to $3.50
EasyGamerrr: raises $7 to $10.50
Eredar5: folds 
Supermegopro: folds 
UK Boetseun: calls $7
*** FLOP *** [8s 6d 2s]
UK Boetseun: bets $21.38
EasyGamerrr: folds [Jd]
Uncalled bet ($21.38) returned to UK Boetseun
UK Boetseun collected $21.38 from pot
*** SUMMARY ***
Total pot $22.50 | Rake $1.12 
Board [8s 6d 2s]
Seat 3: reeqar
Seat 1: Supermegopro (big blind) folded before Flop
Seat 2: steelNike folded before Flop (didn't bet)
Seat 4: UK Boetseun collected ($21.38)
Seat 5: EasyGamerrr (button) folded on the Flop
Seat 6: Eredar5 (small blind) folded before Flop



PokerStars Hand #254525850445:  Hold'em No Limit ($0.50/$1.00 USD) - 2025/01/24 6:08:46 WET [2025/01/24 1:08:46 ET]
Table 'Mauritia IV' 6-max Seat #6 is the button
Seat 3: reeqar ($145.98 in chips) is sitting out
Seat 1: Supermegopro ($100.50 in chips) 
Seat 2: steelNike ($142.12 in chips) 
Seat 4: UK Boetseun ($111.81 in chips) 
Seat 5: EasyGamerrr ($138.75 in chips) 
Seat 6: Eredar5 ($128.76 in chips) 
Supermegopro: posts small blind $0.50
steelNike: posts big blind $1
*** HOLE CARDS ***
UK Boetseun: folds 
EasyGamerrr: folds 
Eredar5: raises $1.50 to $2.50
Supermegopro: folds 
steelNike: folds 
Uncalled bet ($1.50) returned to Eredar5
Eredar5 collected $2.50 from pot
Eredar5: doesn't show hand 
*** SUMMARY ***
Total pot $2.50 | Rake $0 
Seat 3: reeqar
Seat 1: Supermegopro (small blind) folded before Flop
Seat 2: steelNike (big blind) folded before Flop
Seat 4: UK Boetseun folded before Flop (didn't bet)
Seat 5: EasyGamerrr folded before Flop (didn't bet)
Seat 6: Eredar5 (button) collected ($2.50)



PokerStars Hand #254525851665:  Hold'em No Limit ($0.50/$1.00 USD) - 2025/01/24 6:09:02 WET [2025/01/24 1:09:02 ET]
Table 'Mauritia IV' 6-max Seat #1 is the button
Seat 1: Supermegopro ($100 in chips) 
Seat 2: steelNike ($141.12 in chips) 
Seat 3: reeqar ($145.98 in chips) 
Seat 4: UK Boetseun ($111.81 in chips) 
Seat 5: EasyGamerrr ($138.75 in chips) 
Seat 6: Eredar5 ($130.26 in chips) 
steelNike: posts small blind $0.50
reeqar: posts big blind $1
*** HOLE CARDS ***
UK Boetseun: folds 
EasyGamerrr: folds 
Eredar5: folds 
Supermegopro: raises $2 to $3
steelNike: folds 
reeqar: folds 
Uncalled bet ($2) returned to Supermegopro
Supermegopro collected $2.50 from pot
Supermegopro: doesn't show hand 
*** SUMMARY ***
Total pot $2.50 | Rake $0 
Seat 1: Supermegopro (button) collected ($2.50)
Seat 2: steelNike (small blind) folded before Flop
Seat 3: reeqar (big blind) folded before Flop
Seat 4: UK Boetseun folded before Flop (didn't bet)
Seat 5: EasyGamerrr folded before Flop (didn't bet)
Seat 6: Eredar5 folded before Flop (didn't bet)



PokerStars Hand #254525852626:  Hold'em No Limit ($0.50/$1.00 USD) - 2025/01/24 6:09:14 WET [2025/01/24 1:09:14 ET]
Table 'Mauritia IV' 6-max Seat #2 is the button
Seat 1: Supermegopro ($101.50 in chips) 
Seat 2: steelNike ($140.62 in chips) 
Seat 3: reeqar ($144.98 in chips) 
Seat 4: UK Boetseun ($111.81 in chips) 
Seat 5: EasyGamerrr ($138.75 in chips) 
Seat 6: Eredar5 ($130.26 in chips) 
reeqar: posts small blind $0.50
UK Boetseun: posts big blind $1
*** HOLE CARDS ***
EasyGamerrr: raises $1.50 to $2.50
Eredar5: folds 
Supermegopro: folds 
steelNike: folds 
reeqar: folds 
UK Boetseun: calls $1.50
*** FLOP *** [7h 2s Kh]
UK Boetseun: bets $5.22
EasyGamerrr: calls $5.22
*** TURN *** [7h 2s Kh] [9d]
UK Boetseun: bets $7.57
EasyGamerrr: calls $7.57
*** RIVER *** [7h 2s Kh 9d] [3d]
UK Boetseun: bets $4
EasyGamerrr: calls $4
*** SHOW DOWN ***
UK Boetseun: shows [Kc 4d] (a pair of Kings)
EasyGamerrr: mucks hand 
UK Boetseun collected $37.13 from pot
*** SUMMARY ***
Total pot $39.08 | Rake $1.95 
Board [7h 2s Kh 9d 3d]
Seat 1: Supermegopro folded before Flop (didn't bet)
Seat 2: steelNike (button) folded before Flop (didn't bet)
Seat 3: reeqar (small blind) folded before Flop
Seat 4: UK Boetseun (big blind) showed [Kc 4d] and won ($37.13) with a pair of Kings
Seat 5: EasyGamerrr mucked
Seat 6: Eredar5 folded before Flop (didn't bet)



PokerStars Hand #254525855740:  Hold'em No Limit ($0.50/$1.00 USD) - 2025/01/24 6:09:53 WET [2025/01/24 1:09:53 ET]
Table 'Mauritia IV' 6-max Seat #3 is the button
Seat 1: Supermegopro ($101.50 in chips) 
Seat 2: steelNike ($140.62 in chips) 
Seat 3: reeqar ($144.48 in chips) 
Seat 4: UK Boetseun ($129.65 in chips) 
Seat 5: EasyGamerrr ($119.46 in chips) 
Seat 6: Eredar5 ($130.26 in chips) 
UK Boetseun: posts small blind $0.50
EasyGamerrr: posts big blind $1
*** HOLE CARDS ***
Eredar5: folds 
Supermegopro: folds 
steelNike: folds 
reeqar: folds 
UK Boetseun: raises $3 to $4
EasyGamerrr: folds [3h 2c]
Uncalled bet ($3) returned to UK Boetseun
UK Boetseun collected $2 from pot
*** SUMMARY ***
Total pot $2 | Rake $0 
Seat 1: Supermegopro folded before Flop (didn't bet)
Seat 2: steelNike folded before Flop (didn't bet)
Seat 3: reeqar (button) folded before Flop (didn't bet)
Seat 4: UK Boetseun (small blind) collected ($2)
Seat 5: EasyGamerrr (big blind) folded before Flop
Seat 6: Eredar5 folded before Flop (didn't bet)



PokerStars Hand #254525857678:  Hold'em No Limit ($0.50/$1.00 USD) - 2025/01/24 6:10:17 WET [2025/01/24 1:10:17 ET]
Table 'Mauritia IV' 6-max Seat #4 is the button
Seat 1: Supermegopro ($101.50 in chips) 
Seat 2: steelNike ($140.62 in chips) 
Seat 3: reeqar ($144.48 in chips) 
Seat 4: UK Boetseun ($130.65 in chips) 
Seat 5: EasyGamerrr ($118.46 in chips) 
Seat 6: Eredar5 ($130.26 in chips) 
EasyGamerrr: posts small blind $0.50
Eredar5: posts big blind $1
*** HOLE CARDS ***
Supermegopro: folds 
steelNike: folds 
reeqar: folds 
UK Boetseun: folds 
EasyGamerrr: folds 
Uncalled bet ($0.50) returned to Eredar5
Eredar5 collected $1 from pot
Eredar5: doesn't show hand 
*** SUMMARY ***
Total pot $1 | Rake $0 
Seat 1: Supermegopro folded before Flop (didn't bet)
Seat 2: steelNike folded before Flop (didn't bet)
Seat 3: reeqar folded before Flop (didn't bet)
Seat 4: UK Boetseun (button) folded before Flop (didn't bet)
Seat 5: EasyGamerrr (small blind) folded before Flop
Seat 6: Eredar5 (big blind) collected ($1)



PokerStars Hand #254525858699:  Hold'em No Limit ($0.50/$1.00 USD) - 2025/01/24 6:10:31 WET [2025/01/24 1:10:31 ET]
Table 'Mauritia IV' 6-max Seat #5 is the button
Seat 1: Supermegopro ($101.50 in chips) 
Seat 2: steelNike ($140.62 in chips) 
Seat 3: reeqar ($144.48 in chips) 
Seat 4: UK Boetseun ($130.65 in chips) 
Seat 5: EasyGamerrr ($117.96 in chips) 
Seat 6: Eredar5 ($130.76 in chips) 
Eredar5: posts small blind $0.50
Supermegopro: posts big blind $1
*** HOLE CARDS ***
steelNike: raises $1 to $2
reeqar: raises $6 to $8
UK Boetseun: calls $8
EasyGamerrr: folds 
Eredar5: folds 
Supermegopro: folds 
steelNike: calls $6
*** FLOP *** [8h 9s 4s]
steelNike: checks 
reeqar: checks 
UK Boetseun: bets $5
steelNike: raises $26.50 to $31.50
reeqar: folds 
UK Boetseun: calls $26.50
*** TURN *** [8h 9s 4s] [6s]
steelNike: bets $101.12 and is all-in
UK Boetseun: folds 
Uncalled bet ($101.12) returned to steelNike
steelNike collected $86 from pot
*** SUMMARY ***
Total pot $88.50 | Rake $2.50 
Board [8h 9s 4s 6s]
Seat 1: Supermegopro (big blind) folded before Flop
Seat 2: steelNike collected ($86)
Seat 3: reeqar folded on the Flop
Seat 4: UK Boetseun folded on the Turn
Seat 5: EasyGamerrr (button) folded before Flop (didn't bet)
Seat 6: Eredar5 (small blind) folded before Flop



PokerStars Hand #254525864396:  Hold'em No Limit ($0.50/$1.00 USD) - 2025/01/24 6:11:45 WET [2025/01/24 1:11:45 ET]
Table 'Mauritia IV' 6-max Seat #6 is the button
Seat 1: Supermegopro ($100.50 in chips) 
Seat 2: steelNike ($187.12 in chips) 
Seat 3: reeqar ($136.48 in chips) 
Seat 4: UK Boetseun ($91.15 in chips) 
Seat 5: EasyGamerrr ($117.96 in chips) 
Seat 6: Eredar5 ($130.26 in chips) 
Supermegopro: posts small blind $0.50
steelNike: posts big blind $1
*** HOLE CARDS ***
reeqar: folds 
UK Boetseun: raises $2.50 to $3.50
EasyGamerrr: folds 
Eredar5: folds 
Supermegopro: folds 
steelNike: folds 
Uncalled bet ($2.50) returned to UK Boetseun
UK Boetseun collected $2.50 from pot
*** SUMMARY ***
Total pot $2.50 | Rake $0 
Seat 1: Supermegopro (small blind) folded before Flop
Seat 2: steelNike (big blind) folded before Flop
Seat 3: reeqar folded before Flop (didn't bet)
Seat 4: UK Boetseun collected ($2.50)
Seat 5: EasyGamerrr folded before Flop (didn't bet)
Seat 6: Eredar5 (button) folded before Flop (didn't bet)



PokerStars Hand #254525865354:  Hold'em No Limit ($0.50/$1.00 USD) - 2025/01/24 6:11:58 WET [2025/01/24 1:11:58 ET]
Table 'Mauritia IV' 6-max Seat #1 is the button
Seat 1: Supermegopro ($100 in chips) 
Seat 2: steelNike ($186.12 in chips) 
Seat 3: reeqar ($136.48 in chips) 
Seat 4: UK Boetseun ($92.65 in chips) 
Seat 5: EasyGamerrr ($117.96 in chips) 
Seat 6: Eredar5 ($130.26 in chips) 
steelNike: posts small blind $0.50
reeqar: posts big blind $1
*** HOLE CARDS ***
UK Boetseun: folds 
EasyGamerrr: folds 
Eredar5: folds 
Supermegopro: raises $2 to $3
steelNike: folds 
reeqar: folds 
Uncalled bet ($2) returned to Supermegopro
Supermegopro collected $2.50 from pot
Supermegopro: doesn't show hand 
*** SUMMARY ***
Total pot $2.50 | Rake $0 
Seat 1: Supermegopro (button) collected ($2.50)
Seat 2: steelNike (small blind) folded before Flop
Seat 3: reeqar (big blind) folded before Flop
Seat 4: UK Boetseun folded before Flop (didn't bet)
Seat 5: EasyGamerrr folded before Flop (didn't bet)
Seat 6: Eredar5 folded before Flop (didn't bet)



PokerStars Hand #254525867856:  Hold'em No Limit ($0.50/$1.00 USD) - 2025/01/24 6:12:30 WET [2025/01/24 1:12:30 ET]
Table 'Mauritia IV' 6-max Seat #2 is the button
Seat 1: Supermegopro ($101.50 in chips) 
Seat 2: steelNike ($185.62 in chips) 
Seat 3: reeqar ($135.48 in chips) 
Seat 4: UK Boetseun ($92.65 in chips) 
Seat 5: EasyGamerrr ($117.96 in chips) 
Seat 6: Eredar5 ($130.26 in chips) 
reeqar: posts small blind $0.50
UK Boetseun: posts big blind $1
*** HOLE CARDS ***
EasyGamerrr: folds 
Eredar5: folds 
Supermegopro: folds 
steelNike: folds 
reeqar: folds 
Uncalled bet ($0.50) returned to UK Boetseun
UK Boetseun collected $1 from pot
*** SUMMARY ***
Total pot $1 | Rake $0 
Seat 1: Supermegopro folded before Flop (didn't bet)
Seat 2: steelNike (button) folded before Flop (didn't bet)
Seat 3: reeqar (small blind) folded before Flop
Seat 4: UK Boetseun (big blind) collected ($1)
Seat 5: EasyGamerrr folded before Flop (didn't bet)
Seat 6: Eredar5 folded before Flop (didn't bet)



PokerStars Hand #254525869136:  Hold'em No Limit ($0.50/$1.00 USD) - 2025/01/24 6:12:47 WET [2025/01/24 1:12:47 ET]
Table 'Mauritia IV' 6-max Seat #3 is the button
Seat 1: Supermegopro ($101.50 in chips) 
Seat 2: steelNike ($185.62 in chips) 
Seat 3: reeqar ($134.98 in chips) 
Seat 4: UK Boetseun ($93.15 in chips) 
Seat 5: EasyGamerrr ($117.96 in chips) 
Seat 6: Eredar5 ($130.26 in chips) 
UK Boetseun: posts small blind $0.50
EasyGamerrr: posts big blind $1
*** HOLE CARDS ***
Eredar5: folds 
Supermegopro: folds 
steelNike: folds 
reeqar: raises $1.50 to $2.50
UK Boetseun: folds 
EasyGamerrr: folds 
Uncalled bet ($1.50) returned to reeqar
reeqar collected $2.50 from pot
reeqar: doesn't show hand 
*** SUMMARY ***
Total pot $2.50 | Rake $0 
Seat 1: Supermegopro folded before Flop (didn't bet)
Seat 2: steelNike folded before Flop (didn't bet)
Seat 3: reeqar (button) collected ($2.50)
Seat 4: UK Boetseun (small blind) folded before Flop
Seat 5: EasyGamerrr (big blind) folded before Flop
Seat 6: Eredar5 folded before Flop (didn't bet)



PokerStars Hand #254525870606:  Hold'em No Limit ($0.50/$1.00 USD) - 2025/01/24 6:13:06 WET [2025/01/24 1:13:06 ET]
Table 'Mauritia IV' 6-max Seat #4 is the button
Seat 1: Supermegopro ($101.50 in chips) 
Seat 2: steelNike ($185.62 in chips) 
Seat 3: reeqar ($136.48 in chips) 
Seat 4: UK Boetseun ($92.65 in chips) 
Seat 5: EasyGamerrr ($116.96 in chips) 
Seat 6: Eredar5 ($130.26 in chips) 
EasyGamerrr: posts small blind $0.50
Eredar5: posts big blind $1
*** HOLE CARDS ***
Supermegopro: folds 
steelNike: folds 
reeqar: folds 
UK Boetseun: folds 
EasyGamerrr: folds 
Uncalled bet ($0.50) returned to Eredar5
Eredar5 collected $1 from pot
Eredar5: doesn't show hand 
*** SUMMARY ***
Total pot $1 | Rake $0 
Seat 1: Supermegopro folded before Flop (didn't bet)
Seat 2: steelNike folded before Flop (didn't bet)
Seat 3: reeqar folded before Flop (didn't bet)
Seat 4: UK Boetseun (button) folded before Flop (didn't bet)
Seat 5: EasyGamerrr (small blind) folded before Flop
Seat 6: Eredar5 (big blind) collected ($1)



PokerStars Hand #254525871658:  Hold'em No Limit ($0.50/$1.00 USD) - 2025/01/24 6:13:19 WET [2025/01/24 1:13:19 ET]
Table 'Mauritia IV' 6-max Seat #5 is the button
Seat 1: Supermegopro ($101.50 in chips) 
Seat 2: steelNike ($185.62 in chips) 
Seat 3: reeqar ($136.48 in chips) 
Seat 4: UK Boetseun ($92.65 in chips) 
Seat 5: EasyGamerrr ($116.46 in chips) 
Seat 6: Eredar5 ($130.76 in chips) 
Eredar5: posts small blind $0.50
Supermegopro: posts big blind $1
*** HOLE CARDS ***
steelNike: folds 
reeqar: raises $1 to $2
UK Boetseun: folds 
EasyGamerrr: folds 
Eredar5: folds 
Supermegopro: folds 
Uncalled bet ($1) returned to reeqar
reeqar collected $2.50 from pot
reeqar: doesn't show hand 
*** SUMMARY ***
Total pot $2.50 | Rake $0 
Seat 1: Supermegopro (big blind) folded before Flop
Seat 2: steelNike folded before Flop (didn't bet)
Seat 3: reeqar collected ($2.50)
Seat 4: UK Boetseun folded before Flop (didn't bet)
Seat 5: EasyGamerrr (button) folded before Flop (didn't bet)
Seat 6: Eredar5 (small blind) folded before Flop



PokerStars Hand #254525872723:  Hold'em No Limit ($0.50/$1.00 USD) - 2025/01/24 6:13:33 WET [2025/01/24 1:13:33 ET]
Table 'Mauritia IV' 6-max Seat #6 is the button
Seat 1: Supermegopro ($100.50 in chips) 
Seat 2: steelNike ($185.62 in chips) 
Seat 3: reeqar ($137.98 in chips) 
Seat 4: UK Boetseun ($92.65 in chips) 
Seat 5: EasyGamerrr ($116.46 in chips) 
Seat 6: Eredar5 ($130.26 in chips) 
Supermegopro: posts small blind $0.50
steelNike: posts big blind $1
*** HOLE CARDS ***
reeqar: folds 
UK Boetseun: raises $2.50 to $3.50
EasyGamerrr: folds 
Eredar5: raises $7 to $10.50
Supermegopro: folds 
steelNike: folds 
UK Boetseun: raises $7 to $17.50
Eredar5: raises $112.76 to $130.26 and is all-in
UK Boetseun: calls $75.15 and is all-in
Uncalled bet ($37.61) returned to Eredar5
*** FLOP *** [Ac 4h 9d]
*** TURN *** [Ac 4h 9d] [8c]
*** RIVER *** [Ac 4h 9d 8c] [Jc]
*** SHOW DOWN ***
UK Boetseun: shows [4d 4c] (three of a kind, Fours)
Eredar5: shows [Ah Kd] (a pair of Aces)
UK Boetseun collected $184.30 from pot
*** SUMMARY ***
Total pot $186.80 | Rake $2.50 
Board [Ac 4h 9d 8c Jc]
Seat 1: Supermegopro (small blind) folded before Flop
Seat 2: steelNike (big blind) folded before Flop
Seat 3: reeqar folded before Flop (didn't bet)
Seat 4: UK Boetseun showed [4d 4c] and won ($184.30) with three of a kind, Fours
Seat 5: EasyGamerrr folded before Flop (didn't bet)
Seat 6: Eredar5 (button) showed [Ah Kd] and lost with a pair of Aces



PokerStars Hand #254525877143:  Hold'em No Limit ($0.50/$1.00 USD) - 2025/01/24 6:14:30 WET [2025/01/24 1:14:30 ET]
Table 'Mauritia IV' 6-max Seat #1 is the button
Seat 1: Supermegopro ($100 in chips) 
Seat 2: steelNike ($184.62 in chips) 
Seat 3: reeqar ($137.98 in chips) 
Seat 4: UK Boetseun ($184.30 in chips) 
Seat 5: EasyGamerrr ($116.46 in chips) 
Seat 6: Eredar5 ($100 in chips) 
steelNike: posts small blind $0.50
reeqar: posts big blind $1
*** HOLE CARDS ***
UK Boetseun: folds 
EasyGamerrr: folds 
Eredar5: folds 
Supermegopro: folds 
steelNike: folds 
Uncalled bet ($0.50) returned to reeqar
reeqar collected $1 from pot
reeqar: doesn't show hand 
*** SUMMARY ***
Total pot $1 | Rake $0 
Seat 1: Supermegopro (button) folded before Flop (didn't bet)
Seat 2: steelNike (small blind) folded before Flop
Seat 3: reeqar (big blind) collected ($1)
Seat 4: UK Boetseun folded before Flop (didn't bet)
Seat 5: EasyGamerrr folded before Flop (didn't bet)
Seat 6: Eredar5 folded before Flop (didn't bet)



PokerStars Hand #254525877945:  Hold'em No Limit ($0.50/$1.00 USD) - 2025/01/24 6:14:40 WET [2025/01/24 1:14:40 ET]
Table 'Mauritia IV' 6-max Seat #2 is the button
Seat 1: Supermegopro ($100 in chips) 
Seat 2: steelNike ($184.12 in chips) 
Seat 3: reeqar ($138.48 in chips) 
Seat 4: UK Boetseun ($184.30 in chips) 
Seat 5: EasyGamerrr ($116.46 in chips) 
Seat 6: Eredar5 ($100 in chips) 
reeqar: posts small blind $0.50
UK Boetseun: posts big blind $1
*** HOLE CARDS ***
EasyGamerrr: raises $1.50 to $2.50
Eredar5: folds 
Supermegopro: calls $2.50
steelNike: folds 
reeqar: folds 
UK Boetseun: raises $8 to $10.50
EasyGamerrr: folds 
Supermegopro: calls $8
*** FLOP *** [Ks 8s 3s]
UK Boetseun: bets $11.40
Supermegopro: calls $11.40
*** TURN *** [Ks 8s 3s] [7h]
UK Boetseun: checks 
Supermegopro: checks 
*** RIVER *** [Ks 8s 3s 7h] [6d]
UK Boetseun: checks 
Supermegopro: bets $26.68
UK Boetseun: folds 
Uncalled bet ($26.68) returned to Supermegopro
Supermegopro collected $44.46 from pot
Supermegopro: doesn't show hand 
*** SUMMARY ***
Total pot $46.80 | Rake $2.34 
Board [Ks 8s 3s 7h 6d]
Seat 1: Supermegopro collected ($44.46)
Seat 2: steelNike (button) folded before Flop (didn't bet)
Seat 3: reeqar (small blind) folded before Flop
Seat 4: UK Boetseun (big blind) folded on the River
Seat 5: EasyGamerrr folded before Flop
Seat 6: Eredar5 folded before Flop (didn't bet)



PokerStars Hand #254525881244:  Hold'em No Limit ($0.50/$1.00 USD) - 2025/01/24 6:15:23 WET [2025/01/24 1:15:23 ET]
Table 'Mauritia IV' 6-max Seat #3 is the button
Seat 1: Supermegopro ($122.56 in chips) 
Seat 2: steelNike ($184.12 in chips) 
Seat 3: reeqar ($137.98 in chips) 
Seat 4: UK Boetseun ($162.40 in chips) 
Seat 5: EasyGamerrr ($113.96 in chips) 
Seat 6: Eredar5 ($100 in chips) 
UK Boetseun: posts small blind $0.50
EasyGamerrr: posts big blind $1
*** HOLE CARDS ***
Eredar5: folds 
Supermegopro: folds 
steelNike: raises $1.30 to $2.30
reeqar: folds 
UK Boetseun: raises $1.30 to $3.60
EasyGamerrr: folds 
steelNike: calls $1.30
*** FLOP *** [2c 6h Tc]
UK Boetseun: bets $7.79
steelNike: folds 
Uncalled bet ($7.79) returned to UK Boetseun
UK Boetseun collected $7.79 from pot
*** SUMMARY ***
Total pot $8.20 | Rake $0.41 
Board [2c 6h Tc]
Seat 1: Supermegopro folded before Flop (didn't bet)
Seat 2: steelNike folded on the Flop
Seat 3: reeqar (button) folded before Flop (didn't bet)
Seat 4: UK Boetseun (small blind) collected ($7.79)
Seat 5: EasyGamerrr (big blind) folded before Flop
Seat 6: Eredar5 folded before Flop (didn't bet)



PokerStars Hand #254525883339:  Hold'em No Limit ($0.50/$1.00 USD) - 2025/01/24 6:15:49 WET [2025/01/24 1:15:49 ET]
Table 'Mauritia IV' 6-max Seat #4 is the button
Seat 1: Supermegopro ($122.56 in chips) 
Seat 2: steelNike ($180.52 in chips) 
Seat 3: reeqar ($137.98 in chips) 
Seat 4: UK Boetseun ($166.59 in chips) 
Seat 5: EasyGamerrr ($112.96 in chips) 
Seat 6: Eredar5 ($100 in chips) 
EasyGamerrr: posts small blind $0.50
Eredar5: posts big blind $1
*** HOLE CARDS ***
Supermegopro: raises $1.50 to $2.50
steelNike: folds 
reeqar: folds 
UK Boetseun: folds 
EasyGamerrr: folds 
Eredar5: calls $1.50
*** FLOP *** [9h 4s 7d]
Eredar5: checks 
Supermegopro: checks 
*** TURN *** [9h 4s 7d] [6h]
Eredar5: checks 
Supermegopro: checks 
*** RIVER *** [9h 4s 7d 6h] [5d]
Eredar5: bets $3.97
Supermegopro: folds 
Uncalled bet ($3.97) returned to Eredar5
Eredar5 collected $5.22 from pot
Eredar5: doesn't show hand 
*** SUMMARY ***
Total pot $5.50 | Rake $0.28 
Board [9h 4s 7d 6h 5d]
Seat 1: Supermegopro folded on the River
Seat 2: steelNike folded before Flop (didn't bet)
Seat 3: reeqar folded before Flop (didn't bet)
Seat 4: UK Boetseun (button) folded before Flop (didn't bet)
Seat 5: EasyGamerrr (small blind) folded before Flop
Seat 6: Eredar5 (big blind) collected ($5.22)



PokerStars Hand #254525888517:  Hold'em No Limit ($0.50/$1.00 USD) - 2025/01/24 6:16:55 WET [2025/01/24 1:16:55 ET]
Table 'Mauritia IV' 6-max Seat #5 is the button
Seat 1: Supermegopro ($120.06 in chips) 
Seat 2: steelNike ($180.52 in chips) 
Seat 3: reeqar ($137.98 in chips) 
Seat 4: UK Boetseun ($166.59 in chips) 
Seat 5: EasyGamerrr ($112.46 in chips) 
Seat 6: Eredar5 ($102.72 in chips) 
Eredar5: posts small blind $0.50
Supermegopro: posts big blind $1
*** HOLE CARDS ***
steelNike: folds 
reeqar: folds 
UK Boetseun: folds 
EasyGamerrr: raises $1.50 to $2.50
Eredar5: folds 
Supermegopro: folds 
Uncalled bet ($1.50) returned to EasyGamerrr
EasyGamerrr collected $2.50 from pot
EasyGamerrr: doesn't show hand 
*** SUMMARY ***
Total pot $2.50 | Rake $0 
Seat 1: Supermegopro (big blind) folded before Flop
Seat 2: steelNike folded before Flop (didn't bet)
Seat 3: reeqar folded before Flop (didn't bet)
Seat 4: UK Boetseun folded before Flop (didn't bet)
Seat 5: EasyGamerrr (button) collected ($2.50)
Seat 6: Eredar5 (small blind) folded before Flop



PokerStars Hand #254525889432:  Hold'em No Limit ($0.50/$1.00 USD) - 2025/01/24 6:17:06 WET [2025/01/24 1:17:06 ET]
Table 'Mauritia IV' 6-max Seat #6 is the button
Seat 1: Supermegopro ($119.06 in chips) 
Seat 2: steelNike ($180.52 in chips) 
Seat 3: reeqar ($137.98 in chips) 
Seat 4: UK Boetseun ($166.59 in chips) 
Seat 5: EasyGamerrr ($113.96 in chips) 
Seat 6: Eredar5 ($102.22 in chips) 
Supermegopro: posts small blind $0.50
steelNike: posts big blind $1
*** HOLE CARDS ***
reeqar: folds 
UK Boetseun: folds 
EasyGamerrr: folds 
Eredar5: folds 
Supermegopro: raises $2 to $3
steelNike: calls $2
*** FLOP *** [7c 9d As]
Supermegopro: bets $1.88
steelNike: calls $1.88
*** TURN *** [7c 9d As] [Jh]
Supermegopro: bets $3.06
steelNike: calls $3.06
*** RIVER *** [7c 9d As Jh] [8c]
Supermegopro: checks 
steelNike: bets $11.32
Supermegopro: folds 
Uncalled bet ($11.32) returned to steelNike
steelNike collected $15.09 from pot
*** SUMMARY ***
Total pot $15.88 | Rake $0.79 
Board [7c 9d As Jh 8c]
Seat 1: Supermegopro (small blind) folded on the River
Seat 2: steelNike (big blind) collected ($15.09)
Seat 3: reeqar folded before Flop (didn't bet)
Seat 4: UK Boetseun folded before Flop (didn't bet)
Seat 5: EasyGamerrr folded before Flop (didn't bet)
Seat 6: Eredar5 (button) folded before Flop (didn't bet)



PokerStars Hand #254525894914:  Hold'em No Limit ($0.50/$1.00 USD) - 2025/01/24 6:18:16 WET [2025/01/24 1:18:16 ET]
Table 'Mauritia IV' 6-max Seat #1 is the button
Seat 1: Supermegopro ($111.12 in chips) 
Seat 2: steelNike ($187.67 in chips) 
Seat 3: reeqar ($137.98 in chips) 
Seat 4: UK Boetseun ($166.59 in chips) 
Seat 5: EasyGamerrr ($113.96 in chips) 
Seat 6: Eredar5 ($102.22 in chips) 
steelNike: posts small blind $0.50
reeqar: posts big blind $1
*** HOLE CARDS ***
UK Boetseun: folds 
EasyGamerrr: folds 
Eredar5: folds 
Supermegopro: raises $2 to $3
steelNike: folds 
reeqar: folds 
Uncalled bet ($2) returned to Supermegopro
Supermegopro collected $2.50 from pot
Supermegopro: doesn't show hand 
*** SUMMARY ***
Total pot $2.50 | Rake $0 
Seat 1: Supermegopro (button) collected ($2.50)
Seat 2: steelNike (small blind) folded before Flop
Seat 3: reeqar (big blind) folded before Flop
Seat 4: UK Boetseun folded before Flop (didn't bet)
Seat 5: EasyGamerrr folded before Flop (didn't bet)
Seat 6: Eredar5 folded before Flop (didn't bet)



PokerStars Hand #254525896004:  Hold'em No Limit ($0.50/$1.00 USD) - 2025/01/24 6:18:30 WET [2025/01/24 1:18:30 ET]
Table 'Mauritia IV' 6-max Seat #2 is the button
Seat 1: Supermegopro ($112.62 in chips) 
Seat 2: steelNike ($187.17 in chips) 
Seat 3: reeqar ($136.98 in chips) 
Seat 4: UK Boetseun ($166.59 in chips) 
Seat 5: EasyGamerrr ($113.96 in chips) 
Seat 6: Eredar5 ($102.22 in chips) 
reeqar: posts small blind $0.50
UK Boetseun: posts big blind $1
*** HOLE CARDS ***
EasyGamerrr: folds 
Eredar5: folds 
Supermegopro: folds 
steelNike: raises $1.50 to $2.50
reeqar: folds 
UK Boetseun: raises $5.50 to $8
steelNike: calls $5.50
*** FLOP *** [Ad 6h Qc]
UK Boetseun: checks 
steelNike: checks 
*** TURN *** [Ad 6h Qc] [7h]
UK Boetseun: bets $8
steelNike: calls $8
*** RIVER *** [Ad 6h Qc 7h] [Qs]
UK Boetseun: checks 
steelNike: bets $10.19
UK Boetseun: folds 
Uncalled bet ($10.19) returned to steelNike
steelNike collected $30.88 from pot
*** SUMMARY ***
Total pot $32.50 | Rake $1.62 
Board [Ad 6h Qc 7h Qs]
Seat 1: Supermegopro folded before Flop (didn't bet)
Seat 2: steelNike (button) collected ($30.88)
Seat 3: reeqar (small blind) folded before Flop
Seat 4: UK Boetseun (big blind) folded on the River
Seat 5: EasyGamerrr folded before Flop (didn't bet)
Seat 6: Eredar5 folded before Flop (didn't bet)



PokerStars Hand #254525899573:  Hold'em No Limit ($0.50/$1.00 USD) - 2025/01/24 6:19:16 WET [2025/01/24 1:19:16 ET]
Table 'Mauritia IV' 6-max Seat #3 is the button
Seat 1: Supermegopro ($112.62 in chips) 
Seat 2: steelNike ($202.05 in chips) 
Seat 3: reeqar ($136.48 in chips) 
Seat 4: UK Boetseun ($150.59 in chips) 
Seat 5: EasyGamerrr ($113.96 in chips) 
Seat 6: Eredar5 ($102.22 in chips) 
UK Boetseun: posts small blind $0.50
EasyGamerrr: posts big blind $1
*** HOLE CARDS ***
Eredar5: folds 
Supermegopro: folds 
steelNike: folds 
reeqar: folds 
UK Boetseun: raises $2 to $3
EasyGamerrr: raises $6 to $9
UK Boetseun: calls $6
*** FLOP *** [7d 2c As]
UK Boetseun: checks 
EasyGamerrr: bets $6.16
UK Boetseun: calls $6.16
*** TURN *** [7d 2c As] [Ks]
UK Boetseun: checks 
EasyGamerrr: bets $21.60
UK Boetseun: calls $21.60
*** RIVER *** [7d 2c As Ks] [Jd]
UK Boetseun: checks 
EasyGamerrr: checks 
*** SHOW DOWN ***
UK Boetseun: shows [7s Ts] (a pair of Sevens)
EasyGamerrr: shows [Jc 9c] (a pair of Jacks)
EasyGamerrr collected $71.02 from pot
*** SUMMARY ***
Total pot $73.52 | Rake $2.50 
Board [7d 2c As Ks Jd]
Seat 1: Supermegopro folded before Flop (didn't bet)
Seat 2: steelNike folded before Flop (didn't bet)
Seat 3: reeqar (button) folded before Flop (didn't bet)
Seat 4: UK Boetseun (small blind) showed [7s Ts] and lost with a pair of Sevens
Seat 5: EasyGamerrr (big blind) showed [Jc 9c] and won ($71.02) with a pair of Jacks
Seat 6: Eredar5 folded before Flop (didn't bet)



PokerStars Hand #254525904582:  Hold'em No Limit ($0.50/$1.00 USD) - 2025/01/24 6:20:20 WET [2025/01/24 1:20:20 ET]
Table 'Mauritia IV' 6-max Seat #4 is the button
Seat 1: Supermegopro ($112.62 in chips) 
Seat 2: steelNike ($202.05 in chips) 
Seat 3: reeqar ($136.48 in chips) 
Seat 4: UK Boetseun ($113.83 in chips) 
Seat 5: EasyGamerrr ($148.22 in chips) 
Seat 6: Eredar5 ($102.22 in chips) 
EasyGamerrr: posts small blind $0.50
Eredar5: posts big blind $1
*** HOLE CARDS ***
Supermegopro: folds 
steelNike: raises $1 to $2
reeqar: raises $6 to $8
UK Boetseun: folds 
EasyGamerrr: folds 
Eredar5: folds 
steelNike: folds 
Uncalled bet ($6) returned to reeqar
reeqar collected $5.50 from pot
reeqar: doesn't show hand 
*** SUMMARY ***
Total pot $5.50 | Rake $0 
Seat 1: Supermegopro folded before Flop (didn't bet)
Seat 2: steelNike folded before Flop
Seat 3: reeqar collected ($5.50)
Seat 4: UK Boetseun (button) folded before Flop (didn't bet)
Seat 5: EasyGamerrr (small blind) folded before Flop
Seat 6: Eredar5 (big blind) folded before Flop



PokerStars Hand #254525906895:  Hold'em No Limit ($0.50/$1.00 USD) - 2025/01/24 6:20:49 WET [2025/01/24 1:20:49 ET]
Table 'Mauritia IV' 6-max Seat #5 is the button
Seat 1: Supermegopro ($112.62 in chips) 
Seat 2: steelNike ($200.05 in chips) 
Seat 3: reeqar ($139.98 in chips) 
Seat 4: UK Boetseun ($113.83 in chips) 
Seat 5: EasyGamerrr ($147.72 in chips) 
Seat 6: Eredar5 ($101.22 in chips) 
Eredar5: posts small blind $0.50
Supermegopro: posts big blind $1
*** HOLE CARDS ***
steelNike: folds 
reeqar: raises $1.50 to $2.50
UK Boetseun: folds 
EasyGamerrr: folds 
Eredar5: folds 
Supermegopro: calls $1.50
*** FLOP *** [Qs 5d 8d]
Supermegopro: checks 
reeqar: bets $3.45
Supermegopro: raises $10.30 to $13.75
reeqar: calls $10.30
*** TURN *** [Qs 5d 8d] [7c]
Supermegopro: bets $12.54
reeqar: calls $12.54
*** RIVER *** [Qs 5d 8d 7c] [4c]
Supermegopro: bets $37
reeqar: folds 
Uncalled bet ($37) returned to Supermegopro
Supermegopro collected $55.58 from pot
Supermegopro: doesn't show hand 
*** SUMMARY ***
Total pot $58.08 | Rake $2.50 
Board [Qs 5d 8d 7c 4c]
Seat 1: Supermegopro (big blind) collected ($55.58)
Seat 2: steelNike folded before Flop (didn't bet)
Seat 3: reeqar folded on the River
Seat 4: UK Boetseun folded before Flop (didn't bet)
Seat 5: EasyGamerrr (button) folded before Flop (didn't bet)
Seat 6: Eredar5 (small blind) folded before Flop



PokerStars Hand #254525913514:  Hold'em No Limit ($0.50/$1.00 USD) - 2025/01/24 6:22:14 WET [2025/01/24 1:22:14 ET]
Table 'Mauritia IV' 6-max Seat #6 is the button
Seat 1: Supermegopro ($139.41 in chips) 
Seat 2: steelNike ($200.05 in chips) 
Seat 3: reeqar ($111.19 in chips) 
Seat 4: UK Boetseun ($113.83 in chips) 
Seat 5: EasyGamerrr ($147.72 in chips) 
Seat 6: Eredar5 ($100.72 in chips) 
Supermegopro: posts small blind $0.50
steelNike: posts big blind $1
*** HOLE CARDS ***
reeqar: folds 
UK Boetseun: folds 
EasyGamerrr: raises $1.50 to $2.50
Eredar5: folds 
Supermegopro: folds 
steelNike: folds 
Uncalled bet ($1.50) returned to EasyGamerrr
EasyGamerrr collected $2.50 from pot
EasyGamerrr: doesn't show hand 
*** SUMMARY ***
Total pot $2.50 | Rake $0 
Seat 1: Supermegopro (small blind) folded before Flop
Seat 2: steelNike (big blind) folded before Flop
Seat 3: reeqar folded before Flop (didn't bet)
Seat 4: UK Boetseun folded before Flop (didn't bet)
Seat 5: EasyGamerrr collected ($2.50)
Seat 6: Eredar5 (button) folded before Flop (didn't bet)



PokerStars Hand #254525914495:  Hold'em No Limit ($0.50/$1.00 USD) - 2025/01/24 6:22:27 WET [2025/01/24 1:22:27 ET]
Table 'Mauritia IV' 6-max Seat #1 is the button
Seat 1: Supermegopro ($138.91 in chips) 
Seat 2: steelNike ($199.05 in chips) 
Seat 3: reeqar ($111.19 in chips) 
Seat 4: UK Boetseun ($113.83 in chips) 
Seat 5: EasyGamerrr ($149.22 in chips) 
Seat 6: Eredar5 ($100.72 in chips) 
steelNike: posts small blind $0.50
reeqar: posts big blind $1
*** HOLE CARDS ***
UK Boetseun: raises $2.50 to $3.50
EasyGamerrr: folds 
Eredar5: folds 
Supermegopro: folds 
steelNike: folds 
reeqar: folds 
Uncalled bet ($2.50) returned to UK Boetseun
UK Boetseun collected $2.50 from pot
*** SUMMARY ***
Total pot $2.50 | Rake $0 
Seat 1: Supermegopro (button) folded before Flop (didn't bet)
Seat 2: steelNike (small blind) folded before Flop
Seat 3: reeqar (big blind) folded before Flop
Seat 4: UK Boetseun collected ($2.50)
Seat 5: EasyGamerrr folded before Flop (didn't bet)
Seat 6: Eredar5 folded before Flop (didn't bet)



PokerStars Hand #254525578950:  Hold'em No Limit ($0.50/$1.00 USD) - 2025/01/24 5:13:47 WET [2025/01/24 0:13:47 ET]
Table 'Mauritia IV' 6-max Seat #2 is the button
Seat 2: ptolejmus ($10 in chips) 
Seat 5: socito ($100 in chips) 
ptolejmus: posts small blind $0.50
socito: posts big blind $1
*** HOLE CARDS ***
ptolejmus: folds 
Uncalled bet ($0.50) returned to socito
socito collected $1 from pot
socito: doesn't show hand 
*** SUMMARY ***
Total pot $1 | Rake $0 
Seat 2: ptolejmus (button) (small blind) folded before Flop
Seat 5: socito (big blind) collected ($1)



PokerStars Hand #254525580086:  Hold'em No Limit ($0.50/$1.00 USD) - 2025/01/24 5:14:00 WET [2025/01/24 0:14:00 ET]
Table 'Mauritia IV' 6-max Seat #5 is the button
Seat 2: ptolejmus ($10 in chips) 
Seat 5: socito ($100.50 in chips) 
socito: posts small blind $0.50
ptolejmus: posts big blind $1
*** HOLE CARDS ***
socito: calls $0.50
ptolejmus: checks 
*** FLOP *** [Kc 8d 2d]
ptolejmus: checks 
socito: checks 
*** TURN *** [Kc 8d 2d] [8c]
ptolejmus: checks 
socito: bets $1.90
ptolejmus: raises $2.60 to $4.50
socito: calls $2.60
*** RIVER *** [Kc 8d 2d 8c] [Ah]
ptolejmus: bets $4.50 and is all-in
socito: calls $4.50
*** SHOW DOWN ***
ptolejmus: shows [Th 8h] (three of a kind, Eights)
socito: shows [8s Js] (three of a kind, Eights)
ptolejmus collected $9.50 from pot
socito collected $9.50 from pot
*** SUMMARY ***
Total pot $20 | Rake $1 
Board [Kc 8d 2d 8c Ah]
Seat 2: ptolejmus (big blind) showed [Th 8h] and won ($9.50) with three of a kind, Eights
Seat 5: socito (button) (small blind) showed [8s Js] and won ($9.50) with three of a kind, Eights



PokerStars Hand #254525915817:  Hold'em No Limit ($0.50/$1.00 USD) - 2025/01/24 6:22:44 WET [2025/01/24 1:22:44 ET]
Table 'Mauritia IV' 6-max Seat #2 is the button
Seat 1: Supermegopro ($138.91 in chips) 
Seat 2: steelNike ($198.55 in chips) 
Seat 3: reeqar ($110.19 in chips) 
Seat 4: UK Boetseun ($115.33 in chips) 
Seat 5: EasyGamerrr ($149.22 in chips) 
Seat 6: Eredar5 ($100.72 in chips) 
reeqar: posts small blind $0.50
UK Boetseun: posts big blind $1
*** HOLE CARDS ***
EasyGamerrr: folds 
Eredar5: folds 
Supermegopro: folds 
steelNike: folds 
reeqar: folds 
Uncalled bet ($0.50) returned to UK Boetseun
UK Boetseun collected $1 from pot
*** SUMMARY ***
Total pot $1 | Rake $0 
Seat 1: Supermegopro folded before Flop (didn't bet)
Seat 2: steelNike (button) folded before Flop (didn't bet)
Seat 3: reeqar (small blind) folded before Flop
Seat 4: UK Boetseun (big blind) collected ($1)
Seat 5: EasyGamerrr folded before Flop (didn't bet)
Seat 6: Eredar5 folded before Flop (didn't bet)



PokerStars Hand #254525916529:  Hold'em No Limit ($0.50/$1.00 USD) - 2025/01/24 6:22:53 WET [2025/01/24 1:22:53 ET]
Table 'Mauritia IV' 6-max Seat #3 is the button
Seat 1: Supermegopro ($138.91 in chips) 
Seat 2: steelNike ($198.55 in chips) 
Seat 3: reeqar ($109.69 in chips) 
Seat 4: UK Boetseun ($115.83 in chips) 
Seat 5: EasyGamerrr ($149.22 in chips) 
Seat 6: Eredar5 ($100.72 in chips) 
UK Boetseun: posts small blind $0.50
EasyGamerrr: posts big blind $1
*** HOLE CARDS ***
Eredar5: raises $2 to $3
Supermegopro: folds 
steelNike: calls $3
reeqar: raises $9 to $12
UK Boetseun: folds 
EasyGamerrr: folds 
Eredar5: calls $9
steelNike: raises $186.55 to $198.55 and is all-in
reeqar: folds 
Eredar5: folds 
Uncalled bet ($186.55) returned to steelNike
steelNike collected $37.50 from pot
*** SUMMARY ***
Total pot $37.50 | Rake $0 
Seat 1: Supermegopro folded before Flop (didn't bet)
Seat 2: steelNike collected ($37.50)
Seat 3: reeqar (button) folded before Flop
Seat 4: UK Boetseun (small blind) folded before Flop
Seat 5: EasyGamerrr (big blind) folded before Flop
Seat 6: Eredar5 folded before Flop



PokerStars Hand #254525920825:  Hold'em No Limit ($0.50/$1.00 USD) - 2025/01/24 6:23:50 WET [2025/01/24 1:23:50 ET]
Table 'Mauritia IV' 6-max Seat #4 is the button
Seat 1: Supermegopro ($138.91 in chips) 
Seat 2: steelNike ($224.05 in chips) 
Seat 3: reeqar ($100 in chips) 
Seat 4: UK Boetseun ($115.33 in chips) 
Seat 5: EasyGamerrr ($148.22 in chips) 
Seat 6: Eredar5 ($100 in chips) 
EasyGamerrr: posts small blind $0.50
Eredar5: posts big blind $1
*** HOLE CARDS ***
Supermegopro: raises $1.50 to $2.50
steelNike: folds 
reeqar: folds 
UK Boetseun: raises $6.50 to $9
EasyGamerrr: folds 
Eredar5: folds 
Supermegopro: calls $6.50
*** FLOP *** [5h 8s 9h]
Supermegopro: checks 
UK Boetseun: bets $9.26
Supermegopro: calls $9.26
*** TURN *** [5h 8s 9h] [9c]
Supermegopro: checks 
UK Boetseun: checks 
*** RIVER *** [5h 8s 9h 9c] [4h]
Supermegopro: checks 
UK Boetseun: bets $36.12
Supermegopro: raises $84.53 to $120.65 and is all-in
UK Boetseun: calls $60.95 and is all-in
Uncalled bet ($23.58) returned to Supermegopro
*** SHOW DOWN ***
Supermegopro: shows [Ah 2h] (a flush, Ace high)
UK Boetseun: shows [Qh Jh] (a flush, Queen high)
Supermegopro collected $229.66 from pot
*** SUMMARY ***
Total pot $232.16 | Rake $2.50 
Board [5h 8s 9h 9c 4h]
Seat 1: Supermegopro showed [Ah 2h] and won ($229.66) with a flush, Ace high
Seat 2: steelNike folded before Flop (didn't bet)
Seat 3: reeqar folded before Flop (didn't bet)
Seat 4: UK Boetseun (button) showed [Qh Jh] and lost with a flush, Queen high
Seat 5: EasyGamerrr (small blind) folded before Flop
Seat 6: Eredar5 (big blind) folded before Flop



PokerStars Hand #254525923698:  Hold'em No Limit ($0.50/$1.00 USD) - 2025/01/24 6:24:28 WET [2025/01/24 1:24:28 ET]
Table 'Mauritia IV' 6-max Seat #5 is the button
Seat 4: UK Boetseun ($0 in chips) is sitting out
Seat 1: Supermegopro ($253.24 in chips) 
Seat 2: steelNike ($224.05 in chips) 
Seat 3: reeqar ($100 in chips) 
Seat 5: EasyGamerrr ($147.72 in chips) 
Seat 6: Eredar5 ($100 in chips) 
Eredar5: posts small blind $0.50
Supermegopro: posts big blind $1
*** HOLE CARDS ***
steelNike: folds 
UK Boetseun leaves the table
reeqar: raises $1.50 to $2.50
EasyGamerrr: folds 
Eredar5: folds 
steelNike leaves the table
Supermegopro: calls $1.50
*** FLOP *** [9d Qh Ah]
Supermegopro: checks 
reeqar: bets $3.45
Supermegopro: folds 
Uncalled bet ($3.45) returned to reeqar
reeqar collected $5.22 from pot
reeqar: doesn't show hand 
*** SUMMARY ***
Total pot $5.50 | Rake $0.28 
Board [9d Qh Ah]
Seat 4: UK Boetseun
Seat 1: Supermegopro (big blind) folded on the Flop
Seat 2: steelNike folded before Flop (didn't bet)
Seat 3: reeqar collected ($5.22)
Seat 5: EasyGamerrr (button) folded before Flop (didn't bet)
Seat 6: Eredar5 (small blind) folded before Flop



PokerStars Hand #254525697741:  Hold'em No Limit ($0.50/$1.00 USD) - 2025/01/24 5:36:42 WET [2025/01/24 0:36:42 ET]
Table 'Mauritia IV' 6-max Seat #6 is the button
Seat 1: Supermegopro ($107 in chips) 
Seat 2: steelNike ($104.55 in chips) 
Seat 3: reeqar ($108.50 in chips) 
Seat 4: UK Boetseun ($119.14 in chips) 
Seat 5: EasyGamerrr ($109.22 in chips) 
Seat 6: Eredar5 ($100 in chips) 
Supermegopro: posts small blind $0.50
steelNike: posts big blind $1
*** HOLE CARDS ***
reeqar: raises $1.50 to $2.50
UK Boetseun: raises $1.50 to $4
EasyGamerrr: folds 
Eredar5: folds 
Supermegopro: folds 
steelNike: folds 
reeqar: raises $104.50 to $108.50 and is all-in
UK Boetseun: folds 
Uncalled bet ($104.50) returned to reeqar
reeqar collected $9.50 from pot
reeqar: doesn't show hand 
*** SUMMARY ***
Total pot $9.50 | Rake $0 
Seat 1: Supermegopro (small blind) folded before Flop
Seat 2: steelNike (big blind) folded before Flop
Seat 3: reeqar collected ($9.50)
Seat 4: UK Boetseun folded before Flop
Seat 5: EasyGamerrr folded before Flop (didn't bet)
Seat 6: Eredar5 (button) folded before Flop (didn't bet)



PokerStars Hand #254525699889:  Hold'em No Limit ($0.50/$1.00 USD) - 2025/01/24 5:37:08 WET [2025/01/24 0:37:08 ET]
Table 'Mauritia IV' 6-max Seat #1 is the button
Seat 1: Supermegopro ($106.50 in chips) 
Seat 2: steelNike ($103.55 in chips) 
Seat 3: reeqar ($114 in chips) 
Seat 4: UK Boetseun ($115.14 in chips) 
Seat 5: EasyGamerrr ($109.22 in chips) 
Seat 6: Eredar5 ($100 in chips) 
steelNike: posts small blind $0.50
reeqar: posts big blind $1
*** HOLE CARDS ***
UK Boetseun: raises $1 to $2
EasyGamerrr: folds 
Eredar5: folds 
Supermegopro: raises $5.50 to $7.50
steelNike: folds 
reeqar: folds 
UK Boetseun: calls $5.50
*** FLOP *** [9d 9h 7d]
UK Boetseun: checks 
Supermegopro: bets $6.27
UK Boetseun: calls $6.27
*** TURN *** [9d 9h 7d] [3h]
UK Boetseun: checks 
Supermegopro: bets $18.39
UK Boetseun: calls $18.39
*** RIVER *** [9d 9h 7d 3h] [7c]
UK Boetseun: bets $31.66
Supermegopro: calls $31.66
*** SHOW DOWN ***
UK Boetseun: shows [9s Ad] (a full house, Nines full of Sevens)
Supermegopro: mucks hand 
UK Boetseun collected $126.64 from pot
*** SUMMARY ***
Total pot $129.14 | Rake $2.50 
Board [9d 9h 7d 3h 7c]
Seat 1: Supermegopro (button) mucked
Seat 2: steelNike (small blind) folded before Flop
Seat 3: reeqar (big blind) folded before Flop
Seat 4: UK Boetseun showed [9s Ad] and won ($126.64) with a full house, Nines full of Sevens
Seat 5: EasyGamerrr folded before Flop (didn't bet)
Seat 6: Eredar5 folded before Flop (didn't bet)



PokerStars Hand #254525703695:  Hold'em No Limit ($0.50/$1.00 USD) - 2025/01/24 5:37:52 WET [2025/01/24 0:37:52 ET]
Table 'Mauritia IV' 6-max Seat #2 is the button
Seat 1: Supermegopro ($100 in chips) 
Seat 2: steelNike ($103.05 in chips) 
Seat 3: reeqar ($113 in chips) 
Seat 4: UK Boetseun ($177.96 in chips) 
Seat 5: EasyGamerrr ($109.22 in chips) 
Seat 6: Eredar5 ($100 in chips) 
reeqar: posts small blind $0.50
UK Boetseun: posts big blind $1
*** HOLE CARDS ***
EasyGamerrr: folds 
Eredar5: folds 
Supermegopro: folds 
steelNike: folds 
reeqar: raises $2 to $3
UK Boetseun: folds 
Uncalled bet ($2) returned to reeqar
reeqar collected $2 from pot
reeqar: doesn't show hand 
*** SUMMARY ***
Total pot $2 | Rake $0 
Seat 1: Supermegopro folded before Flop (didn't bet)
Seat 2: steelNike (button) folded before Flop (didn't bet)
Seat 3: reeqar (small blind) collected ($2)
Seat 4: UK Boetseun (big blind) folded before Flop
Seat 5: EasyGamerrr folded before Flop (didn't bet)
Seat 6: Eredar5 folded before Flop (didn't bet)



PokerStars Hand #254525704802:  Hold'em No Limit ($0.50/$1.00 USD) - 2025/01/24 5:38:06 WET [2025/01/24 0:38:06 ET]
Table 'Mauritia IV' 6-max Seat #3 is the button
Seat 1: Supermegopro ($100 in chips) 
Seat 2: steelNike ($103.05 in chips) 
Seat 3: reeqar ($114 in chips) 
Seat 4: UK Boetseun ($176.96 in chips) 
Seat 5: EasyGamerrr ($109.22 in chips) 
Seat 6: Eredar5 ($100 in chips) 
UK Boetseun: posts small blind $0.50
EasyGamerrr: posts big blind $1
*** HOLE CARDS ***
Eredar5: folds 
Supermegopro: folds 
steelNike: folds 
reeqar: raises $1.50 to $2.50
UK Boetseun: calls $2
EasyGamerrr: folds 
*** FLOP *** [Jd 4h 6h]
UK Boetseun: bets $2.85
reeqar: raises $5.70 to $8.55
UK Boetseun: calls $5.70
*** TURN *** [Jd 4h 6h] [7h]
UK Boetseun: checks 
reeqar: checks 
*** RIVER *** [Jd 4h 6h 7h] [6d]
UK Boetseun: bets $5
reeqar: calls $5
*** SHOW DOWN ***
UK Boetseun: shows [4s Kd] (two pair, Sixes and Fours)
reeqar: shows [Js Th] (two pair, Jacks and Sixes)
reeqar collected $31.44 from pot
*** SUMMARY ***
Total pot $33.10 | Rake $1.66 
Board [Jd 4h 6h 7h 6d]
Seat 1: Supermegopro folded before Flop (didn't bet)
Seat 2: steelNike folded before Flop (didn't bet)
Seat 3: reeqar (button) showed [Js Th] and won ($31.44) with two pair, Jacks and Sixes
Seat 4: UK Boetseun (small blind) showed [4s Kd] and lost with two pair, Sixes and Fours
Seat 5: EasyGamerrr (big blind) folded before Flop
Seat 6: Eredar5 folded before Flop (didn't bet)



PokerStars Hand #254525710264:  Hold'em No Limit ($0.50/$1.00 USD) - 2025/01/24 5:39:10 WET [2025/01/24 0:39:10 ET]
Table 'Mauritia IV' 6-max Seat #4 is the button
Seat 1: Supermegopro ($100 in chips) 
Seat 2: steelNike ($103.05 in chips) 
Seat 3: reeqar ($129.39 in chips) 
Seat 4: UK Boetseun ($160.91 in chips) 
Seat 5: EasyGamerrr ($108.22 in chips) 
Seat 6: Eredar5 ($100 in chips) 
EasyGamerrr: posts small blind $0.50
Eredar5: posts big blind $1
*** HOLE CARDS ***
Supermegopro: folds 
steelNike: folds 
reeqar: folds 
UK Boetseun: raises $1 to $2
EasyGamerrr: folds 
Eredar5: folds 
Uncalled bet ($1) returned to UK Boetseun
UK Boetseun collected $2.50 from pot
*** SUMMARY ***
Total pot $2.50 | Rake $0 
Seat 1: Supermegopro folded before Flop (didn't bet)
Seat 2: steelNike folded before Flop (didn't bet)
Seat 3: reeqar folded before Flop (didn't bet)
Seat 4: UK Boetseun (button) collected ($2.50)
Seat 5: EasyGamerrr (small blind) folded before Flop
Seat 6: Eredar5 (big blind) folded before Flop



PokerStars Hand #254525711594:  Hold'em No Limit ($0.50/$1.00 USD) - 2025/01/24 5:39:26 WET [2025/01/24 0:39:26 ET]
Table 'Mauritia IV' 6-max Seat #5 is the button
Seat 1: Supermegopro ($100 in chips) 
Seat 2: steelNike ($103.05 in chips) 
Seat 3: reeqar ($129.39 in chips) 
Seat 4: UK Boetseun ($162.41 in chips) 
Seat 5: EasyGamerrr ($107.72 in chips) 
Seat 6: Eredar5 ($100 in chips) 
Eredar5: posts small blind $0.50
Supermegopro: posts big blind $1
*** HOLE CARDS ***
steelNike: folds 
reeqar: folds 
UK Boetseun: folds 
EasyGamerrr: raises $1.50 to $2.50
Eredar5: folds 
Supermegopro: folds 
Uncalled bet ($1.50) returned to EasyGamerrr
EasyGamerrr collected $2.50 from pot
EasyGamerrr: doesn't show hand 
*** SUMMARY ***
Total pot $2.50 | Rake $0 
Seat 1: Supermegopro (big blind) folded before Flop
Seat 2: steelNike folded before Flop (didn't bet)
Seat 3: reeqar folded before Flop (didn't bet)
Seat 4: UK Boetseun folded before Flop (didn't bet)
Seat 5: EasyGamerrr (button) collected ($2.50)
Seat 6: Eredar5 (small blind) folded before Flop



PokerStars Hand #254525712554:  Hold'em No Limit ($0.50/$1.00 USD) - 2025/01/24 5:39:37 WET [2025/01/24 0:39:37 ET]
Table 'Mauritia IV' 6-max Seat #6 is the button
Seat 1: Supermegopro ($100 in chips) 
Seat 2: steelNike ($103.05 in chips) 
Seat 3: reeqar ($129.39 in chips) 
Seat 4: UK Boetseun ($162.41 in chips) 
Seat 5: EasyGamerrr ($109.22 in chips) 
Seat 6: Eredar5 ($100 in chips) 
Supermegopro: posts small blind $0.50
steelNike: posts big blind $1
*** HOLE CARDS ***
reeqar: folds 
UK Boetseun: folds 
EasyGamerrr: folds 
Eredar5: folds 
Supermegopro: folds 
Uncalled bet ($0.50) returned to steelNike
steelNike collected $1 from pot
*** SUMMARY ***
Total pot $1 | Rake $0 
Seat 1: Supermegopro (small blind) folded before Flop
Seat 2: steelNike (big blind) collected ($1)
Seat 3: reeqar folded before Flop (didn't bet)
Seat 4: UK Boetseun folded before Flop (didn't bet)
Seat 5: EasyGamerrr folded before Flop (didn't bet)
Seat 6: Eredar5 (button) folded before Flop (didn't bet)



PokerStars Hand #254525713924:  Hold'em No Limit ($0.50/$1.00 USD) - 2025/01/24 5:39:54 WET [2025/01/24 0:39:54 ET]
Table 'Mauritia IV' 6-max Seat #1 is the button
Seat 1: Supermegopro ($100 in chips) 
Seat 2: steelNike ($103.55 in chips) 
Seat 3: reeqar ($129.39 in chips) 
Seat 4: UK Boetseun ($162.41 in chips) 
Seat 5: EasyGamerrr ($109.22 in chips) 
Seat 6: Eredar5 ($100 in chips) 
steelNike: posts small blind $0.50
reeqar: posts big blind $1
*** HOLE CARDS ***
UK Boetseun: folds 
EasyGamerrr: folds 
Eredar5: folds 
Supermegopro: raises $2 to $3
steelNike: folds 
reeqar: folds 
Uncalled bet ($2) returned to Supermegopro
Supermegopro collected $2.50 from pot
Supermegopro: doesn't show hand 
*** SUMMARY ***
Total pot $2.50 | Rake $0 
Seat 1: Supermegopro (button) collected ($2.50)
Seat 2: steelNike (small blind) folded before Flop
Seat 3: reeqar (big blind) folded before Flop
Seat 4: UK Boetseun folded before Flop (didn't bet)
Seat 5: EasyGamerrr folded before Flop (didn't bet)
Seat 6: Eredar5 folded before Flop (didn't bet)



PokerStars Hand #254525715099:  Hold'em No Limit ($0.50/$1.00 USD) - 2025/01/24 5:40:08 WET [2025/01/24 0:40:08 ET]
Table 'Mauritia IV' 6-max Seat #2 is the button
Seat 1: Supermegopro ($101.50 in chips) 
Seat 2: steelNike ($103.05 in chips) 
Seat 3: reeqar ($128.39 in chips) 
Seat 4: UK Boetseun ($162.41 in chips) 
Seat 5: EasyGamerrr ($109.22 in chips) 
Seat 6: Eredar5 ($100 in chips) 
reeqar: posts small blind $0.50
UK Boetseun: posts big blind $1
*** HOLE CARDS ***
EasyGamerrr: folds 
Eredar5: folds 
Supermegopro: raises $1.50 to $2.50
steelNike: folds 
reeqar: folds 
UK Boetseun: calls $1.50
*** FLOP *** [Ks 9h 9d]
UK Boetseun: checks 
Supermegopro: checks 
*** TURN *** [Ks 9h 9d] [2h]
UK Boetseun: checks 
Supermegopro: bets $3.48
UK Boetseun: folds 
Uncalled bet ($3.48) returned to Supermegopro
Supermegopro collected $5.22 from pot
Supermegopro: doesn't show hand 
*** SUMMARY ***
Total pot $5.50 | Rake $0.28 
Board [Ks 9h 9d 2h]
Seat 1: Supermegopro collected ($5.22)
Seat 2: steelNike (button) folded before Flop (didn't bet)
Seat 3: reeqar (small blind) folded before Flop
Seat 4: UK Boetseun (big blind) folded on the Turn
Seat 5: EasyGamerrr folded before Flop (didn't bet)
Seat 6: Eredar5 folded before Flop (didn't bet)



PokerStars Hand #254525717067:  Hold'em No Limit ($0.50/$1.00 USD) - 2025/01/24 5:40:31 WET [2025/01/24 0:40:31 ET]
Table 'Mauritia IV' 6-max Seat #3 is the button
Seat 1: Supermegopro ($104.22 in chips) 
Seat 2: steelNike ($103.05 in chips) 
Seat 3: reeqar ($127.89 in chips) 
Seat 4: UK Boetseun ($159.91 in chips) 
Seat 5: EasyGamerrr ($109.22 in chips) 
Seat 6: Eredar5 ($100 in chips) 
UK Boetseun: posts small blind $0.50
EasyGamerrr: posts big blind $1
*** HOLE CARDS ***
Eredar5: folds 
Supermegopro: raises $1.50 to $2.50
steelNike: folds 
reeqar: folds 
UK Boetseun: folds 
EasyGamerrr: folds 
Uncalled bet ($1.50) returned to Supermegopro
Supermegopro collected $2.50 from pot
Supermegopro: doesn't show hand 
*** SUMMARY ***
Total pot $2.50 | Rake $0 
Seat 1: Supermegopro collected ($2.50)
Seat 2: steelNike folded before Flop (didn't bet)
Seat 3: reeqar (button) folded before Flop (didn't bet)
Seat 4: UK Boetseun (small blind) folded before Flop
Seat 5: EasyGamerrr (big blind) folded before Flop
Seat 6: Eredar5 folded before Flop (didn't bet)



PokerStars Hand #254525718225:  Hold'em No Limit ($0.50/$1.00 USD) - 2025/01/24 5:40:45 WET [2025/01/24 0:40:45 ET]
Table 'Mauritia IV' 6-max Seat #4 is the button
Seat 1: Supermegopro ($105.72 in chips) 
Seat 2: steelNike ($103.05 in chips) 
Seat 3: reeqar ($127.89 in chips) 
Seat 4: UK Boetseun ($159.41 in chips) 
Seat 5: EasyGamerrr ($108.22 in chips) 
Seat 6: Eredar5 ($100 in chips) 
EasyGamerrr: posts small blind $0.50
Eredar5: posts big blind $1
*** HOLE CARDS ***
Supermegopro: raises $1.50 to $2.50
steelNike: folds 
reeqar: folds 
UK Boetseun: raises $1.50 to $4
EasyGamerrr: folds 
Eredar5: folds 
Supermegopro: calls $1.50
*** FLOP *** [8d Jh 6c]
Supermegopro: checks 
UK Boetseun: bets $9.02
Supermegopro: folds 
Uncalled bet ($9.02) returned to UK Boetseun
UK Boetseun collected $9.02 from pot
*** SUMMARY ***
Total pot $9.50 | Rake $0.48 
Board [8d Jh 6c]
Seat 1: Supermegopro folded on the Flop
Seat 2: steelNike folded before Flop (didn't bet)
Seat 3: reeqar folded before Flop (didn't bet)
Seat 4: UK Boetseun (button) collected ($9.02)
Seat 5: EasyGamerrr (small blind) folded before Flop
Seat 6: Eredar5 (big blind) folded before Flop



PokerStars Hand #254525719969:  Hold'em No Limit ($0.50/$1.00 USD) - 2025/01/24 5:41:06 WET [2025/01/24 0:41:06 ET]
Table 'Mauritia IV' 6-max Seat #5 is the button
Seat 1: Supermegopro ($101.72 in chips) 
Seat 2: steelNike ($103.05 in chips) 
Seat 3: reeqar ($127.89 in chips) 
Seat 4: UK Boetseun ($164.43 in chips) 
Seat 5: EasyGamerrr ($107.72 in chips) 
Seat 6: Eredar5 ($100 in chips) 
Eredar5: posts small blind $0.50
Supermegopro: posts big blind $1
*** HOLE CARDS ***
steelNike: folds 
reeqar: folds 
UK Boetseun: folds 
EasyGamerrr: folds 
Eredar5: folds 
Uncalled bet ($0.50) returned to Supermegopro
Supermegopro collected $1 from pot
Supermegopro: doesn't show hand 
*** SUMMARY ***
Total pot $1 | Rake $0 
Seat 1: Supermegopro (big blind) collected ($1)
Seat 2: steelNike folded before Flop (didn't bet)
Seat 3: reeqar folded before Flop (didn't bet)
Seat 4: UK Boetseun folded before Flop (didn't bet)
Seat 5: EasyGamerrr (button) folded before Flop (didn't bet)
Seat 6: Eredar5 (small blind) folded before Flop



PokerStars Hand #254525720677:  Hold'em No Limit ($0.50/$1.00 USD) - 2025/01/24 5:41:14 WET [2025/01/24 0:41:14 ET]
Table 'Mauritia IV' 6-max Seat #6 is the button
Seat 1: Supermegopro ($102.22 in chips) 
Seat 2: steelNike ($103.05 in chips) 
Seat 3: reeqar ($127.89 in chips) 
Seat 4: UK Boetseun ($164.43 in chips) 
Seat 5: EasyGamerrr ($107.72 in chips) 
Seat 6: Eredar5 ($100 in chips) 
Supermegopro: posts small blind $0.50
steelNike: posts big blind $1
*** HOLE CARDS ***
reeqar: folds 
UK Boetseun: folds 
EasyGamerrr: folds 
Eredar5: raises $1.50 to $2.50
Supermegopro: folds 
steelNike: folds 
Uncalled bet ($1.50) returned to Eredar5
Eredar5 collected $2.50 from pot
Eredar5: doesn't show hand 
*** SUMMARY ***
Total pot $2.50 | Rake $0 
Seat 1: Supermegopro (small blind) folded before Flop
Seat 2: steelNike (big blind) folded before Flop
Seat 3: reeqar folded before Flop (didn't bet)
Seat 4: UK Boetseun folded before Flop (didn't bet)
Seat 5: EasyGamerrr folded before Flop (didn't bet)
Seat 6: Eredar5 (button) collected ($2.50)



PokerStars Hand #254525722311:  Hold'em No Limit ($0.50/$1.00 USD) - 2025/01/24 5:41:34 WET [2025/01/24 0:41:34 ET]
Table 'Mauritia IV' 6-max Seat #1 is the button
Seat 1: Supermegopro ($101.72 in chips) 
Seat 2: steelNike ($102.05 in chips) 
Seat 3: reeqar ($127.89 in chips) 
Seat 4: UK Boetseun ($164.43 in chips) 
Seat 5: EasyGamerrr ($107.72 in chips) 
Seat 6: Eredar5 ($101.50 in chips) 
steelNike: posts small blind $0.50
reeqar: posts big blind $1
*** HOLE CARDS ***
UK Boetseun: folds 
EasyGamerrr: folds 
Eredar5: raises $1.50 to $2.50
Supermegopro: folds 
steelNike: folds 
reeqar: folds 
Uncalled bet ($1.50) returned to Eredar5
Eredar5 collected $2.50 from pot
Eredar5: doesn't show hand 
*** SUMMARY ***
Total pot $2.50 | Rake $0 
Seat 1: Supermegopro (button) folded before Flop (didn't bet)
Seat 2: steelNike (small blind) folded before Flop
Seat 3: reeqar (big blind) folded before Flop
Seat 4: UK Boetseun folded before Flop (didn't bet)
Seat 5: EasyGamerrr folded before Flop (didn't bet)
Seat 6: Eredar5 collected ($2.50)



PokerStars Hand #254525723350:  Hold'em No Limit ($0.50/$1.00 USD) - 2025/01/24 5:41:47 WET [2025/01/24 0:41:47 ET]
Table 'Mauritia IV' 6-max Seat #2 is the button
Seat 1: Supermegopro ($101.72 in chips) 
Seat 2: steelNike ($101.55 in chips) 
Seat 3: reeqar ($126.89 in chips) 
Seat 4: UK Boetseun ($164.43 in chips) 
Seat 5: EasyGamerrr ($107.72 in chips) 
Seat 6: Eredar5 ($103 in chips) 
reeqar: posts small blind $0.50
UK Boetseun: posts big blind $1
*** HOLE CARDS ***
EasyGamerrr: folds 
Eredar5: raises $2 to $3
Supermegopro: folds 
steelNike: folds 
reeqar: folds 
UK Boetseun: calls $2
*** FLOP *** [Td 3d 3s]
UK Boetseun: bets $6.18
Eredar5: folds 
Uncalled bet ($6.18) returned to UK Boetseun
UK Boetseun collected $6.18 from pot
*** SUMMARY ***
Total pot $6.50 | Rake $0.32 
Board [Td 3d 3s]
Seat 1: Supermegopro folded before Flop (didn't bet)
Seat 2: steelNike (button) folded before Flop (didn't bet)
Seat 3: reeqar (small blind) folded before Flop
Seat 4: UK Boetseun (big blind) collected ($6.18)
Seat 5: EasyGamerrr folded before Flop (didn't bet)
Seat 6: Eredar5 folded on the Flop



PokerStars Hand #254525728425:  Hold'em No Limit ($0.50/$1.00 USD) - 2025/01/24 5:42:46 WET [2025/01/24 0:42:46 ET]
Table 'Mauritia IV' 6-max Seat #3 is the button
Seat 1: Supermegopro ($101.72 in chips) 
Seat 2: steelNike ($101.55 in chips) 
Seat 3: reeqar ($126.39 in chips) 
Seat 4: UK Boetseun ($167.61 in chips) 
Seat 5: EasyGamerrr ($107.72 in chips) 
Seat 6: Eredar5 ($100 in chips) 
UK Boetseun: posts small blind $0.50
EasyGamerrr: posts big blind $1
*** HOLE CARDS ***
Eredar5: raises $2 to $3
Supermegopro: folds 
steelNike: folds 
reeqar: folds 
UK Boetseun: folds 
EasyGamerrr: folds 
Uncalled bet ($2) returned to Eredar5
Eredar5 collected $2.50 from pot
Eredar5: doesn't show hand 
*** SUMMARY ***
Total pot $2.50 | Rake $0 
Seat 1: Supermegopro folded before Flop (didn't bet)
Seat 2: steelNike folded before Flop (didn't bet)
Seat 3: reeqar (button) folded before Flop (didn't bet)
Seat 4: UK Boetseun (small blind) folded before Flop
Seat 5: EasyGamerrr (big blind) folded before Flop
Seat 6: Eredar5 collected ($2.50)



PokerStars Hand #254525729400:  Hold'em No Limit ($0.50/$1.00 USD) - 2025/01/24 5:42:58 WET [2025/01/24 0:42:58 ET]
Table 'Mauritia IV' 6-max Seat #4 is the button
Seat 1: Supermegopro ($101.72 in chips) 
Seat 2: steelNike ($101.55 in chips) 
Seat 3: reeqar ($126.39 in chips) 
Seat 4: UK Boetseun ($167.11 in chips) 
Seat 5: EasyGamerrr ($106.72 in chips) 
Seat 6: Eredar5 ($101.50 in chips) 
EasyGamerrr: posts small blind $0.50
Eredar5: posts big blind $1
*** HOLE CARDS ***
Supermegopro: folds 
steelNike: folds 
reeqar: folds 
UK Boetseun: folds 
EasyGamerrr: folds 
Uncalled bet ($0.50) returned to Eredar5
Eredar5 collected $1 from pot
Eredar5: doesn't show hand 
*** SUMMARY ***
Total pot $1 | Rake $0 
Seat 1: Supermegopro folded before Flop (didn't bet)
Seat 2: steelNike folded before Flop (didn't bet)
Seat 3: reeqar folded before Flop (didn't bet)
Seat 4: UK Boetseun (button) folded before Flop (didn't bet)
Seat 5: EasyGamerrr (small blind) folded before Flop
Seat 6: Eredar5 (big blind) collected ($1)



PokerStars Hand #254525730509:  Hold'em No Limit ($0.50/$1.00 USD) - 2025/01/24 5:43:12 WET [2025/01/24 0:43:12 ET]
Table 'Mauritia IV' 6-max Seat #5 is the button
Seat 1: Supermegopro ($101.72 in chips) 
Seat 2: steelNike ($101.55 in chips) 
Seat 3: reeqar ($126.39 in chips) 
Seat 4: UK Boetseun ($167.11 in chips) 
Seat 5: EasyGamerrr ($106.22 in chips) 
Seat 6: Eredar5 ($102 in chips) 
Eredar5: posts small blind $0.50
Supermegopro: posts big blind $1
*** HOLE CARDS ***
steelNike: folds 
reeqar: folds 
UK Boetseun: raises $1 to $2
EasyGamerrr: folds 
Eredar5: folds 
Supermegopro: raises $10 to $12
UK Boetseun: folds 
Uncalled bet ($10) returned to Supermegopro
Supermegopro collected $4.50 from pot
Supermegopro: doesn't show hand 
*** SUMMARY ***
Total pot $4.50 | Rake $0 
Seat 1: Supermegopro (big blind) collected ($4.50)
Seat 2: steelNike folded before Flop (didn't bet)
Seat 3: reeqar folded before Flop (didn't bet)
Seat 4: UK Boetseun folded before Flop
Seat 5: EasyGamerrr (button) folded before Flop (didn't bet)
Seat 6: Eredar5 (small blind) folded before Flop



PokerStars Hand #254525732096:  Hold'em No Limit ($0.50/$1.00 USD) - 2025/01/24 5:43:32 WET [2025/01/24 0:43:32 ET]
Table 'Mauritia IV' 6-max Seat #6 is the button
Seat 1: Supermegopro ($104.22 in chips) 
Seat 2: steelNike ($101.55 in chips) 
Seat 3: reeqar ($126.39 in chips) 
Seat 4: UK Boetseun ($165.11 in chips) 
Seat 5: EasyGamerrr ($106.22 in chips) 
Seat 6: Eredar5 ($101.50 in chips) 
Supermegopro: posts small blind $0.50
steelNike: posts big blind $1
*** HOLE CARDS ***
reeqar: folds 
UK Boetseun: raises $1 to $2
EasyGamerrr: folds 
Eredar5: folds 
Supermegopro: folds 
steelNike: raises $8 to $10
UK Boetseun: folds 
Uncalled bet ($8) returned to steelNike
steelNike collected $4.50 from pot
*** SUMMARY ***
Total pot $4.50 | Rake $0 
Seat 1: Supermegopro (small blind) folded before Flop
Seat 2: steelNike (big blind) collected ($4.50)
Seat 3: reeqar folded before Flop (didn't bet)
Seat 4: UK Boetseun folded before Flop
Seat 5: EasyGamerrr folded before Flop (didn't bet)
Seat 6: Eredar5 (button) folded before Flop (didn't bet)



PokerStars Hand #254525734115:  Hold'em No Limit ($0.50/$1.00 USD) - 2025/01/24 5:43:56 WET [2025/01/24 0:43:56 ET]
Table 'Mauritia IV' 6-max Seat #1 is the button
Seat 1: Supermegopro ($103.72 in chips) 
Seat 2: steelNike ($104.05 in chips) 
Seat 3: reeqar ($126.39 in chips) 
Seat 4: UK Boetseun ($163.11 in chips) 
Seat 5: EasyGamerrr ($106.22 in chips) 
Seat 6: Eredar5 ($101.50 in chips) 
steelNike: posts small blind $0.50
reeqar: posts big blind $1
*** HOLE CARDS ***
UK Boetseun: folds 
EasyGamerrr: raises $1 to $2
Eredar5: folds 
Supermegopro: folds 
steelNike: folds 
reeqar: folds 
Uncalled bet ($1) returned to EasyGamerrr
EasyGamerrr collected $2.50 from pot
EasyGamerrr: doesn't show hand 
*** SUMMARY ***
Total pot $2.50 | Rake $0 
Seat 1: Supermegopro (button) folded before Flop (didn't bet)
Seat 2: steelNike (small blind) folded before Flop
Seat 3: reeqar (big blind) folded before Flop
Seat 4: UK Boetseun folded before Flop (didn't bet)
Seat 5: EasyGamerrr collected ($2.50)
Seat 6: Eredar5 folded before Flop (didn't bet)



