PokerStars Hand #254539283494:  Hold'em No Limit ($0.50/$1.00 USD) - 2025/01/24 0:53:39 WET [2025/01/24 19:53:39 ET]
Table 'Benkoela IV' 6-max Seat #3 is the button
Seat 2: camilinho UC ($25.76 in chips) 
Seat 3: BeauParleur ($107.40 in chips) 
Seat 5: ptolejmus ($10 in chips) 
Seat 6: XneferX ($103 in chips) 
ptolejmus: posts small blind $0.50
XneferX: posts big blind $1
*** HOLE CARDS ***
camilinho UC: raises $1.50 to $2.50
BeauParleur: folds 
ptolejmus: folds 
XneferX: calls $1.50
*** FLOP *** [3c Td 5s]
XneferX: checks 
camilinho UC: bets $2.61
XneferX: folds 
Uncalled bet ($2.61) returned to camilinho UC
camilinho UC collected $5.22 from pot
camilinho UC: doesn't show hand 
*** SUMMARY ***
Total pot $5.50 | Rake $0.28 
Board [3c Td 5s]
Seat 2: camilinho UC collected ($5.22)
Seat 3: BeauParleur (button) folded before Flop (didn't bet)
Seat 5: ptolejmus (small blind) folded before Flop
Seat 6: XneferX (big blind) folded on the Flop



PokerStars Hand #254539289555:  Hold'em No Limit ($0.50/$1.00 USD) - 2025/01/24 0:54:09 WET [2025/01/24 19:54:09 ET]
Table 'Benkoela IV' 6-max Seat #5 is the button
Seat 2: camilinho UC ($28.48 in chips) 
Seat 3: BeauParleur ($107.40 in chips) 
Seat 5: ptolejmus ($10 in chips) 
Seat 6: XneferX ($100.50 in chips) 
XneferX: posts small blind $0.50
camilinho UC: posts big blind $1
*** HOLE CARDS ***
BeauParleur: folds 
ptolejmus: raises $1 to $2
XneferX: folds 
camilinho UC: calls $1
*** FLOP *** [9c 9h Ad]
camilinho UC: checks 
BGS013 joins the table at seat #4 
nastja336 joins the table at seat #1 
ptolejmus: bets $1.16
camilinho UC: folds 
Uncalled bet ($1.16) returned to ptolejmus
ptolejmus collected $4.28 from pot
*** SUMMARY ***
Total pot $4.50 | Rake $0.22 
Board [9c 9h Ad]
Seat 2: camilinho UC (big blind) folded on the Flop
Seat 3: BeauParleur folded before Flop (didn't bet)
Seat 5: ptolejmus (button) collected ($4.28)
Seat 6: XneferX (small blind) folded before Flop



PokerStars Hand #254539296865:  Hold'em No Limit ($0.50/$1.00 USD) - 2025/01/24 0:54:45 WET [2025/01/24 19:54:45 ET]
Table 'Benkoela IV' 6-max Seat #6 is the button
Seat 1: nastja336 ($100 in chips) is sitting out
Seat 4: BGS013 ($100 in chips) is sitting out
Seat 2: camilinho UC ($26.48 in chips) 
Seat 3: BeauParleur ($107.40 in chips) 
Seat 5: ptolejmus ($12.28 in chips) 
Seat 6: XneferX ($100 in chips) 
camilinho UC: posts small blind $0.50
BeauParleur: posts big blind $1
BGS013: sits out 
*** HOLE CARDS ***
ptolejmus: folds 
XneferX: folds 
camilinho UC: raises $1.50 to $2.50
XneferX leaves the table
BeauParleur: folds 
Uncalled bet ($1.50) returned to camilinho UC
camilinho UC collected $2 from pot
camilinho UC: doesn't show hand 
*** SUMMARY ***
Total pot $2 | Rake $0 
Seat 1: nastja336
Seat 4: BGS013
Seat 2: camilinho UC (small blind) collected ($2)
Seat 3: BeauParleur (big blind) folded before Flop
Seat 5: ptolejmus folded before Flop (didn't bet)
Seat 6: XneferX (button) folded before Flop (didn't bet)



PokerStars Hand #254539300426:  Hold'em No Limit ($0.50/$1.00 USD) - 2025/01/24 0:55:03 WET [2025/01/24 19:55:03 ET]
Table 'Benkoela IV' 6-max Seat #3 is the button
Seat 2: camilinho UC ($27.48 in chips) is sitting out
Seat 4: BGS013 ($100 in chips) is sitting out
Seat 1: nastja336 ($100 in chips) 
Seat 3: BeauParleur ($106.40 in chips) 
Seat 5: ptolejmus ($12.28 in chips) 
ptolejmus: posts small blind $0.50
nastja336: posts big blind $1
*** HOLE CARDS ***
camilinho UC leaves the table
BeauParleur: folds 
ptolejmus: raises $1.50 to $2.50
nastja336: folds 
Uncalled bet ($1.50) returned to ptolejmus
ptolejmus collected $2 from pot
*** SUMMARY ***
Total pot $2 | Rake $0 
Seat 2: camilinho UC
Seat 4: BGS013
Seat 1: nastja336 (big blind) folded before Flop
Seat 3: BeauParleur (button) folded before Flop (didn't bet)
Seat 5: ptolejmus (small blind) collected ($2)



PokerStars Hand #254539304430:  Hold'em No Limit ($0.50/$1.00 USD) - 2025/01/24 0:55:25 WET [2025/01/24 19:55:25 ET]
Table 'Benkoela IV' 6-max Seat #5 is the button
Seat 4: BGS013 ($100 in chips) is sitting out
Seat 1: nastja336 ($100 in chips) 
Seat 3: BeauParleur ($106.40 in chips) 
Seat 5: ptolejmus ($13.28 in chips) 
nastja336: posts small blind $0.50
BeauParleur: posts big blind $1
BGS013: sits out 
*** HOLE CARDS ***
ptolejmus: folds 
nastja336: raises $2 to $3
BeauParleur: calls $2
*** FLOP *** [Ac Ad Ks]
nastja336: bets $1.88
BeauParleur: calls $1.88
*** TURN *** [Ac Ad Ks] [Jd]
nastja336: bets $8
BeauParleur: folds 
Uncalled bet ($8) returned to nastja336
nastja336 collected $9.27 from pot
nastja336: doesn't show hand 
*** SUMMARY ***
Total pot $9.76 | Rake $0.49 
Board [Ac Ad Ks Jd]
Seat 4: BGS013
Seat 1: nastja336 (small blind) collected ($9.27)
Seat 3: BeauParleur (big blind) folded on the Turn
Seat 5: ptolejmus (button) folded before Flop (didn't bet)



PokerStars Hand #254539311729:  Hold'em No Limit ($0.50/$1.00 USD) - 2025/01/24 0:56:09 WET [2025/01/24 19:56:09 ET]
Table 'Benkoela IV' 6-max Seat #1 is the button
Seat 1: nastja336 ($104.39 in chips) 
Seat 3: BeauParleur ($101.52 in chips) 
Seat 4: BGS013 ($100 in chips) 
Seat 5: ptolejmus ($13.28 in chips) 
BeauParleur: posts small blind $0.50
BGS013: posts big blind $1
*** HOLE CARDS ***
ptolejmus: folds 
nastja336: folds 
BeauParleur: folds 
Uncalled bet ($0.50) returned to BGS013
BGS013 collected $1 from pot
BGS013: doesn't show hand 
*** SUMMARY ***
Total pot $1 | Rake $0 
Seat 1: nastja336 (button) folded before Flop (didn't bet)
Seat 3: BeauParleur (small blind) folded before Flop
Seat 4: BGS013 (big blind) collected ($1)
Seat 5: ptolejmus folded before Flop (didn't bet)



PokerStars Hand #254539313624:  Hold'em No Limit ($0.50/$1.00 USD) - 2025/01/24 0:56:21 WET [2025/01/24 19:56:21 ET]
Table 'Benkoela IV' 6-max Seat #4 is the button
Seat 1: nastja336 ($104.39 in chips) is sitting out
Seat 5: ptolejmus ($13.28 in chips) is sitting out
Seat 3: BeauParleur ($101.02 in chips) 
Seat 4: BGS013 ($100.50 in chips) 
BGS013: posts small blind $0.50
ptolejmus: is sitting out 
nastja336: is sitting out 
BeauParleur: posts big blind $1
*** HOLE CARDS ***
ptolejmus leaves the table
nastja336 leaves the table
BGS013: raises $1.50 to $2.50
BeauParleur: raises $7.50 to $10
shootingGRID joins the table at seat #1 
BGS013: folds 
Uncalled bet ($7.50) returned to BeauParleur
BeauParleur collected $5 from pot
BeauParleur: doesn't show hand 
*** SUMMARY ***
Total pot $5 | Rake $0 
Seat 1: nastja336
Seat 5: ptolejmus
Seat 3: BeauParleur (big blind) collected ($5)
Seat 4: BGS013 (button) (small blind) folded before Flop



PokerStars Hand #254539317113:  Hold'em No Limit ($0.50/$1.00 USD) - 2025/01/24 0:56:42 WET [2025/01/24 19:56:42 ET]
Table 'Benkoela IV' 6-max Seat #3 is the button
Seat 1: shootingGRID ($100 in chips) 
Seat 3: BeauParleur ($103.52 in chips) 
Seat 4: BGS013 ($100 in chips) 
BGS013: posts small blind $0.50
shootingGRID: posts big blind $1
*** HOLE CARDS ***
BeauParleur: raises $1.50 to $2.50
BGS013: folds 
shootingGRID: raises $10.50 to $13
BeauParleur: raises $13.50 to $26.50
shootingGRID: raises $73.50 to $100 and is all-in
BeauParleur: calls $73.50
*** FIRST FLOP *** [9d 7s 9h]
*** FIRST TURN *** [9d 7s 9h] [Ac]
*** FIRST RIVER *** [9d 7s 9h Ac] [Kh]
*** SECOND FLOP *** [8h Td 4s]
*** SECOND TURN *** [8h Td 4s] [Ts]
*** SECOND RIVER *** [8h Td 4s Ts] [4c]
*** FIRST SHOW DOWN ***
shootingGRID: shows [Kc As] (two pair, Aces and Kings)
BeauParleur: shows [Jd Js] (two pair, Jacks and Nines)
shootingGRID collected $99.75 from pot
*** SECOND SHOW DOWN ***
shootingGRID: shows [Kc As] (two pair, Tens and Fours)
BeauParleur: shows [Jd Js] (two pair, Jacks and Tens)
BeauParleur collected $99.75 from pot
*** SUMMARY ***
Total pot $200.50 | Rake $1 
Hand was run twice
FIRST Board [9d 7s 9h Ac Kh]
SECOND Board [8h Td 4s Ts 4c]
Seat 1: shootingGRID (big blind) showed [Kc As] and won ($99.75) with two pair, Aces and Kings, and lost with two pair, Tens and Fours
Seat 3: BeauParleur (button) showed [Jd Js] and lost with two pair, Jacks and Nines, and won ($99.75) with two pair, Jacks and Tens
Seat 4: BGS013 (small blind) folded before Flop



PokerStars Hand #254539325978:  Hold'em No Limit ($0.50/$1.00 USD) - 2025/01/24 0:57:35 WET [2025/01/24 19:57:35 ET]
Table 'Benkoela IV' 6-max Seat #4 is the button
Seat 1: shootingGRID ($100 in chips) 
Seat 3: BeauParleur ($103.27 in chips) 
Seat 4: BGS013 ($100 in chips) 
shootingGRID: posts small blind $0.50
BeauParleur: posts big blind $1
*** HOLE CARDS ***
BGS013: folds 
shootingGRID: folds 
Uncalled bet ($0.50) returned to BeauParleur
BeauParleur collected $1 from pot
BeauParleur: doesn't show hand 
*** SUMMARY ***
Total pot $1 | Rake $0 
Seat 1: shootingGRID (small blind) folded before Flop
Seat 3: BeauParleur (big blind) collected ($1)
Seat 4: BGS013 (button) folded before Flop (didn't bet)



PokerStars Hand #254539327342:  Hold'em No Limit ($0.50/$1.00 USD) - 2025/01/24 0:57:43 WET [2025/01/24 19:57:43 ET]
Table 'Benkoela IV' 6-max Seat #1 is the button
Seat 1: shootingGRID ($100 in chips) 
Seat 3: BeauParleur ($103.77 in chips) 
Seat 4: BGS013 ($100 in chips) 
BeauParleur: posts small blind $0.50
BGS013: posts big blind $1
*** HOLE CARDS ***
shootingGRID: folds 
BeauParleur: folds 
Uncalled bet ($0.50) returned to BGS013
BGS013 collected $1 from pot
BGS013: doesn't show hand 
*** SUMMARY ***
Total pot $1 | Rake $0 
Seat 1: shootingGRID (button) folded before Flop (didn't bet)
Seat 3: BeauParleur (small blind) folded before Flop
Seat 4: BGS013 (big blind) collected ($1)



PokerStars Hand #254539328987:  Hold'em No Limit ($0.50/$1.00 USD) - 2025/01/24 0:57:53 WET [2025/01/24 19:57:53 ET]
Table 'Benkoela IV' 6-max Seat #3 is the button
Seat 1: shootingGRID ($100 in chips) 
Seat 3: BeauParleur ($103.27 in chips) 
Seat 4: BGS013 ($100.50 in chips) 
BGS013: posts small blind $0.50
shootingGRID: posts big blind $1
*** HOLE CARDS ***
BeauParleur: raises $1.50 to $2.50
BGS013: folds 
shootingGRID: raises $10.50 to $13
BeauParleur: folds 
Uncalled bet ($10.50) returned to shootingGRID
shootingGRID collected $5.50 from pot
*** SUMMARY ***
Total pot $5.50 | Rake $0 
Seat 1: shootingGRID (big blind) collected ($5.50)
Seat 3: BeauParleur (button) folded before Flop
Seat 4: BGS013 (small blind) folded before Flop



PokerStars Hand #254539334299:  Hold'em No Limit ($0.50/$1.00 USD) - 2025/01/24 0:58:25 WET [2025/01/24 19:58:25 ET]
Table 'Benkoela IV' 6-max Seat #4 is the button
Seat 1: shootingGRID ($103 in chips) 
Seat 3: BeauParleur ($100.77 in chips) 
Seat 4: BGS013 ($100 in chips) 
shootingGRID: posts small blind $0.50
BeauParleur: posts big blind $1
*** HOLE CARDS ***
BGS013: folds 
shootingGRID: folds 
Uncalled bet ($0.50) returned to BeauParleur
BeauParleur collected $1 from pot
BeauParleur: doesn't show hand 
*** SUMMARY ***
Total pot $1 | Rake $0 
Seat 1: shootingGRID (small blind) folded before Flop
Seat 3: BeauParleur (big blind) collected ($1)
Seat 4: BGS013 (button) folded before Flop (didn't bet)



PokerStars Hand #254539336055:  Hold'em No Limit ($0.50/$1.00 USD) - 2025/01/24 0:58:35 WET [2025/01/24 19:58:35 ET]
Table 'Benkoela IV' 6-max Seat #1 is the button
Seat 1: shootingGRID ($102.50 in chips) 
Seat 3: BeauParleur ($101.27 in chips) 
Seat 4: BGS013 ($100 in chips) 
BeauParleur: posts small blind $0.50
BGS013: posts big blind $1
*** HOLE CARDS ***
shootingGRID: raises $1.50 to $2.50
BeauParleur: raises $9.50 to $12
BGS013: folds 
nastja336 joins the table at seat #6 
ant1won joins the table at seat #2 
ant1won is disconnected 
shootingGRID: folds 
Uncalled bet ($9.50) returned to BeauParleur
z00mba joins the table at seat #5 
BeauParleur collected $6 from pot
BeauParleur: doesn't show hand 
*** SUMMARY ***
Total pot $6 | Rake $0 
Seat 1: shootingGRID (button) folded before Flop
Seat 3: BeauParleur (small blind) collected ($6)
Seat 4: BGS013 (big blind) folded before Flop



PokerStars Hand #254539338727:  Hold'em No Limit ($0.50/$1.00 USD) - 2025/01/24 0:58:52 WET [2025/01/24 19:58:52 ET]
Table 'Benkoela IV' 6-max Seat #3 is the button
Seat 2: ant1won ($50.92 in chips) is sitting out
Seat 5: z00mba ($100 in chips) is sitting out
Seat 1: shootingGRID ($100 in chips) 
Seat 3: BeauParleur ($104.77 in chips) 
Seat 4: BGS013 ($100 in chips) 
Seat 6: nastja336 ($104.39 in chips) 
BGS013: posts small blind $0.50
nastja336: posts big blind $1
ant1won: sits out 
*** HOLE CARDS ***
shootingGRID: raises $1.25 to $2.25
BeauParleur: folds 
BGS013: folds 
nastja336: folds 
Uncalled bet ($1.25) returned to shootingGRID
shootingGRID collected $2.50 from pot
*** SUMMARY ***
Total pot $2.50 | Rake $0 
Seat 2: ant1won
Seat 5: z00mba
Seat 1: shootingGRID collected ($2.50)
Seat 3: BeauParleur (button) folded before Flop (didn't bet)
Seat 4: BGS013 (small blind) folded before Flop
Seat 6: nastja336 (big blind) folded before Flop



PokerStars Hand #254539341298:  Hold'em No Limit ($0.50/$1.00 USD) - 2025/01/24 0:59:08 WET [2025/01/24 19:59:08 ET]
Table 'Benkoela IV' 6-max Seat #4 is the button
Seat 5: z00mba ($100 in chips) is sitting out
Seat 1: shootingGRID ($101.50 in chips) 
Seat 2: ant1won ($50.92 in chips) 
Seat 3: BeauParleur ($104.77 in chips) 
Seat 4: BGS013 ($100 in chips) 
Seat 6: nastja336 ($103.39 in chips) 
nastja336: posts small blind $0.50
shootingGRID: posts big blind $1
ant1won: posts big blind $1
*** HOLE CARDS ***
ant1won: checks 
BeauParleur: raises $2 to $3
BGS013: folds 
nastja336: folds 
shootingGRID: folds 
ant1won: calls $2
*** FLOP *** [8c Ts Tc]
ant1won: checks 
BeauParleur: bets $2.35
ant1won: calls $2.35
*** TURN *** [8c Ts Tc] [4d]
ant1won: checks 
BeauParleur: checks 
*** RIVER *** [8c Ts Tc 4d] [Th]
ant1won: bets $5.80
BeauParleur: calls $5.80
*** SHOW DOWN ***
ant1won: shows [4c Qd] (a full house, Tens full of Fours)
BeauParleur: mucks hand 
ant1won collected $22.61 from pot
*** SUMMARY ***
Total pot $23.80 | Rake $1.19 
Board [8c Ts Tc 4d Th]
Seat 5: z00mba
Seat 1: shootingGRID (big blind) folded before Flop
Seat 2: ant1won showed [4c Qd] and won ($22.61) with a full house, Tens full of Fours
Seat 3: BeauParleur mucked
Seat 4: BGS013 (button) folded before Flop (didn't bet)
Seat 6: nastja336 (small blind) folded before Flop



PokerStars Hand #254539396382:  Hold'em No Limit ($0.50/$1.00 USD) - 2025/01/24 1:04:02 WET [2025/01/24 20:04:02 ET]
Table 'Benkoela IV' 6-max Seat #4 is the button
Seat 2: ant1won ($0 in chips) is sitting out
Seat 1: shootingGRID ($100 in chips) 
Seat 3: BeauParleur ($100 in chips) 
Seat 4: ptolejmus ($20 in chips) 
Seat 5: z00mba ($115.50 in chips) 
Seat 6: nastja336 ($165.77 in chips) 
z00mba: posts small blind $0.50
nastja336: posts big blind $1
*** HOLE CARDS ***
shootingGRID: raises $1.25 to $2.25
BeauParleur: folds 
ptolejmus: folds 
z00mba: folds 
nastja336: folds 
Uncalled bet ($1.25) returned to shootingGRID
shootingGRID collected $2.50 from pot
*** SUMMARY ***
Total pot $2.50 | Rake $0 
Seat 2: ant1won
Seat 1: shootingGRID collected ($2.50)
Seat 3: BeauParleur folded before Flop (didn't bet)
Seat 4: ptolejmus (button) folded before Flop (didn't bet)
Seat 5: z00mba (small blind) folded before Flop
Seat 6: nastja336 (big blind) folded before Flop



PokerStars Hand #254539402309:  Hold'em No Limit ($0.50/$1.00 USD) - 2025/01/24 1:04:32 WET [2025/01/24 20:04:32 ET]
Table 'Benkoela IV' 6-max Seat #5 is the button
Seat 2: ant1won ($0 in chips) is sitting out
Seat 1: shootingGRID ($101.50 in chips) 
Seat 3: BeauParleur ($100 in chips) 
Seat 4: ptolejmus ($20 in chips) 
Seat 5: z00mba ($115 in chips) 
Seat 6: nastja336 ($164.77 in chips) 
nastja336: posts small blind $0.50
shootingGRID: posts big blind $1
*** HOLE CARDS ***
BeauParleur: raises $1 to $2
ptolejmus: raises $2.50 to $4.50
z00mba: folds 
nastja336: folds 
shootingGRID: folds 
BeauParleur: raises $27.50 to $32
ptolejmus: calls $15.50 and is all-in
Uncalled bet ($12) returned to BeauParleur
*** FIRST FLOP *** [5c 6h 6c]
*** FIRST TURN *** [5c 6h 6c] [2s]
*** FIRST RIVER *** [5c 6h 6c 2s] [6s]
*** SECOND FLOP *** [3c Td 8d]
*** SECOND TURN *** [3c Td 8d] [4h]
*** SECOND RIVER *** [3c Td 8d 4h] [5d]
*** FIRST SHOW DOWN ***
BeauParleur: shows [Jh Jc] (a full house, Sixes full of Jacks)
ptolejmus: shows [Qd Ad] (three of a kind, Sixes)
BeauParleur collected $19.71 from pot
*** SECOND SHOW DOWN ***
BeauParleur: shows [Jh Jc] (a pair of Jacks)
ptolejmus: shows [Qd Ad] (a flush, Ace high)
ptolejmus collected $19.71 from pot
*** SUMMARY ***
Total pot $41.50 | Rake $2.08 
Hand was run twice
FIRST Board [5c 6h 6c 2s 6s]
SECOND Board [3c Td 8d 4h 5d]
Seat 2: ant1won
Seat 1: shootingGRID (big blind) folded before Flop
Seat 3: BeauParleur showed [Jh Jc] and won ($19.71) with a full house, Sixes full of Jacks, and lost with a pair of Jacks
Seat 4: ptolejmus showed [Qd Ad] and lost with three of a kind, Sixes, and won ($19.71) with a flush, Ace high
Seat 5: z00mba (button) folded before Flop (didn't bet)
Seat 6: nastja336 (small blind) folded before Flop



PokerStars Hand #254539408906:  Hold'em No Limit ($0.50/$1.00 USD) - 2025/01/24 1:05:04 WET [2025/01/24 20:05:04 ET]
Table 'Benkoela IV' 6-max Seat #6 is the button
Seat 1: shootingGRID ($100.50 in chips) 
Seat 2: ant1won ($50.92 in chips) 
Seat 3: BeauParleur ($100 in chips) 
Seat 4: ptolejmus ($20 in chips) 
Seat 5: z00mba ($115 in chips) 
Seat 6: nastja336 ($164.27 in chips) 
shootingGRID: posts small blind $0.50
ant1won: posts big blind $1
*** HOLE CARDS ***
BeauParleur: raises $1 to $2
ptolejmus: folds 
z00mba: folds 
nastja336: folds 
shootingGRID: folds 
ant1won: calls $1
*** FLOP *** [8d 8c Js]
ant1won: checks 
BeauParleur: bets $1.41
ant1won: calls $1.41
*** TURN *** [8d 8c Js] [Qh]
ant1won: checks 
BeauParleur: checks 
*** RIVER *** [8d 8c Js Qh] [6c]
ant1won: bets $3.48
BeauParleur: folds 
Uncalled bet ($3.48) returned to ant1won
ant1won collected $6.95 from pot
*** SUMMARY ***
Total pot $7.32 | Rake $0.37 
Board [8d 8c Js Qh 6c]
Seat 1: shootingGRID (small blind) folded before Flop
Seat 2: ant1won (big blind) collected ($6.95)
Seat 3: BeauParleur folded on the River
Seat 4: ptolejmus folded before Flop (didn't bet)
Seat 5: z00mba folded before Flop (didn't bet)
Seat 6: nastja336 (button) folded before Flop (didn't bet)



PokerStars Hand #254539418777:  Hold'em No Limit ($0.50/$1.00 USD) - 2025/01/24 1:05:55 WET [2025/01/24 20:05:55 ET]
Table 'Benkoela IV' 6-max Seat #1 is the button
Seat 1: shootingGRID ($100 in chips) 
Seat 2: ant1won ($54.46 in chips) 
Seat 3: BeauParleur ($100 in chips) 
Seat 4: ptolejmus ($20 in chips) 
Seat 5: z00mba ($115 in chips) 
Seat 6: nastja336 ($164.27 in chips) 
ant1won: posts small blind $0.50
BeauParleur: posts big blind $1
*** HOLE CARDS ***
ptolejmus: folds 
z00mba: folds 
nastja336: folds 
shootingGRID: folds 
ant1won: raises $2 to $3
BeauParleur: calls $2
*** FLOP *** [7c 6s Ah]
ant1won: bets $1.85
BeauParleur: calls $1.85
*** TURN *** [7c 6s Ah] [9d]
ant1won: bets $2.61
BeauParleur: raises $10.83 to $13.44
ant1won: folds 
Uncalled bet ($10.83) returned to BeauParleur
BeauParleur collected $14.17 from pot
BeauParleur: doesn't show hand 
*** SUMMARY ***
Total pot $14.92 | Rake $0.75 
Board [7c 6s Ah 9d]
Seat 1: shootingGRID (button) folded before Flop (didn't bet)
Seat 2: ant1won (small blind) folded on the Turn
Seat 3: BeauParleur (big blind) collected ($14.17)
Seat 4: ptolejmus folded before Flop (didn't bet)
Seat 5: z00mba folded before Flop (didn't bet)
Seat 6: nastja336 folded before Flop (didn't bet)



PokerStars Hand #254539431022:  Hold'em No Limit ($0.50/$1.00 USD) - 2025/01/24 1:06:57 WET [2025/01/24 20:06:57 ET]
Table 'Benkoela IV' 6-max Seat #2 is the button
Seat 1: shootingGRID ($100 in chips) 
Seat 2: ant1won ($47 in chips) 
Seat 3: BeauParleur ($106.71 in chips) 
Seat 4: ptolejmus ($20 in chips) 
Seat 5: z00mba ($115 in chips) 
Seat 6: nastja336 ($164.27 in chips) 
BeauParleur: posts small blind $0.50
ptolejmus: posts big blind $1
*** HOLE CARDS ***
z00mba: folds 
nastja336: folds 
shootingGRID: folds 
ant1won: raises $1 to $2
BeauParleur: folds 
ptolejmus: folds 
Uncalled bet ($1) returned to ant1won
ant1won collected $2.50 from pot
*** SUMMARY ***
Total pot $2.50 | Rake $0 
Seat 1: shootingGRID folded before Flop (didn't bet)
Seat 2: ant1won (button) collected ($2.50)
Seat 3: BeauParleur (small blind) folded before Flop
Seat 4: ptolejmus (big blind) folded before Flop
Seat 5: z00mba folded before Flop (didn't bet)
Seat 6: nastja336 folded before Flop (didn't bet)



PokerStars Hand #254539435572:  Hold'em No Limit ($0.50/$1.00 USD) - 2025/01/24 1:07:21 WET [2025/01/24 20:07:21 ET]
Table 'Benkoela IV' 6-max Seat #3 is the button
Seat 5: z00mba ($115 in chips) is sitting out
Seat 1: shootingGRID ($100 in chips) 
Seat 2: ant1won ($48.50 in chips) 
Seat 3: BeauParleur ($106.21 in chips) 
Seat 4: ptolejmus ($20 in chips) 
Seat 6: nastja336 ($164.27 in chips) 
ptolejmus: posts small blind $0.50
z00mba: is sitting out 
nastja336: posts big blind $1
*** HOLE CARDS ***
shootingGRID: raises $1.25 to $2.25
ant1won: calls $2.25
BeauParleur: folds 
ptolejmus: folds 
nastja336: folds 
*** FLOP *** [5h 8c Ah]
shootingGRID: checks 
ant1won: bets $2
shootingGRID: folds 
Uncalled bet ($2) returned to ant1won
ant1won collected $5.70 from pot
*** SUMMARY ***
Total pot $6 | Rake $0.30 
Board [5h 8c Ah]
Seat 5: z00mba
Seat 1: shootingGRID folded on the Flop
Seat 2: ant1won collected ($5.70)
Seat 3: BeauParleur (button) folded before Flop (didn't bet)
Seat 4: ptolejmus (small blind) folded before Flop
Seat 6: nastja336 (big blind) folded before Flop



PokerStars Hand #254539443444:  Hold'em No Limit ($0.50/$1.00 USD) - 2025/01/24 1:08:01 WET [2025/01/24 20:08:01 ET]
Table 'Benkoela IV' 6-max Seat #4 is the button
Seat 5: z00mba ($115 in chips) is sitting out
Seat 1: shootingGRID ($100 in chips) 
Seat 2: ant1won ($51.95 in chips) 
Seat 3: BeauParleur ($106.21 in chips) 
Seat 4: ptolejmus ($20 in chips) 
Seat 6: nastja336 ($163.27 in chips) 
nastja336: posts small blind $0.50
shootingGRID: posts big blind $1
*** HOLE CARDS ***
ant1won: folds 
BeauParleur has timed out
BeauParleur: folds 
ptolejmus: raises $1 to $2
nastja336: folds 
shootingGRID: calls $1
*** FLOP *** [Jh 8s 7s]
shootingGRID: checks 
ptolejmus: bets $2.18
shootingGRID: calls $2.18
*** TURN *** [Jh 8s 7s] [Kh]
shootingGRID: checks 
ptolejmus: bets $4.29
shootingGRID: calls $4.29
*** RIVER *** [Jh 8s 7s Kh] [2c]
shootingGRID: checks 
ptolejmus: bets $11.53 and is all-in
shootingGRID: folds 
Uncalled bet ($11.53) returned to ptolejmus
ptolejmus collected $16.57 from pot
*** SUMMARY ***
Total pot $17.44 | Rake $0.87 
Board [Jh 8s 7s Kh 2c]
Seat 5: z00mba
Seat 1: shootingGRID (big blind) folded on the River
Seat 2: ant1won folded before Flop (didn't bet)
Seat 3: BeauParleur folded before Flop (didn't bet)
Seat 4: ptolejmus (button) collected ($16.57)
Seat 6: nastja336 (small blind) folded before Flop



PokerStars Hand #254539462980:  Hold'em No Limit ($0.50/$1.00 USD) - 2025/01/24 1:09:42 WET [2025/01/24 20:09:42 ET]
Table 'Benkoela IV' 6-max Seat #6 is the button
Seat 5: z00mba ($115 in chips) is sitting out
Seat 1: shootingGRID ($100 in chips) 
Seat 2: ant1won ($51.95 in chips) 
Seat 3: BeauParleur ($106.21 in chips) 
Seat 4: ptolejmus ($28.10 in chips) 
Seat 6: nastja336 ($162.77 in chips) 
shootingGRID: posts small blind $0.50
ant1won: posts big blind $1
z00mba: sits out 
*** HOLE CARDS ***
BeauParleur: folds 
ptolejmus: folds 
nastja336: folds 
shootingGRID: folds 
Uncalled bet ($0.50) returned to ant1won
ant1won collected $1 from pot
*** SUMMARY ***
Total pot $1 | Rake $0 
Seat 5: z00mba
Seat 1: shootingGRID (small blind) folded before Flop
Seat 2: ant1won (big blind) collected ($1)
Seat 3: BeauParleur folded before Flop (didn't bet)
Seat 4: ptolejmus folded before Flop (didn't bet)
Seat 6: nastja336 (button) folded before Flop (didn't bet)



PokerStars Hand #254539464991:  Hold'em No Limit ($0.50/$1.00 USD) - 2025/01/24 1:09:52 WET [2025/01/24 20:09:52 ET]
Table 'Benkoela IV' 6-max Seat #1 is the button
Seat 5: z00mba ($115 in chips) is sitting out
Seat 1: shootingGRID ($100 in chips) 
Seat 2: ant1won ($52.45 in chips) 
Seat 3: BeauParleur ($106.21 in chips) 
Seat 4: ptolejmus ($28.10 in chips) 
Seat 6: nastja336 ($162.77 in chips) 
ant1won: posts small blind $0.50
BeauParleur: posts big blind $1
z00mba: sits out 
*** HOLE CARDS ***
ptolejmus: raises $1 to $2
nastja336: folds 
shootingGRID: folds 
ant1won: calls $1.50
BeauParleur: folds 
*** FLOP *** [7s 6h 3h]
ant1won: checks 
ptolejmus: checks 
*** TURN *** [7s 6h 3h] [4s]
ant1won: bets $2.38
ptolejmus: calls $2.38
*** RIVER *** [7s 6h 3h 4s] [2c]
ant1won: bets $3.64
ptolejmus: folds 
Uncalled bet ($3.64) returned to ant1won
ant1won collected $9.27 from pot
*** SUMMARY ***
Total pot $9.76 | Rake $0.49 
Board [7s 6h 3h 4s 2c]
Seat 5: z00mba
Seat 1: shootingGRID (button) folded before Flop (didn't bet)
Seat 2: ant1won (small blind) collected ($9.27)
Seat 3: BeauParleur (big blind) folded before Flop
Seat 4: ptolejmus folded on the River
Seat 6: nastja336 folded before Flop (didn't bet)



PokerStars Hand #254539481656:  Hold'em No Limit ($0.50/$1.00 USD) - 2025/01/24 1:11:17 WET [2025/01/24 20:11:17 ET]
Table 'Benkoela IV' 6-max Seat #2 is the button
Seat 5: z00mba ($115 in chips) is sitting out
Seat 1: shootingGRID ($100 in chips) 
Seat 2: ant1won ($57.34 in chips) 
Seat 3: BeauParleur ($105.21 in chips) 
Seat 4: ptolejmus ($23.72 in chips) 
Seat 6: nastja336 ($162.77 in chips) 
BeauParleur: posts small blind $0.50
ptolejmus: posts big blind $1
z00mba: sits out 
*** HOLE CARDS ***
nastja336: raises $1.50 to $2.50
shootingGRID: folds 
ant1won: calls $2.50
BeauParleur: folds 
ptolejmus: folds 
*** FLOP *** [Qd Qs 4h]
nastja336: checks 
ant1won: checks 
*** TURN *** [Qd Qs 4h] [Jc]
nastja336: checks 
ant1won: checks 
*** RIVER *** [Qd Qs 4h Jc] [Kc]
nastja336: bets $8.22
ant1won: folds 
Uncalled bet ($8.22) returned to nastja336
nastja336 collected $6.18 from pot
nastja336: doesn't show hand 
*** SUMMARY ***
Total pot $6.50 | Rake $0.32 
Board [Qd Qs 4h Jc Kc]
Seat 5: z00mba
Seat 1: shootingGRID folded before Flop (didn't bet)
Seat 2: ant1won (button) folded on the River
Seat 3: BeauParleur (small blind) folded before Flop
Seat 4: ptolejmus (big blind) folded before Flop
Seat 6: nastja336 collected ($6.18)



PokerStars Hand #254539488035:  Hold'em No Limit ($0.50/$1.00 USD) - 2025/01/24 1:11:49 WET [2025/01/24 20:11:49 ET]
Table 'Benkoela IV' 6-max Seat #3 is the button
Seat 1: shootingGRID ($100 in chips) 
Seat 2: ant1won ($54.84 in chips) 
Seat 3: BeauParleur ($104.71 in chips) 
Seat 4: ptolejmus ($22.72 in chips) 
Seat 5: z00mba ($115 in chips) 
Seat 6: nastja336 ($166.45 in chips) 
ptolejmus: posts small blind $0.50
z00mba: posts big blind $1
*** HOLE CARDS ***
nastja336: folds 
shootingGRID: folds 
ant1won: folds 
BeauParleur: raises $1.50 to $2.50
ptolejmus: raises $20.22 to $22.72 and is all-in
z00mba: folds 
BeauParleur: folds 
Uncalled bet ($20.22) returned to ptolejmus
ptolejmus collected $6 from pot
*** SUMMARY ***
Total pot $6 | Rake $0 
Seat 1: shootingGRID folded before Flop (didn't bet)
Seat 2: ant1won folded before Flop (didn't bet)
Seat 3: BeauParleur (button) folded before Flop
Seat 4: ptolejmus (small blind) collected ($6)
Seat 5: z00mba (big blind) folded before Flop
Seat 6: nastja336 folded before Flop (didn't bet)



PokerStars Hand #254539493140:  Hold'em No Limit ($0.50/$1.00 USD) - 2025/01/24 1:12:16 WET [2025/01/24 20:12:16 ET]
Table 'Benkoela IV' 6-max Seat #4 is the button
Seat 1: shootingGRID ($100 in chips) 
Seat 2: ant1won ($54.84 in chips) 
Seat 3: BeauParleur ($102.21 in chips) 
Seat 4: ptolejmus ($26.22 in chips) 
Seat 5: z00mba ($114 in chips) 
Seat 6: nastja336 ($166.45 in chips) 
z00mba: posts small blind $0.50
nastja336: posts big blind $1
*** HOLE CARDS ***
shootingGRID: raises $1.25 to $2.25
ant1won: calls $2.25
BeauParleur: folds 
ptolejmus: folds 
z00mba: folds 
nastja336: raises $11.75 to $14
shootingGRID: folds 
ant1won: raises $40.84 to $54.84 and is all-in
nastja336: calls $40.84
*** FLOP *** [Kc Js Jh]
*** TURN *** [Kc Js Jh] [Th]
*** RIVER *** [Kc Js Jh Th] [Jc]
*** SHOW DOWN ***
nastja336: shows [Ac Kh] (a full house, Jacks full of Kings)
ant1won: shows [Ad Ks] (a full house, Jacks full of Kings)
nastja336 collected $54.97 from pot
ant1won collected $54.96 from pot
*** SUMMARY ***
Total pot $112.43 | Rake $2.50 
Board [Kc Js Jh Th Jc]
Seat 1: shootingGRID folded before Flop
Seat 2: ant1won showed [Ad Ks] and won ($54.96) with a full house, Jacks full of Kings
Seat 3: BeauParleur folded before Flop (didn't bet)
Seat 4: ptolejmus (button) folded before Flop (didn't bet)
Seat 5: z00mba (small blind) folded before Flop
Seat 6: nastja336 (big blind) showed [Ac Kh] and won ($54.97) with a full house, Jacks full of Kings



PokerStars Hand #254539505218:  Hold'em No Limit ($0.50/$1.00 USD) - 2025/01/24 1:13:19 WET [2025/01/24 20:13:19 ET]
Table 'Benkoela IV' 6-max Seat #5 is the button
Seat 1: shootingGRID ($100 in chips) 
Seat 2: ant1won ($54.96 in chips) 
Seat 3: BeauParleur ($102.21 in chips) 
Seat 4: ptolejmus ($26.22 in chips) 
Seat 5: z00mba ($113.50 in chips) 
Seat 6: nastja336 ($166.58 in chips) 
nastja336: posts small blind $0.50
shootingGRID: posts big blind $1
*** HOLE CARDS ***
ant1won: folds 
BeauParleur: folds 
ptolejmus: folds 
z00mba: folds 
nastja336: folds 
Uncalled bet ($0.50) returned to shootingGRID
shootingGRID collected $1 from pot
*** SUMMARY ***
Total pot $1 | Rake $0 
Seat 1: shootingGRID (big blind) collected ($1)
Seat 2: ant1won folded before Flop (didn't bet)
Seat 3: BeauParleur folded before Flop (didn't bet)
Seat 4: ptolejmus folded before Flop (didn't bet)
Seat 5: z00mba (button) folded before Flop (didn't bet)
Seat 6: nastja336 (small blind) folded before Flop



PokerStars Hand #254539509094:  Hold'em No Limit ($0.50/$1.00 USD) - 2025/01/24 1:13:40 WET [2025/01/24 20:13:40 ET]
Table 'Benkoela IV' 6-max Seat #6 is the button
Seat 1: shootingGRID ($100.50 in chips) 
Seat 2: ant1won ($54.96 in chips) 
Seat 3: BeauParleur ($102.21 in chips) 
Seat 4: ptolejmus ($26.22 in chips) 
Seat 5: z00mba ($113.50 in chips) 
Seat 6: nastja336 ($166.08 in chips) 
shootingGRID: posts small blind $0.50
ant1won: posts big blind $1
*** HOLE CARDS ***
BeauParleur: folds 
ptolejmus: folds 
z00mba: folds 
nastja336: folds 
shootingGRID: raises $2 to $3
ant1won: calls $2
*** FLOP *** [3s 3h Qc]
shootingGRID: checks 
ant1won: bets $2.85
shootingGRID: calls $2.85
*** TURN *** [3s 3h Qc] [8h]
shootingGRID: checks 
ant1won: checks 
*** RIVER *** [3s 3h Qc 8h] [5h]
shootingGRID: bets $3.67
ant1won: calls $3.67
*** SHOW DOWN ***
shootingGRID: shows [Jc Js] (two pair, Jacks and Threes)
ant1won: mucks hand 
shootingGRID collected $18.09 from pot
*** SUMMARY ***
Total pot $19.04 | Rake $0.95 
Board [3s 3h Qc 8h 5h]
Seat 1: shootingGRID (small blind) showed [Jc Js] and won ($18.09) with two pair, Jacks and Threes
Seat 2: ant1won (big blind) mucked
Seat 3: BeauParleur folded before Flop (didn't bet)
Seat 4: ptolejmus folded before Flop (didn't bet)
Seat 5: z00mba folded before Flop (didn't bet)
Seat 6: nastja336 (button) folded before Flop (didn't bet)



PokerStars Hand #254539519965:  Hold'em No Limit ($0.50/$1.00 USD) - 2025/01/24 1:14:38 WET [2025/01/24 20:14:38 ET]
Table 'Benkoela IV' 6-max Seat #1 is the button
Seat 1: shootingGRID ($109.07 in chips) 
Seat 2: ant1won ($45.44 in chips) 
Seat 3: BeauParleur ($102.21 in chips) 
Seat 4: ptolejmus ($26.22 in chips) 
Seat 5: z00mba ($113.50 in chips) 
Seat 6: nastja336 ($166.08 in chips) 
ant1won: posts small blind $0.50
BeauParleur: posts big blind $1
*** HOLE CARDS ***
ptolejmus: folds 
z00mba: raises $1.50 to $2.50
nastja336: folds 
shootingGRID: folds 
ant1won: calls $2
BeauParleur: calls $1.50
*** FLOP *** [6h 5d Td]
ant1won: checks 
BeauParleur: checks 
z00mba: bets $2.28
ant1won: calls $2.28
BeauParleur: calls $2.28
*** TURN *** [6h 5d Td] [8h]
ant1won: checks 
BeauParleur: checks 
z00mba: checks 
*** RIVER *** [6h 5d Td 8h] [Kh]
ant1won: checks 
BeauParleur: bets $10.22
z00mba: folds 
ant1won: folds 
Uncalled bet ($10.22) returned to BeauParleur
BeauParleur collected $13.62 from pot
BeauParleur: doesn't show hand 
*** SUMMARY ***
Total pot $14.34 | Rake $0.72 
Board [6h 5d Td 8h Kh]
Seat 1: shootingGRID (button) folded before Flop (didn't bet)
Seat 2: ant1won (small blind) folded on the River
Seat 3: BeauParleur (big blind) collected ($13.62)
Seat 4: ptolejmus folded before Flop (didn't bet)
Seat 5: z00mba folded on the River
Seat 6: nastja336 folded before Flop (didn't bet)



PokerStars Hand #254539538014:  Hold'em No Limit ($0.50/$1.00 USD) - 2025/01/24 1:16:11 WET [2025/01/24 20:16:11 ET]
Table 'Benkoela IV' 6-max Seat #2 is the button
Seat 1: shootingGRID ($109.07 in chips) 
Seat 2: ant1won ($40.66 in chips) 
Seat 3: BeauParleur ($111.05 in chips) 
Seat 4: ptolejmus ($26.22 in chips) 
Seat 5: z00mba ($108.72 in chips) 
Seat 6: nastja336 ($166.08 in chips) 
BeauParleur: posts small blind $0.50
ptolejmus: posts big blind $1
*** HOLE CARDS ***
z00mba: folds 
nastja336: folds 
shootingGRID: folds 
ant1won: raises $2 to $3
BeauParleur: folds 
ptolejmus: folds 
Uncalled bet ($2) returned to ant1won
ant1won collected $2.50 from pot
*** SUMMARY ***
Total pot $2.50 | Rake $0 
Seat 1: shootingGRID folded before Flop (didn't bet)
Seat 2: ant1won (button) collected ($2.50)
Seat 3: BeauParleur (small blind) folded before Flop
Seat 4: ptolejmus (big blind) folded before Flop
Seat 5: z00mba folded before Flop (didn't bet)
Seat 6: nastja336 folded before Flop (didn't bet)



PokerStars Hand #254539546020:  Hold'em No Limit ($0.50/$1.00 USD) - 2025/01/24 1:16:53 WET [2025/01/24 20:16:53 ET]
Table 'Benkoela IV' 6-max Seat #3 is the button
Seat 1: shootingGRID ($109.07 in chips) 
Seat 2: ant1won ($42.16 in chips) 
Seat 3: BeauParleur ($110.55 in chips) 
Seat 4: ptolejmus ($25.22 in chips) 
Seat 5: z00mba ($108.72 in chips) 
Seat 6: nastja336 ($166.08 in chips) 
ptolejmus: posts small blind $0.50
z00mba: posts big blind $1
*** HOLE CARDS ***
nastja336: folds 
shootingGRID: folds 
ant1won: calls $1
BeauParleur: folds 
ptolejmus: calls $0.50
z00mba: checks 
*** FLOP *** [6s 2c 7h]
ptolejmus: checks 
z00mba: checks 
ant1won: checks 
*** TURN *** [6s 2c 7h] [9d]
ptolejmus: checks 
z00mba: checks 
ant1won: checks 
*** RIVER *** [6s 2c 7h 9d] [As]
ptolejmus: checks 
z00mba: checks 
ant1won: bets $1.43
ptolejmus: folds 
z00mba: folds 
Uncalled bet ($1.43) returned to ant1won
ant1won collected $2.85 from pot
*** SUMMARY ***
Total pot $3 | Rake $0.15 
Board [6s 2c 7h 9d As]
Seat 1: shootingGRID folded before Flop (didn't bet)
Seat 2: ant1won collected ($2.85)
Seat 3: BeauParleur (button) folded before Flop (didn't bet)
Seat 4: ptolejmus (small blind) folded on the River
Seat 5: z00mba (big blind) folded on the River
Seat 6: nastja336 folded before Flop (didn't bet)



PokerStars Hand #254539560964:  Hold'em No Limit ($0.50/$1.00 USD) - 2025/01/24 1:18:10 WET [2025/01/24 20:18:10 ET]
Table 'Benkoela IV' 6-max Seat #4 is the button
Seat 1: shootingGRID ($109.07 in chips) 
Seat 2: ant1won ($44.01 in chips) 
Seat 3: BeauParleur ($110.55 in chips) 
Seat 4: ptolejmus ($24.22 in chips) 
Seat 5: z00mba ($107.72 in chips) 
Seat 6: nastja336 ($166.08 in chips) 
z00mba: posts small blind $0.50
nastja336: posts big blind $1
*** HOLE CARDS ***
shootingGRID: folds 
ant1won: raises $1 to $2
BeauParleur: folds 
ptolejmus: folds 
z00mba: raises $7 to $9
nastja336: raises $15 to $24
ant1won: folds 
z00mba: folds 
Uncalled bet ($15) returned to nastja336
nastja336 collected $20 from pot
nastja336: doesn't show hand 
*** SUMMARY ***
Total pot $20 | Rake $0 
Seat 1: shootingGRID folded before Flop (didn't bet)
Seat 2: ant1won folded before Flop
Seat 3: BeauParleur folded before Flop (didn't bet)
Seat 4: ptolejmus (button) folded before Flop (didn't bet)
Seat 5: z00mba (small blind) folded before Flop
Seat 6: nastja336 (big blind) collected ($20)



PokerStars Hand #254539567791:  Hold'em No Limit ($0.50/$1.00 USD) - 2025/01/24 1:18:45 WET [2025/01/24 20:18:45 ET]
Table 'Benkoela IV' 6-max Seat #5 is the button
Seat 1: shootingGRID ($109.07 in chips) 
Seat 2: ant1won ($42.01 in chips) 
Seat 3: BeauParleur ($110.55 in chips) 
Seat 4: ptolejmus ($24.22 in chips) 
Seat 5: z00mba ($100 in chips) 
Seat 6: nastja336 ($177.08 in chips) 
nastja336: posts small blind $0.50
shootingGRID: posts big blind $1
*** HOLE CARDS ***
ant1won: folds 
BeauParleur: folds 
ptolejmus: folds 
z00mba: raises $1.50 to $2.50
nastja336: folds 
shootingGRID: raises $10.50 to $13
z00mba: folds 
Uncalled bet ($10.50) returned to shootingGRID
shootingGRID collected $5.50 from pot
*** SUMMARY ***
Total pot $5.50 | Rake $0 
Seat 1: shootingGRID (big blind) collected ($5.50)
Seat 2: ant1won folded before Flop (didn't bet)
Seat 3: BeauParleur folded before Flop (didn't bet)
Seat 4: ptolejmus folded before Flop (didn't bet)
Seat 5: z00mba (button) folded before Flop
Seat 6: nastja336 (small blind) folded before Flop



PokerStars Hand #254539573331:  Hold'em No Limit ($0.50/$1.00 USD) - 2025/01/24 1:19:14 WET [2025/01/24 20:19:14 ET]
Table 'Benkoela IV' 6-max Seat #6 is the button
Seat 1: shootingGRID ($112.07 in chips) 
Seat 2: ant1won ($42.01 in chips) 
Seat 3: BeauParleur ($110.55 in chips) 
Seat 4: ptolejmus ($24.22 in chips) 
Seat 5: z00mba ($100 in chips) 
Seat 6: nastja336 ($176.58 in chips) 
shootingGRID: posts small blind $0.50
ant1won: posts big blind $1
*** HOLE CARDS ***
BeauParleur: folds 
ptolejmus: folds 
z00mba: folds 
nastja336: folds 
shootingGRID: folds 
Uncalled bet ($0.50) returned to ant1won
ant1won collected $1 from pot
*** SUMMARY ***
Total pot $1 | Rake $0 
Seat 1: shootingGRID (small blind) folded before Flop
Seat 2: ant1won (big blind) collected ($1)
Seat 3: BeauParleur folded before Flop (didn't bet)
Seat 4: ptolejmus folded before Flop (didn't bet)
Seat 5: z00mba folded before Flop (didn't bet)
Seat 6: nastja336 (button) folded before Flop (didn't bet)



PokerStars Hand #254539575805:  Hold'em No Limit ($0.50/$1.00 USD) - 2025/01/24 1:19:27 WET [2025/01/24 20:19:27 ET]
Table 'Benkoela IV' 6-max Seat #1 is the button
Seat 1: shootingGRID ($111.57 in chips) 
Seat 2: ant1won ($42.51 in chips) 
Seat 3: BeauParleur ($110.55 in chips) 
Seat 4: ptolejmus ($24.22 in chips) 
Seat 5: z00mba ($100 in chips) 
Seat 6: nastja336 ($176.58 in chips) 
ant1won: posts small blind $0.50
BeauParleur: posts big blind $1
*** HOLE CARDS ***
ptolejmus: folds 
z00mba: folds 
nastja336: folds 
shootingGRID: raises $1.50 to $2.50
ant1won: folds 
BeauParleur: calls $1.50
*** FLOP *** [2h Qc 3d]
BeauParleur: checks 
shootingGRID: bets $1.72
BeauParleur: folds 
Uncalled bet ($1.72) returned to shootingGRID
shootingGRID collected $5.22 from pot
*** SUMMARY ***
Total pot $5.50 | Rake $0.28 
Board [2h Qc 3d]
Seat 1: shootingGRID (button) collected ($5.22)
Seat 2: ant1won (small blind) folded before Flop
Seat 3: BeauParleur (big blind) folded on the Flop
Seat 4: ptolejmus folded before Flop (didn't bet)
Seat 5: z00mba folded before Flop (didn't bet)
Seat 6: nastja336 folded before Flop (didn't bet)



PokerStars Hand #254539584037:  Hold'em No Limit ($0.50/$1.00 USD) - 2025/01/24 1:20:10 WET [2025/01/24 20:20:10 ET]
Table 'Benkoela IV' 6-max Seat #2 is the button
Seat 1: shootingGRID ($114.29 in chips) 
Seat 2: ant1won ($42.01 in chips) 
Seat 3: BeauParleur ($108.05 in chips) 
Seat 4: ptolejmus ($24.22 in chips) 
Seat 5: z00mba ($100 in chips) 
Seat 6: nastja336 ($176.58 in chips) 
BeauParleur: posts small blind $0.50
ptolejmus: posts big blind $1
*** HOLE CARDS ***
z00mba: folds 
nastja336: folds 
shootingGRID: folds 
ant1won: raises $1 to $2
BeauParleur: folds 
ptolejmus: folds 
Uncalled bet ($1) returned to ant1won
ant1won collected $2.50 from pot
*** SUMMARY ***
Total pot $2.50 | Rake $0 
Seat 1: shootingGRID folded before Flop (didn't bet)
Seat 2: ant1won (button) collected ($2.50)
Seat 3: BeauParleur (small blind) folded before Flop
Seat 4: ptolejmus (big blind) folded before Flop
Seat 5: z00mba folded before Flop (didn't bet)
Seat 6: nastja336 folded before Flop (didn't bet)



PokerStars Hand #254539588779:  Hold'em No Limit ($0.50/$1.00 USD) - 2025/01/24 1:20:34 WET [2025/01/24 20:20:34 ET]
Table 'Benkoela IV' 6-max Seat #3 is the button
Seat 1: shootingGRID ($114.29 in chips) 
Seat 2: ant1won ($43.51 in chips) 
Seat 3: BeauParleur ($107.55 in chips) 
Seat 4: ptolejmus ($23.22 in chips) 
Seat 5: z00mba ($100 in chips) 
Seat 6: nastja336 ($176.58 in chips) 
ptolejmus: posts small blind $0.50
z00mba: posts big blind $1
*** HOLE CARDS ***
nastja336: folds 
shootingGRID: raises $1.25 to $2.25
ant1won: calls $2.25
BeauParleur: folds 
ptolejmus: folds 
z00mba: calls $1.25
*** FLOP *** [Ad 8h 2d]
z00mba: checks 
shootingGRID: checks 
ant1won: checks 
*** TURN *** [Ad 8h 2d] [Ah]
z00mba: bets $2
shootingGRID: folds 
ant1won: calls $2
*** RIVER *** [Ad 8h 2d Ah] [Kc]
z00mba: bets $5
ant1won: folds 
Uncalled bet ($5) returned to z00mba
z00mba collected $10.69 from pot
z00mba: doesn't show hand 
*** SUMMARY ***
Total pot $11.25 | Rake $0.56 
Board [Ad 8h 2d Ah Kc]
Seat 1: shootingGRID folded on the Turn
Seat 2: ant1won folded on the River
Seat 3: BeauParleur (button) folded before Flop (didn't bet)
Seat 4: ptolejmus (small blind) folded before Flop
Seat 5: z00mba (big blind) collected ($10.69)
Seat 6: nastja336 folded before Flop (didn't bet)



PokerStars Hand #254539598176:  Hold'em No Limit ($0.50/$1.00 USD) - 2025/01/24 1:21:23 WET [2025/01/24 20:21:23 ET]
Table 'Benkoela IV' 6-max Seat #4 is the button
Seat 1: shootingGRID ($112.04 in chips) 
Seat 2: ant1won ($39.26 in chips) 
Seat 3: BeauParleur ($107.55 in chips) 
Seat 4: ptolejmus ($22.72 in chips) 
Seat 5: z00mba ($106.44 in chips) 
Seat 6: nastja336 ($176.58 in chips) 
z00mba: posts small blind $0.50
nastja336: posts big blind $1
*** HOLE CARDS ***
shootingGRID: folds 
ant1won: folds 
BeauParleur: folds 
ant1won leaves the table
ptolejmus: raises $1 to $2
z00mba: raises $6 to $8
nastja336: folds 
ptolejmus: raises $14.72 to $22.72 and is all-in
z00mba: calls $14.72
*** FLOP *** [6c 3h 7c]
*** TURN *** [6c 3h 7c] [8d]
*** RIVER *** [6c 3h 7c 8d] [2s]
*** SHOW DOWN ***
z00mba: shows [4h 4d] (a pair of Fours)
ptolejmus: shows [4c 4s] (a pair of Fours)
z00mba collected $22.06 from pot
ptolejmus collected $22.06 from pot
*** SUMMARY ***
Total pot $46.44 | Rake $2.32 
Board [6c 3h 7c 8d 2s]
Seat 1: shootingGRID folded before Flop (didn't bet)
Seat 2: ant1won folded before Flop (didn't bet)
Seat 3: BeauParleur folded before Flop (didn't bet)
Seat 4: ptolejmus (button) showed [4c 4s] and won ($22.06) with a pair of Fours
Seat 5: z00mba (small blind) showed [4h 4d] and won ($22.06) with a pair of Fours
Seat 6: nastja336 (big blind) folded before Flop



PokerStars Hand #254539604714:  Hold'em No Limit ($0.50/$1.00 USD) - 2025/01/24 1:21:58 WET [2025/01/24 20:21:58 ET]
Table 'Benkoela IV' 6-max Seat #5 is the button
Seat 1: shootingGRID ($112.04 in chips) 
Seat 3: BeauParleur ($107.55 in chips) 
Seat 4: ptolejmus ($22.06 in chips) 
Seat 5: z00mba ($105.78 in chips) 
Seat 6: nastja336 ($175.58 in chips) 
nastja336: posts small blind $0.50
shootingGRID: posts big blind $1
*** HOLE CARDS ***
BeauParleur: folds 
ptolejmus: folds 
z00mba: folds 
nastja336: folds 
Uncalled bet ($0.50) returned to shootingGRID
shootingGRID collected $1 from pot
*** SUMMARY ***
Total pot $1 | Rake $0 
Seat 1: shootingGRID (big blind) collected ($1)
Seat 3: BeauParleur folded before Flop (didn't bet)
Seat 4: ptolejmus folded before Flop (didn't bet)
Seat 5: z00mba (button) folded before Flop (didn't bet)
Seat 6: nastja336 (small blind) folded before Flop



PokerStars Hand #254539606772:  Hold'em No Limit ($0.50/$1.00 USD) - 2025/01/24 1:22:09 WET [2025/01/24 20:22:09 ET]
Table 'Benkoela IV' 6-max Seat #6 is the button
Seat 1: shootingGRID ($112.54 in chips) 
Seat 3: BeauParleur ($107.55 in chips) 
Seat 4: ptolejmus ($22.06 in chips) 
Seat 5: z00mba ($105.78 in chips) 
Seat 6: nastja336 ($175.08 in chips) 
shootingGRID: posts small blind $0.50
BeauParleur: posts big blind $1
*** HOLE CARDS ***
ptolejmus: folds 
z00mba: folds 
nastja336: raises $1.50 to $2.50
ptolejmus leaves the table
shootingGRID: folds 
BeauParleur: calls $1.50
*** FLOP *** [Td 2s Jd]
BeauParleur: checks 
nastja336: bets $2.61
BeauParleur: calls $2.61
*** TURN *** [Td 2s Jd] [As]
BeauParleur: checks 
avlee1 joins the table at seat #4 
anthonycu12 joins the table at seat #2 
anthonycu12 is disconnected 
nastja336: bets $13.54
BeauParleur: folds 
Uncalled bet ($13.54) returned to nastja336
nastja336 collected $10.18 from pot
nastja336: doesn't show hand 
*** SUMMARY ***
Total pot $10.72 | Rake $0.54 
Board [Td 2s Jd As]
Seat 1: shootingGRID (small blind) folded before Flop
Seat 3: BeauParleur (big blind) folded on the Turn
Seat 4: ptolejmus folded before Flop (didn't bet)
Seat 5: z00mba folded before Flop (didn't bet)
Seat 6: nastja336 (button) collected ($10.18)



PokerStars Hand #254539615993:  Hold'em No Limit ($0.50/$1.00 USD) - 2025/01/24 1:22:58 WET [2025/01/24 20:22:58 ET]
Table 'Benkoela IV' 6-max Seat #1 is the button
Seat 2: anthonycu12 ($10.50 in chips) is sitting out
Seat 1: shootingGRID ($112.04 in chips) 
Seat 3: BeauParleur ($102.44 in chips) 
Seat 4: avlee1 ($100 in chips) 
Seat 5: z00mba ($105.78 in chips) 
Seat 6: nastja336 ($180.15 in chips) 
BeauParleur: posts small blind $0.50
avlee1: posts big blind $1
*** HOLE CARDS ***
z00mba: folds 
nastja336: folds 
shootingGRID: raises $1.50 to $2.50
BeauParleur: folds 
avlee1: folds 
Uncalled bet ($1.50) returned to shootingGRID
shootingGRID collected $2.50 from pot
*** SUMMARY ***
Total pot $2.50 | Rake $0 
Seat 2: anthonycu12
Seat 1: shootingGRID (button) collected ($2.50)
Seat 3: BeauParleur (small blind) folded before Flop
Seat 4: avlee1 (big blind) folded before Flop
Seat 5: z00mba folded before Flop (didn't bet)
Seat 6: nastja336 folded before Flop (didn't bet)



PokerStars Hand #254539619282:  Hold'em No Limit ($0.50/$1.00 USD) - 2025/01/24 1:23:16 WET [2025/01/24 20:23:16 ET]
Table 'Benkoela IV' 6-max Seat #3 is the button
Seat 2: anthonycu12 ($10.50 in chips) is sitting out
Seat 1: shootingGRID ($113.54 in chips) 
Seat 3: BeauParleur ($101.94 in chips) 
Seat 4: avlee1 ($100 in chips) 
Seat 5: z00mba ($105.78 in chips) 
Seat 6: nastja336 ($180.15 in chips) 
avlee1: posts small blind $0.50
z00mba: posts big blind $1
anthonycu12: sits out 
*** HOLE CARDS ***
nastja336: folds 
shootingGRID: folds 
BeauParleur: folds 
avlee1: folds 
Uncalled bet ($0.50) returned to z00mba
z00mba collected $1 from pot
z00mba: doesn't show hand 
*** SUMMARY ***
Total pot $1 | Rake $0 
Seat 2: anthonycu12
Seat 1: shootingGRID folded before Flop (didn't bet)
Seat 3: BeauParleur (button) folded before Flop (didn't bet)
Seat 4: avlee1 (small blind) folded before Flop
Seat 5: z00mba (big blind) collected ($1)
Seat 6: nastja336 folded before Flop (didn't bet)



PokerStars Hand #254539622049:  Hold'em No Limit ($0.50/$1.00 USD) - 2025/01/24 1:23:31 WET [2025/01/24 20:23:31 ET]
Table 'Benkoela IV' 6-max Seat #4 is the button
Seat 2: anthonycu12 ($10.50 in chips) is sitting out
Seat 1: shootingGRID ($113.54 in chips) 
Seat 3: BeauParleur ($101.94 in chips) 
Seat 4: avlee1 ($100 in chips) 
Seat 5: z00mba ($106.28 in chips) 
Seat 6: nastja336 ($180.15 in chips) 
z00mba: posts small blind $0.50
nastja336: posts big blind $1
anthonycu12: sits out 
*** HOLE CARDS ***
shootingGRID: raises $1.25 to $2.25
BeauParleur: folds 
avlee1: folds 
z00mba: folds 
nastja336: folds 
Uncalled bet ($1.25) returned to shootingGRID
shootingGRID collected $2.50 from pot
*** SUMMARY ***
Total pot $2.50 | Rake $0 
Seat 2: anthonycu12
Seat 1: shootingGRID collected ($2.50)
Seat 3: BeauParleur folded before Flop (didn't bet)
Seat 4: avlee1 (button) folded before Flop (didn't bet)
Seat 5: z00mba (small blind) folded before Flop
Seat 6: nastja336 (big blind) folded before Flop



PokerStars Hand #254539624084:  Hold'em No Limit ($0.50/$1.00 USD) - 2025/01/24 1:23:42 WET [2025/01/24 20:23:42 ET]
Table 'Benkoela IV' 6-max Seat #5 is the button
Seat 2: anthonycu12 ($10.50 in chips) 
Seat 3: BeauParleur ($101.94 in chips) 
Seat 4: avlee1 ($100 in chips) 
Seat 5: z00mba ($105.78 in chips) 
Seat 6: nastja336 ($179.15 in chips) 
nastja336: posts small blind $0.50
anthonycu12: posts big blind $1
*** HOLE CARDS ***
BeauParleur: folds 
avlee1: raises $1.50 to $2.50
B1GBankroll joins the table at seat #1 
z00mba: folds 
nastja336: folds 
anthonycu12: folds 
Uncalled bet ($1.50) returned to avlee1
avlee1 collected $2.50 from pot
avlee1: doesn't show hand 
*** SUMMARY ***
Total pot $2.50 | Rake $0 
Seat 2: anthonycu12 (big blind) folded before Flop
Seat 3: BeauParleur folded before Flop (didn't bet)
Seat 4: avlee1 collected ($2.50)
Seat 5: z00mba (button) folded before Flop (didn't bet)
Seat 6: nastja336 (small blind) folded before Flop



PokerStars Hand #254539627347:  Hold'em No Limit ($0.50/$1.00 USD) - 2025/01/24 1:23:59 WET [2025/01/24 20:23:59 ET]
Table 'Benkoela IV' 6-max Seat #6 is the button
Seat 1: B1GBankroll ($100 in chips) is sitting out
Seat 2: anthonycu12 ($9.50 in chips) 
Seat 3: BeauParleur ($101.94 in chips) 
Seat 4: avlee1 ($101.50 in chips) 
Seat 5: z00mba ($105.78 in chips) 
Seat 6: nastja336 ($178.65 in chips) 
anthonycu12: posts small blind $0.50
BeauParleur: posts big blind $1
*** HOLE CARDS ***
avlee1: folds 
z00mba: folds 
nastja336: folds 
anthonycu12: calls $0.50
BeauParleur: checks 
*** FLOP *** [9d 7d 5h]
anthonycu12: checks 
BeauParleur: bets $1
anthonycu12: calls $1
*** TURN *** [9d 7d 5h] [3d]
anthonycu12: checks 
BeauParleur: bets $1
anthonycu12: folds 
Uncalled bet ($1) returned to BeauParleur
BeauParleur collected $3.80 from pot
BeauParleur: doesn't show hand 
*** SUMMARY ***
Total pot $4 | Rake $0.20 
Board [9d 7d 5h 3d]
Seat 1: B1GBankroll
Seat 2: anthonycu12 (small blind) folded on the Turn
Seat 3: BeauParleur (big blind) collected ($3.80)
Seat 4: avlee1 folded before Flop (didn't bet)
Seat 5: z00mba folded before Flop (didn't bet)
Seat 6: nastja336 (button) folded before Flop (didn't bet)



PokerStars Hand #254539638382:  Hold'em No Limit ($0.50/$1.00 USD) - 2025/01/24 1:24:58 WET [2025/01/24 20:24:58 ET]
Table 'Benkoela IV' 6-max Seat #2 is the button
Seat 1: B1GBankroll ($100 in chips) is sitting out
Seat 2: anthonycu12 ($7.50 in chips) 
Seat 3: BeauParleur ($103.74 in chips) 
Seat 4: avlee1 ($101.50 in chips) 
Seat 5: z00mba ($105.78 in chips) 
Seat 6: nastja336 ($178.65 in chips) 
BeauParleur: posts small blind $0.50
avlee1: posts big blind $1
B1GBankroll: sits out 
*** HOLE CARDS ***
z00mba: raises $1.50 to $2.50
nastja336: folds 
anthonycu12: folds 
BeauParleur: folds 
avlee1: folds 
Uncalled bet ($1.50) returned to z00mba
z00mba collected $2.50 from pot
z00mba: doesn't show hand 
*** SUMMARY ***
Total pot $2.50 | Rake $0 
Seat 1: B1GBankroll
Seat 2: anthonycu12 (button) folded before Flop (didn't bet)
Seat 3: BeauParleur (small blind) folded before Flop
Seat 4: avlee1 (big blind) folded before Flop
Seat 5: z00mba collected ($2.50)
Seat 6: nastja336 folded before Flop (didn't bet)



PokerStars Hand #254539641307:  Hold'em No Limit ($0.50/$1.00 USD) - 2025/01/24 1:25:14 WET [2025/01/24 20:25:14 ET]
Table 'Benkoela IV' 6-max Seat #3 is the button
Seat 1: B1GBankroll ($100 in chips) is sitting out
Seat 2: anthonycu12 ($7.50 in chips) 
Seat 3: BeauParleur ($103.24 in chips) 
Seat 4: avlee1 ($100.50 in chips) 
Seat 5: z00mba ($107.28 in chips) 
Seat 6: nastja336 ($178.65 in chips) 
avlee1: posts small blind $0.50
z00mba: posts big blind $1
B1GBankroll: sits out 
*** HOLE CARDS ***
nastja336: folds 
anthonycu12: folds 
BeauParleur: folds 
avlee1: folds 
Uncalled bet ($0.50) returned to z00mba
z00mba collected $1 from pot
z00mba: doesn't show hand 
*** SUMMARY ***
Total pot $1 | Rake $0 
Seat 1: B1GBankroll
Seat 2: anthonycu12 folded before Flop (didn't bet)
Seat 3: BeauParleur (button) folded before Flop (didn't bet)
Seat 4: avlee1 (small blind) folded before Flop
Seat 5: z00mba (big blind) collected ($1)
Seat 6: nastja336 folded before Flop (didn't bet)



PokerStars Hand #254539644455:  Hold'em No Limit ($0.50/$1.00 USD) - 2025/01/24 1:25:30 WET [2025/01/24 20:25:30 ET]
Table 'Benkoela IV' 6-max Seat #4 is the button
Seat 1: B1GBankroll ($100 in chips) is sitting out
Seat 2: anthonycu12 ($7.50 in chips) 
Seat 3: BeauParleur ($103.24 in chips) 
Seat 4: avlee1 ($100 in chips) 
Seat 5: z00mba ($107.78 in chips) 
Seat 6: nastja336 ($178.65 in chips) 
z00mba: posts small blind $0.50
nastja336: posts big blind $1
B1GBankroll: sits out 
*** HOLE CARDS ***
anthonycu12: folds 
BeauParleur: folds 
avlee1: folds 
z00mba: raises $2 to $3
nastja336: folds 
Uncalled bet ($2) returned to z00mba
z00mba collected $2 from pot
z00mba: doesn't show hand 
*** SUMMARY ***
Total pot $2 | Rake $0 
Seat 1: B1GBankroll
Seat 2: anthonycu12 folded before Flop (didn't bet)
Seat 3: BeauParleur folded before Flop (didn't bet)
Seat 4: avlee1 (button) folded before Flop (didn't bet)
Seat 5: z00mba (small blind) collected ($2)
Seat 6: nastja336 (big blind) folded before Flop



PokerStars Hand #254539647549:  Hold'em No Limit ($0.50/$1.00 USD) - 2025/01/24 1:25:47 WET [2025/01/24 20:25:47 ET]
Table 'Benkoela IV' 6-max Seat #5 is the button
Seat 1: B1GBankroll ($100 in chips) 
Seat 2: anthonycu12 ($7.50 in chips) 
Seat 3: BeauParleur ($103.24 in chips) 
Seat 4: avlee1 ($100 in chips) 
Seat 5: z00mba ($108.78 in chips) 
Seat 6: nastja336 ($177.65 in chips) 
nastja336: posts small blind $0.50
B1GBankroll: posts big blind $1
*** HOLE CARDS ***
anthonycu12: folds 
BeauParleur: raises $1 to $2
avlee1: folds 
z00mba: folds 
nastja336: folds 
B1GBankroll: folds 
Uncalled bet ($1) returned to BeauParleur
BeauParleur collected $2.50 from pot
BeauParleur: doesn't show hand 
*** SUMMARY ***
Total pot $2.50 | Rake $0 
Seat 1: B1GBankroll (big blind) folded before Flop
Seat 2: anthonycu12 folded before Flop (didn't bet)
Seat 3: BeauParleur collected ($2.50)
Seat 4: avlee1 folded before Flop (didn't bet)
Seat 5: z00mba (button) folded before Flop (didn't bet)
Seat 6: nastja336 (small blind) folded before Flop



PokerStars Hand #254539650328:  Hold'em No Limit ($0.50/$1.00 USD) - 2025/01/24 1:26:01 WET [2025/01/24 20:26:01 ET]
Table 'Benkoela IV' 6-max Seat #6 is the button
Seat 1: B1GBankroll ($100 in chips) 
Seat 2: anthonycu12 ($7.50 in chips) 
Seat 3: BeauParleur ($104.74 in chips) 
Seat 4: avlee1 ($100 in chips) 
Seat 5: z00mba ($108.78 in chips) 
Seat 6: nastja336 ($177.15 in chips) 
B1GBankroll: posts small blind $0.50
anthonycu12: posts big blind $1
*** HOLE CARDS ***
BeauParleur: folds 
avlee1: folds 
z00mba: folds 
nastja336: folds 
B1GBankroll: raises $99 to $100 and is all-in
anthonycu12: calls $6.50 and is all-in
Uncalled bet ($92.50) returned to B1GBankroll
*** FLOP *** [8s 6h 7c]
*** TURN *** [8s 6h 7c] [7d]
*** RIVER *** [8s 6h 7c 7d] [Ad]
*** SHOW DOWN ***
B1GBankroll: shows [6s 4s] (two pair, Sevens and Sixes)
anthonycu12: shows [Ah Kc] (two pair, Aces and Sevens)
anthonycu12 collected $14.25 from pot
*** SUMMARY ***
Total pot $15 | Rake $0.75 
Board [8s 6h 7c 7d Ad]
Seat 1: B1GBankroll (small blind) showed [6s 4s] and lost with two pair, Sevens and Sixes
Seat 2: anthonycu12 (big blind) showed [Ah Kc] and won ($14.25) with two pair, Aces and Sevens
Seat 3: BeauParleur folded before Flop (didn't bet)
Seat 4: avlee1 folded before Flop (didn't bet)
Seat 5: z00mba folded before Flop (didn't bet)
Seat 6: nastja336 (button) folded before Flop (didn't bet)



PokerStars Hand #254539656343:  Hold'em No Limit ($0.50/$1.00 USD) - 2025/01/24 1:26:33 WET [2025/01/24 20:26:33 ET]
Table 'Benkoela IV' 6-max Seat #1 is the button
Seat 1: B1GBankroll ($100 in chips) 
Seat 2: anthonycu12 ($14.25 in chips) 
Seat 3: BeauParleur ($104.74 in chips) 
Seat 4: avlee1 ($100 in chips) 
Seat 5: z00mba ($108.78 in chips) 
Seat 6: nastja336 ($177.15 in chips) 
anthonycu12: posts small blind $0.50
BeauParleur: posts big blind $1
*** HOLE CARDS ***
avlee1: raises $1.50 to $2.50
z00mba: folds 
nastja336: folds 
B1GBankroll: raises $5 to $7.50
anthonycu12: folds 
BeauParleur: folds 
avlee1: folds 
Uncalled bet ($5) returned to B1GBankroll
B1GBankroll collected $6.50 from pot
B1GBankroll: doesn't show hand 
*** SUMMARY ***
Total pot $6.50 | Rake $0 
Seat 1: B1GBankroll (button) collected ($6.50)
Seat 2: anthonycu12 (small blind) folded before Flop
Seat 3: BeauParleur (big blind) folded before Flop
Seat 4: avlee1 folded before Flop
Seat 5: z00mba folded before Flop (didn't bet)
Seat 6: nastja336 folded before Flop (didn't bet)



PokerStars Hand #254539660010:  Hold'em No Limit ($0.50/$1.00 USD) - 2025/01/24 1:26:53 WET [2025/01/24 20:26:53 ET]
Table 'Benkoela IV' 6-max Seat #2 is the button
Seat 1: B1GBankroll ($104 in chips) 
Seat 2: anthonycu12 ($13.75 in chips) 
Seat 3: BeauParleur ($103.74 in chips) 
Seat 4: avlee1 ($100 in chips) 
Seat 5: z00mba ($108.78 in chips) 
Seat 6: nastja336 ($177.15 in chips) 
BeauParleur: posts small blind $0.50
avlee1: posts big blind $1
*** HOLE CARDS ***
z00mba: folds 
nastja336: folds 
B1GBankroll: folds 
anthonycu12: raises $12.75 to $13.75 and is all-in
BeauParleur: folds 
avlee1: folds 
Uncalled bet ($12.75) returned to anthonycu12
anthonycu12 collected $2.50 from pot
*** SUMMARY ***
Total pot $2.50 | Rake $0 
Seat 1: B1GBankroll folded before Flop (didn't bet)
Seat 2: anthonycu12 (button) collected ($2.50)
Seat 3: BeauParleur (small blind) folded before Flop
Seat 4: avlee1 (big blind) folded before Flop
Seat 5: z00mba folded before Flop (didn't bet)
Seat 6: nastja336 folded before Flop (didn't bet)



PokerStars Hand #254539664680:  Hold'em No Limit ($0.50/$1.00 USD) - 2025/01/24 1:27:17 WET [2025/01/24 20:27:17 ET]
Table 'Benkoela IV' 6-max Seat #3 is the button
Seat 5: z00mba ($108.78 in chips) is sitting out
Seat 6: nastja336 ($177.15 in chips) is sitting out
Seat 1: B1GBankroll ($104 in chips) 
Seat 2: anthonycu12 ($15.25 in chips) 
Seat 3: BeauParleur ($103.24 in chips) 
Seat 4: avlee1 ($100 in chips) 
avlee1: posts small blind $0.50
z00mba: is sitting out 
nastja336: is sitting out 
B1GBankroll: posts big blind $1
*** HOLE CARDS ***
nastja336 leaves the table
anthonycu12: folds 
BeauParleur: raises $1.50 to $2.50
avlee1: folds 
B1GBankroll: calls $1.50
*** FLOP *** [Th 9d Ts]
XneferX joins the table at seat #6 
B1GBankroll: checks 
BeauParleur: bets $1.72
B1GBankroll: calls $1.72
*** TURN *** [Th 9d Ts] [5c]
B1GBankroll: checks 
BeauParleur: bets $6.37
B1GBankroll: folds 
Uncalled bet ($6.37) returned to BeauParleur
BeauParleur collected $8.49 from pot
BeauParleur: doesn't show hand 
*** SUMMARY ***
Total pot $8.94 | Rake $0.45 
Board [Th 9d Ts 5c]
Seat 5: z00mba
Seat 6: nastja336
Seat 1: B1GBankroll (big blind) folded on the Turn
Seat 2: anthonycu12 folded before Flop (didn't bet)
Seat 3: BeauParleur (button) collected ($8.49)
Seat 4: avlee1 (small blind) folded before Flop



PokerStars Hand #254539675842:  Hold'em No Limit ($0.50/$1.00 USD) - 2025/01/24 1:28:16 WET [2025/01/24 20:28:16 ET]
Table 'Benkoela IV' 6-max Seat #4 is the button
Seat 5: z00mba ($108.78 in chips) is sitting out
Seat 6: XneferX ($100 in chips) is sitting out
Seat 1: B1GBankroll ($100 in chips) 
Seat 2: anthonycu12 ($15.25 in chips) 
Seat 3: BeauParleur ($107.51 in chips) 
Seat 4: avlee1 ($100 in chips) 
B1GBankroll: posts small blind $0.50
anthonycu12: posts big blind $1
*** HOLE CARDS ***
BeauParleur: folds 
avlee1: raises $1.50 to $2.50
B1GBankroll: raises $8.75 to $11.25
anthonycu12: raises $4 to $15.25 and is all-in
avlee1: folds 
B1GBankroll: calls $4
*** FLOP *** [5s Qh Kd]
*** TURN *** [5s Qh Kd] [2h]
*** RIVER *** [5s Qh Kd 2h] [7s]
*** SHOW DOWN ***
B1GBankroll: shows [Ac Kc] (a pair of Kings)
anthonycu12: shows [8s 8h] (a pair of Eights)
B1GBankroll collected $32 from pot
*** SUMMARY ***
Total pot $33 | Rake $1 
Board [5s Qh Kd 2h 7s]
Seat 5: z00mba
Seat 6: XneferX
Seat 1: B1GBankroll (small blind) showed [Ac Kc] and won ($32) with a pair of Kings
Seat 2: anthonycu12 (big blind) showed [8s 8h] and lost with a pair of Eights
Seat 3: BeauParleur folded before Flop (didn't bet)
Seat 4: avlee1 (button) folded before Flop



PokerStars Hand #254539682518:  Hold'em No Limit ($0.50/$1.00 USD) - 2025/01/24 1:28:51 WET [2025/01/24 20:28:51 ET]
Table 'Benkoela IV' 6-max Seat #1 is the button
Seat 2: anthonycu12 ($0 in chips) is sitting out
Seat 4: avlee1 ($100 in chips) is sitting out
Seat 5: z00mba ($108.78 in chips) is sitting out
Seat 1: B1GBankroll ($116.75 in chips) 
Seat 3: BeauParleur ($107.51 in chips) 
Seat 6: XneferX ($100 in chips) 
BeauParleur: posts small blind $0.50
avlee1: is sitting out 
z00mba: is sitting out 
XneferX: posts big blind $1
*** HOLE CARDS ***
anthonycu12 leaves the table
B1GBankroll: folds 
z00mba leaves the table
avlee1 leaves the table
BeauParleur: raises $2 to $3
XneferX: folds 
Uncalled bet ($2) returned to BeauParleur
BeauParleur collected $2 from pot
BeauParleur: doesn't show hand 
*** SUMMARY ***
Total pot $2 | Rake $0 
Seat 2: anthonycu12
Seat 4: avlee1
Seat 5: z00mba
Seat 1: B1GBankroll (button) folded before Flop (didn't bet)
Seat 3: BeauParleur (small blind) collected ($2)
Seat 6: XneferX (big blind) folded before Flop



PokerStars Hand #254539688576:  Hold'em No Limit ($0.50/$1.00 USD) - 2025/01/24 1:29:23 WET [2025/01/24 20:29:23 ET]
Table 'Benkoela IV' 6-max Seat #6 is the button
Seat 1: B1GBankroll ($116.75 in chips) is sitting out
Seat 3: BeauParleur ($108.51 in chips) 
Seat 6: XneferX ($100 in chips) 
XneferX: posts small blind $0.50
B1GBankroll: is sitting out 
BeauParleur: posts big blind $1
*** HOLE CARDS ***
B1GBankroll leaves the table
XneferX: folds 
Uncalled bet ($0.50) returned to BeauParleur
BeauParleur collected $1 from pot
BeauParleur: doesn't show hand 
XneferX leaves the table
*** SUMMARY ***
Total pot $1 | Rake $0 
Seat 1: B1GBankroll
Seat 3: BeauParleur (big blind) collected ($1)
Seat 6: XneferX (button) (small blind) folded before Flop



