PokerStars Hand #254537790962:  Hold'em No Limit ($0.50/$1.00 USD) - 2025/01/24 23:10:20 WET [2025/01/24 18:10:20 ET]
Table 'Diphda IV' 6-max Seat #3 is the button
Seat 1: nikalas22 ($100 in chips) is sitting out
Seat 3: uuzka ($100 in chips) 
Seat 5: m0nTTu ($10 in chips) 
uuzka: posts small blind $0.50
m0nTTu: posts big blind $1
*** HOLE CARDS ***
uuzka: raises $99 to $100 and is all-in
m0nTTu: folds 
Uncalled bet ($99) returned to uuzka
uuzka collected $2 from pot
uuzka: doesn't show hand 
*** SUMMARY ***
Total pot $2 | Rake $0 
Seat 1: nikalas22
Seat 3: uuzka (button) (small blind) collected ($2)
Seat 5: m0nTTu (big blind) folded before Flop



PokerStars Hand #254537799661:  Hold'em No Limit ($0.50/$1.00 USD) - 2025/01/24 23:10:52 WET [2025/01/24 18:10:52 ET]
Table 'Diphda IV' 6-max Seat #3 is the button
Seat 1: nikalas22 ($100 in chips) 
Seat 3: uuzka ($101 in chips) 
Seat 5: m0nTTu ($10 in chips) 
m0nTTu: posts small blind $0.50
nikalas22: posts big blind $1
*** HOLE CARDS ***
uuzka: folds 
m0nTTu: raises $9 to $10 and is all-in
nikalas22: folds 
Uncalled bet ($9) returned to m0nTTu
m0nTTu collected $2 from pot
m0nTTu: doesn't show hand 
*** SUMMARY ***
Total pot $2 | Rake $0 
Seat 1: nikalas22 (big blind) folded before Flop
Seat 3: uuzka (button) folded before Flop (didn't bet)
Seat 5: m0nTTu (small blind) collected ($2)



PokerStars Hand #254537807713:  Hold'em No Limit ($0.50/$1.00 USD) - 2025/01/24 23:11:22 WET [2025/01/24 18:11:22 ET]
Table 'Diphda IV' 6-max Seat #5 is the button
Seat 1: nikalas22 ($100 in chips) 
Seat 3: uuzka ($101 in chips) 
Seat 5: m0nTTu ($11 in chips) 
nikalas22: posts small blind $0.50
uuzka: posts big blind $1
*** HOLE CARDS ***
m0nTTu: folds 
nikalas22: folds 
Uncalled bet ($0.50) returned to uuzka
uuzka collected $1 from pot
uuzka: doesn't show hand 
*** SUMMARY ***
Total pot $1 | Rake $0 
Seat 1: nikalas22 (small blind) folded before Flop
Seat 3: uuzka (big blind) collected ($1)
Seat 5: m0nTTu (button) folded before Flop (didn't bet)



PokerStars Hand #254537812685:  Hold'em No Limit ($0.50/$1.00 USD) - 2025/01/24 23:11:40 WET [2025/01/24 18:11:40 ET]
Table 'Diphda IV' 6-max Seat #1 is the button
Seat 1: nikalas22 ($100 in chips) 
Seat 3: uuzka ($101.50 in chips) 
Seat 5: m0nTTu ($11 in chips) 
uuzka: posts small blind $0.50
m0nTTu: posts big blind $1
*** HOLE CARDS ***
nikalas22: folds 
uuzka: folds 
Uncalled bet ($0.50) returned to m0nTTu
m0nTTu collected $1 from pot
m0nTTu: doesn't show hand 
*** SUMMARY ***
Total pot $1 | Rake $0 
Seat 1: nikalas22 (button) folded before Flop (didn't bet)
Seat 3: uuzka (small blind) folded before Flop
Seat 5: m0nTTu (big blind) collected ($1)



PokerStars Hand #254537816560:  Hold'em No Limit ($0.50/$1.00 USD) - 2025/01/24 23:11:54 WET [2025/01/24 18:11:54 ET]
Table 'Diphda IV' 6-max Seat #3 is the button
Seat 1: nikalas22 ($100 in chips) 
Seat 3: uuzka ($101 in chips) 
Seat 5: m0nTTu ($11.50 in chips) 
m0nTTu: posts small blind $0.50
nikalas22: posts big blind $1
*** HOLE CARDS ***
uuzka: raises $1.50 to $2.50
m0nTTu: folds 
nikalas22: folds 
Uncalled bet ($1.50) returned to uuzka
uuzka collected $2.50 from pot
uuzka: doesn't show hand 
*** SUMMARY ***
Total pot $2.50 | Rake $0 
Seat 1: nikalas22 (big blind) folded before Flop
Seat 3: uuzka (button) collected ($2.50)
Seat 5: m0nTTu (small blind) folded before Flop



PokerStars Hand #254537824879:  Hold'em No Limit ($0.50/$1.00 USD) - 2025/01/24 23:12:25 WET [2025/01/24 18:12:25 ET]
Table 'Diphda IV' 6-max Seat #5 is the button
Seat 1: nikalas22 ($100 in chips) 
Seat 3: uuzka ($102.50 in chips) 
Seat 5: m0nTTu ($11 in chips) 
nikalas22: posts small blind $0.50
uuzka: posts big blind $1
*** HOLE CARDS ***
m0nTTu: folds 
nikalas22: raises $2 to $3
uuzka: folds 
Uncalled bet ($2) returned to nikalas22
nikalas22 collected $2 from pot
nikalas22: doesn't show hand 
*** SUMMARY ***
Total pot $2 | Rake $0 
Seat 1: nikalas22 (small blind) collected ($2)
Seat 3: uuzka (big blind) folded before Flop
Seat 5: m0nTTu (button) folded before Flop (didn't bet)



PokerStars Hand #254537831274:  Hold'em No Limit ($0.50/$1.00 USD) - 2025/01/24 23:12:48 WET [2025/01/24 18:12:48 ET]
Table 'Diphda IV' 6-max Seat #1 is the button
Seat 1: nikalas22 ($101 in chips) 
Seat 3: uuzka ($101.50 in chips) 
Seat 5: m0nTTu ($11 in chips) 
uuzka: posts small blind $0.50
m0nTTu: posts big blind $1
*** HOLE CARDS ***
nikalas22: raises $1.50 to $2.50
uuzka: folds 
m0nTTu: folds 
Uncalled bet ($1.50) returned to nikalas22
nikalas22 collected $2.50 from pot
nikalas22: doesn't show hand 
*** SUMMARY ***
Total pot $2.50 | Rake $0 
Seat 1: nikalas22 (button) collected ($2.50)
Seat 3: uuzka (small blind) folded before Flop
Seat 5: m0nTTu (big blind) folded before Flop



PokerStars Hand #254537837863:  Hold'em No Limit ($0.50/$1.00 USD) - 2025/01/24 23:13:12 WET [2025/01/24 18:13:12 ET]
Table 'Diphda IV' 6-max Seat #3 is the button
Seat 1: nikalas22 ($102.50 in chips) 
Seat 3: uuzka ($101 in chips) 
Seat 5: m0nTTu ($10 in chips) 
m0nTTu: posts small blind $0.50
nikalas22: posts big blind $1
*** HOLE CARDS ***
uuzka: folds 
m0nTTu: folds 
Uncalled bet ($0.50) returned to nikalas22
nikalas22 collected $1 from pot
nikalas22: doesn't show hand 
*** SUMMARY ***
Total pot $1 | Rake $0 
Seat 1: nikalas22 (big blind) collected ($1)
Seat 3: uuzka (button) folded before Flop (didn't bet)
Seat 5: m0nTTu (small blind) folded before Flop



PokerStars Hand #254537842429:  Hold'em No Limit ($0.50/$1.00 USD) - 2025/01/24 23:13:29 WET [2025/01/24 18:13:29 ET]
Table 'Diphda IV' 6-max Seat #5 is the button
Seat 1: nikalas22 ($103 in chips) 
Seat 3: uuzka ($101 in chips) 
Seat 5: m0nTTu ($10 in chips) 
nikalas22: posts small blind $0.50
uuzka: posts big blind $1
*** HOLE CARDS ***
m0nTTu: raises $9 to $10 and is all-in
nikalas22: folds 
Oli3579 joins the table at seat #4 
uuzka: folds 
Uncalled bet ($9) returned to m0nTTu
Manifestorr joins the table at seat #2 
m0nTTu collected $2.50 from pot
m0nTTu: doesn't show hand 
*** SUMMARY ***
Total pot $2.50 | Rake $0 
Seat 1: nikalas22 (small blind) folded before Flop
Seat 3: uuzka (big blind) folded before Flop
Seat 5: m0nTTu (button) collected ($2.50)



PokerStars Hand #254537851829:  Hold'em No Limit ($0.50/$1.00 USD) - 2025/01/24 23:14:03 WET [2025/01/24 18:14:03 ET]
Table 'Diphda IV' 6-max Seat #1 is the button
Seat 2: Manifestorr ($100 in chips) is sitting out
Seat 1: nikalas22 ($102.50 in chips) 
Seat 3: uuzka ($100 in chips) 
Seat 4: Oli3579 ($100 in chips) 
Seat 5: m0nTTu ($11.50 in chips) 
uuzka: posts small blind $0.50
Oli3579: posts big blind $1
*** HOLE CARDS ***
m0nTTu: raises $10.50 to $11.50 and is all-in
nikalas22: folds 
uuzka: folds 
Oli3579: folds 
Uncalled bet ($10.50) returned to m0nTTu
m0nTTu collected $2.50 from pot
m0nTTu: doesn't show hand 
*** SUMMARY ***
Total pot $2.50 | Rake $0 
Seat 2: Manifestorr
Seat 1: nikalas22 (button) folded before Flop (didn't bet)
Seat 3: uuzka (small blind) folded before Flop
Seat 4: Oli3579 (big blind) folded before Flop
Seat 5: m0nTTu collected ($2.50)



PokerStars Hand #254537857261:  Hold'em No Limit ($0.50/$1.00 USD) - 2025/01/24 23:14:23 WET [2025/01/24 18:14:23 ET]
Table 'Diphda IV' 6-max Seat #3 is the button
Seat 2: Manifestorr ($100 in chips) is sitting out
Seat 5: m0nTTu ($13 in chips) is sitting out
Seat 1: nikalas22 ($102.50 in chips) 
Seat 3: uuzka ($100 in chips) 
Seat 4: Oli3579 ($100 in chips) 
Oli3579: posts small blind $0.50
m0nTTu: is sitting out 
nikalas22: posts big blind $1
Manifestorr: sits out 
*** HOLE CARDS ***
m0nTTu leaves the table
uuzka: folds 
Oli3579: raises $2 to $3
nikalas22: raises $6 to $9
Oli3579: raises $15 to $24
nikalas22: raises $78.50 to $102.50 and is all-in
Oli3579: folds 
Uncalled bet ($78.50) returned to nikalas22
nikalas22 collected $48 from pot
nikalas22: doesn't show hand 
*** SUMMARY ***
Total pot $48 | Rake $0 
Seat 2: Manifestorr
Seat 5: m0nTTu
Seat 1: nikalas22 (big blind) collected ($48)
Seat 3: uuzka (button) folded before Flop (didn't bet)
Seat 4: Oli3579 (small blind) folded before Flop



PokerStars Hand #254537866984:  Hold'em No Limit ($0.50/$1.00 USD) - 2025/01/24 23:14:58 WET [2025/01/24 18:14:58 ET]
Table 'Diphda IV' 6-max Seat #4 is the button
Seat 1: nikalas22 ($126.50 in chips) 
Seat 2: Manifestorr ($100 in chips) 
Seat 3: uuzka ($100 in chips) 
Seat 4: Oli3579 ($100 in chips) 
nikalas22: posts small blind $0.50
Manifestorr: posts big blind $1
*** HOLE CARDS ***
uuzka: raises $1.50 to $2.50
Oli3579: folds 
nikalas22: folds 
Manifestorr: folds 
Uncalled bet ($1.50) returned to uuzka
uuzka collected $2.50 from pot
uuzka: doesn't show hand 
*** SUMMARY ***
Total pot $2.50 | Rake $0 
Seat 1: nikalas22 (small blind) folded before Flop
Seat 2: Manifestorr (big blind) folded before Flop
Seat 3: uuzka collected ($2.50)
Seat 4: Oli3579 (button) folded before Flop (didn't bet)



PokerStars Hand #254537869687:  Hold'em No Limit ($0.50/$1.00 USD) - 2025/01/24 23:15:08 WET [2025/01/24 18:15:08 ET]
Table 'Diphda IV' 6-max Seat #1 is the button
Seat 1: nikalas22 ($126 in chips) 
Seat 2: Manifestorr ($100 in chips) 
Seat 3: uuzka ($101.50 in chips) 
Seat 4: Oli3579 ($100 in chips) 
Manifestorr: posts small blind $0.50
uuzka: posts big blind $1
*** HOLE CARDS ***
Oli3579: folds 
nikalas22: folds 
Manifestorr: raises $2 to $3
uuzka: folds 
Uncalled bet ($2) returned to Manifestorr
Manifestorr collected $2 from pot
*** SUMMARY ***
Total pot $2 | Rake $0 
Seat 1: nikalas22 (button) folded before Flop (didn't bet)
Seat 2: Manifestorr (small blind) collected ($2)
Seat 3: uuzka (big blind) folded before Flop
Seat 4: Oli3579 folded before Flop (didn't bet)



PokerStars Hand #254537999107:  Hold'em No Limit ($0.50/$1.00 USD) - 2025/01/24 23:23:02 WET [2025/01/24 18:23:02 ET]
Table 'Diphda IV' 6-max Seat #1 is the button
Seat 1: nikalas22 ($112.02 in chips) 
Seat 2: rao999 ($100 in chips) 
Seat 3: uuzka ($108.26 in chips) 
Seat 4: Oli3579 ($100 in chips) 
Seat 5: kellu567 ($9.88 in chips) 
Seat 6: z00mba ($201.25 in chips) 
rao999: posts small blind $0.50
uuzka: posts big blind $1
*** HOLE CARDS ***
Oli3579: folds 
kellu567: folds 
z00mba: folds 
nikalas22: raises $1.50 to $2.50
rao999: folds 
uuzka: folds 
Uncalled bet ($1.50) returned to nikalas22
nikalas22 collected $2.50 from pot
nikalas22: doesn't show hand 
*** SUMMARY ***
Total pot $2.50 | Rake $0 
Seat 1: nikalas22 (button) collected ($2.50)
Seat 2: rao999 (small blind) folded before Flop
Seat 3: uuzka (big blind) folded before Flop
Seat 4: Oli3579 folded before Flop (didn't bet)
Seat 5: kellu567 folded before Flop (didn't bet)
Seat 6: z00mba folded before Flop (didn't bet)



PokerStars Hand #254538003970:  Hold'em No Limit ($0.50/$1.00 USD) - 2025/01/24 23:23:19 WET [2025/01/24 18:23:19 ET]
Table 'Diphda IV' 6-max Seat #2 is the button
Seat 1: nikalas22 ($113.52 in chips) 
Seat 2: rao999 ($100 in chips) 
Seat 3: uuzka ($107.26 in chips) 
Seat 4: Oli3579 ($100 in chips) 
Seat 5: kellu567 ($9.88 in chips) 
Seat 6: z00mba ($201.25 in chips) 
uuzka: posts small blind $0.50
Oli3579: posts big blind $1
*** HOLE CARDS ***
kellu567: calls $1
z00mba: folds 
nikalas22: raises $1.50 to $2.50
rao999: folds 
uuzka: folds 
Oli3579: folds 
kellu567: calls $1.50
*** FLOP *** [Qc 7h 4h]
kellu567: checks 
nikalas22: checks 
*** TURN *** [Qc 7h 4h] [Ad]
kellu567: checks 
nikalas22: bets $4.64
kellu567: folds 
Uncalled bet ($4.64) returned to nikalas22
nikalas22 collected $6.18 from pot
nikalas22: doesn't show hand 
*** SUMMARY ***
Total pot $6.50 | Rake $0.32 
Board [Qc 7h 4h Ad]
Seat 1: nikalas22 collected ($6.18)
Seat 2: rao999 (button) folded before Flop (didn't bet)
Seat 3: uuzka (small blind) folded before Flop
Seat 4: Oli3579 (big blind) folded before Flop
Seat 5: kellu567 folded on the Turn
Seat 6: z00mba folded before Flop (didn't bet)



PokerStars Hand #254538013023:  Hold'em No Limit ($0.50/$1.00 USD) - 2025/01/24 23:23:52 WET [2025/01/24 18:23:52 ET]
Table 'Diphda IV' 6-max Seat #3 is the button
Seat 1: nikalas22 ($117.20 in chips) 
Seat 2: rao999 ($100 in chips) 
Seat 3: uuzka ($106.76 in chips) 
Seat 4: Oli3579 ($100 in chips) 
Seat 5: kellu567 ($7.38 in chips) 
Seat 6: z00mba ($201.25 in chips) 
Oli3579: posts small blind $0.50
kellu567: posts big blind $1
*** HOLE CARDS ***
z00mba: folds 
nikalas22: raises $1.50 to $2.50
rao999: folds 
uuzka: folds 
Oli3579: folds 
kellu567: folds 
Uncalled bet ($1.50) returned to nikalas22
nikalas22 collected $2.50 from pot
nikalas22: doesn't show hand 
*** SUMMARY ***
Total pot $2.50 | Rake $0 
Seat 1: nikalas22 collected ($2.50)
Seat 2: rao999 folded before Flop (didn't bet)
Seat 3: uuzka (button) folded before Flop (didn't bet)
Seat 4: Oli3579 (small blind) folded before Flop
Seat 5: kellu567 (big blind) folded before Flop
Seat 6: z00mba folded before Flop (didn't bet)



PokerStars Hand #254538020711:  Hold'em No Limit ($0.50/$1.00 USD) - 2025/01/24 23:24:20 WET [2025/01/24 18:24:20 ET]
Table 'Diphda IV' 6-max Seat #4 is the button
Seat 1: nikalas22 ($118.70 in chips) 
Seat 2: rao999 ($100 in chips) 
Seat 3: uuzka ($106.76 in chips) 
Seat 4: Oli3579 ($100 in chips) 
Seat 5: kellu567 ($6.38 in chips) 
Seat 6: z00mba ($201.25 in chips) 
kellu567: posts small blind $0.50
z00mba: posts big blind $1
*** HOLE CARDS ***
nikalas22: folds 
rao999: folds 
uuzka: raises $1.50 to $2.50
Oli3579: folds 
kellu567: folds 
z00mba: folds 
Uncalled bet ($1.50) returned to uuzka
uuzka collected $2.50 from pot
uuzka: doesn't show hand 
*** SUMMARY ***
Total pot $2.50 | Rake $0 
Seat 1: nikalas22 folded before Flop (didn't bet)
Seat 2: rao999 folded before Flop (didn't bet)
Seat 3: uuzka collected ($2.50)
Seat 4: Oli3579 (button) folded before Flop (didn't bet)
Seat 5: kellu567 (small blind) folded before Flop
Seat 6: z00mba (big blind) folded before Flop



PokerStars Hand #254538031331:  Hold'em No Limit ($0.50/$1.00 USD) - 2025/01/24 23:24:58 WET [2025/01/24 18:24:58 ET]
Table 'Diphda IV' 6-max Seat #5 is the button
Seat 1: nikalas22 ($118.70 in chips) 
Seat 2: rao999 ($100 in chips) 
Seat 3: uuzka ($108.26 in chips) 
Seat 4: Oli3579 ($100 in chips) 
Seat 5: kellu567 ($5.88 in chips) 
Seat 6: z00mba ($200.25 in chips) 
z00mba: posts small blind $0.50
nikalas22: posts big blind $1
*** HOLE CARDS ***
rao999: folds 
uuzka: folds 
Oli3579: raises $1.25 to $2.25
kellu567: folds 
z00mba: folds 
nikalas22: calls $1.25
*** FLOP *** [7c Qd 9c]
nikalas22: checks 
Oli3579: checks 
*** TURN *** [7c Qd 9c] [Js]
nikalas22: checks 
Oli3579: bets $2.38
nikalas22: folds 
Uncalled bet ($2.38) returned to Oli3579
Oli3579 collected $4.75 from pot
Oli3579: doesn't show hand 
*** SUMMARY ***
Total pot $5 | Rake $0.25 
Board [7c Qd 9c Js]
Seat 1: nikalas22 (big blind) folded on the Turn
Seat 2: rao999 folded before Flop (didn't bet)
Seat 3: uuzka folded before Flop (didn't bet)
Seat 4: Oli3579 collected ($4.75)
Seat 5: kellu567 (button) folded before Flop (didn't bet)
Seat 6: z00mba (small blind) folded before Flop



PokerStars Hand #254538043400:  Hold'em No Limit ($0.50/$1.00 USD) - 2025/01/24 23:25:42 WET [2025/01/24 18:25:42 ET]
Table 'Diphda IV' 6-max Seat #6 is the button
Seat 1: nikalas22 ($116.45 in chips) 
Seat 2: rao999 ($100 in chips) 
Seat 3: uuzka ($108.26 in chips) 
Seat 4: Oli3579 ($102.50 in chips) 
Seat 5: kellu567 ($5.88 in chips) 
Seat 6: z00mba ($199.75 in chips) 
nikalas22: posts small blind $0.50
rao999: posts big blind $1
*** HOLE CARDS ***
uuzka: folds 
Oli3579: folds 
kellu567: calls $1
z00mba: folds 
nikalas22: folds 
rao999: checks 
*** FLOP *** [5c 2s Jd]
rao999: checks 
kellu567: bets $1
rao999: raises $18.50 to $19.50
kellu567: calls $3.88 and is all-in
Uncalled bet ($14.62) returned to rao999
*** TURN *** [5c 2s Jd] [Tc]
*** RIVER *** [5c 2s Jd Tc] [Kd]
*** SHOW DOWN ***
rao999: shows [3c Jh] (a pair of Jacks)
kellu567: shows [6c 7d] (high card King)
rao999 collected $11.65 from pot
*** SUMMARY ***
Total pot $12.26 | Rake $0.61 
Board [5c 2s Jd Tc Kd]
Seat 1: nikalas22 (small blind) folded before Flop
Seat 2: rao999 (big blind) showed [3c Jh] and won ($11.65) with a pair of Jacks
Seat 3: uuzka folded before Flop (didn't bet)
Seat 4: Oli3579 folded before Flop (didn't bet)
Seat 5: kellu567 showed [6c 7d] and lost with high card King
Seat 6: z00mba (button) folded before Flop (didn't bet)



PokerStars Hand #254538052645:  Hold'em No Limit ($0.50/$1.00 USD) - 2025/01/24 23:26:16 WET [2025/01/24 18:26:16 ET]
Table 'Diphda IV' 6-max Seat #1 is the button
Seat 3: uuzka ($108.26 in chips) is sitting out
Seat 5: kellu567 ($0 in chips) is sitting out
Seat 1: nikalas22 ($115.95 in chips) 
Seat 2: rao999 ($105.77 in chips) 
Seat 4: Oli3579 ($102.50 in chips) 
Seat 6: z00mba ($199.75 in chips) 
rao999: posts small blind $0.50
uuzka: is sitting out 
Oli3579: posts big blind $1
*** HOLE CARDS ***
z00mba: folds 
nikalas22: folds 
uuzka leaves the table
kellu567 is disconnected 
rao999: folds 
Uncalled bet ($0.50) returned to Oli3579
Oli3579 collected $1 from pot
Oli3579: doesn't show hand 
*** SUMMARY ***
Total pot $1 | Rake $0 
Seat 3: uuzka
Seat 5: kellu567
Seat 1: nikalas22 (button) folded before Flop (didn't bet)
Seat 2: rao999 (small blind) folded before Flop
Seat 4: Oli3579 (big blind) collected ($1)
Seat 6: z00mba folded before Flop (didn't bet)



PokerStars Hand #254538060257:  Hold'em No Limit ($0.50/$1.00 USD) - 2025/01/24 23:26:43 WET [2025/01/24 18:26:43 ET]
Table 'Diphda IV' 6-max Seat #2 is the button
Seat 5: kellu567 ($0 in chips) is sitting out
Seat 1: nikalas22 ($115.95 in chips) 
Seat 2: rao999 ($105.27 in chips) 
Seat 4: Oli3579 ($103 in chips) 
Seat 6: z00mba ($199.75 in chips) 
Oli3579: posts small blind $0.50
z00mba: posts big blind $1
*** HOLE CARDS ***
nikalas22: folds 
rao999: raises $1.50 to $2.50
Oli3579: folds 
z00mba: folds 
Uncalled bet ($1.50) returned to rao999
rao999 collected $2.50 from pot
rao999: doesn't show hand 
*** SUMMARY ***
Total pot $2.50 | Rake $0 
Seat 5: kellu567
Seat 1: nikalas22 folded before Flop (didn't bet)
Seat 2: rao999 (button) collected ($2.50)
Seat 4: Oli3579 (small blind) folded before Flop
Seat 6: z00mba (big blind) folded before Flop



PokerStars Hand #254538064300:  Hold'em No Limit ($0.50/$1.00 USD) - 2025/01/24 23:26:58 WET [2025/01/24 18:26:58 ET]
Table 'Diphda IV' 6-max Seat #4 is the button
Seat 5: kellu567 ($0 in chips) is sitting out
Seat 1: nikalas22 ($115.95 in chips) 
Seat 2: rao999 ($106.77 in chips) 
Seat 4: Oli3579 ($102.50 in chips) 
Seat 6: z00mba ($198.75 in chips) 
z00mba: posts small blind $0.50
nikalas22: posts big blind $1
*** HOLE CARDS ***
rao999: folds 
Oli3579: raises $1.25 to $2.25
z00mba: folds 
nikalas22: folds 
Uncalled bet ($1.25) returned to Oli3579
Oli3579 collected $2.50 from pot
Oli3579: doesn't show hand 
*** SUMMARY ***
Total pot $2.50 | Rake $0 
Seat 5: kellu567
Seat 1: nikalas22 (big blind) folded before Flop
Seat 2: rao999 folded before Flop (didn't bet)
Seat 4: Oli3579 (button) collected ($2.50)
Seat 6: z00mba (small blind) folded before Flop



PokerStars Hand #254538071466:  Hold'em No Limit ($0.50/$1.00 USD) - 2025/01/24 23:27:24 WET [2025/01/24 18:27:24 ET]
Table 'Diphda IV' 6-max Seat #6 is the button
Seat 2: rao999 ($106.77 in chips) is sitting out
Seat 5: kellu567 ($0 in chips) is sitting out
Seat 1: nikalas22 ($114.95 in chips) 
Seat 4: Oli3579 ($104 in chips) 
Seat 6: z00mba ($198.25 in chips) 
nikalas22: posts small blind $0.50
rao999: is sitting out 
Oli3579: posts big blind $1
*** HOLE CARDS ***
z00mba: folds 
Farouk1393 joins the table at seat #3 
Farouk1393 is disconnected 
nikalas22: folds 
Uncalled bet ($0.50) returned to Oli3579
Oli3579 collected $1 from pot
Oli3579: doesn't show hand 
*** SUMMARY ***
Total pot $1 | Rake $0 
Seat 2: rao999
Seat 5: kellu567
Seat 1: nikalas22 (small blind) folded before Flop
Seat 4: Oli3579 (big blind) collected ($1)
Seat 6: z00mba (button) folded before Flop (didn't bet)



PokerStars Hand #254538074657:  Hold'em No Limit ($0.50/$1.00 USD) - 2025/01/24 23:27:36 WET [2025/01/24 18:27:36 ET]
Table 'Diphda IV' 6-max Seat #1 is the button
Seat 2: rao999 ($106.77 in chips) is sitting out
Seat 3: Farouk1393 ($100 in chips) is sitting out
Seat 5: kellu567 ($0 in chips) is sitting out
Seat 1: nikalas22 ($114.45 in chips) 
Seat 4: Oli3579 ($104.50 in chips) 
Seat 6: z00mba ($198.25 in chips) 
Oli3579: posts small blind $0.50
z00mba: posts big blind $1
*** HOLE CARDS ***
nikalas22: folds 
Oli3579: folds 
Uncalled bet ($0.50) returned to z00mba
z00mba collected $1 from pot
z00mba: doesn't show hand 
*** SUMMARY ***
Total pot $1 | Rake $0 
Seat 2: rao999
Seat 3: Farouk1393
Seat 5: kellu567
Seat 1: nikalas22 (button) folded before Flop (didn't bet)
Seat 4: Oli3579 (small blind) folded before Flop
Seat 6: z00mba (big blind) collected ($1)



PokerStars Hand #254538076358:  Hold'em No Limit ($0.50/$1.00 USD) - 2025/01/24 23:27:42 WET [2025/01/24 18:27:42 ET]
Table 'Diphda IV' 6-max Seat #4 is the button
Seat 2: rao999 ($106.77 in chips) is sitting out
Seat 5: kellu567 ($0 in chips) is sitting out
Seat 1: nikalas22 ($114.45 in chips) 
Seat 3: Farouk1393 ($100 in chips) 
Seat 4: Oli3579 ($104 in chips) 
Seat 6: z00mba ($198.75 in chips) 
z00mba: posts small blind $0.50
nikalas22: posts big blind $1
Farouk1393: posts big blind $1
*** HOLE CARDS ***
Farouk1393: checks 
Oli3579: folds 
z00mba: calls $0.50
nikalas22: checks 
*** FLOP *** [Js 8c 5s]
z00mba: checks 
nikalas22: checks 
Farouk1393 has timed out
Farouk1393: checks 
*** TURN *** [Js 8c 5s] [Jc]
z00mba: checks 
nikalas22: checks 
Farouk1393: checks 
*** RIVER *** [Js 8c 5s Jc] [Qs]
z00mba: checks 
nikalas22: checks 
Farouk1393: checks 
*** SHOW DOWN ***
z00mba: shows [6s 9h] (a pair of Jacks)
nikalas22: shows [7d Tc] (a pair of Jacks - Queen+Ten kicker)
Farouk1393: shows [4d 4s] (two pair, Jacks and Fours)
Farouk1393 collected $2.85 from pot
*** SUMMARY ***
Total pot $3 | Rake $0.15 
Board [Js 8c 5s Jc Qs]
Seat 2: rao999
Seat 5: kellu567
Seat 1: nikalas22 (big blind) showed [7d Tc] and lost with a pair of Jacks
Seat 3: Farouk1393 showed [4d 4s] and won ($2.85) with two pair, Jacks and Fours
Seat 4: Oli3579 (button) folded before Flop (didn't bet)
Seat 6: z00mba (small blind) showed [6s 9h] and lost with a pair of Jacks



PokerStars Hand #254538101700:  Hold'em No Limit ($0.50/$1.00 USD) - 2025/01/24 23:29:14 WET [2025/01/24 18:29:14 ET]
Table 'Diphda IV' 6-max Seat #6 is the button
Seat 2: rao999 ($106.77 in chips) is sitting out
Seat 5: kellu567 ($0 in chips) is sitting out
Seat 1: nikalas22 ($113.45 in chips) 
Seat 3: Farouk1393 ($101.85 in chips) 
Seat 4: Oli3579 ($104 in chips) 
Seat 6: z00mba ($197.75 in chips) 
nikalas22: posts small blind $0.50
Farouk1393: posts big blind $1
*** HOLE CARDS ***
Oli3579: raises $1.25 to $2.25
z00mba: calls $2.25
nikalas22: folds 
Farouk1393: folds 
*** FLOP *** [7s 5h 9h]
rao999 leaves the table
Oli3579: checks 
kars0n joins the table at seat #2 
z00mba: checks 
*** TURN *** [7s 5h 9h] [8c]
Oli3579: checks 
z00mba: checks 
*** RIVER *** [7s 5h 9h 8c] [Jh]
Oli3579: bets $1.43
z00mba: calls $1.43
*** SHOW DOWN ***
Oli3579: shows [Ah 7h] (a flush, Ace high)
z00mba: mucks hand 
Oli3579 collected $8.42 from pot
*** SUMMARY ***
Total pot $8.86 | Rake $0.44 
Board [7s 5h 9h 8c Jh]
Seat 2: rao999
Seat 5: kellu567
Seat 1: nikalas22 (small blind) folded before Flop
Seat 3: Farouk1393 (big blind) folded before Flop
Seat 4: Oli3579 showed [Ah 7h] and won ($8.42) with a flush, Ace high
Seat 6: z00mba (button) mucked



PokerStars Hand #254538122680:  Hold'em No Limit ($0.50/$1.00 USD) - 2025/01/24 23:30:31 WET [2025/01/24 18:30:31 ET]
Table 'Diphda IV' 6-max Seat #1 is the button
Seat 2: kars0n ($100 in chips) is sitting out
Seat 5: kellu567 ($0 in chips) is sitting out
Seat 1: nikalas22 ($112.95 in chips) 
Seat 3: Farouk1393 ($100.85 in chips) 
Seat 4: Oli3579 ($108.74 in chips) 
Seat 6: z00mba ($194.07 in chips) 
Farouk1393: posts small blind $0.50
Oli3579: posts big blind $1
*** HOLE CARDS ***
z00mba: raises $1.50 to $2.50
nikalas22: folds 
Farouk1393: raises $4.50 to $7
Oli3579: folds 
z00mba: calls $4.50
*** FLOP *** [9s Qs 6h]
Farouk1393: bets $93.85 and is all-in
z00mba: folds 
Uncalled bet ($93.85) returned to Farouk1393
Farouk1393 collected $14.25 from pot
*** SUMMARY ***
Total pot $15 | Rake $0.75 
Board [9s Qs 6h]
Seat 2: kars0n
Seat 5: kellu567
Seat 1: nikalas22 (button) folded before Flop (didn't bet)
Seat 3: Farouk1393 (small blind) collected ($14.25)
Seat 4: Oli3579 (big blind) folded before Flop
Seat 6: z00mba folded on the Flop



PokerStars Hand #254538136172:  Hold'em No Limit ($0.50/$1.00 USD) - 2025/01/24 23:31:20 WET [2025/01/24 18:31:20 ET]
Table 'Diphda IV' 6-max Seat #3 is the button
Seat 2: kars0n ($100 in chips) is sitting out
Seat 5: kellu567 ($0 in chips) is sitting out
Seat 1: nikalas22 ($112.95 in chips) 
Seat 3: Farouk1393 ($108.10 in chips) 
Seat 4: Oli3579 ($107.74 in chips) 
Seat 6: z00mba ($187.07 in chips) 
Oli3579: posts small blind $0.50
z00mba: posts big blind $1
kars0n: sits out 
*** HOLE CARDS ***
nikalas22: folds 
Farouk1393: calls $1
Oli3579: calls $0.50
z00mba: checks 
*** FLOP *** [Kh 5h 4d]
Oli3579: checks 
z00mba: checks 
Farouk1393: bets $2.43
Oli3579: folds 
z00mba: folds 
Uncalled bet ($2.43) returned to Farouk1393
Farouk1393 collected $2.85 from pot
*** SUMMARY ***
Total pot $3 | Rake $0.15 
Board [Kh 5h 4d]
Seat 2: kars0n
Seat 5: kellu567
Seat 1: nikalas22 folded before Flop (didn't bet)
Seat 3: Farouk1393 (button) collected ($2.85)
Seat 4: Oli3579 (small blind) folded on the Flop
Seat 6: z00mba (big blind) folded on the Flop



PokerStars Hand #254538148903:  Hold'em No Limit ($0.50/$1.00 USD) - 2025/01/24 23:32:07 WET [2025/01/24 18:32:07 ET]
Table 'Diphda IV' 6-max Seat #4 is the button
Seat 2: kars0n ($100 in chips) is sitting out
Seat 5: kellu567 ($0 in chips) is sitting out
Seat 1: nikalas22 ($112.95 in chips) 
Seat 3: Farouk1393 ($109.95 in chips) 
Seat 4: Oli3579 ($106.74 in chips) 
Seat 6: z00mba ($186.07 in chips) 
z00mba: posts small blind $0.50
nikalas22: posts big blind $1
kars0n: sits out 
*** HOLE CARDS ***
Farouk1393: folds 
Oli3579: folds 
z00mba has timed out
z00mba: folds 
Uncalled bet ($0.50) returned to nikalas22
nikalas22 collected $1 from pot
nikalas22: doesn't show hand 
*** SUMMARY ***
Total pot $1 | Rake $0 
Seat 2: kars0n
Seat 5: kellu567
Seat 1: nikalas22 (big blind) collected ($1)
Seat 3: Farouk1393 folded before Flop (didn't bet)
Seat 4: Oli3579 (button) folded before Flop (didn't bet)
Seat 6: z00mba (small blind) folded before Flop



PokerStars Hand #254538156543:  Hold'em No Limit ($0.50/$1.00 USD) - 2025/01/24 23:32:34 WET [2025/01/24 18:32:34 ET]
Table 'Diphda IV' 6-max Seat #6 is the button
Seat 5: kellu567 ($0 in chips) is sitting out
Seat 1: nikalas22 ($113.45 in chips) 
Seat 2: kars0n ($100 in chips) 
Seat 3: Farouk1393 ($109.95 in chips) 
Seat 4: Oli3579 ($106.74 in chips) 
Seat 6: z00mba ($185.57 in chips) 
nikalas22: posts small blind $0.50
kars0n: posts big blind $1
*** HOLE CARDS ***
Farouk1393: calls $1
Oli3579: raises $2.50 to $3.50
z00mba: raises $7.50 to $11
nikalas22: folds 
kars0n: folds 
Farouk1393: folds 
Oli3579: folds 
Uncalled bet ($7.50) returned to z00mba
z00mba collected $9.50 from pot
z00mba: doesn't show hand 
*** SUMMARY ***
Total pot $9.50 | Rake $0 
Seat 5: kellu567
Seat 1: nikalas22 (small blind) folded before Flop
Seat 2: kars0n (big blind) folded before Flop
Seat 3: Farouk1393 folded before Flop
Seat 4: Oli3579 folded before Flop
Seat 6: z00mba (button) collected ($9.50)



PokerStars Hand #254538163084:  Hold'em No Limit ($0.50/$1.00 USD) - 2025/01/24 23:32:58 WET [2025/01/24 18:32:58 ET]
Table 'Diphda IV' 6-max Seat #1 is the button
Seat 5: kellu567 ($0 in chips) is sitting out
Seat 1: nikalas22 ($112.95 in chips) 
Seat 2: kars0n ($100 in chips) 
Seat 3: Farouk1393 ($108.95 in chips) 
Seat 4: Oli3579 ($103.24 in chips) 
Seat 6: z00mba ($191.57 in chips) 
kars0n: posts small blind $0.50
Farouk1393: posts big blind $1
*** HOLE CARDS ***
Oli3579: raises $1.25 to $2.25
z00mba: folds 
nikalas22: folds 
kars0n: calls $1.75
Farouk1393: folds 
*** FLOP *** [4d 8s 3c]
kars0n: checks 
Oli3579: checks 
*** TURN *** [4d 8s 3c] [5s]
kars0n: bets $10
Oli3579: folds 
Uncalled bet ($10) returned to kars0n
kars0n collected $5.22 from pot
kars0n: doesn't show hand 
*** SUMMARY ***
Total pot $5.50 | Rake $0.28 
Board [4d 8s 3c 5s]
Seat 5: kellu567
Seat 1: nikalas22 (button) folded before Flop (didn't bet)
Seat 2: kars0n (small blind) collected ($5.22)
Seat 3: Farouk1393 (big blind) folded before Flop
Seat 4: Oli3579 folded on the Turn
Seat 6: z00mba folded before Flop (didn't bet)



PokerStars Hand #254538177738:  Hold'em No Limit ($0.50/$1.00 USD) - 2025/01/24 23:33:52 WET [2025/01/24 18:33:52 ET]
Table 'Diphda IV' 6-max Seat #2 is the button
Seat 5: kellu567 ($0 in chips) is sitting out
Seat 1: nikalas22 ($112.95 in chips) 
Seat 2: kars0n ($102.97 in chips) 
Seat 3: Farouk1393 ($107.95 in chips) 
Seat 4: Oli3579 ($100.99 in chips) 
Seat 6: z00mba ($191.57 in chips) 
Farouk1393: posts small blind $0.50
Oli3579: posts big blind $1
*** HOLE CARDS ***
z00mba: folds 
nikalas22: folds 
kars0n: raises $1.50 to $2.50
Farouk1393: folds 
Oli3579: folds 
Uncalled bet ($1.50) returned to kars0n
kars0n collected $2.50 from pot
kars0n: doesn't show hand 
*** SUMMARY ***
Total pot $2.50 | Rake $0 
Seat 5: kellu567
Seat 1: nikalas22 folded before Flop (didn't bet)
Seat 2: kars0n (button) collected ($2.50)
Seat 3: Farouk1393 (small blind) folded before Flop
Seat 4: Oli3579 (big blind) folded before Flop
Seat 6: z00mba folded before Flop (didn't bet)



PokerStars Hand #254538186740:  Hold'em No Limit ($0.50/$1.00 USD) - 2025/01/24 23:34:25 WET [2025/01/24 18:34:25 ET]
Table 'Diphda IV' 6-max Seat #3 is the button
Seat 5: kellu567 ($0 in chips) is sitting out
Seat 1: nikalas22 ($112.95 in chips) 
Seat 2: kars0n ($104.47 in chips) 
Seat 3: Farouk1393 ($107.45 in chips) 
Seat 4: Oli3579 ($100 in chips) 
Seat 6: z00mba ($191.57 in chips) 
Oli3579: posts small blind $0.50
z00mba: posts big blind $1
*** HOLE CARDS ***
nikalas22: folds 
kars0n: folds 
Farouk1393 has timed out
Farouk1393: folds 
Oli3579: folds 
Uncalled bet ($0.50) returned to z00mba
z00mba collected $1 from pot
kellu567 leaves the table
z00mba: doesn't show hand 
*** SUMMARY ***
Total pot $1 | Rake $0 
Seat 5: kellu567
Seat 1: nikalas22 folded before Flop (didn't bet)
Seat 2: kars0n folded before Flop (didn't bet)
Seat 3: Farouk1393 (button) folded before Flop (didn't bet)
Seat 4: Oli3579 (small blind) folded before Flop
Seat 6: z00mba (big blind) collected ($1)



PokerStars Hand #254538192562:  Hold'em No Limit ($0.50/$1.00 USD) - 2025/01/24 23:34:46 WET [2025/01/24 18:34:46 ET]
Table 'Diphda IV' 6-max Seat #4 is the button
Seat 3: Farouk1393 ($107.45 in chips) is sitting out
Seat 1: nikalas22 ($112.95 in chips) 
Seat 2: kars0n ($104.47 in chips) 
Seat 4: Oli3579 ($100 in chips) 
Seat 6: z00mba ($192.07 in chips) 
z00mba: posts small blind $0.50
nikalas22: posts big blind $1
*** HOLE CARDS ***
kars0n: folds 
Oli3579: raises $1.25 to $2.25
XneferX joins the table at seat #5 
z00mba: folds 
nikalas22: folds 
Uncalled bet ($1.25) returned to Oli3579
Oli3579 collected $2.50 from pot
Oli3579: doesn't show hand 
*** SUMMARY ***
Total pot $2.50 | Rake $0 
Seat 3: Farouk1393
Seat 1: nikalas22 (big blind) folded before Flop
Seat 2: kars0n folded before Flop (didn't bet)
Seat 4: Oli3579 (button) collected ($2.50)
Seat 6: z00mba (small blind) folded before Flop



PokerStars Hand #254538199935:  Hold'em No Limit ($0.50/$1.00 USD) - 2025/01/24 23:35:13 WET [2025/01/24 18:35:13 ET]
Table 'Diphda IV' 6-max Seat #6 is the button
Seat 5: XneferX ($100 in chips) is sitting out
Seat 1: nikalas22 ($111.95 in chips) 
Seat 2: kars0n ($104.47 in chips) 
Seat 3: Farouk1393 ($107.45 in chips) 
Seat 4: Oli3579 ($101.50 in chips) 
Seat 6: z00mba ($191.57 in chips) 
nikalas22: posts small blind $0.50
kars0n: posts big blind $1
XneferX: sits out 
*** HOLE CARDS ***
Farouk1393: folds 
Oli3579: raises $1.25 to $2.25
z00mba: folds 
nikalas22: raises $8.75 to $11
kars0n: folds 
Oli3579: folds 
Uncalled bet ($8.75) returned to nikalas22
nikalas22 collected $5.50 from pot
nikalas22: doesn't show hand 
*** SUMMARY ***
Total pot $5.50 | Rake $0 
Seat 5: XneferX
Seat 1: nikalas22 (small blind) collected ($5.50)
Seat 2: kars0n (big blind) folded before Flop
Seat 3: Farouk1393 folded before Flop (didn't bet)
Seat 4: Oli3579 folded before Flop
Seat 6: z00mba (button) folded before Flop (didn't bet)



PokerStars Hand #254538208654:  Hold'em No Limit ($0.50/$1.00 USD) - 2025/01/24 23:35:45 WET [2025/01/24 18:35:45 ET]
Table 'Diphda IV' 6-max Seat #1 is the button
Seat 5: XneferX ($100 in chips) is sitting out
Seat 1: nikalas22 ($115.20 in chips) 
Seat 2: kars0n ($103.47 in chips) 
Seat 3: Farouk1393 ($107.45 in chips) 
Seat 4: Oli3579 ($100 in chips) 
Seat 6: z00mba ($191.57 in chips) 
kars0n: posts small blind $0.50
Farouk1393: posts big blind $1
XneferX: sits out 
*** HOLE CARDS ***
Oli3579: raises $1.25 to $2.25
z00mba: folds 
nikalas22: folds 
kars0n: folds 
Farouk1393: calls $1.25
*** FLOP *** [Jc Kh Jd]
Farouk1393: checks 
Oli3579: bets $1.57
Farouk1393: calls $1.57
*** TURN *** [Jc Kh Jd] [Td]
Farouk1393: checks 
Oli3579: checks 
*** RIVER *** [Jc Kh Jd Td] [3h]
Farouk1393: bets $10.73
Oli3579: folds 
Uncalled bet ($10.73) returned to Farouk1393
Farouk1393 collected $7.73 from pot
*** SUMMARY ***
Total pot $8.14 | Rake $0.41 
Board [Jc Kh Jd Td 3h]
Seat 5: XneferX
Seat 1: nikalas22 (button) folded before Flop (didn't bet)
Seat 2: kars0n (small blind) folded before Flop
Seat 3: Farouk1393 (big blind) collected ($7.73)
Seat 4: Oli3579 folded on the River
Seat 6: z00mba folded before Flop (didn't bet)



PokerStars Hand #254538222428:  Hold'em No Limit ($0.50/$1.00 USD) - 2025/01/24 23:36:37 WET [2025/01/24 18:36:37 ET]
Table 'Diphda IV' 6-max Seat #2 is the button
Seat 5: XneferX ($100 in chips) is sitting out
Seat 1: nikalas22 ($115.20 in chips) 
Seat 2: kars0n ($102.97 in chips) 
Seat 3: Farouk1393 ($111.36 in chips) 
Seat 4: Oli3579 ($100 in chips) 
Seat 6: z00mba ($191.57 in chips) 
Farouk1393: posts small blind $0.50
Oli3579: posts big blind $1
XneferX: sits out 
*** HOLE CARDS ***
z00mba: folds 
nikalas22: folds 
kars0n: folds 
Farouk1393: calls $0.50
Oli3579: raises $2.50 to $3.50
Farouk1393: folds 
Uncalled bet ($2.50) returned to Oli3579
Oli3579 collected $2 from pot
Oli3579: doesn't show hand 
*** SUMMARY ***
Total pot $2 | Rake $0 
Seat 5: XneferX
Seat 1: nikalas22 folded before Flop (didn't bet)
Seat 2: kars0n (button) folded before Flop (didn't bet)
Seat 3: Farouk1393 (small blind) folded before Flop
Seat 4: Oli3579 (big blind) collected ($2)
Seat 6: z00mba folded before Flop (didn't bet)



PokerStars Hand #254538230782:  Hold'em No Limit ($0.50/$1.00 USD) - 2025/01/24 23:37:07 WET [2025/01/24 18:37:07 ET]
Table 'Diphda IV' 6-max Seat #3 is the button
Seat 1: nikalas22 ($115.20 in chips) 
Seat 2: kars0n ($102.97 in chips) 
Seat 3: Farouk1393 ($110.36 in chips) 
Seat 4: Oli3579 ($101 in chips) 
Seat 5: XneferX ($100 in chips) 
Seat 6: z00mba ($191.57 in chips) 
Oli3579: posts small blind $0.50
XneferX: posts big blind $1
*** HOLE CARDS ***
z00mba: folds 
nikalas22: raises $1.50 to $2.50
kars0n: folds 
Farouk1393: folds 
Oli3579: folds 
XneferX: folds 
Uncalled bet ($1.50) returned to nikalas22
nikalas22 collected $2.50 from pot
nikalas22: doesn't show hand 
*** SUMMARY ***
Total pot $2.50 | Rake $0 
Seat 1: nikalas22 collected ($2.50)
Seat 2: kars0n folded before Flop (didn't bet)
Seat 3: Farouk1393 (button) folded before Flop (didn't bet)
Seat 4: Oli3579 (small blind) folded before Flop
Seat 5: XneferX (big blind) folded before Flop
Seat 6: z00mba folded before Flop (didn't bet)



PokerStars Hand #254538237833:  Hold'em No Limit ($0.50/$1.00 USD) - 2025/01/24 23:37:34 WET [2025/01/24 18:37:34 ET]
Table 'Diphda IV' 6-max Seat #4 is the button
Seat 1: nikalas22 ($116.70 in chips) 
Seat 2: kars0n ($102.97 in chips) 
Seat 3: Farouk1393 ($110.36 in chips) 
Seat 4: Oli3579 ($100.50 in chips) 
Seat 5: XneferX ($100 in chips) 
Seat 6: z00mba ($191.57 in chips) 
XneferX: posts small blind $0.50
z00mba: posts big blind $1
*** HOLE CARDS ***
nikalas22: folds 
kars0n: folds 
Farouk1393: folds 
Oli3579: raises $1.25 to $2.25
XneferX: folds 
z00mba: calls $1.25
*** FLOP *** [7s 5d 6s]
z00mba: checks 
Oli3579: checks 
*** TURN *** [7s 5d 6s] [Jd]
z00mba: checks 
Oli3579: bets $2.38
z00mba: folds 
Uncalled bet ($2.38) returned to Oli3579
Oli3579 collected $4.75 from pot
Oli3579: doesn't show hand 
*** SUMMARY ***
Total pot $5 | Rake $0.25 
Board [7s 5d 6s Jd]
Seat 1: nikalas22 folded before Flop (didn't bet)
Seat 2: kars0n folded before Flop (didn't bet)
Seat 3: Farouk1393 folded before Flop (didn't bet)
Seat 4: Oli3579 (button) collected ($4.75)
Seat 5: XneferX (small blind) folded before Flop
Seat 6: z00mba (big blind) folded on the Turn



PokerStars Hand #254538256652:  Hold'em No Limit ($0.50/$1.00 USD) - 2025/01/24 23:38:44 WET [2025/01/24 18:38:44 ET]
Table 'Diphda IV' 6-max Seat #5 is the button
Seat 1: nikalas22 ($116.70 in chips) 
Seat 2: kars0n ($102.97 in chips) 
Seat 3: Farouk1393 ($110.36 in chips) 
Seat 4: Oli3579 ($103 in chips) 
Seat 5: XneferX ($100 in chips) 
Seat 6: z00mba ($189.32 in chips) 
z00mba: posts small blind $0.50
nikalas22: posts big blind $1
*** HOLE CARDS ***
kars0n: raises $1 to $2
Farouk1393: calls $2
Oli3579: folds 
XneferX: folds 
z00mba: folds 
nikalas22: calls $1
*** FLOP *** [6s 4h 4c]
nikalas22: checks 
kars0n: checks 
Farouk1393: bets $4.09
nikalas22: folds 
kars0n: calls $4.09
*** TURN *** [6s 4h 4c] [4s]
kars0n: checks 
Farouk1393: bets $6.98
kars0n: calls $6.98
*** RIVER *** [6s 4h 4c 4s] [2c]
kars0n: checks 
Farouk1393: checks 
*** SHOW DOWN ***
kars0n: shows [Qh Ad] (three of a kind, Fours)
Farouk1393: shows [7c 7s] (a full house, Fours full of Sevens)
Farouk1393 collected $27.21 from pot
*** SUMMARY ***
Total pot $28.64 | Rake $1.43 
Board [6s 4h 4c 4s 2c]
Seat 1: nikalas22 (big blind) folded on the Flop
Seat 2: kars0n showed [Qh Ad] and lost with three of a kind, Fours
Seat 3: Farouk1393 showed [7c 7s] and won ($27.21) with a full house, Fours full of Sevens
Seat 4: Oli3579 folded before Flop (didn't bet)
Seat 5: XneferX (button) folded before Flop (didn't bet)
Seat 6: z00mba (small blind) folded before Flop



PokerStars Hand #254538270508:  Hold'em No Limit ($0.50/$1.00 USD) - 2025/01/24 23:39:36 WET [2025/01/24 18:39:36 ET]
Table 'Diphda IV' 6-max Seat #6 is the button
Seat 1: nikalas22 ($114.70 in chips) 
Seat 2: kars0n ($100 in chips) 
Seat 3: Farouk1393 ($124.50 in chips) 
Seat 4: Oli3579 ($103 in chips) 
Seat 5: XneferX ($100 in chips) 
Seat 6: z00mba ($188.82 in chips) 
nikalas22: posts small blind $0.50
kars0n: posts big blind $1
*** HOLE CARDS ***
Farouk1393: folds 
Oli3579: folds 
XneferX: folds 
z00mba: folds 
nikalas22: raises $2 to $3
kars0n: raises $6 to $9
nikalas22: folds 
Uncalled bet ($6) returned to kars0n
kars0n collected $6 from pot
kars0n: doesn't show hand 
*** SUMMARY ***
Total pot $6 | Rake $0 
Seat 1: nikalas22 (small blind) folded before Flop
Seat 2: kars0n (big blind) collected ($6)
Seat 3: Farouk1393 folded before Flop (didn't bet)
Seat 4: Oli3579 folded before Flop (didn't bet)
Seat 5: XneferX folded before Flop (didn't bet)
Seat 6: z00mba (button) folded before Flop (didn't bet)



PokerStars Hand #254538279254:  Hold'em No Limit ($0.50/$1.00 USD) - 2025/01/24 23:40:09 WET [2025/01/24 18:40:09 ET]
Table 'Diphda IV' 6-max Seat #1 is the button
Seat 1: nikalas22 ($111.70 in chips) 
Seat 2: kars0n ($103 in chips) 
Seat 3: Farouk1393 ($124.50 in chips) 
Seat 4: Oli3579 ($103 in chips) 
Seat 5: XneferX ($100 in chips) 
Seat 6: z00mba ($188.82 in chips) 
kars0n: posts small blind $0.50
Farouk1393: posts big blind $1
*** HOLE CARDS ***
Oli3579: folds 
XneferX: folds 
z00mba: folds 
nikalas22: raises $1.50 to $2.50
kars0n: folds 
Farouk1393: calls $1.50
*** FLOP *** [5d 5c 4c]
Farouk1393: checks 
nikalas22: checks 
*** TURN *** [5d 5c 4c] [Jc]
Farouk1393: checks 
nikalas22: bets $1.57
Farouk1393: folds 
Uncalled bet ($1.57) returned to nikalas22
nikalas22 collected $5.22 from pot
nikalas22: doesn't show hand 
*** SUMMARY ***
Total pot $5.50 | Rake $0.28 
Board [5d 5c 4c Jc]
Seat 1: nikalas22 (button) collected ($5.22)
Seat 2: kars0n (small blind) folded before Flop
Seat 3: Farouk1393 (big blind) folded on the Turn
Seat 4: Oli3579 folded before Flop (didn't bet)
Seat 5: XneferX folded before Flop (didn't bet)
Seat 6: z00mba folded before Flop (didn't bet)



PokerStars Hand #254538289569:  Hold'em No Limit ($0.50/$1.00 USD) - 2025/01/24 23:40:48 WET [2025/01/24 18:40:48 ET]
Table 'Diphda IV' 6-max Seat #2 is the button
Seat 1: nikalas22 ($114.42 in chips) 
Seat 2: kars0n ($102.50 in chips) 
Seat 3: Farouk1393 ($122 in chips) 
Seat 4: Oli3579 ($103 in chips) 
Seat 5: XneferX ($100 in chips) 
Seat 6: z00mba ($188.82 in chips) 
Farouk1393: posts small blind $0.50
Oli3579: posts big blind $1
*** HOLE CARDS ***
XneferX: folds 
z00mba: folds 
nikalas22: folds 
kars0n: raises $1.50 to $2.50
Farouk1393: calls $2
Oli3579: folds 
*** FLOP *** [8s 3d 9h]
Farouk1393: bets $2.85
kars0n: calls $2.85
*** TURN *** [8s 3d 9h] [6c]
Farouk1393: checks 
kars0n: checks 
*** RIVER *** [8s 3d 9h 6c] [2s]
Farouk1393: checks 
kars0n: checks 
*** SHOW DOWN ***
Farouk1393: shows [Qs Tc] (high card Queen)
kars0n: shows [Jh 6h] (a pair of Sixes)
kars0n collected $11.12 from pot
*** SUMMARY ***
Total pot $11.70 | Rake $0.58 
Board [8s 3d 9h 6c 2s]
Seat 1: nikalas22 folded before Flop (didn't bet)
Seat 2: kars0n (button) showed [Jh 6h] and won ($11.12) with a pair of Sixes
Seat 3: Farouk1393 (small blind) showed [Qs Tc] and lost with high card Queen
Seat 4: Oli3579 (big blind) folded before Flop
Seat 5: XneferX folded before Flop (didn't bet)
Seat 6: z00mba folded before Flop (didn't bet)



PokerStars Hand #254538304110:  Hold'em No Limit ($0.50/$1.00 USD) - 2025/01/24 23:41:43 WET [2025/01/24 18:41:43 ET]
Table 'Diphda IV' 6-max Seat #3 is the button
Seat 1: nikalas22 ($114.42 in chips) 
Seat 2: kars0n ($108.27 in chips) 
Seat 3: Farouk1393 ($116.65 in chips) 
Seat 4: Oli3579 ($102 in chips) 
Seat 5: XneferX ($100 in chips) 
Seat 6: z00mba ($188.82 in chips) 
Oli3579: posts small blind $0.50
XneferX: posts big blind $1
*** HOLE CARDS ***
z00mba: folds 
nikalas22: raises $1.50 to $2.50
kars0n: folds 
Farouk1393: raises $6.50 to $9
Oli3579: folds 
XneferX: folds 
nikalas22: folds 
Uncalled bet ($6.50) returned to Farouk1393
Farouk1393 collected $6.50 from pot
*** SUMMARY ***
Total pot $6.50 | Rake $0 
Seat 1: nikalas22 folded before Flop
Seat 2: kars0n folded before Flop (didn't bet)
Seat 3: Farouk1393 (button) collected ($6.50)
Seat 4: Oli3579 (small blind) folded before Flop
Seat 5: XneferX (big blind) folded before Flop
Seat 6: z00mba folded before Flop (didn't bet)



PokerStars Hand #254538310900:  Hold'em No Limit ($0.50/$1.00 USD) - 2025/01/24 23:42:09 WET [2025/01/24 18:42:09 ET]
Table 'Diphda IV' 6-max Seat #4 is the button
Seat 1: nikalas22 ($111.92 in chips) 
Seat 2: kars0n ($108.27 in chips) 
Seat 3: Farouk1393 ($120.65 in chips) 
Seat 4: Oli3579 ($101.50 in chips) 
Seat 5: XneferX ($100 in chips) 
Seat 6: z00mba ($188.82 in chips) 
XneferX: posts small blind $0.50
z00mba: posts big blind $1
*** HOLE CARDS ***
nikalas22: folds 
kars0n: raises $1 to $2
Farouk1393: folds 
Oli3579: folds 
XneferX: folds 
z00mba: calls $1
*** FLOP *** [2c 2s Th]
z00mba: checks 
kars0n: bets $1.07
z00mba: calls $1.07
*** TURN *** [2c 2s Th] [Ts]
z00mba: checks 
kars0n: bets $4.73
z00mba: folds 
Uncalled bet ($4.73) returned to kars0n
kars0n collected $6.31 from pot
kars0n: doesn't show hand 
*** SUMMARY ***
Total pot $6.64 | Rake $0.33 
Board [2c 2s Th Ts]
Seat 1: nikalas22 folded before Flop (didn't bet)
Seat 2: kars0n collected ($6.31)
Seat 3: Farouk1393 folded before Flop (didn't bet)
Seat 4: Oli3579 (button) folded before Flop (didn't bet)
Seat 5: XneferX (small blind) folded before Flop
Seat 6: z00mba (big blind) folded on the Turn



PokerStars Hand #254538320697:  Hold'em No Limit ($0.50/$1.00 USD) - 2025/01/24 23:42:47 WET [2025/01/24 18:42:47 ET]
Table 'Diphda IV' 6-max Seat #5 is the button
Seat 1: nikalas22 ($111.92 in chips) 
Seat 2: kars0n ($111.51 in chips) 
Seat 3: Farouk1393 ($120.65 in chips) 
Seat 4: Oli3579 ($101.50 in chips) 
Seat 5: XneferX ($100 in chips) 
Seat 6: z00mba ($185.75 in chips) 
z00mba: posts small blind $0.50
nikalas22: posts big blind $1
*** HOLE CARDS ***
kars0n: folds 
Farouk1393: folds 
Oli3579: folds 
XneferX: folds 
z00mba: folds 
Uncalled bet ($0.50) returned to nikalas22
nikalas22 collected $1 from pot
nikalas22: doesn't show hand 
*** SUMMARY ***
Total pot $1 | Rake $0 
Seat 1: nikalas22 (big blind) collected ($1)
Seat 2: kars0n folded before Flop (didn't bet)
Seat 3: Farouk1393 folded before Flop (didn't bet)
Seat 4: Oli3579 folded before Flop (didn't bet)
Seat 5: XneferX (button) folded before Flop (didn't bet)
Seat 6: z00mba (small blind) folded before Flop



PokerStars Hand #254538328465:  Hold'em No Limit ($0.50/$1.00 USD) - 2025/01/24 23:43:17 WET [2025/01/24 18:43:17 ET]
Table 'Diphda IV' 6-max Seat #6 is the button
Seat 1: nikalas22 ($112.42 in chips) 
Seat 2: kars0n ($111.51 in chips) 
Seat 3: Farouk1393 ($120.65 in chips) 
Seat 4: Oli3579 ($101.50 in chips) 
Seat 5: XneferX ($100 in chips) 
Seat 6: z00mba ($185.25 in chips) 
nikalas22: posts small blind $0.50
kars0n: posts big blind $1
*** HOLE CARDS ***
Farouk1393: calls $1
Oli3579: folds 
XneferX: folds 
z00mba: folds 
nikalas22: folds 
kars0n: checks 
*** FLOP *** [Kc Qd Ac]
kars0n: checks 
Farouk1393: bets $1.19
kars0n: folds 
Uncalled bet ($1.19) returned to Farouk1393
Farouk1393 collected $2.38 from pot
*** SUMMARY ***
Total pot $2.50 | Rake $0.12 
Board [Kc Qd Ac]
Seat 1: nikalas22 (small blind) folded before Flop
Seat 2: kars0n (big blind) folded on the Flop
Seat 3: Farouk1393 collected ($2.38)
Seat 4: Oli3579 folded before Flop (didn't bet)
Seat 5: XneferX folded before Flop (didn't bet)
Seat 6: z00mba (button) folded before Flop (didn't bet)



PokerStars Hand #254538334628:  Hold'em No Limit ($0.50/$1.00 USD) - 2025/01/24 23:43:41 WET [2025/01/24 18:43:41 ET]
Table 'Diphda IV' 6-max Seat #1 is the button
Seat 1: nikalas22 ($111.92 in chips) 
Seat 2: kars0n ($110.51 in chips) 
Seat 3: Farouk1393 ($122.03 in chips) 
Seat 4: Oli3579 ($101.50 in chips) 
Seat 5: XneferX ($100 in chips) 
Seat 6: z00mba ($185.25 in chips) 
kars0n: posts small blind $0.50
Farouk1393: posts big blind $1
*** HOLE CARDS ***
Oli3579: folds 
XneferX: folds 
z00mba: folds 
nikalas22: raises $1.50 to $2.50
kars0n: folds 
Farouk1393: folds 
Uncalled bet ($1.50) returned to nikalas22
nikalas22 collected $2.50 from pot
nikalas22: doesn't show hand 
*** SUMMARY ***
Total pot $2.50 | Rake $0 
Seat 1: nikalas22 (button) collected ($2.50)
Seat 2: kars0n (small blind) folded before Flop
Seat 3: Farouk1393 (big blind) folded before Flop
Seat 4: Oli3579 folded before Flop (didn't bet)
Seat 5: XneferX folded before Flop (didn't bet)
Seat 6: z00mba folded before Flop (didn't bet)



PokerStars Hand #254538342980:  Hold'em No Limit ($0.50/$1.00 USD) - 2025/01/24 23:44:13 WET [2025/01/24 18:44:13 ET]
Table 'Diphda IV' 6-max Seat #2 is the button
Seat 1: nikalas22 ($113.42 in chips) 
Seat 2: kars0n ($110.01 in chips) 
Seat 3: Farouk1393 ($121.03 in chips) 
Seat 4: Oli3579 ($101.50 in chips) 
Seat 5: XneferX ($100 in chips) 
Seat 6: z00mba ($185.25 in chips) 
Farouk1393: posts small blind $0.50
Oli3579: posts big blind $1
*** HOLE CARDS ***
XneferX: raises $1.10 to $2.10
z00mba: folds 
nikalas22: folds 
kars0n: folds 
Farouk1393: calls $1.60
Oli3579: folds 
*** FLOP *** [3c Jd 5d]
Farouk1393: checks 
XneferX: checks 
*** TURN *** [3c Jd 5d] [7d]
Farouk1393: bets $1.47
XneferX: folds 
Uncalled bet ($1.47) returned to Farouk1393
Farouk1393 collected $4.94 from pot
*** SUMMARY ***
Total pot $5.20 | Rake $0.26 
Board [3c Jd 5d 7d]
Seat 1: nikalas22 folded before Flop (didn't bet)
Seat 2: kars0n (button) folded before Flop (didn't bet)
Seat 3: Farouk1393 (small blind) collected ($4.94)
Seat 4: Oli3579 (big blind) folded before Flop
Seat 5: XneferX folded on the Turn
Seat 6: z00mba folded before Flop (didn't bet)



PokerStars Hand #254538359299:  Hold'em No Limit ($0.50/$1.00 USD) - 2025/01/24 23:45:16 WET [2025/01/24 18:45:16 ET]
Table 'Diphda IV' 6-max Seat #3 is the button
Seat 1: nikalas22 ($113.42 in chips) 
Seat 2: kars0n ($110.01 in chips) 
Seat 3: Farouk1393 ($123.87 in chips) 
Seat 4: Oli3579 ($100.50 in chips) 
Seat 5: XneferX ($100 in chips) 
Seat 6: z00mba ($185.25 in chips) 
Oli3579: posts small blind $0.50
XneferX: posts big blind $1
*** HOLE CARDS ***
z00mba: folds 
nikalas22: folds 
kars0n: folds 
Farouk1393: folds 
Oli3579: raises $2 to $3
XneferX: folds 
Uncalled bet ($2) returned to Oli3579
Oli3579 collected $2 from pot
Oli3579: doesn't show hand 
*** SUMMARY ***
Total pot $2 | Rake $0 
Seat 1: nikalas22 folded before Flop (didn't bet)
Seat 2: kars0n folded before Flop (didn't bet)
Seat 3: Farouk1393 (button) folded before Flop (didn't bet)
Seat 4: Oli3579 (small blind) collected ($2)
Seat 5: XneferX (big blind) folded before Flop
Seat 6: z00mba folded before Flop (didn't bet)



PokerStars Hand #254538368057:  Hold'em No Limit ($0.50/$1.00 USD) - 2025/01/24 23:45:50 WET [2025/01/24 18:45:50 ET]
Table 'Diphda IV' 6-max Seat #4 is the button
Seat 1: nikalas22 ($113.42 in chips) 
Seat 2: kars0n ($110.01 in chips) 
Seat 3: Farouk1393 ($123.87 in chips) 
Seat 4: Oli3579 ($101.50 in chips) 
Seat 5: XneferX ($100 in chips) 
Seat 6: z00mba ($185.25 in chips) 
XneferX: posts small blind $0.50
z00mba: posts big blind $1
*** HOLE CARDS ***
nikalas22: folds 
kars0n: folds 
Farouk1393: calls $1
Oli3579: folds 
XneferX: folds 
z00mba: checks 
*** FLOP *** [5d 8h Ah]
z00mba: checks 
Farouk1393: checks 
*** TURN *** [5d 8h Ah] [6h]
z00mba: checks 
Farouk1393: checks 
*** RIVER *** [5d 8h Ah 6h] [5h]
z00mba: checks 
Farouk1393: bets $2.19
z00mba: folds 
Uncalled bet ($2.19) returned to Farouk1393
Farouk1393 collected $2.38 from pot
*** SUMMARY ***
Total pot $2.50 | Rake $0.12 
Board [5d 8h Ah 6h 5h]
Seat 1: nikalas22 folded before Flop (didn't bet)
Seat 2: kars0n folded before Flop (didn't bet)
Seat 3: Farouk1393 collected ($2.38)
Seat 4: Oli3579 (button) folded before Flop (didn't bet)
Seat 5: XneferX (small blind) folded before Flop
Seat 6: z00mba (big blind) folded on the River



PokerStars Hand #254538377654:  Hold'em No Limit ($0.50/$1.00 USD) - 2025/01/24 23:46:26 WET [2025/01/24 18:46:26 ET]
Table 'Diphda IV' 6-max Seat #5 is the button
Seat 1: nikalas22 ($113.42 in chips) 
Seat 2: kars0n ($110.01 in chips) 
Seat 3: Farouk1393 ($125.25 in chips) 
Seat 4: Oli3579 ($101.50 in chips) 
Seat 5: XneferX ($100 in chips) 
Seat 6: z00mba ($184.25 in chips) 
z00mba: posts small blind $0.50
nikalas22: posts big blind $1
*** HOLE CARDS ***
kars0n: folds 
Farouk1393: calls $1
Oli3579: folds 
XneferX: folds 
z00mba: calls $0.50
nikalas22: raises $5 to $6
Farouk1393: calls $5
z00mba: folds 
*** FLOP *** [9c Th Ac]
nikalas22: bets $9.26
Farouk1393: folds 
Uncalled bet ($9.26) returned to nikalas22
nikalas22 collected $12.35 from pot
nikalas22: doesn't show hand 
*** SUMMARY ***
Total pot $13 | Rake $0.65 
Board [9c Th Ac]
Seat 1: nikalas22 (big blind) collected ($12.35)
Seat 2: kars0n folded before Flop (didn't bet)
Seat 3: Farouk1393 folded on the Flop
Seat 4: Oli3579 folded before Flop (didn't bet)
Seat 5: XneferX (button) folded before Flop (didn't bet)
Seat 6: z00mba (small blind) folded before Flop



PokerStars Hand #254538392985:  Hold'em No Limit ($0.50/$1.00 USD) - 2025/01/24 23:47:27 WET [2025/01/24 18:47:27 ET]
Table 'Diphda IV' 6-max Seat #6 is the button
Seat 1: nikalas22 ($119.77 in chips) 
Seat 2: kars0n ($110.01 in chips) 
Seat 3: Farouk1393 ($119.25 in chips) 
Seat 4: Oli3579 ($101.50 in chips) 
Seat 5: XneferX ($100 in chips) 
Seat 6: z00mba ($183.25 in chips) 
nikalas22: posts small blind $0.50
kars0n: posts big blind $1
*** HOLE CARDS ***
Farouk1393: folds 
Oli3579: folds 
XneferX: raises $1.30 to $2.30
z00mba: raises $5.20 to $7.50
nikalas22: folds 
kars0n: folds 
XneferX: folds 
Uncalled bet ($5.20) returned to z00mba
z00mba collected $6.10 from pot
z00mba: doesn't show hand 
*** SUMMARY ***
Total pot $6.10 | Rake $0 
Seat 1: nikalas22 (small blind) folded before Flop
Seat 2: kars0n (big blind) folded before Flop
Seat 3: Farouk1393 folded before Flop (didn't bet)
Seat 4: Oli3579 folded before Flop (didn't bet)
Seat 5: XneferX folded before Flop
Seat 6: z00mba (button) collected ($6.10)



PokerStars Hand #254538400364:  Hold'em No Limit ($0.50/$1.00 USD) - 2025/01/24 23:47:56 WET [2025/01/24 18:47:56 ET]
Table 'Diphda IV' 6-max Seat #1 is the button
Seat 1: nikalas22 ($119.27 in chips) 
Seat 2: kars0n ($109.01 in chips) 
Seat 3: Farouk1393 ($119.25 in chips) 
Seat 4: Oli3579 ($101.50 in chips) 
Seat 5: XneferX ($100 in chips) 
Seat 6: z00mba ($187.05 in chips) 
kars0n: posts small blind $0.50
Farouk1393: posts big blind $1
*** HOLE CARDS ***
Oli3579: folds 
XneferX: folds 
z00mba: folds 
nikalas22: raises $1.50 to $2.50
kars0n: folds 
Farouk1393: folds 
Uncalled bet ($1.50) returned to nikalas22
nikalas22 collected $2.50 from pot
nikalas22: doesn't show hand 
*** SUMMARY ***
Total pot $2.50 | Rake $0 
Seat 1: nikalas22 (button) collected ($2.50)
Seat 2: kars0n (small blind) folded before Flop
Seat 3: Farouk1393 (big blind) folded before Flop
Seat 4: Oli3579 folded before Flop (didn't bet)
Seat 5: XneferX folded before Flop (didn't bet)
Seat 6: z00mba folded before Flop (didn't bet)



PokerStars Hand #254538404616:  Hold'em No Limit ($0.50/$1.00 USD) - 2025/01/24 23:48:13 WET [2025/01/24 18:48:13 ET]
Table 'Diphda IV' 6-max Seat #2 is the button
Seat 1: nikalas22 ($120.77 in chips) 
Seat 2: kars0n ($108.51 in chips) 
Seat 3: Farouk1393 ($118.25 in chips) 
Seat 4: Oli3579 ($101.50 in chips) 
Seat 5: XneferX ($100 in chips) 
Seat 6: z00mba ($187.05 in chips) 
Farouk1393: posts small blind $0.50
Oli3579: posts big blind $1
*** HOLE CARDS ***
XneferX: folds 
z00mba: folds 
nikalas22: folds 
kars0n: raises $1.50 to $2.50
Farouk1393: folds 
Oli3579: folds 
Uncalled bet ($1.50) returned to kars0n
kars0n collected $2.50 from pot
kars0n: doesn't show hand 
*** SUMMARY ***
Total pot $2.50 | Rake $0 
Seat 1: nikalas22 folded before Flop (didn't bet)
Seat 2: kars0n (button) collected ($2.50)
Seat 3: Farouk1393 (small blind) folded before Flop
Seat 4: Oli3579 (big blind) folded before Flop
Seat 5: XneferX folded before Flop (didn't bet)
Seat 6: z00mba folded before Flop (didn't bet)



PokerStars Hand #254538408963:  Hold'em No Limit ($0.50/$1.00 USD) - 2025/01/24 23:48:31 WET [2025/01/24 18:48:31 ET]
Table 'Diphda IV' 6-max Seat #3 is the button
Seat 1: nikalas22 ($120.77 in chips) 
Seat 2: kars0n ($110.01 in chips) 
Seat 3: Farouk1393 ($117.75 in chips) 
Seat 4: Oli3579 ($100.50 in chips) 
Seat 5: XneferX ($100 in chips) 
Seat 6: z00mba ($187.05 in chips) 
Oli3579: posts small blind $0.50
XneferX: posts big blind $1
*** HOLE CARDS ***
Farouk1393 is disconnected 
z00mba: folds 
nikalas22: folds 
kars0n: raises $1.50 to $2.50
Farouk1393: folds 
Oli3579: folds 
XneferX: folds 
Uncalled bet ($1.50) returned to kars0n
kars0n collected $2.50 from pot
kars0n: doesn't show hand 
*** SUMMARY ***
Total pot $2.50 | Rake $0 
Seat 1: nikalas22 folded before Flop (didn't bet)
Seat 2: kars0n collected ($2.50)
Seat 3: Farouk1393 (button) folded before Flop (didn't bet)
Seat 4: Oli3579 (small blind) folded before Flop
Seat 5: XneferX (big blind) folded before Flop
Seat 6: z00mba folded before Flop (didn't bet)



PokerStars Hand #254538419801:  Hold'em No Limit ($0.50/$1.00 USD) - 2025/01/24 23:49:14 WET [2025/01/24 18:49:14 ET]
Table 'Diphda IV' 6-max Seat #4 is the button
Seat 1: nikalas22 ($120.77 in chips) 
Seat 2: kars0n ($111.51 in chips) 
Seat 3: Farouk1393 ($117.75 in chips) 
Seat 4: Oli3579 ($100 in chips) 
Seat 5: XneferX ($100 in chips) 
Seat 6: z00mba ($187.05 in chips) 
XneferX: posts small blind $0.50
z00mba: posts big blind $1
*** HOLE CARDS ***
nikalas22: raises $1.50 to $2.50
kars0n: folds 
Farouk1393: calls $2.50
Oli3579: raises $6.50 to $9
XneferX: folds 
z00mba: folds 
nikalas22: folds 
Farouk1393: calls $6.50
*** FLOP *** [8s 8h 3s]
Farouk1393: bets $108.75 and is all-in
Oli3579: folds 
Uncalled bet ($108.75) returned to Farouk1393
Farouk1393 collected $20.90 from pot
*** SUMMARY ***
Total pot $22 | Rake $1.10 
Board [8s 8h 3s]
Seat 1: nikalas22 folded before Flop
Seat 2: kars0n folded before Flop (didn't bet)
Seat 3: Farouk1393 collected ($20.90)
Seat 4: Oli3579 (button) folded on the Flop
Seat 5: XneferX (small blind) folded before Flop
Seat 6: z00mba (big blind) folded before Flop



PokerStars Hand #254538431838:  Hold'em No Limit ($0.50/$1.00 USD) - 2025/01/24 23:50:01 WET [2025/01/24 18:50:01 ET]
Table 'Diphda IV' 6-max Seat #5 is the button
Seat 1: nikalas22 ($118.27 in chips) 
Seat 2: kars0n ($111.51 in chips) 
Seat 3: Farouk1393 ($129.65 in chips) 
Seat 4: Oli3579 ($100 in chips) 
Seat 5: XneferX ($100 in chips) 
Seat 6: z00mba ($186.05 in chips) 
z00mba: posts small blind $0.50
nikalas22: posts big blind $1
*** HOLE CARDS ***
kars0n: raises $1 to $2
Farouk1393: calls $2
Oli3579: folds 
XneferX: calls $2
z00mba: folds 
nikalas22: folds 
*** FLOP *** [Qs 8s 5s]
kars0n: checks 
Farouk1393: checks 
XneferX: checks 
*** TURN *** [Qs 8s 5s] [7h]
kars0n: checks 
Farouk1393: checks 
XneferX: bets $5.48
kars0n: folds 
Farouk1393: folds 
Uncalled bet ($5.48) returned to XneferX
XneferX collected $7.12 from pot
XneferX: doesn't show hand 
*** SUMMARY ***
Total pot $7.50 | Rake $0.38 
Board [Qs 8s 5s 7h]
Seat 1: nikalas22 (big blind) folded before Flop
Seat 2: kars0n folded on the Turn
Seat 3: Farouk1393 folded on the Turn
Seat 4: Oli3579 folded before Flop (didn't bet)
Seat 5: XneferX (button) collected ($7.12)
Seat 6: z00mba (small blind) folded before Flop



PokerStars Hand #254538446621:  Hold'em No Limit ($0.50/$1.00 USD) - 2025/01/24 23:51:00 WET [2025/01/24 18:51:00 ET]
Table 'Diphda IV' 6-max Seat #6 is the button
Seat 1: nikalas22 ($117.27 in chips) 
Seat 2: kars0n ($109.51 in chips) 
Seat 3: Farouk1393 ($127.65 in chips) 
Seat 4: Oli3579 ($100 in chips) 
Seat 5: XneferX ($105.12 in chips) 
Seat 6: z00mba ($185.55 in chips) 
nikalas22: posts small blind $0.50
kars0n: posts big blind $1
*** HOLE CARDS ***
Farouk1393: folds 
Oli3579: raises $1.25 to $2.25
XneferX: folds 
z00mba: folds 
nikalas22: folds 
kars0n: folds 
Uncalled bet ($1.25) returned to Oli3579
Oli3579 collected $2.50 from pot
Oli3579: doesn't show hand 
*** SUMMARY ***
Total pot $2.50 | Rake $0 
Seat 1: nikalas22 (small blind) folded before Flop
Seat 2: kars0n (big blind) folded before Flop
Seat 3: Farouk1393 folded before Flop (didn't bet)
Seat 4: Oli3579 collected ($2.50)
Seat 5: XneferX folded before Flop (didn't bet)
Seat 6: z00mba (button) folded before Flop (didn't bet)



PokerStars Hand #254538452284:  Hold'em No Limit ($0.50/$1.00 USD) - 2025/01/24 23:51:23 WET [2025/01/24 18:51:23 ET]
Table 'Diphda IV' 6-max Seat #1 is the button
Seat 1: nikalas22 ($116.77 in chips) 
Seat 2: kars0n ($108.51 in chips) 
Seat 3: Farouk1393 ($127.65 in chips) 
Seat 4: Oli3579 ($101.50 in chips) 
Seat 5: XneferX ($105.12 in chips) 
Seat 6: z00mba ($185.55 in chips) 
kars0n: posts small blind $0.50
Farouk1393: posts big blind $1
*** HOLE CARDS ***
Oli3579: folds 
XneferX: folds 
z00mba: folds 
nikalas22: folds 
kars0n: raises $2 to $3
Farouk1393: calls $2
*** FLOP *** [7c 8d 6s]
kars0n: checks 
Farouk1393: checks 
*** TURN *** [7c 8d 6s] [8s]
kars0n: bets $11
Farouk1393: folds 
Uncalled bet ($11) returned to kars0n
kars0n collected $5.70 from pot
kars0n: doesn't show hand 
*** SUMMARY ***
Total pot $6 | Rake $0.30 
Board [7c 8d 6s 8s]
Seat 1: nikalas22 (button) folded before Flop (didn't bet)
Seat 2: kars0n (small blind) collected ($5.70)
Seat 3: Farouk1393 (big blind) folded on the Turn
Seat 4: Oli3579 folded before Flop (didn't bet)
Seat 5: XneferX folded before Flop (didn't bet)
Seat 6: z00mba folded before Flop (didn't bet)



PokerStars Hand #254538465047:  Hold'em No Limit ($0.50/$1.00 USD) - 2025/01/24 23:52:14 WET [2025/01/24 18:52:14 ET]
Table 'Diphda IV' 6-max Seat #2 is the button
Seat 1: nikalas22 ($116.77 in chips) 
Seat 2: kars0n ($111.21 in chips) 
Seat 3: Farouk1393 ($124.65 in chips) 
Seat 4: Oli3579 ($101.50 in chips) 
Seat 5: XneferX ($105.12 in chips) 
Seat 6: z00mba ($185.55 in chips) 
Farouk1393: posts small blind $0.50
Oli3579: posts big blind $1
*** HOLE CARDS ***
XneferX: raises $1.10 to $2.10
z00mba: folds 
nikalas22: folds 
kars0n: folds 
Farouk1393: calls $1.60
Oli3579: folds 
*** FLOP *** [6s 2d 9d]
Farouk1393: checks 
kars0n leaves the table
XneferX: bets $1.20
Farouk1393: calls $1.20
*** TURN *** [6s 2d 9d] [Jd]
Farouk1393: checks 
XneferX: checks 
*** RIVER *** [6s 2d 9d Jd] [Ah]
Farouk1393: checks 
XneferX: bets $4.84
Farouk1393: calls $4.84
*** SHOW DOWN ***
XneferX: shows [Qc Ad] (a pair of Aces)
Farouk1393: mucks hand 
XneferX collected $16.42 from pot
*** SUMMARY ***
Total pot $17.28 | Rake $0.86 
Board [6s 2d 9d Jd Ah]
Seat 1: nikalas22 folded before Flop (didn't bet)
Seat 2: kars0n (button) folded before Flop (didn't bet)
Seat 3: Farouk1393 (small blind) mucked
Seat 4: Oli3579 (big blind) folded before Flop
Seat 5: XneferX showed [Qc Ad] and won ($16.42) with a pair of Aces
Seat 6: z00mba folded before Flop (didn't bet)



PokerStars Hand #254538483127:  Hold'em No Limit ($0.50/$1.00 USD) - 2025/01/24 23:53:27 WET [2025/01/24 18:53:27 ET]
Table 'Diphda IV' 6-max Seat #3 is the button
Seat 1: nikalas22 ($116.77 in chips) 
Seat 3: Farouk1393 ($116.51 in chips) 
Seat 4: Oli3579 ($100.50 in chips) 
Seat 5: XneferX ($113.40 in chips) 
Seat 6: z00mba ($185.55 in chips) 
Oli3579: posts small blind $0.50
XneferX: posts big blind $1
*** HOLE CARDS ***
z00mba: folds 
nikalas22: raises $1.50 to $2.50
Farouk1393: calls $2.50
Oli3579: raises $11 to $13.50
XneferX: folds 
reiyser joins the table at seat #2 
nikalas22: calls $11
Farouk1393: folds 
*** FLOP *** [2s 2h 4c]
Oli3579: bets $14.50
nikalas22: folds 
Uncalled bet ($14.50) returned to Oli3579
Oli3579 collected $28.98 from pot
Oli3579: doesn't show hand 
*** SUMMARY ***
Total pot $30.50 | Rake $1.52 
Board [2s 2h 4c]
Seat 1: nikalas22 folded on the Flop
Seat 3: Farouk1393 (button) folded before Flop
Seat 4: Oli3579 (small blind) collected ($28.98)
Seat 5: XneferX (big blind) folded before Flop
Seat 6: z00mba folded before Flop (didn't bet)



PokerStars Hand #254538496601:  Hold'em No Limit ($0.50/$1.00 USD) - 2025/01/24 23:54:22 WET [2025/01/24 18:54:22 ET]
Table 'Diphda IV' 6-max Seat #4 is the button
Seat 2: reiyser ($100 in chips) is sitting out
Seat 1: nikalas22 ($103.27 in chips) 
Seat 3: Farouk1393 ($114.01 in chips) 
Seat 4: Oli3579 ($115.98 in chips) 
Seat 5: XneferX ($112.40 in chips) 
Seat 6: z00mba ($185.55 in chips) 
XneferX: posts small blind $0.50
z00mba: posts big blind $1
reiyser: sits out 
*** HOLE CARDS ***
nikalas22: folds 
Farouk1393: calls $1
Oli3579: raises $2.50 to $3.50
XneferX: folds 
z00mba: folds 
Farouk1393: calls $2.50
*** FLOP *** [8s 3d 5d]
Farouk1393: checks 
Oli3579: bets $4.04
Farouk1393: calls $4.04
*** TURN *** [8s 3d 5d] [8h]
Farouk1393: checks 
Oli3579: checks 
*** RIVER *** [8s 3d 5d 8h] [4c]
Farouk1393: bets $106.47 and is all-in
Oli3579: folds 
Uncalled bet ($106.47) returned to Farouk1393
Farouk1393 collected $15.75 from pot
*** SUMMARY ***
Total pot $16.58 | Rake $0.83 
Board [8s 3d 5d 8h 4c]
Seat 2: reiyser
Seat 1: nikalas22 folded before Flop (didn't bet)
Seat 3: Farouk1393 collected ($15.75)
Seat 4: Oli3579 (button) folded on the River
Seat 5: XneferX (small blind) folded before Flop
Seat 6: z00mba (big blind) folded before Flop



PokerStars Hand #254538512572:  Hold'em No Limit ($0.50/$1.00 USD) - 2025/01/24 23:55:32 WET [2025/01/24 18:55:32 ET]
Table 'Diphda IV' 6-max Seat #5 is the button
Seat 2: reiyser ($100 in chips) is sitting out
Seat 1: nikalas22 ($103.27 in chips) 
Seat 3: Farouk1393 ($122.22 in chips) 
Seat 4: Oli3579 ($108.44 in chips) 
Seat 5: XneferX ($111.90 in chips) 
Seat 6: z00mba ($184.55 in chips) 
z00mba: posts small blind $0.50
nikalas22: posts big blind $1
reiyser: sits out 
*** HOLE CARDS ***
Farouk1393: folds 
Oli3579: folds 
XneferX: folds 
z00mba: folds 
Uncalled bet ($0.50) returned to nikalas22
nikalas22 collected $1 from pot
nikalas22: doesn't show hand 
*** SUMMARY ***
Total pot $1 | Rake $0 
Seat 2: reiyser
Seat 1: nikalas22 (big blind) collected ($1)
Seat 3: Farouk1393 folded before Flop (didn't bet)
Seat 4: Oli3579 folded before Flop (didn't bet)
Seat 5: XneferX (button) folded before Flop (didn't bet)
Seat 6: z00mba (small blind) folded before Flop



PokerStars Hand #254538515225:  Hold'em No Limit ($0.50/$1.00 USD) - 2025/01/24 23:55:46 WET [2025/01/24 18:55:46 ET]
Table 'Diphda IV' 6-max Seat #6 is the button
Seat 1: nikalas22 ($103.77 in chips) 
Seat 2: reiyser ($100 in chips) 
Seat 3: Farouk1393 ($122.22 in chips) 
Seat 4: Oli3579 ($108.44 in chips) 
Seat 5: XneferX ($111.90 in chips) 
Seat 6: z00mba ($184.05 in chips) 
nikalas22: posts small blind $0.50
reiyser: posts big blind $1
*** HOLE CARDS ***
Farouk1393: folds 
Oli3579: folds 
XneferX: folds 
z00mba: raises $1.50 to $2.50
nikalas22: folds 
reiyser: calls $1.50
*** FLOP *** [Kh 2c Jd]
reiyser: checks 
z00mba: checks 
*** TURN *** [Kh 2c Jd] [5c]
reiyser: bets $3.97
z00mba: calls $3.97
*** RIVER *** [Kh 2c Jd 5c] [Jh]
reiyser: bets $3.70
z00mba: raises $14.30 to $18
reiyser: folds 
Uncalled bet ($14.30) returned to z00mba
z00mba collected $19.80 from pot
z00mba: doesn't show hand 
*** SUMMARY ***
Total pot $20.84 | Rake $1.04 
Board [Kh 2c Jd 5c Jh]
Seat 1: nikalas22 (small blind) folded before Flop
Seat 2: reiyser (big blind) folded on the River
Seat 3: Farouk1393 folded before Flop (didn't bet)
Seat 4: Oli3579 folded before Flop (didn't bet)
Seat 5: XneferX folded before Flop (didn't bet)
Seat 6: z00mba (button) collected ($19.80)



PokerStars Hand #254538528906:  Hold'em No Limit ($0.50/$1.00 USD) - 2025/01/24 23:56:57 WET [2025/01/24 18:56:57 ET]
Table 'Diphda IV' 6-max Seat #1 is the button
Seat 1: nikalas22 ($103.27 in chips) 
Seat 2: reiyser ($100 in chips) 
Seat 3: Farouk1393 ($122.22 in chips) 
Seat 4: Oli3579 ($108.44 in chips) 
Seat 5: XneferX ($111.90 in chips) 
Seat 6: z00mba ($193.68 in chips) 
reiyser: posts small blind $0.50
Farouk1393: posts big blind $1
*** HOLE CARDS ***
Oli3579: folds 
XneferX: folds 
z00mba: folds 
nikalas22: folds 
reiyser: folds 
Uncalled bet ($0.50) returned to Farouk1393
Farouk1393 collected $1 from pot
*** SUMMARY ***
Total pot $1 | Rake $0 
Seat 1: nikalas22 (button) folded before Flop (didn't bet)
Seat 2: reiyser (small blind) folded before Flop
Seat 3: Farouk1393 (big blind) collected ($1)
Seat 4: Oli3579 folded before Flop (didn't bet)
Seat 5: XneferX folded before Flop (didn't bet)
Seat 6: z00mba folded before Flop (didn't bet)



PokerStars Hand #254538530805:  Hold'em No Limit ($0.50/$1.00 USD) - 2025/01/24 23:57:07 WET [2025/01/24 18:57:07 ET]
Table 'Diphda IV' 6-max Seat #2 is the button
Seat 1: nikalas22 ($103.27 in chips) 
Seat 2: reiyser ($100 in chips) 
Seat 3: Farouk1393 ($122.72 in chips) 
Seat 4: Oli3579 ($108.44 in chips) 
Seat 5: XneferX ($111.90 in chips) 
Seat 6: z00mba ($193.68 in chips) 
Farouk1393: posts small blind $0.50
Oli3579: posts big blind $1
*** HOLE CARDS ***
XneferX: folds 
z00mba: folds 
nikalas22: raises $1.50 to $2.50
reiyser: folds 
Farouk1393: folds 
Oli3579: folds 
Uncalled bet ($1.50) returned to nikalas22
Farouk1393 leaves the table
nikalas22 collected $2.50 from pot
nikalas22: doesn't show hand 
*** SUMMARY ***
Total pot $2.50 | Rake $0 
Seat 1: nikalas22 collected ($2.50)
Seat 2: reiyser (button) folded before Flop (didn't bet)
Seat 3: Farouk1393 (small blind) folded before Flop
Seat 4: Oli3579 (big blind) folded before Flop
Seat 5: XneferX folded before Flop (didn't bet)
Seat 6: z00mba folded before Flop (didn't bet)



PokerStars Hand #254538535694:  Hold'em No Limit ($0.50/$1.00 USD) - 2025/01/24 23:57:32 WET [2025/01/24 18:57:32 ET]
Table 'Diphda IV' 6-max Seat #4 is the button
Seat 1: nikalas22 ($104.77 in chips) 
Seat 2: reiyser ($100 in chips) 
Seat 4: Oli3579 ($107.44 in chips) 
Seat 5: XneferX ($111.90 in chips) 
Seat 6: z00mba ($193.68 in chips) 
XneferX: posts small blind $0.50
z00mba: posts big blind $1
*** HOLE CARDS ***
nikalas22: raises $1.50 to $2.50
reiyser: raises $5.50 to $8
Oli3579: folds 
XneferX: folds 
z00mba: folds 
nikalas22: raises $16 to $24
reiyser: folds 
Uncalled bet ($16) returned to nikalas22
nikalas22 collected $17.50 from pot
nikalas22: doesn't show hand 
*** SUMMARY ***
Total pot $17.50 | Rake $0 
Seat 1: nikalas22 collected ($17.50)
Seat 2: reiyser folded before Flop
Seat 4: Oli3579 (button) folded before Flop (didn't bet)
Seat 5: XneferX (small blind) folded before Flop
Seat 6: z00mba (big blind) folded before Flop



PokerStars Hand #254538542054:  Hold'em No Limit ($0.50/$1.00 USD) - 2025/01/24 23:58:05 WET [2025/01/24 18:58:05 ET]
Table 'Diphda IV' 6-max Seat #5 is the button
Seat 1: nikalas22 ($114.27 in chips) is sitting out
Seat 2: reiyser ($100 in chips) is sitting out
Seat 4: Oli3579 ($107.44 in chips) 
Seat 5: XneferX ($111.40 in chips) 
Seat 6: z00mba ($192.68 in chips) 
z00mba: posts small blind $0.50
nikalas22: is sitting out 
reiyser: is sitting out 
Oli3579: posts big blind $1
*** HOLE CARDS ***
reiyser leaves the table
XneferX: folds 
XneferX leaves the table
z00mba: folds 
Uncalled bet ($0.50) returned to Oli3579
nikalas22 leaves the table
Oli3579 collected $1 from pot
Oli3579: doesn't show hand 
*** SUMMARY ***
Total pot $1 | Rake $0 
Seat 1: nikalas22
Seat 2: reiyser
Seat 4: Oli3579 (big blind) collected ($1)
Seat 5: XneferX (button) folded before Flop (didn't bet)
Seat 6: z00mba (small blind) folded before Flop



PokerStars Hand #254538550429:  Hold'em No Limit ($0.50/$1.00 USD) - 2025/01/24 23:58:47 WET [2025/01/24 18:58:47 ET]
Table 'Diphda IV' 6-max Seat #6 is the button
Seat 1: pr0tecto ($100 in chips) 
Seat 2: z00mba ($192.18 in chips) 
Seat 3: Zvst ($100 in chips) 
Seat 4: Oli3579 ($107.94 in chips) 
Seat 6: dankiddick ($100 in chips) 
pr0tecto: posts small blind $0.50
z00mba: posts big blind $1
*** HOLE CARDS ***
Zvst: folds 
Oli3579: folds 
equilibrium_tv joins the table at seat #5 
dankiddick: calls $1
pr0tecto: folds 
z00mba: checks 
*** FLOP *** [Qh Jc Ks]
z00mba: checks 
dankiddick: checks 
*** TURN *** [Qh Jc Ks] [6h]
z00mba: checks 
dankiddick: checks 
*** RIVER *** [Qh Jc Ks 6h] [Ac]
z00mba: checks 
dankiddick: checks 
*** SHOW DOWN ***
z00mba: shows [5h 6c] (a pair of Sixes)
dankiddick: shows [6d 9d] (a pair of Sixes)
z00mba collected $1.19 from pot
dankiddick collected $1.19 from pot
*** SUMMARY ***
Total pot $2.50 | Rake $0.12 
Board [Qh Jc Ks 6h Ac]
Seat 1: pr0tecto (small blind) folded before Flop
Seat 2: z00mba (big blind) showed [5h 6c] and won ($1.19) with a pair of Sixes
Seat 3: Zvst folded before Flop (didn't bet)
Seat 4: Oli3579 folded before Flop (didn't bet)
Seat 6: dankiddick (button) showed [6d 9d] and won ($1.19) with a pair of Sixes



PokerStars Hand #254538555800:  Hold'em No Limit ($0.50/$1.00 USD) - 2025/01/24 23:59:15 WET [2025/01/24 18:59:15 ET]
Table 'Diphda IV' 6-max Seat #1 is the button
Seat 5: equilibrium_tv ($10 in chips) is sitting out
Seat 1: pr0tecto ($99.50 in chips) 
Seat 2: z00mba ($192.37 in chips) 
Seat 3: Zvst ($100 in chips) 
Seat 4: Oli3579 ($107.94 in chips) 
Seat 6: dankiddick ($100.19 in chips) 
z00mba: posts small blind $0.50
Zvst: posts big blind $1
equilibrium_tv: sits out 
*** HOLE CARDS ***
Oli3579: folds 
dankiddick: calls $1
pr0tecto: folds 
z00mba: calls $0.50
Zvst: checks 
*** FLOP *** [7c Qd 8h]
z00mba: checks 
Zvst: checks 
dankiddick: checks 
*** TURN *** [7c Qd 8h] [Js]
z00mba: checks 
Zvst: checks 
dankiddick: bets $2.85
z00mba: folds 
Zvst: raises $6.70 to $9.55
dankiddick: folds 
Uncalled bet ($6.70) returned to Zvst
Zvst collected $8.26 from pot
Zvst: doesn't show hand 
*** SUMMARY ***
Total pot $8.70 | Rake $0.44 
Board [7c Qd 8h Js]
Seat 5: equilibrium_tv
Seat 1: pr0tecto (button) folded before Flop (didn't bet)
Seat 2: z00mba (small blind) folded on the Turn
Seat 3: Zvst (big blind) collected ($8.26)
Seat 4: Oli3579 folded before Flop (didn't bet)
Seat 6: dankiddick folded on the Turn



PokerStars Hand #254538728393:  Hold'em No Limit ($0.50/$1.00 USD) - 2025/01/24 0:11:32 WET [2025/01/24 19:11:32 ET]
Table 'Diphda IV' 6-max Seat #5 is the button
Seat 4: sutata ($100 in chips) is sitting out
Seat 1: Manifestorr ($109.62 in chips) 
Seat 5: Mr_Dick666 ($100 in chips) 
Mr_Dick666: posts small blind $0.50
Manifestorr: posts big blind $1
*** HOLE CARDS ***
Mr_Dick666: folds 
Uncalled bet ($0.50) returned to Manifestorr
Manifestorr collected $1 from pot
*** SUMMARY ***
Total pot $1 | Rake $0 
Seat 4: sutata
Seat 1: Manifestorr (big blind) collected ($1)
Seat 5: Mr_Dick666 (button) (small blind) folded before Flop



PokerStars Hand #254538730254:  Hold'em No Limit ($0.50/$1.00 USD) - 2025/01/24 0:11:39 WET [2025/01/24 19:11:39 ET]
Table 'Diphda IV' 6-max Seat #1 is the button
Seat 4: sutata ($100 in chips) is sitting out
Seat 1: Manifestorr ($110.12 in chips) 
Seat 5: Mr_Dick666 ($100 in chips) 
Manifestorr: posts small blind $0.50
Mr_Dick666: posts big blind $1
*** HOLE CARDS ***
Manifestorr: raises $1 to $2
Mr_Dick666: calls $1
*** FLOP *** [3c 5c As]
Mr_Dick666: checks 
Manifestorr: bets $2.85
Mr_Dick666: folds 
Uncalled bet ($2.85) returned to Manifestorr
Manifestorr collected $3.80 from pot
Manifestorr: doesn't show hand 
*** SUMMARY ***
Total pot $4 | Rake $0.20 
Board [3c 5c As]
Seat 4: sutata
Seat 1: Manifestorr (button) (small blind) collected ($3.80)
Seat 5: Mr_Dick666 (big blind) folded on the Flop



PokerStars Hand #254538761856:  Hold'em No Limit ($0.50/$1.00 USD) - 2025/01/24 0:13:55 WET [2025/01/24 19:13:55 ET]
Table 'Diphda IV' 6-max Seat #2 is the button
Seat 4: sutata ($100 in chips) is sitting out
Seat 2: natashaolivia ($10 in chips) 
Seat 3: z00mba ($286.42 in chips) 
Seat 5: pr0tecto ($137.63 in chips) 
Seat 6: Manifestorr ($111.92 in chips) 
z00mba: posts small blind $0.50
pr0tecto: posts big blind $1
*** HOLE CARDS ***
Manifestorr: folds 
natashaolivia: calls $1
z00mba: calls $0.50
m0nTTu joins the table at seat #1 
pr0tecto: checks 
*** FLOP *** [Ah 5s Td]
z00mba: checks 
pr0tecto: checks 
natashaolivia: checks 
*** TURN *** [Ah 5s Td] [7s]
z00mba: checks 
pr0tecto: checks 
natashaolivia: bets $1
z00mba: folds 
pr0tecto: folds 
Uncalled bet ($1) returned to natashaolivia
natashaolivia collected $2.85 from pot
*** SUMMARY ***
Total pot $3 | Rake $0.15 
Board [Ah 5s Td 7s]
Seat 4: sutata
Seat 2: natashaolivia (button) collected ($2.85)
Seat 3: z00mba (small blind) folded on the Turn
Seat 5: pr0tecto (big blind) folded on the Turn
Seat 6: Manifestorr folded before Flop (didn't bet)



PokerStars Hand #254538769982:  Hold'em No Limit ($0.50/$1.00 USD) - 2025/01/24 0:14:30 WET [2025/01/24 19:14:30 ET]
Table 'Diphda IV' 6-max Seat #3 is the button
Seat 1: m0nTTu ($13 in chips) is sitting out
Seat 4: sutata ($100 in chips) is sitting out
Seat 2: natashaolivia ($11.85 in chips) 
Seat 3: z00mba ($285.42 in chips) 
Seat 5: pr0tecto ($136.63 in chips) 
Seat 6: Manifestorr ($111.92 in chips) 
pr0tecto: posts small blind $0.50
Manifestorr: posts big blind $1
m0nTTu: sits out 
*** HOLE CARDS ***
natashaolivia: raises $1 to $2
z00mba: calls $2
pr0tecto: folds 
Manifestorr: folds 
*** FLOP *** [8s 5h Qc]
natashaolivia: bets $5.22
z00mba: folds 
Uncalled bet ($5.22) returned to natashaolivia
natashaolivia collected $5.22 from pot
*** SUMMARY ***
Total pot $5.50 | Rake $0.28 
Board [8s 5h Qc]
Seat 1: m0nTTu
Seat 4: sutata
Seat 2: natashaolivia collected ($5.22)
Seat 3: z00mba (button) folded on the Flop
Seat 5: pr0tecto (small blind) folded before Flop
Seat 6: Manifestorr (big blind) folded before Flop



PokerStars Hand #254538774259:  Hold'em No Limit ($0.50/$1.00 USD) - 2025/01/24 0:14:49 WET [2025/01/24 19:14:49 ET]
Table 'Diphda IV' 6-max Seat #5 is the button
Seat 4: sutata ($100 in chips) is sitting out
Seat 1: m0nTTu ($13 in chips) 
Seat 2: natashaolivia ($15.07 in chips) 
Seat 3: z00mba ($283.42 in chips) 
Seat 5: pr0tecto ($136.13 in chips) 
Seat 6: Manifestorr ($110.92 in chips) 
Manifestorr: posts small blind $0.50
m0nTTu: posts big blind $1
sutata: sits out 
*** HOLE CARDS ***
natashaolivia: folds 
z00mba: raises $1.50 to $2.50
pr0tecto: folds 
Manifestorr: folds 
m0nTTu: folds 
Uncalled bet ($1.50) returned to z00mba
z00mba collected $2.50 from pot
z00mba: doesn't show hand 
*** SUMMARY ***
Total pot $2.50 | Rake $0 
Seat 4: sutata
Seat 1: m0nTTu (big blind) folded before Flop
Seat 2: natashaolivia folded before Flop (didn't bet)
Seat 3: z00mba collected ($2.50)
Seat 5: pr0tecto (button) folded before Flop (didn't bet)
Seat 6: Manifestorr (small blind) folded before Flop



PokerStars Hand #254538778459:  Hold'em No Limit ($0.50/$1.00 USD) - 2025/01/24 0:15:07 WET [2025/01/24 19:15:07 ET]
Table 'Diphda IV' 6-max Seat #6 is the button
Seat 4: sutata ($100 in chips) is sitting out
Seat 1: m0nTTu ($12 in chips) 
Seat 2: natashaolivia ($15.07 in chips) 
Seat 3: z00mba ($284.92 in chips) 
Seat 5: pr0tecto ($136.13 in chips) 
Seat 6: Manifestorr ($110.42 in chips) 
m0nTTu: posts small blind $0.50
natashaolivia: posts big blind $1
sutata: sits out 
*** HOLE CARDS ***
z00mba: folds 
pr0tecto: raises $1.20 to $2.20
Manifestorr: folds 
m0nTTu: folds 
natashaolivia: calls $1.20
*** FLOP *** [2s 6c 4c]
natashaolivia: checks 
pr0tecto: bets $2.80
natashaolivia: calls $2.80
*** TURN *** [2s 6c 4c] [Ah]
natashaolivia: bets $10.07 and is all-in
pr0tecto: calls $10.07
*** RIVER *** [2s 6c 4c Ah] [7h]
*** SHOW DOWN ***
natashaolivia: shows [9h 7d] (a pair of Sevens)
pr0tecto: shows [Ac Ts] (a pair of Aces)
pr0tecto collected $29.11 from pot
*** SUMMARY ***
Total pot $30.64 | Rake $1.53 
Board [2s 6c 4c Ah 7h]
Seat 4: sutata
Seat 1: m0nTTu (small blind) folded before Flop
Seat 2: natashaolivia (big blind) showed [9h 7d] and lost with a pair of Sevens
Seat 3: z00mba folded before Flop (didn't bet)
Seat 5: pr0tecto showed [Ac Ts] and won ($29.11) with a pair of Aces
Seat 6: Manifestorr (button) folded before Flop (didn't bet)



PokerStars Hand #254538786514:  Hold'em No Limit ($0.50/$1.00 USD) - 2025/01/24 0:15:42 WET [2025/01/24 19:15:42 ET]
Table 'Diphda IV' 6-max Seat #1 is the button
Seat 2: natashaolivia ($0 in chips) is sitting out
Seat 1: m0nTTu ($11.50 in chips) 
Seat 3: z00mba ($284.92 in chips) 
Seat 4: sutata ($100 in chips) 
Seat 5: pr0tecto ($150.17 in chips) 
Seat 6: Manifestorr ($110.42 in chips) 
z00mba: posts small blind $0.50
sutata: posts big blind $1
*** HOLE CARDS ***
pr0tecto: raises $1.10 to $2.10
Manifestorr: folds 
m0nTTu: folds 
z00mba: folds 
sutata: folds 
Uncalled bet ($1.10) returned to pr0tecto
pr0tecto collected $2.50 from pot
pr0tecto: doesn't show hand 
*** SUMMARY ***
Total pot $2.50 | Rake $0 
Seat 2: natashaolivia
Seat 1: m0nTTu (button) folded before Flop (didn't bet)
Seat 3: z00mba (small blind) folded before Flop
Seat 4: sutata (big blind) folded before Flop
Seat 5: pr0tecto collected ($2.50)
Seat 6: Manifestorr folded before Flop (didn't bet)



PokerStars Hand #254538790219:  Hold'em No Limit ($0.50/$1.00 USD) - 2025/01/24 0:15:58 WET [2025/01/24 19:15:58 ET]
Table 'Diphda IV' 6-max Seat #3 is the button
Seat 1: m0nTTu ($11.50 in chips) 
Seat 2: natashaolivia ($28.67 in chips) 
Seat 3: z00mba ($284.42 in chips) 
Seat 4: sutata ($100 in chips) 
Seat 5: pr0tecto ($151.67 in chips) 
Seat 6: Manifestorr ($110.42 in chips) 
sutata: posts small blind $0.50
pr0tecto: posts big blind $1
natashaolivia: posts small blind $0.50
*** HOLE CARDS ***
Manifestorr: folds 
m0nTTu: raises $10.50 to $11.50 and is all-in
natashaolivia: calls $11.50
z00mba: folds 
sutata: folds 
pr0tecto: folds 
*** FLOP *** [4s Td 3c]
*** TURN *** [4s Td 3c] [3d]
*** RIVER *** [4s Td 3c 3d] [5c]
*** SHOW DOWN ***
m0nTTu: shows [9h Jh] (a pair of Threes)
natashaolivia: shows [6c 7h] (a straight, Three to Seven)
natashaolivia collected $23.75 from pot
*** SUMMARY ***
Total pot $25 | Rake $1.25 
Board [4s Td 3c 3d 5c]
Seat 1: m0nTTu showed [9h Jh] and lost with a pair of Threes
Seat 2: natashaolivia showed [6c 7h] and won ($23.75) with a straight, Three to Seven
Seat 3: z00mba (button) folded before Flop (didn't bet)
Seat 4: sutata (small blind) folded before Flop
Seat 5: pr0tecto (big blind) folded before Flop
Seat 6: Manifestorr folded before Flop (didn't bet)



PokerStars Hand #254538797386:  Hold'em No Limit ($0.50/$1.00 USD) - 2025/01/24 0:16:29 WET [2025/01/24 19:16:29 ET]
Table 'Diphda IV' 6-max Seat #4 is the button
Seat 1: m0nTTu ($10 in chips) 
Seat 2: natashaolivia ($40.42 in chips) 
Seat 3: z00mba ($284.42 in chips) 
Seat 4: sutata ($100 in chips) 
Seat 5: pr0tecto ($150.67 in chips) 
Seat 6: Manifestorr ($110.42 in chips) 
pr0tecto: posts small blind $0.50
Manifestorr: posts big blind $1
*** HOLE CARDS ***
m0nTTu: raises $9 to $10 and is all-in
natashaolivia: folds 
z00mba: raises $9 to $19
sutata: folds 
pr0tecto: folds 
Manifestorr: folds 
Uncalled bet ($9) returned to z00mba
*** FLOP *** [2h 3h Kc]
*** TURN *** [2h 3h Kc] [9c]
*** RIVER *** [2h 3h Kc 9c] [7d]
*** SHOW DOWN ***
m0nTTu: shows [As Ts] (high card Ace)
z00mba: shows [Qc Qh] (a pair of Queens)
z00mba collected $20.42 from pot
*** SUMMARY ***
Total pot $21.50 | Rake $1.08 
Board [2h 3h Kc 9c 7d]
Seat 1: m0nTTu showed [As Ts] and lost with high card Ace
Seat 2: natashaolivia folded before Flop (didn't bet)
Seat 3: z00mba showed [Qc Qh] and won ($20.42) with a pair of Queens
Seat 4: sutata (button) folded before Flop (didn't bet)
Seat 5: pr0tecto (small blind) folded before Flop
Seat 6: Manifestorr (big blind) folded before Flop



PokerStars Hand #254538805129:  Hold'em No Limit ($0.50/$1.00 USD) - 2025/01/24 0:17:02 WET [2025/01/24 19:17:02 ET]
Table 'Diphda IV' 6-max Seat #5 is the button
Seat 1: m0nTTu ($10 in chips) 
Seat 2: natashaolivia ($40.42 in chips) 
Seat 3: z00mba ($294.84 in chips) 
Seat 4: sutata ($100 in chips) 
Seat 5: pr0tecto ($150.17 in chips) 
Seat 6: Manifestorr ($109.42 in chips) 
Manifestorr: posts small blind $0.50
m0nTTu: posts big blind $1
*** HOLE CARDS ***
natashaolivia: folds 
z00mba: folds 
sutata: raises $1.50 to $2.50
pr0tecto: raises $5.50 to $8
Manifestorr: folds 
m0nTTu: folds 
sutata: folds 
Uncalled bet ($5.50) returned to pr0tecto
pr0tecto collected $6.50 from pot
pr0tecto: doesn't show hand 
*** SUMMARY ***
Total pot $6.50 | Rake $0 
Seat 1: m0nTTu (big blind) folded before Flop
Seat 2: natashaolivia folded before Flop (didn't bet)
Seat 3: z00mba folded before Flop (didn't bet)
Seat 4: sutata folded before Flop
Seat 5: pr0tecto (button) collected ($6.50)
Seat 6: Manifestorr (small blind) folded before Flop



PokerStars Hand #254538810209:  Hold'em No Limit ($0.50/$1.00 USD) - 2025/01/24 0:17:24 WET [2025/01/24 19:17:24 ET]
Table 'Diphda IV' 6-max Seat #6 is the button
Seat 1: m0nTTu ($10 in chips) 
Seat 2: natashaolivia ($40.42 in chips) 
Seat 3: z00mba ($294.84 in chips) 
Seat 4: sutata ($100 in chips) 
Seat 5: pr0tecto ($154.17 in chips) 
Seat 6: Manifestorr ($108.92 in chips) 
m0nTTu: posts small blind $0.50
natashaolivia: posts big blind $1
*** HOLE CARDS ***
z00mba: folds 
sutata: folds 
pr0tecto: raises $1.20 to $2.20
Manifestorr: raises $4.80 to $7
m0nTTu: folds 
natashaolivia: calls $6
pr0tecto: calls $4.80
*** FLOP *** [5h 9c 2d]
natashaolivia: checks 
pr0tecto: checks 
Manifestorr: checks 
*** TURN *** [5h 9c 2d] [5s]
natashaolivia: bets $33.42 and is all-in
pr0tecto: calls $33.42
Manifestorr: folds 
*** RIVER *** [5h 9c 2d 5s] [Kc]
*** SHOW DOWN ***
natashaolivia: shows [4h Kd] (two pair, Kings and Fives)
pr0tecto: shows [Qh 9h] (two pair, Nines and Fives)
natashaolivia collected $85.84 from pot
*** SUMMARY ***
Total pot $88.34 | Rake $2.50 
Board [5h 9c 2d 5s Kc]
Seat 1: m0nTTu (small blind) folded before Flop
Seat 2: natashaolivia (big blind) showed [4h Kd] and won ($85.84) with two pair, Kings and Fives
Seat 3: z00mba folded before Flop (didn't bet)
Seat 4: sutata folded before Flop (didn't bet)
Seat 5: pr0tecto showed [Qh 9h] and lost with two pair, Nines and Fives
Seat 6: Manifestorr (button) folded on the Turn



PokerStars Hand #254538826045:  Hold'em No Limit ($0.50/$1.00 USD) - 2025/01/24 0:18:33 WET [2025/01/24 19:18:33 ET]
Table 'Diphda IV' 6-max Seat #1 is the button
Seat 1: m0nTTu ($10 in chips) 
Seat 2: natashaolivia ($85.84 in chips) 
Seat 3: z00mba ($294.84 in chips) 
Seat 4: sutata ($100 in chips) 
Seat 5: pr0tecto ($113.75 in chips) 
Seat 6: Manifestorr ($101.92 in chips) 
natashaolivia: posts small blind $0.50
z00mba: posts big blind $1
*** HOLE CARDS ***
sutata: folds 
pr0tecto: folds 
Manifestorr: folds 
m0nTTu: folds 
natashaolivia: calls $0.50
z00mba: checks 
*** FLOP *** [7h 7d 3d]
natashaolivia: checks 
z00mba: checks 
*** TURN *** [7h 7d 3d] [4c]
natashaolivia: checks 
z00mba: bets $1.50
natashaolivia: folds 
Uncalled bet ($1.50) returned to z00mba
z00mba collected $1.90 from pot
z00mba: doesn't show hand 
*** SUMMARY ***
Total pot $2 | Rake $0.10 
Board [7h 7d 3d 4c]
Seat 1: m0nTTu (button) folded before Flop (didn't bet)
Seat 2: natashaolivia (small blind) folded on the Turn
Seat 3: z00mba (big blind) collected ($1.90)
Seat 4: sutata folded before Flop (didn't bet)
Seat 5: pr0tecto folded before Flop (didn't bet)
Seat 6: Manifestorr folded before Flop (didn't bet)



PokerStars Hand #254538832971:  Hold'em No Limit ($0.50/$1.00 USD) - 2025/01/24 0:19:03 WET [2025/01/24 19:19:03 ET]
Table 'Diphda IV' 6-max Seat #2 is the button
Seat 1: m0nTTu ($10 in chips) 
Seat 2: natashaolivia ($84.84 in chips) 
Seat 3: z00mba ($295.74 in chips) 
Seat 4: sutata ($100 in chips) 
Seat 5: pr0tecto ($113.75 in chips) 
Seat 6: Manifestorr ($101.92 in chips) 
z00mba: posts small blind $0.50
sutata: posts big blind $1
*** HOLE CARDS ***
pr0tecto: raises $1.10 to $2.10
Manifestorr: folds 
m0nTTu: folds 
natashaolivia: calls $2.10
z00mba: folds 
sutata: folds 
*** FLOP *** [Th 6c 7s]
pr0tecto: bets $3.58
natashaolivia: calls $3.58
*** TURN *** [Th 6c 7s] [4h]
pr0tecto: bets $9.17
natashaolivia: folds 
Uncalled bet ($9.17) returned to pr0tecto
pr0tecto collected $12.22 from pot
pr0tecto: doesn't show hand 
*** SUMMARY ***
Total pot $12.86 | Rake $0.64 
Board [Th 6c 7s 4h]
Seat 1: m0nTTu folded before Flop (didn't bet)
Seat 2: natashaolivia (button) folded on the Turn
Seat 3: z00mba (small blind) folded before Flop
Seat 4: sutata (big blind) folded before Flop
Seat 5: pr0tecto collected ($12.22)
Seat 6: Manifestorr folded before Flop (didn't bet)



PokerStars Hand #254538842195:  Hold'em No Limit ($0.50/$1.00 USD) - 2025/01/24 0:19:42 WET [2025/01/24 19:19:42 ET]
Table 'Diphda IV' 6-max Seat #3 is the button
Seat 1: m0nTTu ($10 in chips) 
Seat 2: natashaolivia ($79.16 in chips) 
Seat 3: z00mba ($295.24 in chips) 
Seat 4: sutata ($100 in chips) 
Seat 5: pr0tecto ($120.29 in chips) 
Seat 6: Manifestorr ($101.92 in chips) 
sutata: posts small blind $0.50
pr0tecto: posts big blind $1
*** HOLE CARDS ***
Manifestorr: raises $1.20 to $2.20
m0nTTu: raises $7.80 to $10 and is all-in
natashaolivia: calls $10
z00mba: folds 
sutata: folds 
pr0tecto: folds 
Manifestorr: folds 
*** FLOP *** [5h 7d 9d]
*** TURN *** [5h 7d 9d] [8h]
*** RIVER *** [5h 7d 9d 8h] [7h]
*** SHOW DOWN ***
m0nTTu: shows [Ac Kd] (a pair of Sevens)
natashaolivia: shows [Jd Js] (two pair, Jacks and Sevens)
natashaolivia collected $22.52 from pot
*** SUMMARY ***
Total pot $23.70 | Rake $1.18 
Board [5h 7d 9d 8h 7h]
Seat 1: m0nTTu showed [Ac Kd] and lost with a pair of Sevens
Seat 2: natashaolivia showed [Jd Js] and won ($22.52) with two pair, Jacks and Sevens
Seat 3: z00mba (button) folded before Flop (didn't bet)
Seat 4: sutata (small blind) folded before Flop
Seat 5: pr0tecto (big blind) folded before Flop
Seat 6: Manifestorr folded before Flop



PokerStars Hand #254538849841:  Hold'em No Limit ($0.50/$1.00 USD) - 2025/01/24 0:20:16 WET [2025/01/24 19:20:16 ET]
Table 'Diphda IV' 6-max Seat #4 is the button
Seat 1: m0nTTu ($10 in chips) 
Seat 2: natashaolivia ($91.68 in chips) 
Seat 3: z00mba ($295.24 in chips) 
Seat 4: sutata ($100 in chips) 
Seat 5: pr0tecto ($119.29 in chips) 
Seat 6: Manifestorr ($100 in chips) 
pr0tecto: posts small blind $0.50
Manifestorr: posts big blind $1
*** HOLE CARDS ***
m0nTTu: folds 
natashaolivia: calls $1
z00mba: folds 
sutata: folds 
pr0tecto: raises $3.50 to $4.50
Manifestorr: folds 
natashaolivia: calls $3.50
*** FLOP *** [Qd Jc Qh]
pr0tecto: bets $3.14
natashaolivia: calls $3.14
*** TURN *** [Qd Jc Qh] [Th]
pr0tecto: checks 
natashaolivia: bets $15.47
pr0tecto: calls $15.47
*** RIVER *** [Qd Jc Qh Th] [7d]
pr0tecto: checks 
natashaolivia: bets $68.57 and is all-in
pr0tecto: calls $68.57
*** SHOW DOWN ***
natashaolivia: shows [9d 8h] (a straight, Eight to Queen)
pr0tecto: shows [Qs Tc] (a full house, Queens full of Tens)
pr0tecto collected $181.86 from pot
*** SUMMARY ***
Total pot $184.36 | Rake $2.50 
Board [Qd Jc Qh Th 7d]
Seat 1: m0nTTu folded before Flop (didn't bet)
Seat 2: natashaolivia showed [9d 8h] and lost with a straight, Eight to Queen
Seat 3: z00mba folded before Flop (didn't bet)
Seat 4: sutata (button) folded before Flop (didn't bet)
Seat 5: pr0tecto (small blind) showed [Qs Tc] and won ($181.86) with a full house, Queens full of Tens
Seat 6: Manifestorr (big blind) folded before Flop



PokerStars Hand #254538859660:  Hold'em No Limit ($0.50/$1.00 USD) - 2025/01/24 0:20:58 WET [2025/01/24 19:20:58 ET]
Table 'Diphda IV' 6-max Seat #5 is the button
Seat 2: natashaolivia ($0 in chips) is sitting out
Seat 1: m0nTTu ($10 in chips) 
Seat 3: z00mba ($295.24 in chips) 
Seat 4: sutata ($100 in chips) 
Seat 5: pr0tecto ($209.47 in chips) 
Seat 6: Manifestorr ($100 in chips) 
Manifestorr: posts small blind $0.50
m0nTTu: posts big blind $1
*** HOLE CARDS ***
natashaolivia is disconnected 
z00mba: folds 
sutata: folds 
pr0tecto: folds 
Manifestorr: raises $2 to $3
m0nTTu: folds 
Uncalled bet ($2) returned to Manifestorr
Manifestorr collected $2 from pot
*** SUMMARY ***
Total pot $2 | Rake $0 
Seat 2: natashaolivia
Seat 1: m0nTTu (big blind) folded before Flop
Seat 3: z00mba folded before Flop (didn't bet)
Seat 4: sutata folded before Flop (didn't bet)
Seat 5: pr0tecto (button) folded before Flop (didn't bet)
Seat 6: Manifestorr (small blind) collected ($2)



PokerStars Hand #254538866073:  Hold'em No Limit ($0.50/$1.00 USD) - 2025/01/24 0:21:26 WET [2025/01/24 19:21:26 ET]
Table 'Diphda IV' 6-max Seat #6 is the button
Seat 2: natashaolivia ($0 in chips) is sitting out
Seat 1: m0nTTu ($10 in chips) 
Seat 3: z00mba ($295.24 in chips) 
Seat 4: sutata ($100 in chips) 
Seat 5: pr0tecto ($209.47 in chips) 
Seat 6: Manifestorr ($101 in chips) 
m0nTTu: posts small blind $0.50
z00mba: posts big blind $1
*** HOLE CARDS ***
sutata: raises $1.50 to $2.50
pr0tecto: folds 
Manifestorr: folds 
m0nTTu: folds 
z00mba: folds 
Uncalled bet ($1.50) returned to sutata
sutata collected $2.50 from pot
sutata: doesn't show hand 
*** SUMMARY ***
Total pot $2.50 | Rake $0 
Seat 2: natashaolivia
Seat 1: m0nTTu (small blind) folded before Flop
Seat 3: z00mba (big blind) folded before Flop
Seat 4: sutata collected ($2.50)
Seat 5: pr0tecto folded before Flop (didn't bet)
Seat 6: Manifestorr (button) folded before Flop (didn't bet)



PokerStars Hand #254538869045:  Hold'em No Limit ($0.50/$1.00 USD) - 2025/01/24 0:21:39 WET [2025/01/24 19:21:39 ET]
Table 'Diphda IV' 6-max Seat #1 is the button
Seat 2: natashaolivia ($0 in chips) is sitting out
Seat 1: m0nTTu ($10 in chips) 
Seat 3: z00mba ($294.24 in chips) 
Seat 4: sutata ($101.50 in chips) 
Seat 5: pr0tecto ($209.47 in chips) 
Seat 6: Manifestorr ($101 in chips) 
z00mba: posts small blind $0.50
sutata: posts big blind $1
*** HOLE CARDS ***
pr0tecto: folds 
Manifestorr: folds 
m0nTTu: raises $9 to $10 and is all-in
z00mba: folds 
sutata: folds 
Uncalled bet ($9) returned to m0nTTu
m0nTTu collected $2.50 from pot
m0nTTu: doesn't show hand 
*** SUMMARY ***
Total pot $2.50 | Rake $0 
Seat 2: natashaolivia
Seat 1: m0nTTu (button) collected ($2.50)
Seat 3: z00mba (small blind) folded before Flop
Seat 4: sutata (big blind) folded before Flop
Seat 5: pr0tecto folded before Flop (didn't bet)
Seat 6: Manifestorr folded before Flop (didn't bet)



PokerStars Hand #254538873320:  Hold'em No Limit ($0.50/$1.00 USD) - 2025/01/24 0:21:58 WET [2025/01/24 19:21:58 ET]
Table 'Diphda IV' 6-max Seat #3 is the button
Seat 2: natashaolivia ($0 in chips) is sitting out
Seat 1: m0nTTu ($11.50 in chips) 
Seat 3: z00mba ($293.74 in chips) 
Seat 4: sutata ($100.50 in chips) 
Seat 5: pr0tecto ($209.47 in chips) 
Seat 6: Manifestorr ($101 in chips) 
sutata: posts small blind $0.50
pr0tecto: posts big blind $1
*** HOLE CARDS ***
Manifestorr: folds 
m0nTTu: folds 
z00mba: folds 
sutata: raises $2 to $3
pr0tecto: calls $2
*** FLOP *** [Ac 3h Jh]
sutata: checks 
pr0tecto: bets $1.88
sutata: calls $1.88
*** TURN *** [Ac 3h Jh] [6h]
sutata: checks 
pr0tecto: bets $6.95
sutata: folds 
Uncalled bet ($6.95) returned to pr0tecto
pr0tecto collected $9.27 from pot
pr0tecto: doesn't show hand 
sutata leaves the table
*** SUMMARY ***
Total pot $9.76 | Rake $0.49 
Board [Ac 3h Jh 6h]
Seat 2: natashaolivia
Seat 1: m0nTTu folded before Flop (didn't bet)
Seat 3: z00mba (button) folded before Flop (didn't bet)
Seat 4: sutata (small blind) folded on the Turn
Seat 5: pr0tecto (big blind) collected ($9.27)
Seat 6: Manifestorr folded before Flop (didn't bet)



PokerStars Hand #254538885381:  Hold'em No Limit ($0.50/$1.00 USD) - 2025/01/24 0:22:51 WET [2025/01/24 19:22:51 ET]
Table 'Diphda IV' 6-max Seat #5 is the button
Seat 2: natashaolivia ($0 in chips) is sitting out
Seat 1: m0nTTu ($11.50 in chips) 
Seat 3: z00mba ($293.74 in chips) 
Seat 5: pr0tecto ($213.86 in chips) 
Seat 6: Manifestorr ($101 in chips) 
Manifestorr: posts small blind $0.50
m0nTTu: posts big blind $1
*** HOLE CARDS ***
z00mba: folds 
pr0tecto: raises $2 to $3
Manifestorr: raises $9 to $12
m0nTTu: folds 
pr0tecto: calls $9
*** FLOP *** [Qs 4s 8c]
Manifestorr: bets $7.92
pr0tecto: calls $7.92
*** TURN *** [Qs 4s 8c] [Js]
Manifestorr: bets $13.65
pr0tecto: calls $13.65
*** RIVER *** [Qs 4s 8c Js] [3h]
Manifestorr: checks 
pr0tecto: checks 
*** SHOW DOWN ***
Manifestorr: shows [6d 6s] (a pair of Sixes)
pr0tecto: shows [Kc Qh] (a pair of Queens)
pr0tecto collected $67.14 from pot
*** SUMMARY ***
Total pot $68.14 | Rake $1 
Board [Qs 4s 8c Js 3h]
Seat 2: natashaolivia
Seat 1: m0nTTu (big blind) folded before Flop
Seat 3: z00mba folded before Flop (didn't bet)
Seat 5: pr0tecto (button) showed [Kc Qh] and won ($67.14) with a pair of Queens
Seat 6: Manifestorr (small blind) showed [6d 6s] and lost with a pair of Sixes



PokerStars Hand #254538901325:  Hold'em No Limit ($0.50/$1.00 USD) - 2025/01/24 0:24:02 WET [2025/01/24 19:24:02 ET]
Table 'Diphda IV' 6-max Seat #6 is the button
Seat 2: natashaolivia ($0 in chips) is sitting out
Seat 1: m0nTTu ($10.50 in chips) 
Seat 3: z00mba ($293.74 in chips) 
Seat 5: pr0tecto ($247.43 in chips) 
Seat 6: Manifestorr ($100 in chips) 
m0nTTu: posts small blind $0.50
z00mba: posts big blind $1
*** HOLE CARDS ***
pr0tecto: raises $1.20 to $2.20
Manifestorr: folds 
m0nTTu: folds 
z00mba: folds 
Uncalled bet ($1.20) returned to pr0tecto
pr0tecto collected $2.50 from pot
pr0tecto: doesn't show hand 
*** SUMMARY ***
Total pot $2.50 | Rake $0 
Seat 2: natashaolivia
Seat 1: m0nTTu (small blind) folded before Flop
Seat 3: z00mba (big blind) folded before Flop
Seat 5: pr0tecto collected ($2.50)
Seat 6: Manifestorr (button) folded before Flop (didn't bet)



PokerStars Hand #254538904431:  Hold'em No Limit ($0.50/$1.00 USD) - 2025/01/24 0:24:15 WET [2025/01/24 19:24:15 ET]
Table 'Diphda IV' 6-max Seat #1 is the button
Seat 2: natashaolivia ($0 in chips) is sitting out
Seat 1: m0nTTu ($10 in chips) 
Seat 3: z00mba ($292.74 in chips) 
Seat 5: pr0tecto ($248.93 in chips) 
Seat 6: Manifestorr ($100 in chips) 
z00mba: posts small blind $0.50
pr0tecto: posts big blind $1
*** HOLE CARDS ***
Manifestorr: folds 
Manifestorr leaves the table
m0nTTu: folds 
z00mba: folds 
Uncalled bet ($0.50) returned to pr0tecto
pr0tecto collected $1 from pot
pr0tecto: doesn't show hand 
*** SUMMARY ***
Total pot $1 | Rake $0 
Seat 2: natashaolivia
Seat 1: m0nTTu (button) folded before Flop (didn't bet)
Seat 3: z00mba (small blind) folded before Flop
Seat 5: pr0tecto (big blind) collected ($1)
Seat 6: Manifestorr folded before Flop (didn't bet)



PokerStars Hand #254538908489:  Hold'em No Limit ($0.50/$1.00 USD) - 2025/01/24 0:24:33 WET [2025/01/24 19:24:33 ET]
Table 'Diphda IV' 6-max Seat #5 is the button
Seat 1: m0nTTu ($10 in chips) is sitting out
Seat 2: natashaolivia ($0 in chips) is sitting out
Seat 3: z00mba ($292.24 in chips) 
Seat 5: pr0tecto ($249.43 in chips) 
pr0tecto: posts small blind $0.50
m0nTTu: is sitting out 
z00mba: posts big blind $1
*** HOLE CARDS ***
m0nTTu leaves the table
pr0tecto: raises $1.50 to $2.50
z00mba: folds 
Uncalled bet ($1.50) returned to pr0tecto
pr0tecto collected $2 from pot
pr0tecto: doesn't show hand 
*** SUMMARY ***
Total pot $2 | Rake $0 
Seat 1: m0nTTu
Seat 2: natashaolivia
Seat 3: z00mba (big blind) folded before Flop
Seat 5: pr0tecto (button) (small blind) collected ($2)



