PokerStars Hand #254539075325:  Hold'em No Limit ($0.50/$1.00 USD) - 2025/01/24 0:37:11 WET [2025/01/24 19:37:11 ET]
Table 'Galvarino IV' 6-max Seat #4 is the button
Seat 1: shootingGRID ($100 in chips) 
Seat 2: nastja336 ($100 in chips) 
Seat 4: equilibrium_tv ($10 in chips) 
Seat 6: nikalas22 ($100 in chips) 
nikalas22: posts small blind $0.50
shootingGRID: posts big blind $1
*** HOLE CARDS ***
nastja336: folds 
equilibrium_tv: raises $9 to $10 and is all-in
nikalas22: folds 
shootingGRID: folds 
Uncalled bet ($9) returned to equilibrium_tv
equilibrium_tv collected $2.50 from pot
*** SUMMARY ***
Total pot $2.50 | Rake $0 
Seat 1: shootingGRID (big blind) folded before Flop
Seat 2: nastja336 folded before Flop (didn't bet)
Seat 4: equilibrium_tv (button) collected ($2.50)
Seat 6: nikalas22 (small blind) folded before Flop



PokerStars Hand #254539079603:  Hold'em No Limit ($0.50/$1.00 USD) - 2025/01/24 0:37:31 WET [2025/01/24 19:37:31 ET]
Table 'Galvarino IV' 6-max Seat #6 is the button
Seat 1: shootingGRID ($100 in chips) 
Seat 2: nastja336 ($100 in chips) 
Seat 4: equilibrium_tv ($11.50 in chips) 
Seat 6: nikalas22 ($100 in chips) 
shootingGRID: posts small blind $0.50
nastja336: posts big blind $1
*** HOLE CARDS ***
equilibrium_tv: folds 
nikalas22: folds 
shootingGRID: raises $2 to $3
nastja336: folds 
Uncalled bet ($2) returned to shootingGRID
shootingGRID collected $2 from pot
*** SUMMARY ***
Total pot $2 | Rake $0 
Seat 1: shootingGRID (small blind) collected ($2)
Seat 2: nastja336 (big blind) folded before Flop
Seat 4: equilibrium_tv folded before Flop (didn't bet)
Seat 6: nikalas22 (button) folded before Flop (didn't bet)



PokerStars Hand #254539082596:  Hold'em No Limit ($0.50/$1.00 USD) - 2025/01/24 0:37:45 WET [2025/01/24 19:37:45 ET]
Table 'Galvarino IV' 6-max Seat #1 is the button
Seat 1: shootingGRID ($101 in chips) 
Seat 2: nastja336 ($100 in chips) 
Seat 4: equilibrium_tv ($11.50 in chips) 
Seat 6: nikalas22 ($100 in chips) 
nastja336: posts small blind $0.50
equilibrium_tv: posts big blind $1
*** HOLE CARDS ***
nikalas22: folds 
shootingGRID: raises $1.50 to $2.50
nastja336: folds 
equilibrium_tv: folds 
Uncalled bet ($1.50) returned to shootingGRID
shootingGRID collected $2.50 from pot
*** SUMMARY ***
Total pot $2.50 | Rake $0 
Seat 1: shootingGRID (button) collected ($2.50)
Seat 2: nastja336 (small blind) folded before Flop
Seat 4: equilibrium_tv (big blind) folded before Flop
Seat 6: nikalas22 folded before Flop (didn't bet)



PokerStars Hand #254539085142:  Hold'em No Limit ($0.50/$1.00 USD) - 2025/01/24 0:37:56 WET [2025/01/24 19:37:56 ET]
Table 'Galvarino IV' 6-max Seat #2 is the button
Seat 1: shootingGRID ($102.50 in chips) 
Seat 2: nastja336 ($100 in chips) 
Seat 4: equilibrium_tv ($10.50 in chips) 
Seat 6: nikalas22 ($100 in chips) 
equilibrium_tv: posts small blind $0.50
nikalas22: posts big blind $1
*** HOLE CARDS ***
shootingGRID: folds 
nastja336: folds 
equilibrium_tv: folds 
Uncalled bet ($0.50) returned to nikalas22
nikalas22 collected $1 from pot
nikalas22: doesn't show hand 
*** SUMMARY ***
Total pot $1 | Rake $0 
Seat 1: shootingGRID folded before Flop (didn't bet)
Seat 2: nastja336 (button) folded before Flop (didn't bet)
Seat 4: equilibrium_tv (small blind) folded before Flop
Seat 6: nikalas22 (big blind) collected ($1)



PokerStars Hand #254539089291:  Hold'em No Limit ($0.50/$1.00 USD) - 2025/01/24 0:38:15 WET [2025/01/24 19:38:15 ET]
Table 'Galvarino IV' 6-max Seat #4 is the button
Seat 1: shootingGRID ($102.50 in chips) 
Seat 2: nastja336 ($100 in chips) 
Seat 4: equilibrium_tv ($10 in chips) 
Seat 6: nikalas22 ($100.50 in chips) 
nikalas22: posts small blind $0.50
shootingGRID: posts big blind $1
*** HOLE CARDS ***
nastja336: folds 
nastja336 leaves the table
equilibrium_tv: folds 
nikalas22: folds 
Uncalled bet ($0.50) returned to shootingGRID
shootingGRID collected $1 from pot
*** SUMMARY ***
Total pot $1 | Rake $0 
Seat 1: shootingGRID (big blind) collected ($1)
Seat 2: nastja336 folded before Flop (didn't bet)
Seat 4: equilibrium_tv (button) folded before Flop (didn't bet)
Seat 6: nikalas22 (small blind) folded before Flop



PokerStars Hand #254539091876:  Hold'em No Limit ($0.50/$1.00 USD) - 2025/01/24 0:38:27 WET [2025/01/24 19:38:27 ET]
Table 'Galvarino IV' 6-max Seat #6 is the button
Seat 1: shootingGRID ($103 in chips) 
Seat 4: equilibrium_tv ($10 in chips) 
Seat 6: nikalas22 ($100 in chips) 
shootingGRID: posts small blind $0.50
equilibrium_tv: posts big blind $1
*** HOLE CARDS ***
nikalas22: folds 
shootingGRID: raises $11 to $12
equilibrium_tv: calls $9 and is all-in
Uncalled bet ($2) returned to shootingGRID
equilibrium_tv has timed out
*** FIRST FLOP *** [Ts Th 3s]
*** FIRST TURN *** [Ts Th 3s] [3h]
*** FIRST RIVER *** [Ts Th 3s 3h] [6h]
*** SECOND FLOP *** [Qd 7s 3c]
*** SECOND TURN *** [Qd 7s 3c] [6c]
*** SECOND RIVER *** [Qd 7s 3c 6c] [2d]
*** FIRST SHOW DOWN ***
shootingGRID: shows [8s 8c] (two pair, Tens and Eights)
equilibrium_tv: shows [Jd Qh] (two pair, Tens and Threes)
shootingGRID collected $9.50 from pot
*** SECOND SHOW DOWN ***
shootingGRID: shows [8s 8c] (a pair of Eights)
equilibrium_tv: shows [Jd Qh] (a pair of Queens)
equilibrium_tv collected $9.50 from pot
*** SUMMARY ***
Total pot $20 | Rake $1 
Hand was run twice
FIRST Board [Ts Th 3s 3h 6h]
SECOND Board [Qd 7s 3c 6c 2d]
Seat 1: shootingGRID (small blind) showed [8s 8c] and won ($9.50) with two pair, Tens and Eights, and lost with a pair of Eights
Seat 4: equilibrium_tv (big blind) showed [Jd Qh] and lost with two pair, Tens and Threes, and won ($9.50) with a pair of Queens
Seat 6: nikalas22 (button) folded before Flop (didn't bet)



PokerStars Hand #254539102629:  Hold'em No Limit ($0.50/$1.00 USD) - 2025/01/24 0:39:17 WET [2025/01/24 19:39:17 ET]
Table 'Galvarino IV' 6-max Seat #1 is the button
Seat 1: shootingGRID ($102.50 in chips) 
Seat 4: equilibrium_tv ($9.50 in chips) 
Seat 6: nikalas22 ($100 in chips) 
equilibrium_tv: posts small blind $0.50
nikalas22: posts big blind $1
*** HOLE CARDS ***
shootingGRID: raises $1.50 to $2.50
equilibrium_tv: folds 
nikalas22: folds 
Uncalled bet ($1.50) returned to shootingGRID
shootingGRID collected $2.50 from pot
*** SUMMARY ***
Total pot $2.50 | Rake $0 
Seat 1: shootingGRID (button) collected ($2.50)
Seat 4: equilibrium_tv (small blind) folded before Flop
Seat 6: nikalas22 (big blind) folded before Flop



PokerStars Hand #254539107036:  Hold'em No Limit ($0.50/$1.00 USD) - 2025/01/24 0:39:37 WET [2025/01/24 19:39:37 ET]
Table 'Galvarino IV' 6-max Seat #4 is the button
Seat 1: shootingGRID ($104 in chips) 
Seat 4: equilibrium_tv ($9 in chips) 
Seat 6: nikalas22 ($100 in chips) 
nikalas22: posts small blind $0.50
shootingGRID: posts big blind $1
*** HOLE CARDS ***
equilibrium_tv: folds 
nikalas22: raises $2 to $3
shootingGRID: folds 
Uncalled bet ($2) returned to nikalas22
nikalas22 collected $2 from pot
nikalas22: doesn't show hand 
*** SUMMARY ***
Total pot $2 | Rake $0 
Seat 1: shootingGRID (big blind) folded before Flop
Seat 4: equilibrium_tv (button) folded before Flop (didn't bet)
Seat 6: nikalas22 (small blind) collected ($2)



PokerStars Hand #254539114231:  Hold'em No Limit ($0.50/$1.00 USD) - 2025/01/24 0:40:11 WET [2025/01/24 19:40:11 ET]
Table 'Galvarino IV' 6-max Seat #6 is the button
Seat 1: shootingGRID ($103 in chips) 
Seat 4: equilibrium_tv ($9 in chips) 
Seat 6: nikalas22 ($101 in chips) 
shootingGRID: posts small blind $0.50
equilibrium_tv: posts big blind $1
*** HOLE CARDS ***
nikalas22: raises $1.50 to $2.50
shootingGRID: folds 
equilibrium_tv: folds 
Uncalled bet ($1.50) returned to nikalas22
nikalas22 collected $2.50 from pot
nikalas22: doesn't show hand 
*** SUMMARY ***
Total pot $2.50 | Rake $0 
Seat 1: shootingGRID (small blind) folded before Flop
Seat 4: equilibrium_tv (big blind) folded before Flop
Seat 6: nikalas22 (button) collected ($2.50)



PokerStars Hand #254539118867:  Hold'em No Limit ($0.50/$1.00 USD) - 2025/01/24 0:40:33 WET [2025/01/24 19:40:33 ET]
Table 'Galvarino IV' 6-max Seat #1 is the button
Seat 1: shootingGRID ($102.50 in chips) 
Seat 4: equilibrium_tv ($8 in chips) 
Seat 6: nikalas22 ($102.50 in chips) 
equilibrium_tv: posts small blind $0.50
nikalas22: posts big blind $1
*** HOLE CARDS ***
shootingGRID: folds 
nastja336 joins the table at seat #5 
XneferX joins the table at seat #2 
equilibrium_tv: folds 
Uncalled bet ($0.50) returned to nikalas22
nikalas22 collected $1 from pot
jujupipa27 joins the table at seat #3 
nikalas22: doesn't show hand 
jujupipa27 is disconnected 
*** SUMMARY ***
Total pot $1 | Rake $0 
Seat 1: shootingGRID (button) folded before Flop (didn't bet)
Seat 4: equilibrium_tv (small blind) folded before Flop
Seat 6: nikalas22 (big blind) collected ($1)



PokerStars Hand #254539122818:  Hold'em No Limit ($0.50/$1.00 USD) - 2025/01/24 0:40:50 WET [2025/01/24 19:40:50 ET]
Table 'Galvarino IV' 6-max Seat #4 is the button
Seat 2: XneferX ($100 in chips) is sitting out
Seat 3: jujupipa27 ($13.77 in chips) is sitting out
Seat 5: nastja336 ($100 in chips) is sitting out
Seat 1: shootingGRID ($102.50 in chips) 
Seat 4: equilibrium_tv ($7.50 in chips) 
Seat 6: nikalas22 ($103 in chips) 
nikalas22: posts small blind $0.50
shootingGRID: posts big blind $1
XneferX: sits out 
jujupipa27: sits out 
*** HOLE CARDS ***
equilibrium_tv: folds 
nikalas22: folds 
Uncalled bet ($0.50) returned to shootingGRID
shootingGRID collected $1 from pot
*** SUMMARY ***
Total pot $1 | Rake $0 
Seat 2: XneferX
Seat 3: jujupipa27
Seat 5: nastja336
Seat 1: shootingGRID (big blind) collected ($1)
Seat 4: equilibrium_tv (button) folded before Flop (didn't bet)
Seat 6: nikalas22 (small blind) folded before Flop



PokerStars Hand #254539126554:  Hold'em No Limit ($0.50/$1.00 USD) - 2025/01/24 0:41:08 WET [2025/01/24 19:41:08 ET]
Table 'Galvarino IV' 6-max Seat #6 is the button
Seat 3: jujupipa27 ($13.77 in chips) is sitting out
Seat 5: nastja336 ($100 in chips) is sitting out
Seat 1: shootingGRID ($103 in chips) 
Seat 2: XneferX ($100 in chips) 
Seat 4: equilibrium_tv ($7.50 in chips) 
Seat 6: nikalas22 ($102.50 in chips) 
shootingGRID: posts small blind $0.50
XneferX: posts big blind $1
jujupipa27: sits out 
nastja336: sits out 
*** HOLE CARDS ***
equilibrium_tv: raises $6.50 to $7.50 and is all-in
nikalas22: folds 
shootingGRID: folds 
XneferX: folds 
Uncalled bet ($6.50) returned to equilibrium_tv
equilibrium_tv collected $2.50 from pot
*** SUMMARY ***
Total pot $2.50 | Rake $0 
Seat 3: jujupipa27
Seat 5: nastja336
Seat 1: shootingGRID (small blind) folded before Flop
Seat 2: XneferX (big blind) folded before Flop
Seat 4: equilibrium_tv collected ($2.50)
Seat 6: nikalas22 (button) folded before Flop (didn't bet)



PokerStars Hand #254539130628:  Hold'em No Limit ($0.50/$1.00 USD) - 2025/01/24 0:41:27 WET [2025/01/24 19:41:27 ET]
Table 'Galvarino IV' 6-max Seat #1 is the button
Seat 5: nastja336 ($100 in chips) is sitting out
Seat 1: shootingGRID ($102.50 in chips) 
Seat 2: XneferX ($100 in chips) 
Seat 3: jujupipa27 ($13.77 in chips) 
Seat 4: equilibrium_tv ($9 in chips) 
Seat 6: nikalas22 ($102.50 in chips) 
XneferX: posts small blind $0.50
jujupipa27: posts big blind $1
nastja336: sits out 
*** HOLE CARDS ***
equilibrium_tv: folds 
equilibrium_tv leaves the table
nikalas22: raises $1.50 to $2.50
shootingGRID: folds 
XneferX: folds 
jujupipa27: calls $1.50
*** FLOP *** [8s 6s 3d]
jujupipa27: bets $11.27 and is all-in
nikalas22: calls $11.27
*** TURN *** [8s 6s 3d] [Jc]
*** RIVER *** [8s 6s 3d Jc] [6c]
*** SHOW DOWN ***
jujupipa27: shows [3c Qc] (two pair, Sixes and Threes)
nikalas22: shows [Js Jh] (a full house, Jacks full of Sixes)
nikalas22 collected $26.64 from pot
jujupipa27 cashed out the hand for $4.86 | Cash Out Fee $0.10
*** SUMMARY ***
Total pot $28.04 | Rake $1.40 
Board [8s 6s 3d Jc 6c]
Seat 5: nastja336
Seat 1: shootingGRID (button) folded before Flop (didn't bet)
Seat 2: XneferX (small blind) folded before Flop
Seat 3: jujupipa27 (big blind) showed [3c Qc] and lost with two pair, Sixes and Threes (cashed out).
Seat 4: equilibrium_tv folded before Flop (didn't bet)
Seat 6: nikalas22 showed [Js Jh] and won ($26.64) with a full house, Jacks full of Sixes



PokerStars Hand #254539141684:  Hold'em No Limit ($0.50/$1.00 USD) - 2025/01/24 0:42:20 WET [2025/01/24 19:42:20 ET]
Table 'Galvarino IV' 6-max Seat #2 is the button
Seat 1: shootingGRID ($102.50 in chips) 
Seat 2: XneferX ($100 in chips) 
Seat 3: jujupipa27 ($4.86 in chips) 
Seat 5: nastja336 ($100 in chips) 
Seat 6: nikalas22 ($115.37 in chips) 
jujupipa27: posts small blind $0.50
nastja336: posts big blind $1
*** HOLE CARDS ***
nikalas22: folds 
shootingGRID: folds 
XneferX: folds 
jujupipa27: folds 
Uncalled bet ($0.50) returned to nastja336
nastja336 collected $1 from pot
nastja336: doesn't show hand 
*** SUMMARY ***
Total pot $1 | Rake $0 
Seat 1: shootingGRID folded before Flop (didn't bet)
Seat 2: XneferX (button) folded before Flop (didn't bet)
Seat 3: jujupipa27 (small blind) folded before Flop
Seat 5: nastja336 (big blind) collected ($1)
Seat 6: nikalas22 folded before Flop (didn't bet)



PokerStars Hand #254539143714:  Hold'em No Limit ($0.50/$1.00 USD) - 2025/01/24 0:42:29 WET [2025/01/24 19:42:29 ET]
Table 'Galvarino IV' 6-max Seat #3 is the button
Seat 1: shootingGRID ($102.50 in chips) 
Seat 2: XneferX ($100 in chips) 
Seat 3: jujupipa27 ($4.36 in chips) 
Seat 5: nastja336 ($100.50 in chips) 
Seat 6: nikalas22 ($115.37 in chips) 
nastja336: posts small blind $0.50
nikalas22: posts big blind $1
*** HOLE CARDS ***
shootingGRID: raises $1.25 to $2.25
XneferX: folds 
jujupipa27: folds 
nastja336: folds 
nikalas22: folds 
Uncalled bet ($1.25) returned to shootingGRID
shootingGRID collected $2.50 from pot
*** SUMMARY ***
Total pot $2.50 | Rake $0 
Seat 1: shootingGRID collected ($2.50)
Seat 2: XneferX folded before Flop (didn't bet)
Seat 3: jujupipa27 (button) folded before Flop (didn't bet)
Seat 5: nastja336 (small blind) folded before Flop
Seat 6: nikalas22 (big blind) folded before Flop



PokerStars Hand #254539146205:  Hold'em No Limit ($0.50/$1.00 USD) - 2025/01/24 0:42:41 WET [2025/01/24 19:42:41 ET]
Table 'Galvarino IV' 6-max Seat #5 is the button
Seat 1: shootingGRID ($104 in chips) 
Seat 2: XneferX ($100 in chips) 
Seat 3: jujupipa27 ($4.36 in chips) 
Seat 5: nastja336 ($100 in chips) 
Seat 6: nikalas22 ($114.37 in chips) 
nikalas22: posts small blind $0.50
shootingGRID: posts big blind $1
*** HOLE CARDS ***
XneferX: raises $1.10 to $2.10
jujupipa27: folds 
nastja336: folds 
nikalas22: folds 
shootingGRID: folds 
Uncalled bet ($1.10) returned to XneferX
XneferX collected $2.50 from pot
XneferX: doesn't show hand 
*** SUMMARY ***
Total pot $2.50 | Rake $0 
Seat 1: shootingGRID (big blind) folded before Flop
Seat 2: XneferX collected ($2.50)
Seat 3: jujupipa27 folded before Flop (didn't bet)
Seat 5: nastja336 (button) folded before Flop (didn't bet)
Seat 6: nikalas22 (small blind) folded before Flop



PokerStars Hand #254539150426:  Hold'em No Limit ($0.50/$1.00 USD) - 2025/01/24 0:43:01 WET [2025/01/24 19:43:01 ET]
Table 'Galvarino IV' 6-max Seat #6 is the button
Seat 1: shootingGRID ($103 in chips) 
Seat 2: XneferX ($101.50 in chips) 
Seat 3: jujupipa27 ($4.36 in chips) 
Seat 5: nastja336 ($100 in chips) 
Seat 6: nikalas22 ($113.87 in chips) 
shootingGRID: posts small blind $0.50
XneferX: posts big blind $1
*** HOLE CARDS ***
jujupipa27: folds 
nastja336: folds 
nikalas22: raises $1.50 to $2.50
shootingGRID: folds 
XneferX: folds 
Uncalled bet ($1.50) returned to nikalas22
nikalas22 collected $2.50 from pot
nikalas22: doesn't show hand 
*** SUMMARY ***
Total pot $2.50 | Rake $0 
Seat 1: shootingGRID (small blind) folded before Flop
Seat 2: XneferX (big blind) folded before Flop
Seat 3: jujupipa27 folded before Flop (didn't bet)
Seat 5: nastja336 folded before Flop (didn't bet)
Seat 6: nikalas22 (button) collected ($2.50)



PokerStars Hand #254539154846:  Hold'em No Limit ($0.50/$1.00 USD) - 2025/01/24 0:43:22 WET [2025/01/24 19:43:22 ET]
Table 'Galvarino IV' 6-max Seat #1 is the button
Seat 1: shootingGRID ($102.50 in chips) 
Seat 2: XneferX ($100.50 in chips) 
Seat 3: jujupipa27 ($4.36 in chips) 
Seat 5: nastja336 ($100 in chips) 
Seat 6: nikalas22 ($115.37 in chips) 
XneferX: posts small blind $0.50
jujupipa27: posts big blind $1
*** HOLE CARDS ***
nastja336: raises $1.50 to $2.50
nikalas22: folds 
Unipoker11 joins the table at seat #4 
shootingGRID: folds 
XneferX: folds 
jujupipa27: raises $1.86 to $4.36 and is all-in
nastja336: calls $1.86
*** FLOP *** [Ad 6c 2d]
*** TURN *** [Ad 6c 2d] [5s]
*** RIVER *** [Ad 6c 2d 5s] [5d]
Unipoker11 leaves the table
*** SHOW DOWN ***
jujupipa27: shows [Jc Kh] (a pair of Fives)
nastja336: shows [Ac Kd] (two pair, Aces and Fives)
nastja336 collected $8.76 from pot
*** SUMMARY ***
Total pot $9.22 | Rake $0.46 
Board [Ad 6c 2d 5s 5d]
Seat 1: shootingGRID (button) folded before Flop (didn't bet)
Seat 2: XneferX (small blind) folded before Flop
Seat 3: jujupipa27 (big blind) showed [Jc Kh] and lost with a pair of Fives
Seat 5: nastja336 showed [Ac Kd] and won ($8.76) with two pair, Aces and Fives
Seat 6: nikalas22 folded before Flop (didn't bet)



PokerStars Hand #254539161934:  Hold'em No Limit ($0.50/$1.00 USD) - 2025/01/24 0:43:56 WET [2025/01/24 19:43:56 ET]
Table 'Galvarino IV' 6-max Seat #2 is the button
Seat 3: jujupipa27 ($0 in chips) is sitting out
Seat 1: shootingGRID ($102.50 in chips) 
Seat 2: XneferX ($100 in chips) 
Seat 5: nastja336 ($104.40 in chips) 
Seat 6: nikalas22 ($115.37 in chips) 
nastja336: posts small blind $0.50
nikalas22: posts big blind $1
*** HOLE CARDS ***
shootingGRID: folds 
jujupipa27 leaves the table
XneferX: folds 
nastja336: folds 
Uncalled bet ($0.50) returned to nikalas22
nikalas22 collected $1 from pot
nikalas22: doesn't show hand 
*** SUMMARY ***
Total pot $1 | Rake $0 
Seat 3: jujupipa27
Seat 1: shootingGRID folded before Flop (didn't bet)
Seat 2: XneferX (button) folded before Flop (didn't bet)
Seat 5: nastja336 (small blind) folded before Flop
Seat 6: nikalas22 (big blind) collected ($1)



PokerStars Hand #254539166029:  Hold'em No Limit ($0.50/$1.00 USD) - 2025/01/24 0:44:16 WET [2025/01/24 19:44:16 ET]
Table 'Galvarino IV' 6-max Seat #5 is the button
Seat 1: shootingGRID ($102.50 in chips) 
Seat 2: XneferX ($100 in chips) 
Seat 5: nastja336 ($103.90 in chips) 
Seat 6: nikalas22 ($115.87 in chips) 
nikalas22: posts small blind $0.50
shootingGRID: posts big blind $1
*** HOLE CARDS ***
XneferX: folds 
nastja336: folds 
nikalas22: folds 
Uncalled bet ($0.50) returned to shootingGRID
shootingGRID collected $1 from pot
*** SUMMARY ***
Total pot $1 | Rake $0 
Seat 1: shootingGRID (big blind) collected ($1)
Seat 2: XneferX folded before Flop (didn't bet)
Seat 5: nastja336 (button) folded before Flop (didn't bet)
Seat 6: nikalas22 (small blind) folded before Flop



PokerStars Hand #254539168509:  Hold'em No Limit ($0.50/$1.00 USD) - 2025/01/24 0:44:28 WET [2025/01/24 19:44:28 ET]
Table 'Galvarino IV' 6-max Seat #6 is the button
Seat 2: XneferX ($100 in chips) is sitting out
Seat 1: shootingGRID ($103 in chips) 
Seat 5: nastja336 ($103.90 in chips) 
Seat 6: nikalas22 ($115.37 in chips) 
shootingGRID: posts small blind $0.50
XneferX: is sitting out 
nastja336: posts big blind $1
*** HOLE CARDS ***
nikalas22: folds 
XneferX leaves the table
shootingGRID: raises $2 to $3
nastja336: calls $2
*** FLOP *** [2d 2c 7h]
shootingGRID: checks 
nastja336: checks 
*** TURN *** [2d 2c 7h] [4h]
shootingGRID: bets $12
nastja336: folds 
Uncalled bet ($12) returned to shootingGRID
shootingGRID collected $5.70 from pot
*** SUMMARY ***
Total pot $6 | Rake $0.30 
Board [2d 2c 7h 4h]
Seat 2: XneferX
Seat 1: shootingGRID (small blind) collected ($5.70)
Seat 5: nastja336 (big blind) folded on the Turn
Seat 6: nikalas22 (button) folded before Flop (didn't bet)



PokerStars Hand #254539174169:  Hold'em No Limit ($0.50/$1.00 USD) - 2025/01/24 0:44:54 WET [2025/01/24 19:44:54 ET]
Table 'Galvarino IV' 6-max Seat #1 is the button
Seat 1: shootingGRID ($105.70 in chips) 
Seat 5: nastja336 ($100.90 in chips) 
Seat 6: nikalas22 ($115.37 in chips) 
nastja336: posts small blind $0.50
nikalas22: posts big blind $1
*** HOLE CARDS ***
shootingGRID: folds 
nastja336: folds 
Uncalled bet ($0.50) returned to nikalas22
nikalas22 collected $1 from pot
nikalas22: doesn't show hand 
*** SUMMARY ***
Total pot $1 | Rake $0 
Seat 1: shootingGRID (button) folded before Flop (didn't bet)
Seat 5: nastja336 (small blind) folded before Flop
Seat 6: nikalas22 (big blind) collected ($1)



PokerStars Hand #254539175889:  Hold'em No Limit ($0.50/$1.00 USD) - 2025/01/24 0:45:02 WET [2025/01/24 19:45:02 ET]
Table 'Galvarino IV' 6-max Seat #5 is the button
Seat 1: shootingGRID ($105.70 in chips) 
Seat 5: nastja336 ($100.40 in chips) 
Seat 6: nikalas22 ($115.87 in chips) 
nikalas22: posts small blind $0.50
shootingGRID: posts big blind $1
*** HOLE CARDS ***
nastja336: folds 
nikalas22: raises $2 to $3
shootingGRID: calls $2
*** FLOP *** [2d 6h 5d]
nikalas22: checks 
shootingGRID: checks 
*** TURN *** [2d 6h 5d] [7h]
nikalas22: checks 
shootingGRID: checks 
*** RIVER *** [2d 6h 5d 7h] [Tc]
nikalas22: checks 
shootingGRID: bets $8
nikalas22: folds 
Uncalled bet ($8) returned to shootingGRID
shootingGRID collected $5.70 from pot
*** SUMMARY ***
Total pot $6 | Rake $0.30 
Board [2d 6h 5d 7h Tc]
Seat 1: shootingGRID (big blind) collected ($5.70)
Seat 5: nastja336 (button) folded before Flop (didn't bet)
Seat 6: nikalas22 (small blind) folded on the River



PokerStars Hand #254539186123:  Hold'em No Limit ($0.50/$1.00 USD) - 2025/01/24 0:45:51 WET [2025/01/24 19:45:51 ET]
Table 'Galvarino IV' 6-max Seat #1 is the button
Seat 5: nastja336 ($100.40 in chips) is sitting out
Seat 1: shootingGRID ($108.40 in chips) 
Seat 6: nikalas22 ($112.87 in chips) 
shootingGRID: posts small blind $0.50
nastja336: is sitting out 
nikalas22: posts big blind $1
*** HOLE CARDS ***
nastja336 leaves the table
shootingGRID: folds 
Uncalled bet ($0.50) returned to nikalas22
nikalas22 collected $1 from pot
nikalas22: doesn't show hand 
*** SUMMARY ***
Total pot $1 | Rake $0 
Seat 5: nastja336
Seat 1: shootingGRID (button) (small blind) folded before Flop
Seat 6: nikalas22 (big blind) collected ($1)



