PokerStars Hand #254527643435:  Hold'em No Limit ($0.50/$1.00 USD) - 2025/01/24 11:35:13 WET [2025/01/24 6:35:13 ET]
Table 'Eugenia IV' 6-max Seat #2 is the button
Seat 1: Evelexy1 ($100 in chips) 
Seat 2: Burlica2013 ($100 in chips) 
Seat 3: Silence1925 ($58.53 in chips) 
Seat 4: 2g00d4youu ($100 in chips) 
Seat 5: ARCTlCkiss ($103 in chips) 
Seat 6: PoKeRaRcSuNY ($100 in chips) 
Silence1925: posts small blind $0.50
2g00d4youu: posts big blind $1
*** HOLE CARDS ***
ARCTlCkiss: folds 
PoKeRaRcSuNY: folds 
Evelexy1: folds 
Burlica2013: folds 
Silence1925: calls $0.50
2g00d4youu: checks 
*** FLOP *** [As 2h Th]
Silence1925: checks 
2g00d4youu: checks 
*** TURN *** [As 2h Th] [4h]
Silence1925: bets $1.90
2g00d4youu: folds 
Uncalled bet ($1.90) returned to Silence1925
Silence1925 collected $1.90 from pot
Silence1925: doesn't show hand 
*** SUMMARY ***
Total pot $2 | Rake $0.10 
Board [As 2h Th 4h]
Seat 1: Evelexy1 folded before Flop (didn't bet)
Seat 2: Burlica2013 (button) folded before Flop (didn't bet)
Seat 3: Silence1925 (small blind) collected ($1.90)
Seat 4: 2g00d4youu (big blind) folded on the Turn
Seat 5: ARCTlCkiss folded before Flop (didn't bet)
Seat 6: PoKeRaRcSuNY folded before Flop (didn't bet)



PokerStars Hand #254527648705:  Hold'em No Limit ($0.50/$1.00 USD) - 2025/01/24 11:35:53 WET [2025/01/24 6:35:53 ET]
Table 'Eugenia IV' 6-max Seat #3 is the button
Seat 1: Evelexy1 ($100 in chips) 
Seat 2: Burlica2013 ($100 in chips) 
Seat 3: Silence1925 ($59.43 in chips) 
Seat 4: 2g00d4youu ($100 in chips) 
Seat 5: ARCTlCkiss ($103 in chips) 
Seat 6: PoKeRaRcSuNY ($100 in chips) 
2g00d4youu: posts small blind $0.50
ARCTlCkiss: posts big blind $1
*** HOLE CARDS ***
PoKeRaRcSuNY: folds 
Evelexy1: raises $1 to $2
Burlica2013: folds 
Silence1925: folds 
2g00d4youu: folds 
ARCTlCkiss: folds 
Uncalled bet ($1) returned to Evelexy1
Evelexy1 collected $2.50 from pot
Evelexy1: doesn't show hand 
*** SUMMARY ***
Total pot $2.50 | Rake $0 
Seat 1: Evelexy1 collected ($2.50)
Seat 2: Burlica2013 folded before Flop (didn't bet)
Seat 3: Silence1925 (button) folded before Flop (didn't bet)
Seat 4: 2g00d4youu (small blind) folded before Flop
Seat 5: ARCTlCkiss (big blind) folded before Flop
Seat 6: PoKeRaRcSuNY folded before Flop (didn't bet)



PokerStars Hand #254527650749:  Hold'em No Limit ($0.50/$1.00 USD) - 2025/01/24 11:36:09 WET [2025/01/24 6:36:09 ET]
Table 'Eugenia IV' 6-max Seat #4 is the button
Seat 1: Evelexy1 ($101.50 in chips) 
Seat 2: Burlica2013 ($100 in chips) 
Seat 3: Silence1925 ($59.43 in chips) 
Seat 4: 2g00d4youu ($100 in chips) 
Seat 5: ARCTlCkiss ($102 in chips) 
Seat 6: PoKeRaRcSuNY ($100 in chips) 
ARCTlCkiss: posts small blind $0.50
PoKeRaRcSuNY: posts big blind $1
*** HOLE CARDS ***
Evelexy1: folds 
Burlica2013: folds 
Silence1925: folds 
2g00d4youu: folds 
ARCTlCkiss: folds 
Uncalled bet ($0.50) returned to PoKeRaRcSuNY
PoKeRaRcSuNY collected $1 from pot
PoKeRaRcSuNY: doesn't show hand 
*** SUMMARY ***
Total pot $1 | Rake $0 
Seat 1: Evelexy1 folded before Flop (didn't bet)
Seat 2: Burlica2013 folded before Flop (didn't bet)
Seat 3: Silence1925 folded before Flop (didn't bet)
Seat 4: 2g00d4youu (button) folded before Flop (didn't bet)
Seat 5: ARCTlCkiss (small blind) folded before Flop
Seat 6: PoKeRaRcSuNY (big blind) collected ($1)



PokerStars Hand #254527652591:  Hold'em No Limit ($0.50/$1.00 USD) - 2025/01/24 11:36:22 WET [2025/01/24 6:36:22 ET]
Table 'Eugenia IV' 6-max Seat #5 is the button
Seat 1: Evelexy1 ($101.50 in chips) 
Seat 2: Burlica2013 ($100 in chips) 
Seat 3: Silence1925 ($59.43 in chips) 
Seat 4: 2g00d4youu ($100 in chips) 
Seat 5: ARCTlCkiss ($101.50 in chips) 
Seat 6: PoKeRaRcSuNY ($100.50 in chips) 
PoKeRaRcSuNY: posts small blind $0.50
Evelexy1: posts big blind $1
*** HOLE CARDS ***
Burlica2013: folds 
Silence1925: folds 
2g00d4youu: folds 
ARCTlCkiss: folds 
PoKeRaRcSuNY: folds 
Uncalled bet ($0.50) returned to Evelexy1
Evelexy1 collected $1 from pot
Evelexy1: doesn't show hand 
*** SUMMARY ***
Total pot $1 | Rake $0 
Seat 1: Evelexy1 (big blind) collected ($1)
Seat 2: Burlica2013 folded before Flop (didn't bet)
Seat 3: Silence1925 folded before Flop (didn't bet)
Seat 4: 2g00d4youu folded before Flop (didn't bet)
Seat 5: ARCTlCkiss (button) folded before Flop (didn't bet)
Seat 6: PoKeRaRcSuNY (small blind) folded before Flop



PokerStars Hand #254527654794:  Hold'em No Limit ($0.50/$1.00 USD) - 2025/01/24 11:36:39 WET [2025/01/24 6:36:39 ET]
Table 'Eugenia IV' 6-max Seat #6 is the button
Seat 1: Evelexy1 ($102 in chips) 
Seat 2: Burlica2013 ($100 in chips) 
Seat 3: Silence1925 ($59.43 in chips) 
Seat 4: 2g00d4youu ($100 in chips) 
Seat 5: ARCTlCkiss ($101.50 in chips) 
Seat 6: PoKeRaRcSuNY ($100 in chips) 
Evelexy1: posts small blind $0.50
Burlica2013: posts big blind $1
*** HOLE CARDS ***
Silence1925: folds 
2g00d4youu: folds 
ARCTlCkiss: folds 
PoKeRaRcSuNY: raises $1.50 to $2.50
Evelexy1: folds 
Burlica2013: calls $1.50
*** FLOP *** [9d 3c Td]
Burlica2013: checks 
PoKeRaRcSuNY: bets $4
Burlica2013: calls $4
*** TURN *** [9d 3c Td] [8d]
Burlica2013: checks 
PoKeRaRcSuNY: bets $7.59
Burlica2013: calls $7.59
*** RIVER *** [9d 3c Td 8d] [8s]
Burlica2013: checks 
PoKeRaRcSuNY: checks 
*** SHOW DOWN ***
Burlica2013: shows [Jc 7c] (a straight, Seven to Jack)
PoKeRaRcSuNY: mucks hand 
Burlica2013 collected $27.25 from pot
*** SUMMARY ***
Total pot $28.68 | Rake $1.43 
Board [9d 3c Td 8d 8s]
Seat 1: Evelexy1 (small blind) folded before Flop
Seat 2: Burlica2013 (big blind) showed [Jc 7c] and won ($27.25) with a straight, Seven to Jack
Seat 3: Silence1925 folded before Flop (didn't bet)
Seat 4: 2g00d4youu folded before Flop (didn't bet)
Seat 5: ARCTlCkiss folded before Flop (didn't bet)
Seat 6: PoKeRaRcSuNY (button) mucked



PokerStars Hand #254527663452:  Hold'em No Limit ($0.50/$1.00 USD) - 2025/01/24 11:37:45 WET [2025/01/24 6:37:45 ET]
Table 'Eugenia IV' 6-max Seat #1 is the button
Seat 1: Evelexy1 ($101.50 in chips) 
Seat 2: Burlica2013 ($113.16 in chips) 
Seat 3: Silence1925 ($59.43 in chips) 
Seat 4: 2g00d4youu ($100 in chips) 
Seat 5: ARCTlCkiss ($101.50 in chips) 
Seat 6: PoKeRaRcSuNY ($100 in chips) 
Burlica2013: posts small blind $0.50
Silence1925: posts big blind $1
*** HOLE CARDS ***
2g00d4youu: folds 
ARCTlCkiss has timed out
ARCTlCkiss: folds 
PoKeRaRcSuNY: folds 
Evelexy1: folds 
Burlica2013: raises $2 to $3
Silence1925: folds 
Uncalled bet ($2) returned to Burlica2013
Burlica2013 collected $2 from pot
Burlica2013: doesn't show hand 
*** SUMMARY ***
Total pot $2 | Rake $0 
Seat 1: Evelexy1 (button) folded before Flop (didn't bet)
Seat 2: Burlica2013 (small blind) collected ($2)
Seat 3: Silence1925 (big blind) folded before Flop
Seat 4: 2g00d4youu folded before Flop (didn't bet)
Seat 5: ARCTlCkiss folded before Flop (didn't bet)
Seat 6: PoKeRaRcSuNY folded before Flop (didn't bet)



PokerStars Hand #254527667257:  Hold'em No Limit ($0.50/$1.00 USD) - 2025/01/24 11:38:14 WET [2025/01/24 6:38:14 ET]
Table 'Eugenia IV' 6-max Seat #2 is the button
Seat 1: Evelexy1 ($101.50 in chips) 
Seat 2: Burlica2013 ($114.16 in chips) 
Seat 3: Silence1925 ($58.43 in chips) 
Seat 4: 2g00d4youu ($100 in chips) 
Seat 5: ARCTlCkiss ($101.50 in chips) 
Seat 6: PoKeRaRcSuNY ($100 in chips) 
Silence1925: posts small blind $0.50
2g00d4youu: posts big blind $1
*** HOLE CARDS ***
ARCTlCkiss: folds 
PoKeRaRcSuNY: folds 
Evelexy1: raises $1.50 to $2.50
Burlica2013: folds 
Silence1925: calls $2
2g00d4youu: calls $1.50
*** FLOP *** [Kc 2c 8c]
Silence1925: checks 
2g00d4youu: checks 
Evelexy1: checks 
*** TURN *** [Kc 2c 8c] [Jd]
Silence1925: checks 
2g00d4youu: bets $5.34
Evelexy1: folds 
Evelexy1 leaves the table
Silence1925: calls $5.34
*** RIVER *** [Kc 2c 8c Jd] [Qc]
Silence1925: bets $8.64
2g00d4youu: folds 
Uncalled bet ($8.64) returned to Silence1925
coeeeelho joins the table at seat #1 
Silence1925 collected $17.27 from pot
Silence1925: doesn't show hand 
*** SUMMARY ***
Total pot $18.18 | Rake $0.91 
Board [Kc 2c 8c Jd Qc]
Seat 1: Evelexy1 folded on the Turn
Seat 2: Burlica2013 (button) folded before Flop (didn't bet)
Seat 3: Silence1925 (small blind) collected ($17.27)
Seat 4: 2g00d4youu (big blind) folded on the River
Seat 5: ARCTlCkiss folded before Flop (didn't bet)
Seat 6: PoKeRaRcSuNY folded before Flop (didn't bet)



PokerStars Hand #254527676517:  Hold'em No Limit ($0.50/$1.00 USD) - 2025/01/24 11:39:24 WET [2025/01/24 6:39:24 ET]
Table 'Eugenia IV' 6-max Seat #3 is the button
Seat 1: coeeeelho ($100 in chips) is sitting out
Seat 5: ARCTlCkiss ($101.50 in chips) is sitting out
Seat 2: Burlica2013 ($114.16 in chips) 
Seat 3: Silence1925 ($67.86 in chips) 
Seat 4: 2g00d4youu ($100 in chips) 
Seat 6: PoKeRaRcSuNY ($100 in chips) 
2g00d4youu: posts small blind $0.50
ARCTlCkiss: is sitting out 
PoKeRaRcSuNY: posts big blind $1
coeeeelho: sits out 
*** HOLE CARDS ***
Burlica2013: raises $1.25 to $2.25
Silence1925: folds 
2g00d4youu: folds 
PoKeRaRcSuNY: folds 
Uncalled bet ($1.25) returned to Burlica2013
ARCTlCkiss leaves the table
Burlica2013 collected $2.50 from pot
Burlica2013: doesn't show hand 
*** SUMMARY ***
Total pot $2.50 | Rake $0 
Seat 1: coeeeelho
Seat 5: ARCTlCkiss
Seat 2: Burlica2013 collected ($2.50)
Seat 3: Silence1925 (button) folded before Flop (didn't bet)
Seat 4: 2g00d4youu (small blind) folded before Flop
Seat 6: PoKeRaRcSuNY (big blind) folded before Flop



PokerStars Hand #254527677894:  Hold'em No Limit ($0.50/$1.00 USD) - 2025/01/24 11:39:35 WET [2025/01/24 6:39:35 ET]
Table 'Eugenia IV' 6-max Seat #4 is the button
Seat 1: coeeeelho ($100 in chips) 
Seat 2: Burlica2013 ($115.66 in chips) 
Seat 3: Silence1925 ($67.86 in chips) 
Seat 4: 2g00d4youu ($100 in chips) 
Seat 6: PoKeRaRcSuNY ($100 in chips) 
PoKeRaRcSuNY: posts small blind $0.50
coeeeelho: posts big blind $1
*** HOLE CARDS ***
Burlica2013: folds 
Silence1925: folds 
2g00d4youu: raises $1.50 to $2.50
PoKeRaRcSuNY: folds 
coeeeelho: folds 
Uncalled bet ($1.50) returned to 2g00d4youu
2g00d4youu collected $2.50 from pot
2g00d4youu: doesn't show hand 
*** SUMMARY ***
Total pot $2.50 | Rake $0 
Seat 1: coeeeelho (big blind) folded before Flop
Seat 2: Burlica2013 folded before Flop (didn't bet)
Seat 3: Silence1925 folded before Flop (didn't bet)
Seat 4: 2g00d4youu (button) collected ($2.50)
Seat 6: PoKeRaRcSuNY (small blind) folded before Flop



PokerStars Hand #254527681074:  Hold'em No Limit ($0.50/$1.00 USD) - 2025/01/24 11:39:59 WET [2025/01/24 6:39:59 ET]
Table 'Eugenia IV' 6-max Seat #6 is the button
Seat 1: coeeeelho ($100 in chips) 
Seat 2: Burlica2013 ($115.66 in chips) 
Seat 3: Silence1925 ($67.86 in chips) 
Seat 4: 2g00d4youu ($101.50 in chips) 
Seat 6: PoKeRaRcSuNY ($100 in chips) 
coeeeelho: posts small blind $0.50
Burlica2013: posts big blind $1
*** HOLE CARDS ***
Silence1925: calls $1
2g00d4youu: folds 
PoKeRaRcSuNY: raises $3.50 to $4.50
coeeeelho: folds 
Burlica2013: folds 
Silence1925: folds 
Uncalled bet ($3.50) returned to PoKeRaRcSuNY
PoKeRaRcSuNY collected $3.50 from pot
PoKeRaRcSuNY: doesn't show hand 
*** SUMMARY ***
Total pot $3.50 | Rake $0 
Seat 1: coeeeelho (small blind) folded before Flop
Seat 2: Burlica2013 (big blind) folded before Flop
Seat 3: Silence1925 folded before Flop
Seat 4: 2g00d4youu folded before Flop (didn't bet)
Seat 6: PoKeRaRcSuNY (button) collected ($3.50)



PokerStars Hand #254527684164:  Hold'em No Limit ($0.50/$1.00 USD) - 2025/01/24 11:40:23 WET [2025/01/24 6:40:23 ET]
Table 'Eugenia IV' 6-max Seat #1 is the button
Seat 1: coeeeelho ($100 in chips) 
Seat 2: Burlica2013 ($114.66 in chips) 
Seat 3: Silence1925 ($66.86 in chips) 
Seat 4: 2g00d4youu ($101.50 in chips) 
Seat 6: PoKeRaRcSuNY ($102.50 in chips) 
Burlica2013: posts small blind $0.50
Silence1925: posts big blind $1
*** HOLE CARDS ***
2g00d4youu: folds 
PoKeRaRcSuNY: folds 
coeeeelho: folds 
Burlica2013: raises $2 to $3
Silence1925: folds 
Uncalled bet ($2) returned to Burlica2013
Burlica2013 collected $2 from pot
Burlica2013: doesn't show hand 
*** SUMMARY ***
Total pot $2 | Rake $0 
Seat 1: coeeeelho (button) folded before Flop (didn't bet)
Seat 2: Burlica2013 (small blind) collected ($2)
Seat 3: Silence1925 (big blind) folded before Flop
Seat 4: 2g00d4youu folded before Flop (didn't bet)
Seat 6: PoKeRaRcSuNY folded before Flop (didn't bet)



PokerStars Hand #254527686215:  Hold'em No Limit ($0.50/$1.00 USD) - 2025/01/24 11:40:38 WET [2025/01/24 6:40:38 ET]
Table 'Eugenia IV' 6-max Seat #2 is the button
Seat 1: coeeeelho ($100 in chips) 
Seat 2: Burlica2013 ($115.66 in chips) 
Seat 3: Silence1925 ($65.86 in chips) 
Seat 4: 2g00d4youu ($101.50 in chips) 
Seat 6: PoKeRaRcSuNY ($102.50 in chips) 
Silence1925: posts small blind $0.50
2g00d4youu: posts big blind $1
*** HOLE CARDS ***
PoKeRaRcSuNY: folds 
coeeeelho: raises $1.30 to $2.30
Burlica2013: folds 
Silence1925: calls $1.80
2g00d4youu: raises $12.20 to $14.50
coeeeelho: raises $85.50 to $100 and is all-in
Silence1925: folds 
2g00d4youu: calls $85.50
*** FLOP *** [3c 3d Ah]
*** TURN *** [3c 3d Ah] [9d]
*** RIVER *** [3c 3d Ah 9d] [4d]
*** SHOW DOWN ***
2g00d4youu: shows [Ad Kh] (two pair, Aces and Threes)
coeeeelho: shows [As Ks] (two pair, Aces and Threes)
2g00d4youu collected $99.90 from pot
coeeeelho collected $99.90 from pot
*** SUMMARY ***
Total pot $202.30 | Rake $2.50 
Board [3c 3d Ah 9d 4d]
Seat 1: coeeeelho showed [As Ks] and won ($99.90) with two pair, Aces and Threes
Seat 2: Burlica2013 (button) folded before Flop (didn't bet)
Seat 3: Silence1925 (small blind) folded before Flop
Seat 4: 2g00d4youu (big blind) showed [Ad Kh] and won ($99.90) with two pair, Aces and Threes
Seat 6: PoKeRaRcSuNY folded before Flop (didn't bet)



PokerStars Hand #254527691215:  Hold'em No Limit ($0.50/$1.00 USD) - 2025/01/24 11:41:16 WET [2025/01/24 6:41:16 ET]
Table 'Eugenia IV' 6-max Seat #3 is the button
Seat 1: coeeeelho ($100 in chips) 
Seat 2: Burlica2013 ($115.66 in chips) 
Seat 3: Silence1925 ($63.56 in chips) 
Seat 4: 2g00d4youu ($101.40 in chips) 
Seat 6: PoKeRaRcSuNY ($102.50 in chips) 
2g00d4youu: posts small blind $0.50
PoKeRaRcSuNY: posts big blind $1
*** HOLE CARDS ***
coeeeelho: folds 
Burlica2013: folds 
Silence1925: folds 
2g00d4youu: folds 
Uncalled bet ($0.50) returned to PoKeRaRcSuNY
PoKeRaRcSuNY collected $1 from pot
PoKeRaRcSuNY: doesn't show hand 
*** SUMMARY ***
Total pot $1 | Rake $0 
Seat 1: coeeeelho folded before Flop (didn't bet)
Seat 2: Burlica2013 folded before Flop (didn't bet)
Seat 3: Silence1925 (button) folded before Flop (didn't bet)
Seat 4: 2g00d4youu (small blind) folded before Flop
Seat 6: PoKeRaRcSuNY (big blind) collected ($1)



PokerStars Hand #254527693257:  Hold'em No Limit ($0.50/$1.00 USD) - 2025/01/24 11:41:32 WET [2025/01/24 6:41:32 ET]
Table 'Eugenia IV' 6-max Seat #4 is the button
Seat 1: coeeeelho ($100 in chips) 
Seat 2: Burlica2013 ($115.66 in chips) 
Seat 3: Silence1925 ($63.56 in chips) 
Seat 4: 2g00d4youu ($100.90 in chips) 
Seat 6: PoKeRaRcSuNY ($103 in chips) 
PoKeRaRcSuNY: posts small blind $0.50
coeeeelho: posts big blind $1
*** HOLE CARDS ***
Burlica2013: raises $1.20 to $2.20
Silence1925: folds 
2g00d4youu: folds 
PoKeRaRcSuNY: folds 
coeeeelho: folds 
Uncalled bet ($1.20) returned to Burlica2013
Burlica2013 collected $2.50 from pot
Burlica2013: doesn't show hand 
*** SUMMARY ***
Total pot $2.50 | Rake $0 
Seat 1: coeeeelho (big blind) folded before Flop
Seat 2: Burlica2013 collected ($2.50)
Seat 3: Silence1925 folded before Flop (didn't bet)
Seat 4: 2g00d4youu (button) folded before Flop (didn't bet)
Seat 6: PoKeRaRcSuNY (small blind) folded before Flop



PokerStars Hand #254527694959:  Hold'em No Limit ($0.50/$1.00 USD) - 2025/01/24 11:41:44 WET [2025/01/24 6:41:44 ET]
Table 'Eugenia IV' 6-max Seat #6 is the button
Seat 1: coeeeelho ($100 in chips) 
Seat 2: Burlica2013 ($117.16 in chips) 
Seat 3: Silence1925 ($63.56 in chips) 
Seat 4: 2g00d4youu ($100.90 in chips) 
Seat 6: PoKeRaRcSuNY ($102.50 in chips) 
coeeeelho: posts small blind $0.50
Burlica2013: posts big blind $1
*** HOLE CARDS ***
Silence1925: raises $2 to $3
2g00d4youu: folds 
PoKeRaRcSuNY: folds 
coeeeelho: folds 
Burlica2013: calls $2
*** FLOP *** [7c 7h Ks]
ave_fenix800 joins the table at seat #5 
Burlica2013: checks 
Silence1925: bets $6.18
Burlica2013: calls $6.18
*** TURN *** [7c 7h Ks] [4c]
Burlica2013: checks 
Silence1925: bets $8.96
Burlica2013: raises $8.96 to $17.92
Silence1925: folds 
Uncalled bet ($8.96) returned to Burlica2013
Burlica2013 collected $34.94 from pot
Burlica2013: doesn't show hand 
*** SUMMARY ***
Total pot $36.78 | Rake $1.84 
Board [7c 7h Ks 4c]
Seat 1: coeeeelho (small blind) folded before Flop
Seat 2: Burlica2013 (big blind) collected ($34.94)
Seat 3: Silence1925 folded on the Turn
Seat 4: 2g00d4youu folded before Flop (didn't bet)
Seat 6: PoKeRaRcSuNY (button) folded before Flop (didn't bet)



PokerStars Hand #254527703155:  Hold'em No Limit ($0.50/$1.00 USD) - 2025/01/24 11:42:46 WET [2025/01/24 6:42:46 ET]
Table 'Eugenia IV' 6-max Seat #1 is the button
Seat 5: ave_fenix800 ($100 in chips) is sitting out
Seat 1: coeeeelho ($100 in chips) 
Seat 2: Burlica2013 ($133.96 in chips) 
Seat 3: Silence1925 ($45.42 in chips) 
Seat 4: 2g00d4youu ($100.90 in chips) 
Seat 6: PoKeRaRcSuNY ($102.50 in chips) 
Burlica2013: posts small blind $0.50
Silence1925: posts big blind $1
ave_fenix800: sits out 
*** HOLE CARDS ***
2g00d4youu: raises $1.50 to $2.50
PoKeRaRcSuNY: folds 
coeeeelho: folds 
Burlica2013: calls $2
Silence1925: calls $1.50
*** FLOP *** [Ah 5s 7h]
Burlica2013: checks 
Silence1925: bets $3.56
2g00d4youu: folds 
Burlica2013: calls $3.56
*** TURN *** [Ah 5s 7h] [3h]
Burlica2013: checks 
Silence1925: bets $6.95
Burlica2013: calls $6.95
*** RIVER *** [Ah 5s 7h 3h] [9h]
Burlica2013: checks 
Silence1925: bets $32.41 and is all-in
Burlica2013: calls $32.41
*** SHOW DOWN ***
Silence1925: shows [5c Ks] (a pair of Fives)
Burlica2013: shows [2h As] (a flush, Ace high)
Burlica2013 collected $90.84 from pot
*** SUMMARY ***
Total pot $93.34 | Rake $2.50 
Board [Ah 5s 7h 3h 9h]
Seat 5: ave_fenix800
Seat 1: coeeeelho (button) folded before Flop (didn't bet)
Seat 2: Burlica2013 (small blind) showed [2h As] and won ($90.84) with a flush, Ace high
Seat 3: Silence1925 (big blind) showed [5c Ks] and lost with a pair of Fives
Seat 4: 2g00d4youu folded on the Flop
Seat 6: PoKeRaRcSuNY folded before Flop (didn't bet)



PokerStars Hand #254527711839:  Hold'em No Limit ($0.50/$1.00 USD) - 2025/01/24 11:43:52 WET [2025/01/24 6:43:52 ET]
Table 'Eugenia IV' 6-max Seat #4 is the button
Seat 3: Silence1925 ($0 in chips) is sitting out
Seat 5: ave_fenix800 ($100 in chips) is sitting out
Seat 1: coeeeelho ($100 in chips) 
Seat 4: 2g00d4youu ($100 in chips) 
Seat 6: PoKeRaRcSuNY ($102.50 in chips) 
PoKeRaRcSuNY: posts small blind $0.50
coeeeelho: posts big blind $1
*** HOLE CARDS ***
2g00d4youu: raises $1.50 to $2.50
PoKeRaRcSuNY: folds 
coeeeelho: folds 
Uncalled bet ($1.50) returned to 2g00d4youu
KarP93 joins the table at seat #2 
2g00d4youu collected $2.50 from pot
2g00d4youu: doesn't show hand 
*** SUMMARY ***
Total pot $2.50 | Rake $0 
Seat 3: Silence1925
Seat 5: ave_fenix800
Seat 1: coeeeelho (big blind) folded before Flop
Seat 4: 2g00d4youu (button) collected ($2.50)
Seat 6: PoKeRaRcSuNY (small blind) folded before Flop



PokerStars Hand #254527713923:  Hold'em No Limit ($0.50/$1.00 USD) - 2025/01/24 11:44:08 WET [2025/01/24 6:44:08 ET]
Table 'Eugenia IV' 6-max Seat #6 is the button
Seat 3: Silence1925 ($0 in chips) is sitting out
Seat 5: ave_fenix800 ($100 in chips) is sitting out
Seat 1: coeeeelho ($100 in chips) 
Seat 2: KarP93 ($100 in chips) 
Seat 4: 2g00d4youu ($101.50 in chips) 
Seat 6: PoKeRaRcSuNY ($102 in chips) 
coeeeelho: posts small blind $0.50
KarP93: posts big blind $1
ave_fenix800: sits out 
*** HOLE CARDS ***
2g00d4youu: folds 
PoKeRaRcSuNY: raises $1.50 to $2.50
coeeeelho: raises $8.72 to $11.22
KarP93: folds 
PoKeRaRcSuNY: folds 
Uncalled bet ($8.72) returned to coeeeelho
coeeeelho collected $6 from pot
*** SUMMARY ***
Total pot $6 | Rake $0 
Seat 3: Silence1925
Seat 5: ave_fenix800
Seat 1: coeeeelho (small blind) collected ($6)
Seat 2: KarP93 (big blind) folded before Flop
Seat 4: 2g00d4youu folded before Flop (didn't bet)
Seat 6: PoKeRaRcSuNY (button) folded before Flop



PokerStars Hand #254527717742:  Hold'em No Limit ($0.50/$1.00 USD) - 2025/01/24 11:44:37 WET [2025/01/24 6:44:37 ET]
Table 'Eugenia IV' 6-max Seat #1 is the button
Seat 3: Silence1925 ($0 in chips) is sitting out
Seat 5: ave_fenix800 ($100 in chips) is sitting out
Seat 1: coeeeelho ($103.50 in chips) 
Seat 2: KarP93 ($100 in chips) 
Seat 4: 2g00d4youu ($101.50 in chips) 
Seat 6: PoKeRaRcSuNY ($100 in chips) 
KarP93: posts small blind $0.50
2g00d4youu: posts big blind $1
ave_fenix800: sits out 
*** HOLE CARDS ***
PoKeRaRcSuNY: raises $1.50 to $2.50
coeeeelho: folds 
KarP93: folds 
2g00d4youu: folds 
Uncalled bet ($1.50) returned to PoKeRaRcSuNY
PoKeRaRcSuNY collected $2.50 from pot
PoKeRaRcSuNY: doesn't show hand 
*** SUMMARY ***
Total pot $2.50 | Rake $0 
Seat 3: Silence1925
Seat 5: ave_fenix800
Seat 1: coeeeelho (button) folded before Flop (didn't bet)
Seat 2: KarP93 (small blind) folded before Flop
Seat 4: 2g00d4youu (big blind) folded before Flop
Seat 6: PoKeRaRcSuNY collected ($2.50)



PokerStars Hand #254527719523:  Hold'em No Limit ($0.50/$1.00 USD) - 2025/01/24 11:44:51 WET [2025/01/24 6:44:51 ET]
Table 'Eugenia IV' 6-max Seat #2 is the button
Seat 3: Silence1925 ($50.87 in chips) is sitting out
Seat 1: coeeeelho ($103.50 in chips) 
Seat 2: KarP93 ($100 in chips) 
Seat 4: 2g00d4youu ($100.50 in chips) 
Seat 5: ave_fenix800 ($100 in chips) 
Seat 6: PoKeRaRcSuNY ($101.50 in chips) 
2g00d4youu: posts small blind $0.50
ave_fenix800: posts big blind $1
*** HOLE CARDS ***
PoKeRaRcSuNY: folds 
coeeeelho: folds 
KarP93: folds 
2g00d4youu: folds 
Uncalled bet ($0.50) returned to ave_fenix800
ave_fenix800 collected $1 from pot
ave_fenix800: doesn't show hand 
*** SUMMARY ***
Total pot $1 | Rake $0 
Seat 3: Silence1925
Seat 1: coeeeelho folded before Flop (didn't bet)
Seat 2: KarP93 (button) folded before Flop (didn't bet)
Seat 4: 2g00d4youu (small blind) folded before Flop
Seat 5: ave_fenix800 (big blind) collected ($1)
Seat 6: PoKeRaRcSuNY folded before Flop (didn't bet)



PokerStars Hand #254527756780:  Hold'em No Limit ($0.50/$1.00 USD) - 2025/01/24 11:49:34 WET [2025/01/24 6:49:34 ET]
Table 'Eugenia IV' 6-max Seat #4 is the button
Seat 1: coeeeelho ($103.50 in chips) is sitting out
Seat 2: Burlica2013 ($179.38 in chips) is sitting out
Seat 3: Silence1925 ($52.69 in chips) 
Seat 4: 2g00d4youu ($100 in chips) 
Seat 5: ave_fenix800 ($130.36 in chips) 
Seat 6: PoKeRaRcSuNY ($100 in chips) 
ave_fenix800: posts small blind $0.50
PoKeRaRcSuNY: posts big blind $1
coeeeelho: sits out 
Burlica2013: sits out 
*** HOLE CARDS ***
Silence1925: folds 
2g00d4youu: raises $1.50 to $2.50
ave_fenix800: folds 
PoKeRaRcSuNY: calls $1.50
*** FLOP *** [Ad 8c 9c]
PoKeRaRcSuNY: checks 
2g00d4youu: bets $1.31
PoKeRaRcSuNY: folds 
Uncalled bet ($1.31) returned to 2g00d4youu
2g00d4youu collected $5.22 from pot
2g00d4youu: doesn't show hand 
*** SUMMARY ***
Total pot $5.50 | Rake $0.28 
Board [Ad 8c 9c]
Seat 1: coeeeelho
Seat 2: Burlica2013
Seat 3: Silence1925 folded before Flop (didn't bet)
Seat 4: 2g00d4youu (button) collected ($5.22)
Seat 5: ave_fenix800 (small blind) folded before Flop
Seat 6: PoKeRaRcSuNY (big blind) folded on the Flop



PokerStars Hand #254527761108:  Hold'em No Limit ($0.50/$1.00 USD) - 2025/01/24 11:50:07 WET [2025/01/24 6:50:07 ET]
Table 'Eugenia IV' 6-max Seat #5 is the button
Seat 2: Burlica2013 ($179.38 in chips) is sitting out
Seat 1: coeeeelho ($103.50 in chips) 
Seat 3: Silence1925 ($52.69 in chips) 
Seat 4: 2g00d4youu ($102.72 in chips) 
Seat 5: ave_fenix800 ($129.86 in chips) 
Seat 6: PoKeRaRcSuNY ($100 in chips) 
PoKeRaRcSuNY: posts small blind $0.50
coeeeelho: posts big blind $1
Burlica2013: sits out 
*** HOLE CARDS ***
Silence1925: folds 
2g00d4youu: folds 
ave_fenix800: folds 
PoKeRaRcSuNY: folds 
Uncalled bet ($0.50) returned to coeeeelho
coeeeelho collected $1 from pot
*** SUMMARY ***
Total pot $1 | Rake $0 
Seat 2: Burlica2013
Seat 1: coeeeelho (big blind) collected ($1)
Seat 3: Silence1925 folded before Flop (didn't bet)
Seat 4: 2g00d4youu folded before Flop (didn't bet)
Seat 5: ave_fenix800 (button) folded before Flop (didn't bet)
Seat 6: PoKeRaRcSuNY (small blind) folded before Flop



PokerStars Hand #254527762898:  Hold'em No Limit ($0.50/$1.00 USD) - 2025/01/24 11:50:21 WET [2025/01/24 6:50:21 ET]
Table 'Eugenia IV' 6-max Seat #6 is the button
Seat 1: coeeeelho ($104 in chips) 
Seat 2: Burlica2013 ($179.38 in chips) 
Seat 3: Silence1925 ($52.69 in chips) 
Seat 4: 2g00d4youu ($102.72 in chips) 
Seat 5: ave_fenix800 ($129.86 in chips) 
Seat 6: PoKeRaRcSuNY ($100 in chips) 
coeeeelho: posts small blind $0.50
Burlica2013: posts big blind $1
*** HOLE CARDS ***
Silence1925: raises $2 to $3
2g00d4youu: folds 
ave_fenix800: raises $6 to $9
PoKeRaRcSuNY: folds 
coeeeelho: folds 
Burlica2013: folds 
Silence1925: folds 
Uncalled bet ($6) returned to ave_fenix800
ave_fenix800 collected $7.50 from pot
ave_fenix800: doesn't show hand 
*** SUMMARY ***
Total pot $7.50 | Rake $0 
Seat 1: coeeeelho (small blind) folded before Flop
Seat 2: Burlica2013 (big blind) folded before Flop
Seat 3: Silence1925 folded before Flop
Seat 4: 2g00d4youu folded before Flop (didn't bet)
Seat 5: ave_fenix800 collected ($7.50)
Seat 6: PoKeRaRcSuNY (button) folded before Flop (didn't bet)



PokerStars Hand #254527766207:  Hold'em No Limit ($0.50/$1.00 USD) - 2025/01/24 11:50:46 WET [2025/01/24 6:50:46 ET]
Table 'Eugenia IV' 6-max Seat #1 is the button
Seat 1: coeeeelho ($103.50 in chips) 
Seat 2: Burlica2013 ($178.38 in chips) 
Seat 3: Silence1925 ($49.69 in chips) 
Seat 4: 2g00d4youu ($102.72 in chips) 
Seat 5: ave_fenix800 ($134.36 in chips) 
Seat 6: PoKeRaRcSuNY ($100 in chips) 
Burlica2013: posts small blind $0.50
Silence1925: posts big blind $1
*** HOLE CARDS ***
2g00d4youu: folds 
ave_fenix800: folds 
PoKeRaRcSuNY: folds 
coeeeelho: folds 
Burlica2013: raises $2 to $3
Silence1925: folds 
Uncalled bet ($2) returned to Burlica2013
Burlica2013 collected $2 from pot
Burlica2013: doesn't show hand 
*** SUMMARY ***
Total pot $2 | Rake $0 
Seat 1: coeeeelho (button) folded before Flop (didn't bet)
Seat 2: Burlica2013 (small blind) collected ($2)
Seat 3: Silence1925 (big blind) folded before Flop
Seat 4: 2g00d4youu folded before Flop (didn't bet)
Seat 5: ave_fenix800 folded before Flop (didn't bet)
Seat 6: PoKeRaRcSuNY folded before Flop (didn't bet)



PokerStars Hand #254527768432:  Hold'em No Limit ($0.50/$1.00 USD) - 2025/01/24 11:51:03 WET [2025/01/24 6:51:03 ET]
Table 'Eugenia IV' 6-max Seat #2 is the button
Seat 4: 2g00d4youu ($102.72 in chips) is sitting out
Seat 1: coeeeelho ($103.50 in chips) 
Seat 2: Burlica2013 ($179.38 in chips) 
Seat 3: Silence1925 ($48.69 in chips) 
Seat 5: ave_fenix800 ($134.36 in chips) 
Seat 6: PoKeRaRcSuNY ($100 in chips) 
Silence1925: posts small blind $0.50
2g00d4youu: is sitting out 
ave_fenix800: posts big blind $1
*** HOLE CARDS ***
PoKeRaRcSuNY: folds 
coeeeelho: folds 
2g00d4youu leaves the table
Burlica2013: folds 
Silence1925: folds 
Uncalled bet ($0.50) returned to ave_fenix800
ave_fenix800 collected $1 from pot
ave_fenix800: doesn't show hand 
Burlica2013 leaves the table
*** SUMMARY ***
Total pot $1 | Rake $0 
Seat 4: 2g00d4youu
Seat 1: coeeeelho folded before Flop (didn't bet)
Seat 2: Burlica2013 (button) folded before Flop (didn't bet)
Seat 3: Silence1925 (small blind) folded before Flop
Seat 5: ave_fenix800 (big blind) collected ($1)
Seat 6: PoKeRaRcSuNY folded before Flop (didn't bet)



PokerStars Hand #254527770430:  Hold'em No Limit ($0.50/$1.00 USD) - 2025/01/24 11:51:18 WET [2025/01/24 6:51:18 ET]
Table 'Eugenia IV' 6-max Seat #3 is the button
Seat 1: coeeeelho ($103.50 in chips) 
Seat 3: Silence1925 ($48.19 in chips) 
Seat 5: ave_fenix800 ($134.86 in chips) 
Seat 6: PoKeRaRcSuNY ($100 in chips) 
ave_fenix800: posts small blind $0.50
PoKeRaRcSuNY: posts big blind $1
*** HOLE CARDS ***
fedevalle joins the table at seat #4 
Burlica2013 joins the table at seat #2 
coeeeelho: folds 
Silence1925: folds 
fedevalle is disconnected 
ave_fenix800: raises $1.50 to $2.50
PoKeRaRcSuNY: raises $6.50 to $9
ave_fenix800: folds 
Uncalled bet ($6.50) returned to PoKeRaRcSuNY
PoKeRaRcSuNY collected $5 from pot
PoKeRaRcSuNY: doesn't show hand 
*** SUMMARY ***
Total pot $5 | Rake $0 
Seat 1: coeeeelho folded before Flop (didn't bet)
Seat 3: Silence1925 (button) folded before Flop (didn't bet)
Seat 5: ave_fenix800 (small blind) folded before Flop
Seat 6: PoKeRaRcSuNY (big blind) collected ($5)



PokerStars Hand #254527774536:  Hold'em No Limit ($0.50/$1.00 USD) - 2025/01/24 11:51:49 WET [2025/01/24 6:51:49 ET]
Table 'Eugenia IV' 6-max Seat #5 is the button
Seat 2: Burlica2013 ($179.38 in chips) is sitting out
Seat 4: fedevalle ($39.86 in chips) is sitting out
Seat 1: coeeeelho ($103.50 in chips) 
Seat 3: Silence1925 ($48.19 in chips) 
Seat 5: ave_fenix800 ($132.36 in chips) 
Seat 6: PoKeRaRcSuNY ($102.50 in chips) 
PoKeRaRcSuNY: posts small blind $0.50
coeeeelho: posts big blind $1
Burlica2013: sits out 
fedevalle: sits out 
*** HOLE CARDS ***
Silence1925: raises $2 to $3
ave_fenix800: raises $6 to $9
PoKeRaRcSuNY: folds 
coeeeelho: folds 
Silence1925: calls $6
*** FLOP *** [Ah Jh 6s]
Silence1925: checks 
ave_fenix800: bets $6.11
Silence1925: raises $33.08 to $39.19 and is all-in
ave_fenix800: folds 
Uncalled bet ($33.08) returned to Silence1925
Silence1925 collected $30.72 from pot
Silence1925: doesn't show hand 
*** SUMMARY ***
Total pot $31.72 | Rake $1 
Board [Ah Jh 6s]
Seat 2: Burlica2013
Seat 4: fedevalle
Seat 1: coeeeelho (big blind) folded before Flop
Seat 3: Silence1925 collected ($30.72)
Seat 5: ave_fenix800 (button) folded on the Flop
Seat 6: PoKeRaRcSuNY (small blind) folded before Flop



PokerStars Hand #254527781219:  Hold'em No Limit ($0.50/$1.00 USD) - 2025/01/24 11:52:40 WET [2025/01/24 6:52:40 ET]
Table 'Eugenia IV' 6-max Seat #6 is the button
Seat 4: fedevalle ($39.86 in chips) is sitting out
Seat 1: coeeeelho ($102.50 in chips) 
Seat 2: Burlica2013 ($179.38 in chips) 
Seat 3: Silence1925 ($63.80 in chips) 
Seat 5: ave_fenix800 ($117.25 in chips) 
Seat 6: PoKeRaRcSuNY ($102 in chips) 
coeeeelho: posts small blind $0.50
Burlica2013: posts big blind $1
fedevalle: sits out 
*** HOLE CARDS ***
Silence1925: folds 
ave_fenix800: folds 
PoKeRaRcSuNY: folds 
coeeeelho: raises $2 to $3
Burlica2013: calls $2
*** FLOP *** [Td 7s Qd]
coeeeelho: checks 
Burlica2013: checks 
*** TURN *** [Td 7s Qd] [9s]
coeeeelho: checks 
Burlica2013: checks 
*** RIVER *** [Td 7s Qd 9s] [Qh]
coeeeelho: checks 
Burlica2013: checks 
*** SHOW DOWN ***
coeeeelho: shows [8c Ah] (a pair of Queens)
Burlica2013: mucks hand 
coeeeelho collected $5.70 from pot
*** SUMMARY ***
Total pot $6 | Rake $0.30 
Board [Td 7s Qd 9s Qh]
Seat 4: fedevalle
Seat 1: coeeeelho (small blind) showed [8c Ah] and won ($5.70) with a pair of Queens
Seat 2: Burlica2013 (big blind) mucked
Seat 3: Silence1925 folded before Flop (didn't bet)
Seat 5: ave_fenix800 folded before Flop (didn't bet)
Seat 6: PoKeRaRcSuNY (button) folded before Flop (didn't bet)



PokerStars Hand #254527790635:  Hold'em No Limit ($0.50/$1.00 USD) - 2025/01/24 11:53:51 WET [2025/01/24 6:53:51 ET]
Table 'Eugenia IV' 6-max Seat #1 is the button
Seat 4: fedevalle ($39.86 in chips) is sitting out
Seat 1: coeeeelho ($105.20 in chips) 
Seat 2: Burlica2013 ($176.38 in chips) 
Seat 3: Silence1925 ($63.80 in chips) 
Seat 5: ave_fenix800 ($117.25 in chips) 
Seat 6: PoKeRaRcSuNY ($102 in chips) 
Burlica2013: posts small blind $0.50
Silence1925: posts big blind $1
fedevalle: sits out 
*** HOLE CARDS ***
ave_fenix800: folds 
PoKeRaRcSuNY: folds 
coeeeelho: folds 
Burlica2013: folds 
Uncalled bet ($0.50) returned to Silence1925
Silence1925 collected $1 from pot
Silence1925: doesn't show hand 
*** SUMMARY ***
Total pot $1 | Rake $0 
Seat 4: fedevalle
Seat 1: coeeeelho (button) folded before Flop (didn't bet)
Seat 2: Burlica2013 (small blind) folded before Flop
Seat 3: Silence1925 (big blind) collected ($1)
Seat 5: ave_fenix800 folded before Flop (didn't bet)
Seat 6: PoKeRaRcSuNY folded before Flop (didn't bet)



PokerStars Hand #254527792754:  Hold'em No Limit ($0.50/$1.00 USD) - 2025/01/24 11:54:07 WET [2025/01/24 6:54:07 ET]
Table 'Eugenia IV' 6-max Seat #2 is the button
Seat 1: coeeeelho ($105.20 in chips) 
Seat 2: Burlica2013 ($175.88 in chips) 
Seat 3: Silence1925 ($64.30 in chips) 
Seat 4: fedevalle ($39.86 in chips) 
Seat 5: ave_fenix800 ($117.25 in chips) 
Seat 6: PoKeRaRcSuNY ($102 in chips) 
Silence1925: posts small blind $0.50
fedevalle: posts big blind $1
*** HOLE CARDS ***
ave_fenix800: folds 
PoKeRaRcSuNY: folds 
coeeeelho: raises $1.20 to $2.20
Burlica2013: folds 
Silence1925: calls $1.70
fedevalle: folds 
*** FLOP *** [2h 9s 9h]
Silence1925: checks 
coeeeelho: bets $1.28
Silence1925: folds 
Uncalled bet ($1.28) returned to coeeeelho
coeeeelho collected $5.13 from pot
*** SUMMARY ***
Total pot $5.40 | Rake $0.27 
Board [2h 9s 9h]
Seat 1: coeeeelho collected ($5.13)
Seat 2: Burlica2013 (button) folded before Flop (didn't bet)
Seat 3: Silence1925 (small blind) folded on the Flop
Seat 4: fedevalle (big blind) folded before Flop
Seat 5: ave_fenix800 folded before Flop (didn't bet)
Seat 6: PoKeRaRcSuNY folded before Flop (didn't bet)



PokerStars Hand #254527801331:  Hold'em No Limit ($0.50/$1.00 USD) - 2025/01/24 11:55:12 WET [2025/01/24 6:55:12 ET]
Table 'Eugenia IV' 6-max Seat #3 is the button
Seat 1: coeeeelho ($108.13 in chips) 
Seat 2: Burlica2013 ($175.88 in chips) 
Seat 3: Silence1925 ($62.10 in chips) 
Seat 4: fedevalle ($38.86 in chips) 
Seat 5: ave_fenix800 ($117.25 in chips) 
Seat 6: PoKeRaRcSuNY ($102 in chips) 
fedevalle: posts small blind $0.50
ave_fenix800: posts big blind $1
*** HOLE CARDS ***
PoKeRaRcSuNY: raises $1.22 to $2.22
coeeeelho: folds 
Burlica2013: folds 
Silence1925: calls $2.22
fedevalle: folds 
ave_fenix800: folds 
*** FLOP *** [Jh Ah 7d]
PoKeRaRcSuNY: checks 
Silence1925: checks 
*** TURN *** [Jh Ah 7d] [2s]
PoKeRaRcSuNY: checks 
Silence1925: bets $2.82
PoKeRaRcSuNY: raises $8.86 to $11.68
Silence1925: raises $48.20 to $59.88 and is all-in
PoKeRaRcSuNY: folds 
Uncalled bet ($48.20) returned to Silence1925
Silence1925 collected $27.84 from pot
Silence1925: doesn't show hand 
*** SUMMARY ***
Total pot $29.30 | Rake $1.46 
Board [Jh Ah 7d 2s]
Seat 1: coeeeelho folded before Flop (didn't bet)
Seat 2: Burlica2013 folded before Flop (didn't bet)
Seat 3: Silence1925 (button) collected ($27.84)
Seat 4: fedevalle (small blind) folded before Flop
Seat 5: ave_fenix800 (big blind) folded before Flop
Seat 6: PoKeRaRcSuNY folded on the Turn



PokerStars Hand #254527810161:  Hold'em No Limit ($0.50/$1.00 USD) - 2025/01/24 11:56:35 WET [2025/01/24 6:56:35 ET]
Table 'Eugenia IV' 6-max Seat #4 is the button
Seat 1: coeeeelho ($108.13 in chips) 
Seat 2: Burlica2013 ($175.88 in chips) 
Seat 3: Silence1925 ($76.04 in chips) 
Seat 4: fedevalle ($38.36 in chips) 
Seat 5: ave_fenix800 ($116.25 in chips) 
Seat 6: PoKeRaRcSuNY ($100 in chips) 
ave_fenix800: posts small blind $0.50
PoKeRaRcSuNY: posts big blind $1
*** HOLE CARDS ***
coeeeelho: raises $1.20 to $2.20
Burlica2013: folds 
Silence1925: folds 
fedevalle: folds 
ave_fenix800: folds 
PoKeRaRcSuNY: folds 
Uncalled bet ($1.20) returned to coeeeelho
coeeeelho collected $2.50 from pot
*** SUMMARY ***
Total pot $2.50 | Rake $0 
Seat 1: coeeeelho collected ($2.50)
Seat 2: Burlica2013 folded before Flop (didn't bet)
Seat 3: Silence1925 folded before Flop (didn't bet)
Seat 4: fedevalle (button) folded before Flop (didn't bet)
Seat 5: ave_fenix800 (small blind) folded before Flop
Seat 6: PoKeRaRcSuNY (big blind) folded before Flop



PokerStars Hand #254527814980:  Hold'em No Limit ($0.50/$1.00 USD) - 2025/01/24 11:57:19 WET [2025/01/24 6:57:19 ET]
Table 'Eugenia IV' 6-max Seat #5 is the button
Seat 1: coeeeelho ($109.63 in chips) 
Seat 2: Burlica2013 ($175.88 in chips) 
Seat 3: Silence1925 ($76.04 in chips) 
Seat 4: fedevalle ($38.36 in chips) 
Seat 5: ave_fenix800 ($115.75 in chips) 
Seat 6: PoKeRaRcSuNY ($100 in chips) 
PoKeRaRcSuNY: posts small blind $0.50
coeeeelho: posts big blind $1
*** HOLE CARDS ***
Burlica2013: raises $1.20 to $2.20
Silence1925: folds 
fedevalle: calls $2.20
ave_fenix800: folds 
PoKeRaRcSuNY: folds 
coeeeelho: folds 
*** FLOP *** [3h 5d Tc]
Burlica2013: bets $1.85
fedevalle: folds 
Uncalled bet ($1.85) returned to Burlica2013
Burlica2013 collected $5.60 from pot
Burlica2013: doesn't show hand 
*** SUMMARY ***
Total pot $5.90 | Rake $0.30 
Board [3h 5d Tc]
Seat 1: coeeeelho (big blind) folded before Flop
Seat 2: Burlica2013 collected ($5.60)
Seat 3: Silence1925 folded before Flop (didn't bet)
Seat 4: fedevalle folded on the Flop
Seat 5: ave_fenix800 (button) folded before Flop (didn't bet)
Seat 6: PoKeRaRcSuNY (small blind) folded before Flop



PokerStars Hand #254527818656:  Hold'em No Limit ($0.50/$1.00 USD) - 2025/01/24 11:57:53 WET [2025/01/24 6:57:53 ET]
Table 'Eugenia IV' 6-max Seat #6 is the button
Seat 1: coeeeelho ($108.63 in chips) 
Seat 2: Burlica2013 ($179.28 in chips) 
Seat 3: Silence1925 ($76.04 in chips) 
Seat 4: fedevalle ($36.16 in chips) 
Seat 5: ave_fenix800 ($115.75 in chips) 
Seat 6: PoKeRaRcSuNY ($100 in chips) 
coeeeelho: posts small blind $0.50
Burlica2013: posts big blind $1
*** HOLE CARDS ***
Silence1925: folds 
fedevalle: raises $1.20 to $2.20
ave_fenix800: folds 
PoKeRaRcSuNY: raises $5.80 to $8
coeeeelho: folds 
Burlica2013: folds 
fedevalle: folds 
Uncalled bet ($5.80) returned to PoKeRaRcSuNY
PoKeRaRcSuNY collected $5.90 from pot
PoKeRaRcSuNY: doesn't show hand 
*** SUMMARY ***
Total pot $5.90 | Rake $0 
Seat 1: coeeeelho (small blind) folded before Flop
Seat 2: Burlica2013 (big blind) folded before Flop
Seat 3: Silence1925 folded before Flop (didn't bet)
Seat 4: fedevalle folded before Flop
Seat 5: ave_fenix800 folded before Flop (didn't bet)
Seat 6: PoKeRaRcSuNY (button) collected ($5.90)



PokerStars Hand #254527820832:  Hold'em No Limit ($0.50/$1.00 USD) - 2025/01/24 11:58:12 WET [2025/01/24 6:58:12 ET]
Table 'Eugenia IV' 6-max Seat #1 is the button
Seat 1: coeeeelho ($108.13 in chips) 
Seat 2: Burlica2013 ($178.28 in chips) 
Seat 3: Silence1925 ($76.04 in chips) 
Seat 4: fedevalle ($33.96 in chips) 
Seat 5: ave_fenix800 ($115.75 in chips) 
Seat 6: PoKeRaRcSuNY ($103.70 in chips) 
Burlica2013: posts small blind $0.50
Silence1925: posts big blind $1
*** HOLE CARDS ***
fedevalle: folds 
ave_fenix800: folds 
PoKeRaRcSuNY: folds 
coeeeelho: raises $1.50 to $2.50
Burlica2013: calls $2
Silence1925: raises $5.50 to $8
coeeeelho: folds 
Burlica2013: calls $5.50
*** FLOP *** [Th 4c 9d]
Burlica2013: checks 
Silence1925: bets $8.79
coeeeelho leaves the table
Burlica2013: folds 
Uncalled bet ($8.79) returned to Silence1925
Silence1925 collected $17.58 from pot
Silence1925: doesn't show hand 
*** SUMMARY ***
Total pot $18.50 | Rake $0.92 
Board [Th 4c 9d]
Seat 1: coeeeelho (button) folded before Flop
Seat 2: Burlica2013 (small blind) folded on the Flop
Seat 3: Silence1925 (big blind) collected ($17.58)
Seat 4: fedevalle folded before Flop (didn't bet)
Seat 5: ave_fenix800 folded before Flop (didn't bet)
Seat 6: PoKeRaRcSuNY folded before Flop (didn't bet)



PokerStars Hand #254527826357:  Hold'em No Limit ($0.50/$1.00 USD) - 2025/01/24 11:59:03 WET [2025/01/24 6:59:03 ET]
Table 'Eugenia IV' 6-max Seat #2 is the button
Seat 2: Burlica2013 ($170.28 in chips) 
Seat 3: Silence1925 ($85.62 in chips) 
Seat 4: fedevalle ($33.96 in chips) 
Seat 5: ave_fenix800 ($115.75 in chips) 
Seat 6: PoKeRaRcSuNY ($103.70 in chips) 
Silence1925: posts small blind $0.50
fedevalle: posts big blind $1
*** HOLE CARDS ***
ave_fenix800: folds 
PoKeRaRcSuNY: raises $1.50 to $2.50
Burlica2013: folds 
Silence1925: folds 
fedevalle: calls $1.50
*** FLOP *** [Tc Qh 8d]
fedevalle: checks 
PoKeRaRcSuNY: bets $1.72
fedevalle: folds 
Uncalled bet ($1.72) returned to PoKeRaRcSuNY
PoKeRaRcSuNY collected $5.22 from pot
PoKeRaRcSuNY: doesn't show hand 
*** SUMMARY ***
Total pot $5.50 | Rake $0.28 
Board [Tc Qh 8d]
Seat 2: Burlica2013 (button) folded before Flop (didn't bet)
Seat 3: Silence1925 (small blind) folded before Flop
Seat 4: fedevalle (big blind) folded on the Flop
Seat 5: ave_fenix800 folded before Flop (didn't bet)
Seat 6: PoKeRaRcSuNY collected ($5.22)



PokerStars Hand #254527829604:  Hold'em No Limit ($0.50/$1.00 USD) - 2025/01/24 11:59:33 WET [2025/01/24 6:59:33 ET]
Table 'Eugenia IV' 6-max Seat #3 is the button
Seat 2: Burlica2013 ($170.28 in chips) 
Seat 3: Silence1925 ($85.12 in chips) 
Seat 4: fedevalle ($31.46 in chips) 
Seat 5: ave_fenix800 ($115.75 in chips) 
Seat 6: PoKeRaRcSuNY ($106.42 in chips) 
fedevalle: posts small blind $0.50
ave_fenix800: posts big blind $1
*** HOLE CARDS ***
shem minns joins the table at seat #1 
shem minns is disconnected 
PoKeRaRcSuNY: folds 
Burlica2013: folds 
Silence1925: calls $1
fedevalle: folds 
ave_fenix800: raises $6.50 to $7.50
Silence1925: folds 
Uncalled bet ($6.50) returned to ave_fenix800
ave_fenix800 collected $2.50 from pot
ave_fenix800: doesn't show hand 
*** SUMMARY ***
Total pot $2.50 | Rake $0 
Seat 2: Burlica2013 folded before Flop (didn't bet)
Seat 3: Silence1925 (button) folded before Flop
Seat 4: fedevalle (small blind) folded before Flop
Seat 5: ave_fenix800 (big blind) collected ($2.50)
Seat 6: PoKeRaRcSuNY folded before Flop (didn't bet)



PokerStars Hand #254527831537:  Hold'em No Limit ($0.50/$1.00 USD) - 2025/01/24 11:59:50 WET [2025/01/24 6:59:50 ET]
Table 'Eugenia IV' 6-max Seat #4 is the button
Seat 1: shem minns ($10.14 in chips) is sitting out
Seat 2: Burlica2013 ($170.28 in chips) 
Seat 3: Silence1925 ($84.12 in chips) 
Seat 4: fedevalle ($30.96 in chips) 
Seat 5: ave_fenix800 ($117.25 in chips) 
Seat 6: PoKeRaRcSuNY ($106.42 in chips) 
ave_fenix800: posts small blind $0.50
PoKeRaRcSuNY: posts big blind $1
shem minns: sits out 
*** HOLE CARDS ***
Burlica2013: folds 
Silence1925: raises $2 to $3
fedevalle: folds 
ave_fenix800: folds 
PoKeRaRcSuNY: calls $2
*** FLOP *** [Ac Kd Ad]
PoKeRaRcSuNY: checks 
Silence1925: bets $3.09
PoKeRaRcSuNY: calls $3.09
*** TURN *** [Ac Kd Ad] [7d]
PoKeRaRcSuNY: checks 
Silence1925: checks 
*** RIVER *** [Ac Kd Ad 7d] [6c]
PoKeRaRcSuNY: bets $2.50
Silence1925: folds 
Uncalled bet ($2.50) returned to PoKeRaRcSuNY
PoKeRaRcSuNY collected $12.05 from pot
PoKeRaRcSuNY: doesn't show hand 
*** SUMMARY ***
Total pot $12.68 | Rake $0.63 
Board [Ac Kd Ad 7d 6c]
Seat 1: shem minns
Seat 2: Burlica2013 folded before Flop (didn't bet)
Seat 3: Silence1925 folded on the River
Seat 4: fedevalle (button) folded before Flop (didn't bet)
Seat 5: ave_fenix800 (small blind) folded before Flop
Seat 6: PoKeRaRcSuNY (big blind) collected ($12.05)



PokerStars Hand #254527836549:  Hold'em No Limit ($0.50/$1.00 USD) - 2025/01/24 12:00:35 WET [2025/01/24 7:00:35 ET]
Table 'Eugenia IV' 6-max Seat #5 is the button
Seat 1: shem minns ($10.14 in chips) 
Seat 2: Burlica2013 ($170.28 in chips) 
Seat 3: Silence1925 ($78.03 in chips) 
Seat 4: fedevalle ($30.96 in chips) 
Seat 5: ave_fenix800 ($116.75 in chips) 
Seat 6: PoKeRaRcSuNY ($112.38 in chips) 
PoKeRaRcSuNY: posts small blind $0.50
shem minns: posts big blind $1
*** HOLE CARDS ***
Burlica2013: folds 
Silence1925: folds 
fedevalle: folds 
ave_fenix800: raises $1.50 to $2.50
PoKeRaRcSuNY: folds 
shem minns: raises $1.50 to $4
ave_fenix800: calls $1.50
*** FLOP *** [8d 3d Tc]
shem minns: bets $1
ave_fenix800: calls $1
*** TURN *** [8d 3d Tc] [7h]
shem minns: bets $4.99
ave_fenix800: raises $14.99 to $19.98
shem minns: calls $0.15 and is all-in
Uncalled bet ($14.84) returned to ave_fenix800
*** RIVER *** [8d 3d Tc 7h] [7d]
*** SHOW DOWN ***
shem minns: shows [Ah As] (two pair, Aces and Sevens)
ave_fenix800: shows [8s Kh] (two pair, Eights and Sevens)
shem minns cashed out the hand for $17.15 | Cash Out Fee $0.35
*** SUMMARY ***
Total pot $20.78 | Rake $1.04 
Board [8d 3d Tc 7h 7d]
Seat 1: shem minns (big blind) showed [Ah As] and won ($19.74) with two pair, Aces and Sevens (pot not awarded as player cashed out)
Seat 2: Burlica2013 folded before Flop (didn't bet)
Seat 3: Silence1925 folded before Flop (didn't bet)
Seat 4: fedevalle folded before Flop (didn't bet)
Seat 5: ave_fenix800 (button) showed [8s Kh] and lost with two pair, Eights and Sevens
Seat 6: PoKeRaRcSuNY (small blind) folded before Flop



PokerStars Hand #254527842854:  Hold'em No Limit ($0.50/$1.00 USD) - 2025/01/24 12:01:25 WET [2025/01/24 7:01:25 ET]
Table 'Eugenia IV' 6-max Seat #6 is the button
Seat 1: shem minns ($17.15 in chips) 
Seat 2: Burlica2013 ($170.28 in chips) 
Seat 3: Silence1925 ($78.03 in chips) 
Seat 4: fedevalle ($30.96 in chips) 
Seat 5: ave_fenix800 ($106.61 in chips) 
Seat 6: PoKeRaRcSuNY ($111.88 in chips) 
shem minns: posts small blind $0.50
Burlica2013: posts big blind $1
*** HOLE CARDS ***
Silence1925: calls $1
fedevalle: folds 
ave_fenix800: folds 
PoKeRaRcSuNY: folds 
shem minns: raises $16.15 to $17.15 and is all-in
Burlica2013: folds 
Silence1925: calls $16.15
*** FLOP *** [8c 9h Kc]
*** TURN *** [8c 9h Kc] [9s]
*** RIVER *** [8c 9h Kc 9s] [2s]
*** SHOW DOWN ***
shem minns: shows [8h As] (two pair, Nines and Eights)
Silence1925: shows [Kd Kh] (a full house, Kings full of Nines)
Silence1925 collected $33.54 from pot
*** SUMMARY ***
Total pot $35.30 | Rake $1.76 
Board [8c 9h Kc 9s 2s]
Seat 1: shem minns (small blind) showed [8h As] and lost with two pair, Nines and Eights
Seat 2: Burlica2013 (big blind) folded before Flop
Seat 3: Silence1925 showed [Kd Kh] and won ($33.54) with a full house, Kings full of Nines
Seat 4: fedevalle folded before Flop (didn't bet)
Seat 5: ave_fenix800 folded before Flop (didn't bet)
Seat 6: PoKeRaRcSuNY (button) folded before Flop (didn't bet)



PokerStars Hand #254527846489:  Hold'em No Limit ($0.50/$1.00 USD) - 2025/01/24 12:01:52 WET [2025/01/24 7:01:52 ET]
Table 'Eugenia IV' 6-max Seat #2 is the button
Seat 1: shem minns ($0 in chips) is sitting out
Seat 2: Burlica2013 ($169.28 in chips) 
Seat 3: Silence1925 ($94.42 in chips) 
Seat 4: fedevalle ($30.96 in chips) 
Seat 5: ave_fenix800 ($106.61 in chips) 
Seat 6: PoKeRaRcSuNY ($111.88 in chips) 
Silence1925: posts small blind $0.50
fedevalle: posts big blind $1
*** HOLE CARDS ***
ave_fenix800: folds 
PoKeRaRcSuNY: raises $1.50 to $2.50
Burlica2013: folds 
Silence1925: folds 
fedevalle: folds 
Uncalled bet ($1.50) returned to PoKeRaRcSuNY
PoKeRaRcSuNY collected $2.50 from pot
PoKeRaRcSuNY: doesn't show hand 
*** SUMMARY ***
Total pot $2.50 | Rake $0 
Seat 1: shem minns
Seat 2: Burlica2013 (button) folded before Flop (didn't bet)
Seat 3: Silence1925 (small blind) folded before Flop
Seat 4: fedevalle (big blind) folded before Flop
Seat 5: ave_fenix800 folded before Flop (didn't bet)
Seat 6: PoKeRaRcSuNY collected ($2.50)



PokerStars Hand #254527847926:  Hold'em No Limit ($0.50/$1.00 USD) - 2025/01/24 12:02:03 WET [2025/01/24 7:02:03 ET]
Table 'Eugenia IV' 6-max Seat #3 is the button
Seat 1: shem minns ($0 in chips) is sitting out
Seat 2: Burlica2013 ($169.28 in chips) 
Seat 3: Silence1925 ($93.92 in chips) 
Seat 4: fedevalle ($29.96 in chips) 
Seat 5: ave_fenix800 ($106.61 in chips) 
Seat 6: PoKeRaRcSuNY ($113.38 in chips) 
fedevalle: posts small blind $0.50
ave_fenix800: posts big blind $1
*** HOLE CARDS ***
PoKeRaRcSuNY: folds 
Burlica2013: folds 
Silence1925: folds 
fedevalle: folds 
Uncalled bet ($0.50) returned to ave_fenix800
ave_fenix800 collected $1 from pot
ave_fenix800: doesn't show hand 
*** SUMMARY ***
Total pot $1 | Rake $0 
Seat 1: shem minns
Seat 2: Burlica2013 folded before Flop (didn't bet)
Seat 3: Silence1925 (button) folded before Flop (didn't bet)
Seat 4: fedevalle (small blind) folded before Flop
Seat 5: ave_fenix800 (big blind) collected ($1)
Seat 6: PoKeRaRcSuNY folded before Flop (didn't bet)



PokerStars Hand #254527849532:  Hold'em No Limit ($0.50/$1.00 USD) - 2025/01/24 12:02:15 WET [2025/01/24 7:02:15 ET]
Table 'Eugenia IV' 6-max Seat #4 is the button
Seat 1: shem minns ($0 in chips) is sitting out
Seat 2: Burlica2013 ($169.28 in chips) 
Seat 3: Silence1925 ($93.92 in chips) 
Seat 4: fedevalle ($29.46 in chips) 
Seat 5: ave_fenix800 ($107.11 in chips) 
Seat 6: PoKeRaRcSuNY ($113.38 in chips) 
ave_fenix800: posts small blind $0.50
PoKeRaRcSuNY: posts big blind $1
*** HOLE CARDS ***
Burlica2013: raises $1.20 to $2.20
Silence1925: folds 
fedevalle: calls $2.20
ave_fenix800: folds 
PoKeRaRcSuNY: folds 
*** FLOP *** [6s 4h Ac]
Burlica2013: bets $1.85
fedevalle: folds 
Uncalled bet ($1.85) returned to Burlica2013
Burlica2013 collected $5.60 from pot
Burlica2013: doesn't show hand 
*** SUMMARY ***
Total pot $5.90 | Rake $0.30 
Board [6s 4h Ac]
Seat 1: shem minns
Seat 2: Burlica2013 collected ($5.60)
Seat 3: Silence1925 folded before Flop (didn't bet)
Seat 4: fedevalle (button) folded on the Flop
Seat 5: ave_fenix800 (small blind) folded before Flop
Seat 6: PoKeRaRcSuNY (big blind) folded before Flop



PokerStars Hand #254527853226:  Hold'em No Limit ($0.50/$1.00 USD) - 2025/01/24 12:02:43 WET [2025/01/24 7:02:43 ET]
Table 'Eugenia IV' 6-max Seat #5 is the button
Seat 1: shem minns ($0 in chips) is sitting out
Seat 2: Burlica2013 ($172.68 in chips) 
Seat 3: Silence1925 ($93.92 in chips) 
Seat 4: fedevalle ($27.26 in chips) 
Seat 5: ave_fenix800 ($106.61 in chips) 
Seat 6: PoKeRaRcSuNY ($112.38 in chips) 
PoKeRaRcSuNY: posts small blind $0.50
Burlica2013: posts big blind $1
*** HOLE CARDS ***
Silence1925: raises $2 to $3
fedevalle: folds 
ave_fenix800: raises $6 to $9
PoKeRaRcSuNY: folds 
Burlica2013: folds 
Silence1925: calls $6
*** FLOP *** [5s 6h Th]
Silence1925: checks 
ave_fenix800: bets $9.25
Silence1925: folds 
Uncalled bet ($9.25) returned to ave_fenix800
ave_fenix800 collected $18.52 from pot
ave_fenix800: doesn't show hand 
*** SUMMARY ***
Total pot $19.50 | Rake $0.98 
Board [5s 6h Th]
Seat 1: shem minns
Seat 2: Burlica2013 (big blind) folded before Flop
Seat 3: Silence1925 folded on the Flop
Seat 4: fedevalle folded before Flop (didn't bet)
Seat 5: ave_fenix800 (button) collected ($18.52)
Seat 6: PoKeRaRcSuNY (small blind) folded before Flop



PokerStars Hand #254527859733:  Hold'em No Limit ($0.50/$1.00 USD) - 2025/01/24 12:03:31 WET [2025/01/24 7:03:31 ET]
Table 'Eugenia IV' 6-max Seat #6 is the button
Seat 1: shem minns ($0 in chips) is sitting out
Seat 2: Burlica2013 ($171.68 in chips) 
Seat 3: Silence1925 ($84.92 in chips) 
Seat 4: fedevalle ($27.26 in chips) 
Seat 5: ave_fenix800 ($116.13 in chips) 
Seat 6: PoKeRaRcSuNY ($111.88 in chips) 
Burlica2013: posts small blind $0.50
Silence1925: posts big blind $1
*** HOLE CARDS ***
fedevalle: folds 
ave_fenix800: raises $1.20 to $2.20
PoKeRaRcSuNY: folds 
Burlica2013: folds 
Silence1925: calls $1.20
*** FLOP *** [6d 9h 5d]
Silence1925: checks 
ave_fenix800: checks 
*** TURN *** [6d 9h 5d] [4c]
Silence1925: checks 
ave_fenix800: checks 
*** RIVER *** [6d 9h 5d 4c] [2d]
Silence1925: checks 
ave_fenix800: checks 
*** SHOW DOWN ***
Silence1925: shows [8c Qd] (high card Queen)
ave_fenix800: shows [Td Ks] (high card King)
ave_fenix800 collected $4.66 from pot
*** SUMMARY ***
Total pot $4.90 | Rake $0.24 
Board [6d 9h 5d 4c 2d]
Seat 1: shem minns
Seat 2: Burlica2013 (small blind) folded before Flop
Seat 3: Silence1925 (big blind) showed [8c Qd] and lost with high card Queen
Seat 4: fedevalle folded before Flop (didn't bet)
Seat 5: ave_fenix800 showed [Td Ks] and won ($4.66) with high card King
Seat 6: PoKeRaRcSuNY (button) folded before Flop (didn't bet)



PokerStars Hand #254527865137:  Hold'em No Limit ($0.50/$1.00 USD) - 2025/01/24 12:04:11 WET [2025/01/24 7:04:11 ET]
Table 'Eugenia IV' 6-max Seat #2 is the button
Seat 1: shem minns ($0 in chips) is sitting out
Seat 2: Burlica2013 ($171.18 in chips) 
Seat 3: Silence1925 ($82.72 in chips) 
Seat 4: fedevalle ($27.26 in chips) 
Seat 5: ave_fenix800 ($118.59 in chips) 
Seat 6: PoKeRaRcSuNY ($111.88 in chips) 
Silence1925: posts small blind $0.50
fedevalle: posts big blind $1
*** HOLE CARDS ***
ave_fenix800: folds 
PoKeRaRcSuNY: folds 
Burlica2013: raises $1.45 to $2.45
Silence1925: folds 
fedevalle: folds 
Uncalled bet ($1.45) returned to Burlica2013
Burlica2013 collected $2.50 from pot
Burlica2013: doesn't show hand 
*** SUMMARY ***
Total pot $2.50 | Rake $0 
Seat 1: shem minns
Seat 2: Burlica2013 (button) collected ($2.50)
Seat 3: Silence1925 (small blind) folded before Flop
Seat 4: fedevalle (big blind) folded before Flop
Seat 5: ave_fenix800 folded before Flop (didn't bet)
Seat 6: PoKeRaRcSuNY folded before Flop (didn't bet)



PokerStars Hand #254527868270:  Hold'em No Limit ($0.50/$1.00 USD) - 2025/01/24 12:04:35 WET [2025/01/24 7:04:35 ET]
Table 'Eugenia IV' 6-max Seat #3 is the button
Seat 1: shem minns ($0 in chips) is sitting out
Seat 2: Burlica2013 ($172.68 in chips) 
Seat 3: Silence1925 ($82.22 in chips) 
Seat 4: fedevalle ($26.26 in chips) 
Seat 5: ave_fenix800 ($118.59 in chips) 
Seat 6: PoKeRaRcSuNY ($111.88 in chips) 
fedevalle: posts small blind $0.50
ave_fenix800: posts big blind $1
*** HOLE CARDS ***
PoKeRaRcSuNY: folds 
Burlica2013: raises $1.25 to $2.25
Silence1925: folds 
fedevalle: folds 
ave_fenix800: raises $9.25 to $11.50
Burlica2013: folds 
Uncalled bet ($9.25) returned to ave_fenix800
ave_fenix800 collected $5 from pot
ave_fenix800: doesn't show hand 
*** SUMMARY ***
Total pot $5 | Rake $0 
Seat 1: shem minns
Seat 2: Burlica2013 folded before Flop
Seat 3: Silence1925 (button) folded before Flop (didn't bet)
Seat 4: fedevalle (small blind) folded before Flop
Seat 5: ave_fenix800 (big blind) collected ($5)
Seat 6: PoKeRaRcSuNY folded before Flop (didn't bet)



PokerStars Hand #254527871991:  Hold'em No Limit ($0.50/$1.00 USD) - 2025/01/24 12:05:03 WET [2025/01/24 7:05:03 ET]
Table 'Eugenia IV' 6-max Seat #4 is the button
Seat 1: shem minns ($0 in chips) is sitting out
Seat 2: Burlica2013 ($170.43 in chips) 
Seat 3: Silence1925 ($82.22 in chips) 
Seat 4: fedevalle ($25.76 in chips) 
Seat 5: ave_fenix800 ($121.34 in chips) 
Seat 6: PoKeRaRcSuNY ($111.88 in chips) 
ave_fenix800: posts small blind $0.50
PoKeRaRcSuNY: posts big blind $1
*** HOLE CARDS ***
Burlica2013: folds 
Silence1925: folds 
fedevalle: folds 
ave_fenix800: raises $1.50 to $2.50
PoKeRaRcSuNY: calls $1.50
*** FLOP *** [8c 4c 4h]
ave_fenix800: bets $1.57
PoKeRaRcSuNY: folds 
Uncalled bet ($1.57) returned to ave_fenix800
ave_fenix800 collected $4.75 from pot
ave_fenix800: doesn't show hand 
*** SUMMARY ***
Total pot $5 | Rake $0.25 
Board [8c 4c 4h]
Seat 1: shem minns
Seat 2: Burlica2013 folded before Flop (didn't bet)
Seat 3: Silence1925 folded before Flop (didn't bet)
Seat 4: fedevalle (button) folded before Flop (didn't bet)
Seat 5: ave_fenix800 (small blind) collected ($4.75)
Seat 6: PoKeRaRcSuNY (big blind) folded on the Flop



PokerStars Hand #254527877087:  Hold'em No Limit ($0.50/$1.00 USD) - 2025/01/24 12:05:41 WET [2025/01/24 7:05:41 ET]
Table 'Eugenia IV' 6-max Seat #5 is the button
Seat 1: shem minns ($0 in chips) is sitting out
Seat 2: Burlica2013 ($170.43 in chips) 
Seat 3: Silence1925 ($82.22 in chips) 
Seat 4: fedevalle ($25.76 in chips) 
Seat 5: ave_fenix800 ($123.59 in chips) 
Seat 6: PoKeRaRcSuNY ($109.38 in chips) 
PoKeRaRcSuNY: posts small blind $0.50
Burlica2013: posts big blind $1
*** HOLE CARDS ***
Silence1925: raises $2 to $3
fedevalle: folds 
ave_fenix800: folds 
PoKeRaRcSuNY: folds 
Burlica2013: calls $2
*** FLOP *** [2c Jd Ts]
Burlica2013: checks 
Silence1925: checks 
*** TURN *** [2c Jd Ts] [6d]
Burlica2013: checks 
Silence1925: bets $3.09
Burlica2013: folds 
Uncalled bet ($3.09) returned to Silence1925
Silence1925 collected $6.18 from pot
Silence1925: doesn't show hand 
*** SUMMARY ***
Total pot $6.50 | Rake $0.32 
Board [2c Jd Ts 6d]
Seat 1: shem minns
Seat 2: Burlica2013 (big blind) folded on the Turn
Seat 3: Silence1925 collected ($6.18)
Seat 4: fedevalle folded before Flop (didn't bet)
Seat 5: ave_fenix800 (button) folded before Flop (didn't bet)
Seat 6: PoKeRaRcSuNY (small blind) folded before Flop



PokerStars Hand #254527883483:  Hold'em No Limit ($0.50/$1.00 USD) - 2025/01/24 12:06:29 WET [2025/01/24 7:06:29 ET]
Table 'Eugenia IV' 6-max Seat #6 is the button
Seat 1: shem minns ($0 in chips) is sitting out
Seat 2: Burlica2013 ($167.43 in chips) 
Seat 3: Silence1925 ($85.40 in chips) 
Seat 4: fedevalle ($25.76 in chips) 
Seat 5: ave_fenix800 ($123.59 in chips) 
Seat 6: PoKeRaRcSuNY ($108.88 in chips) 
Burlica2013: posts small blind $0.50
Silence1925: posts big blind $1
*** HOLE CARDS ***
fedevalle: folds 
ave_fenix800: raises $1.50 to $2.50
PoKeRaRcSuNY: folds 
Burlica2013: folds 
Silence1925: calls $1.50
*** FLOP *** [6d Kh 4h]
Silence1925: checks 
ave_fenix800: bets $1.31
Silence1925: calls $1.31
*** TURN *** [6d Kh 4h] [Th]
Silence1925: checks 
ave_fenix800: checks 
*** RIVER *** [6d Kh 4h Th] [7s]
Silence1925: bets $3.86
ave_fenix800: folds 
Uncalled bet ($3.86) returned to Silence1925
Silence1925 collected $7.71 from pot
Silence1925: doesn't show hand 
*** SUMMARY ***
Total pot $8.12 | Rake $0.41 
Board [6d Kh 4h Th 7s]
Seat 1: shem minns
Seat 2: Burlica2013 (small blind) folded before Flop
Seat 3: Silence1925 (big blind) collected ($7.71)
Seat 4: fedevalle folded before Flop (didn't bet)
Seat 5: ave_fenix800 folded on the River
Seat 6: PoKeRaRcSuNY (button) folded before Flop (didn't bet)



PokerStars Hand #254527888035:  Hold'em No Limit ($0.50/$1.00 USD) - 2025/01/24 12:07:04 WET [2025/01/24 7:07:04 ET]
Table 'Eugenia IV' 6-max Seat #2 is the button
Seat 1: shem minns ($0 in chips) is sitting out
Seat 2: Burlica2013 ($166.93 in chips) 
Seat 3: Silence1925 ($89.30 in chips) 
Seat 4: fedevalle ($25.76 in chips) 
Seat 5: ave_fenix800 ($119.78 in chips) 
Seat 6: PoKeRaRcSuNY ($108.88 in chips) 
Silence1925: posts small blind $0.50
fedevalle: posts big blind $1
*** HOLE CARDS ***
ave_fenix800: raises $1.20 to $2.20
PoKeRaRcSuNY: folds 
Burlica2013: folds 
Silence1925: folds 
fedevalle: raises $5.90 to $8.10
ave_fenix800: folds 
Uncalled bet ($5.90) returned to fedevalle
fedevalle collected $4.90 from pot
*** SUMMARY ***
Total pot $4.90 | Rake $0 
Seat 1: shem minns
Seat 2: Burlica2013 (button) folded before Flop (didn't bet)
Seat 3: Silence1925 (small blind) folded before Flop
Seat 4: fedevalle (big blind) collected ($4.90)
Seat 5: ave_fenix800 folded before Flop
Seat 6: PoKeRaRcSuNY folded before Flop (didn't bet)



PokerStars Hand #254527892655:  Hold'em No Limit ($0.50/$1.00 USD) - 2025/01/24 12:07:38 WET [2025/01/24 7:07:38 ET]
Table 'Eugenia IV' 6-max Seat #3 is the button
Seat 1: shem minns ($0 in chips) is sitting out
Seat 2: Burlica2013 ($166.93 in chips) 
Seat 3: Silence1925 ($88.80 in chips) 
Seat 4: fedevalle ($28.46 in chips) 
Seat 5: ave_fenix800 ($117.58 in chips) 
Seat 6: PoKeRaRcSuNY ($108.88 in chips) 
fedevalle: posts small blind $0.50
ave_fenix800: posts big blind $1
*** HOLE CARDS ***
PoKeRaRcSuNY: folds 
Burlica2013: folds 
Silence1925: folds 
fedevalle: folds 
Uncalled bet ($0.50) returned to ave_fenix800
ave_fenix800 collected $1 from pot
ave_fenix800: doesn't show hand 
*** SUMMARY ***
Total pot $1 | Rake $0 
Seat 1: shem minns
Seat 2: Burlica2013 folded before Flop (didn't bet)
Seat 3: Silence1925 (button) folded before Flop (didn't bet)
Seat 4: fedevalle (small blind) folded before Flop
Seat 5: ave_fenix800 (big blind) collected ($1)
Seat 6: PoKeRaRcSuNY folded before Flop (didn't bet)



PokerStars Hand #254527894502:  Hold'em No Limit ($0.50/$1.00 USD) - 2025/01/24 12:07:52 WET [2025/01/24 7:07:52 ET]
Table 'Eugenia IV' 6-max Seat #4 is the button
Seat 1: shem minns ($0 in chips) is sitting out
Seat 2: Burlica2013 ($166.93 in chips) 
Seat 3: Silence1925 ($88.80 in chips) 
Seat 4: fedevalle ($27.96 in chips) 
Seat 5: ave_fenix800 ($118.08 in chips) 
Seat 6: PoKeRaRcSuNY ($108.88 in chips) 
ave_fenix800: posts small blind $0.50
PoKeRaRcSuNY: posts big blind $1
*** HOLE CARDS ***
Burlica2013: raises $1.20 to $2.20
Silence1925: calls $2.20
fedevalle: folds 
ave_fenix800: folds 
PoKeRaRcSuNY: folds 
*** FLOP *** [7s 2h 2c]
Burlica2013: bets $2.80
Silence1925: calls $2.80
*** TURN *** [7s 2h 2c] [3s]
Burlica2013: checks 
Silence1925: bets $5.46
Burlica2013: calls $5.46
*** RIVER *** [7s 2h 2c 3s] [8d]
Burlica2013: checks 
Silence1925: bets $10.65
Burlica2013: calls $10.65
*** SHOW DOWN ***
Silence1925: shows [As Tc] (a pair of Deuces)
Burlica2013: shows [7h 6h] (two pair, Sevens and Deuces)
Burlica2013 collected $41.53 from pot
*** SUMMARY ***
Total pot $43.72 | Rake $2.19 
Board [7s 2h 2c 3s 8d]
Seat 1: shem minns
Seat 2: Burlica2013 showed [7h 6h] and won ($41.53) with two pair, Sevens and Deuces
Seat 3: Silence1925 showed [As Tc] and lost with a pair of Deuces
Seat 4: fedevalle (button) folded before Flop (didn't bet)
Seat 5: ave_fenix800 (small blind) folded before Flop
Seat 6: PoKeRaRcSuNY (big blind) folded before Flop



PokerStars Hand #254527898942:  Hold'em No Limit ($0.50/$1.00 USD) - 2025/01/24 12:08:25 WET [2025/01/24 7:08:25 ET]
Table 'Eugenia IV' 6-max Seat #5 is the button
Seat 1: shem minns ($0 in chips) is sitting out
Seat 2: Burlica2013 ($187.35 in chips) 
Seat 3: Silence1925 ($67.69 in chips) 
Seat 4: fedevalle ($27.96 in chips) 
Seat 5: ave_fenix800 ($117.58 in chips) 
Seat 6: PoKeRaRcSuNY ($107.88 in chips) 
PoKeRaRcSuNY: posts small blind $0.50
Burlica2013: posts big blind $1
*** HOLE CARDS ***
Silence1925: raises $2 to $3
fedevalle: folds 
ave_fenix800: raises $6 to $9
PoKeRaRcSuNY: folds 
Burlica2013: folds 
Silence1925: calls $6
*** FLOP *** [Td 6s 3s]
Silence1925: checks 
ave_fenix800: bets $9.25
Silence1925: calls $9.25
*** TURN *** [Td 6s 3s] [Ac]
Silence1925: bets $49.44 and is all-in
ave_fenix800: calls $49.44
*** RIVER *** [Td 6s 3s Ac] [Jc]
*** SHOW DOWN ***
Silence1925: shows [8h Kh] (high card Ace)
ave_fenix800: shows [Ad 4d] (a pair of Aces)
ave_fenix800 collected $134.38 from pot
*** SUMMARY ***
Total pot $136.88 | Rake $2.50 
Board [Td 6s 3s Ac Jc]
Seat 1: shem minns
Seat 2: Burlica2013 (big blind) folded before Flop
Seat 3: Silence1925 showed [8h Kh] and lost with high card Ace
Seat 4: fedevalle folded before Flop (didn't bet)
Seat 5: ave_fenix800 (button) showed [Ad 4d] and won ($134.38) with a pair of Aces
Seat 6: PoKeRaRcSuNY (small blind) folded before Flop



PokerStars Hand #254527907941:  Hold'em No Limit ($0.50/$1.00 USD) - 2025/01/24 12:09:32 WET [2025/01/24 7:09:32 ET]
Table 'Eugenia IV' 6-max Seat #6 is the button
Seat 1: shem minns ($0 in chips) is sitting out
Seat 2: Burlica2013 ($186.35 in chips) 
Seat 4: fedevalle ($27.96 in chips) 
Seat 5: ave_fenix800 ($184.27 in chips) 
Seat 6: PoKeRaRcSuNY ($107.38 in chips) 
Burlica2013: posts small blind $0.50
fedevalle: posts big blind $1
*** HOLE CARDS ***
ave_fenix800: folds 
PoKeRaRcSuNY: folds 
Burlica2013: raises $2 to $3
fedevalle: folds 
Uncalled bet ($2) returned to Burlica2013
Burlica2013 collected $2 from pot
Burlica2013: doesn't show hand 
*** SUMMARY ***
Total pot $2 | Rake $0 
Seat 1: shem minns
Seat 2: Burlica2013 (small blind) collected ($2)
Seat 4: fedevalle (big blind) folded before Flop
Seat 5: ave_fenix800 folded before Flop (didn't bet)
Seat 6: PoKeRaRcSuNY (button) folded before Flop (didn't bet)



PokerStars Hand #254527910187:  Hold'em No Limit ($0.50/$1.00 USD) - 2025/01/24 12:09:49 WET [2025/01/24 7:09:49 ET]
Table 'Eugenia IV' 6-max Seat #2 is the button
Seat 1: shem minns ($0 in chips) is sitting out
Seat 2: Burlica2013 ($187.35 in chips) 
Seat 4: fedevalle ($26.96 in chips) 
Seat 5: ave_fenix800 ($184.27 in chips) 
Seat 6: PoKeRaRcSuNY ($107.38 in chips) 
fedevalle: posts small blind $0.50
ave_fenix800: posts big blind $1
*** HOLE CARDS ***
PoKeRaRcSuNY: raises $1.50 to $2.50
Burlica2013: folds 
fedevalle: folds 
ave_fenix800: folds 
Uncalled bet ($1.50) returned to PoKeRaRcSuNY
PoKeRaRcSuNY collected $2.50 from pot
PoKeRaRcSuNY: doesn't show hand 
*** SUMMARY ***
Total pot $2.50 | Rake $0 
Seat 1: shem minns
Seat 2: Burlica2013 (button) folded before Flop (didn't bet)
Seat 4: fedevalle (small blind) folded before Flop
Seat 5: ave_fenix800 (big blind) folded before Flop
Seat 6: PoKeRaRcSuNY collected ($2.50)



PokerStars Hand #254527912473:  Hold'em No Limit ($0.50/$1.00 USD) - 2025/01/24 12:10:06 WET [2025/01/24 7:10:06 ET]
Table 'Eugenia IV' 6-max Seat #4 is the button
Seat 1: shem minns ($0 in chips) is sitting out
Seat 2: Burlica2013 ($187.35 in chips) 
Seat 4: fedevalle ($26.46 in chips) 
Seat 5: ave_fenix800 ($183.27 in chips) 
Seat 6: PoKeRaRcSuNY ($108.88 in chips) 
ave_fenix800: posts small blind $0.50
PoKeRaRcSuNY: posts big blind $1
*** HOLE CARDS ***
Burlica2013: folds 
Burlica2013 leaves the table
fedevalle: folds 
ave_fenix800: raises $1.50 to $2.50
PoKeRaRcSuNY: folds 
Uncalled bet ($1.50) returned to ave_fenix800
ave_fenix800 collected $2 from pot
ave_fenix800: doesn't show hand 
*** SUMMARY ***
Total pot $2 | Rake $0 
Seat 1: shem minns
Seat 2: Burlica2013 folded before Flop (didn't bet)
Seat 4: fedevalle (button) folded before Flop (didn't bet)
Seat 5: ave_fenix800 (small blind) collected ($2)
Seat 6: PoKeRaRcSuNY (big blind) folded before Flop



PokerStars Hand #254527914393:  Hold'em No Limit ($0.50/$1.00 USD) - 2025/01/24 12:10:20 WET [2025/01/24 7:10:20 ET]
Table 'Eugenia IV' 6-max Seat #5 is the button
Seat 1: shem minns ($0 in chips) is sitting out
Seat 4: fedevalle ($26.46 in chips) 
Seat 5: ave_fenix800 ($184.27 in chips) 
Seat 6: PoKeRaRcSuNY ($107.88 in chips) 
PoKeRaRcSuNY: posts small blind $0.50
fedevalle: posts big blind $1
*** HOLE CARDS ***
ave_fenix800: folds 
PoKeRaRcSuNY: raises $2 to $3
fedevalle: folds 
Uncalled bet ($2) returned to PoKeRaRcSuNY
PoKeRaRcSuNY collected $2 from pot
shem minns leaves the table
PoKeRaRcSuNY: doesn't show hand 
*** SUMMARY ***
Total pot $2 | Rake $0 
Seat 1: shem minns
Seat 4: fedevalle (big blind) folded before Flop
Seat 5: ave_fenix800 (button) folded before Flop (didn't bet)
Seat 6: PoKeRaRcSuNY (small blind) collected ($2)



PokerStars Hand #254527917111:  Hold'em No Limit ($0.50/$1.00 USD) - 2025/01/24 12:10:40 WET [2025/01/24 7:10:40 ET]
Table 'Eugenia IV' 6-max Seat #4 is the button
Seat 5: ave_fenix800 ($184.27 in chips) is sitting out
Seat 4: fedevalle ($25.46 in chips) 
Seat 6: PoKeRaRcSuNY ($108.88 in chips) 
fedevalle: posts small blind $0.50
ave_fenix800: is sitting out 
PoKeRaRcSuNY: posts big blind $1
*** HOLE CARDS ***
fedevalle: raises $2 to $3
PoKeRaRcSuNY: calls $2
*** FLOP *** [Ac 7s Qc]
PoKeRaRcSuNY: checks 
ave_fenix800 leaves the table
fedevalle: bets $2.50
PoKeRaRcSuNY: calls $2.50
*** TURN *** [Ac 7s Qc] [5c]
PoKeRaRcSuNY: checks 
fedevalle: checks 
*** RIVER *** [Ac 7s Qc 5c] [4c]
PoKeRaRcSuNY: bets $2.61
fedevalle: folds 
Uncalled bet ($2.61) returned to PoKeRaRcSuNY
PoKeRaRcSuNY collected $10.45 from pot
PoKeRaRcSuNY: doesn't show hand 
*** SUMMARY ***
Total pot $11 | Rake $0.55 
Board [Ac 7s Qc 5c 4c]
Seat 5: ave_fenix800
Seat 4: fedevalle (button) (small blind) folded on the River
Seat 6: PoKeRaRcSuNY (big blind) collected ($10.45)



PokerStars Hand #254528071795:  Hold'em No Limit ($0.50/$1.00 USD) - 2025/01/24 12:29:38 WET [2025/01/24 7:29:38 ET]
Table 'Eugenia IV' 6-max Seat #6 is the button
Seat 3: Evelexy1 ($100 in chips) 
Seat 6: PoKeRaRcSuNY ($113.83 in chips) 
PoKeRaRcSuNY: posts small blind $0.50
Evelexy1: posts big blind $1
*** HOLE CARDS ***
PoKeRaRcSuNY: raises $2 to $3
Evelexy1: folds 
Uncalled bet ($2) returned to PoKeRaRcSuNY
PoKeRaRcSuNY collected $2 from pot
PoKeRaRcSuNY: doesn't show hand 
*** SUMMARY ***
Total pot $2 | Rake $0 
Seat 3: Evelexy1 (big blind) folded before Flop
Seat 6: PoKeRaRcSuNY (button) (small blind) collected ($2)



