PokerStars Hand #254532054456:  Hold'em No Limit ($0.50/$1.00 USD) - 2025/01/24 18:03:47 WET [2025/01/24 13:03:47 ET]
Table 'Underhill IV' 6-max Seat #1 is the button
Seat 1: RAidakCo ($100.50 in chips) 
Seat 2: michasia ($100 in chips) 
RAidakCo: posts small blind $0.50
michasia: posts big blind $1
*** HOLE CARDS ***
RAidakCo: raises $1.50 to $2.50
michasia: calls $1.50
*** FLOP *** [As 7c Ad]
michasia: checks 
RAidakCo: bets $1.57
michasia: folds 
Uncalled bet ($1.57) returned to RAidakCo
RAidakCo collected $4.75 from pot
RAidakCo: doesn't show hand 
*** SUMMARY ***
Total pot $5 | Rake $0.25 
Board [As 7c Ad]
Seat 1: RAidakCo (button) (small blind) collected ($4.75)
Seat 2: michasia (big blind) folded on the Flop



PokerStars Hand #254532058729:  Hold'em No Limit ($0.50/$1.00 USD) - 2025/01/24 18:04:03 WET [2025/01/24 13:04:03 ET]
Table 'Underhill IV' 6-max Seat #2 is the button
Seat 1: RAidakCo ($102.75 in chips) 
Seat 2: michasia ($100 in chips) 
michasia: posts small blind $0.50
RAidakCo: posts big blind $1
*** HOLE CARDS ***
michasia: folds 
Uncalled bet ($0.50) returned to RAidakCo
RAidakCo collected $1 from pot
RAidakCo: doesn't show hand 
*** SUMMARY ***
Total pot $1 | Rake $0 
Seat 1: RAidakCo (big blind) collected ($1)
Seat 2: michasia (button) (small blind) folded before Flop



PokerStars Hand #254532043897:  Hold'em No Limit ($0.50/$1.00 USD) - 2025/01/24 18:03:07 WET [2025/01/24 13:03:07 ET]
Table 'Underhill IV' 6-max Seat #1 is the button
Seat 1: RAidakCo ($100 in chips) 
Seat 2: michasia ($100 in chips) 
Seat 5: fobot21 ($100.50 in chips) 
michasia: posts small blind $0.50
fobot21: posts big blind $1
*** HOLE CARDS ***
RAidakCo: folds 
michasia: raises $2 to $3
fobot21: folds 
Uncalled bet ($2) returned to michasia
michasia collected $2 from pot
michasia: doesn't show hand 
*** SUMMARY ***
Total pot $2 | Rake $0 
Seat 1: RAidakCo (button) folded before Flop (didn't bet)
Seat 2: michasia (small blind) collected ($2)
Seat 5: fobot21 (big blind) folded before Flop



PokerStars Hand #254532047329:  Hold'em No Limit ($0.50/$1.00 USD) - 2025/01/24 18:03:19 WET [2025/01/24 13:03:19 ET]
Table 'Underhill IV' 6-max Seat #2 is the button
Seat 1: RAidakCo ($100 in chips) 
Seat 2: michasia ($101 in chips) 
Seat 5: fobot21 ($100 in chips) 
fobot21: posts small blind $0.50
RAidakCo: posts big blind $1
*** HOLE CARDS ***
michasia: folds 
fobot21: raises $1.90 to $2.90
RAidakCo: folds 
Uncalled bet ($1.90) returned to fobot21
fobot21 collected $2 from pot
fobot21: doesn't show hand 
*** SUMMARY ***
Total pot $2 | Rake $0 
Seat 1: RAidakCo (big blind) folded before Flop
Seat 2: michasia (button) folded before Flop (didn't bet)
Seat 5: fobot21 (small blind) collected ($2)



PokerStars Hand #254532050482:  Hold'em No Limit ($0.50/$1.00 USD) - 2025/01/24 18:03:31 WET [2025/01/24 13:03:31 ET]
Table 'Underhill IV' 6-max Seat #5 is the button
Seat 1: RAidakCo ($100 in chips) 
Seat 2: michasia ($101 in chips) 
Seat 5: fobot21 ($101 in chips) 
RAidakCo: posts small blind $0.50
michasia: posts big blind $1
*** HOLE CARDS ***
fobot21: raises $1.50 to $2.50
RAidakCo: folds 
michasia: folds 
Uncalled bet ($1.50) returned to fobot21
fobot21 collected $2.50 from pot
fobot21: doesn't show hand 
*** SUMMARY ***
Total pot $2.50 | Rake $0 
Seat 1: RAidakCo (small blind) folded before Flop
Seat 2: michasia (big blind) folded before Flop
Seat 5: fobot21 (button) collected ($2.50)



PokerStars Hand #254532052742:  Hold'em No Limit ($0.50/$1.00 USD) - 2025/01/24 18:03:40 WET [2025/01/24 13:03:40 ET]
Table 'Underhill IV' 6-max Seat #2 is the button
Seat 5: fobot21 ($102.50 in chips) is sitting out
Seat 1: RAidakCo ($100 in chips) 
Seat 2: michasia ($100 in chips) 
michasia: posts small blind $0.50
fobot21: is sitting out 
RAidakCo: posts big blind $1
*** HOLE CARDS ***
fobot21 leaves the table
michasia: folds 
Uncalled bet ($0.50) returned to RAidakCo
RAidakCo collected $1 from pot
RAidakCo: doesn't show hand 
*** SUMMARY ***
Total pot $1 | Rake $0 
Seat 5: fobot21
Seat 1: RAidakCo (big blind) collected ($1)
Seat 2: michasia (button) (small blind) folded before Flop



