PokerStars Hand #254524353437:  Hold'em No Limit ($0.50/$1.00 USD) - 2025/01/24 3:20:30 WET [2025/01/23 22:20:30 ET]
Table 'Maria III' 6-max Seat #1 is the button
Seat 1: nastja336 ($225.16 in chips) 
Seat 2: rao999 ($440.97 in chips) 
Seat 3: Optimusgr11 ($227.49 in chips) 
Seat 4: An1an1 ($209.72 in chips) 
Seat 5: shootingGRID ($141.75 in chips) 
Seat 6: Manifestorr ($225.10 in chips) 
rao999: posts small blind $0.50
Optimusgr11: posts big blind $1
*** HOLE CARDS ***
An1an1: folds 
shootingGRID: raises $1.25 to $2.25
Manifestorr: folds 
nastja336: folds 
rao999: folds 
Optimusgr11: raises $6 to $8.25
shootingGRID: calls $6
*** FLOP *** [Jd 8d 7d]
Optimusgr11: bets $9.08
shootingGRID: calls $9.08
*** TURN *** [Jd 8d 7d] [8h]
Optimusgr11: checks 
shootingGRID: checks 
*** RIVER *** [Jd 8d 7d 8h] [8c]
Optimusgr11: bets $33.40
shootingGRID: calls $33.40
*** SHOW DOWN ***
Optimusgr11: shows [Jh Qs] (a full house, Eights full of Jacks)
shootingGRID: mucks hand 
Optimusgr11 collected $99.46 from pot
*** SUMMARY ***
Total pot $101.96 | Rake $2.50 
Board [Jd 8d 7d 8h 8c]
Seat 1: nastja336 (button) folded before Flop (didn't bet)
Seat 2: rao999 (small blind) folded before Flop
Seat 3: Optimusgr11 (big blind) showed [Jh Qs] and won ($99.46) with a full house, Eights full of Jacks
Seat 4: An1an1 folded before Flop (didn't bet)
Seat 5: shootingGRID mucked
Seat 6: Manifestorr folded before Flop (didn't bet)



PokerStars Hand #254524363554:  Hold'em No Limit ($0.50/$1.00 USD) - 2025/01/24 3:21:48 WET [2025/01/23 22:21:48 ET]
Table 'Maria III' 6-max Seat #2 is the button
Seat 1: nastja336 ($225.16 in chips) 
Seat 2: rao999 ($440.47 in chips) 
Seat 3: Optimusgr11 ($276.22 in chips) 
Seat 4: An1an1 ($209.72 in chips) 
Seat 5: shootingGRID ($100 in chips) 
Seat 6: Manifestorr ($225.10 in chips) 
Optimusgr11: posts small blind $0.50
An1an1: posts big blind $1
*** HOLE CARDS ***
shootingGRID: folds 
Manifestorr: folds 
nastja336: folds 
rao999: raises $1.50 to $2.50
Optimusgr11: raises $6 to $8.50
An1an1: folds 
rao999: calls $6
*** FLOP *** [Jc 9h 5h]
Optimusgr11: bets $8.55
rao999: folds 
Uncalled bet ($8.55) returned to Optimusgr11
Optimusgr11 collected $17.10 from pot
*** SUMMARY ***
Total pot $18 | Rake $0.90 
Board [Jc 9h 5h]
Seat 1: nastja336 folded before Flop (didn't bet)
Seat 2: rao999 (button) folded on the Flop
Seat 3: Optimusgr11 (small blind) collected ($17.10)
Seat 4: An1an1 (big blind) folded before Flop
Seat 5: shootingGRID folded before Flop (didn't bet)
Seat 6: Manifestorr folded before Flop (didn't bet)



PokerStars Hand #254524368300:  Hold'em No Limit ($0.50/$1.00 USD) - 2025/01/24 3:22:25 WET [2025/01/23 22:22:25 ET]
Table 'Maria III' 6-max Seat #3 is the button
Seat 1: nastja336 ($225.16 in chips) 
Seat 2: rao999 ($431.97 in chips) 
Seat 3: Optimusgr11 ($284.82 in chips) 
Seat 4: An1an1 ($208.72 in chips) 
Seat 5: shootingGRID ($100 in chips) 
Seat 6: Manifestorr ($225.10 in chips) 
An1an1: posts small blind $0.50
shootingGRID: posts big blind $1
*** HOLE CARDS ***
Manifestorr: folds 
nastja336: folds 
rao999: folds 
Optimusgr11: raises $2 to $3
An1an1: raises $9 to $12
shootingGRID: folds 
Optimusgr11: calls $9
*** FLOP *** [4s 5c Jd]
An1an1: bets $5.70
Optimusgr11: calls $5.70
*** TURN *** [4s 5c Jd] [8d]
An1an1: checks 
Optimusgr11: bets $17.29
An1an1: calls $17.29
*** RIVER *** [4s 5c Jd 8d] [2d]
An1an1: checks 
Optimusgr11: bets $68.48
An1an1: calls $68.48
*** SHOW DOWN ***
Optimusgr11: shows [Kc Qs] (high card King)
An1an1: shows [8h 8s] (three of a kind, Eights)
An1an1 collected $205.44 from pot
*** SUMMARY ***
Total pot $207.94 | Rake $2.50 
Board [4s 5c Jd 8d 2d]
Seat 1: nastja336 folded before Flop (didn't bet)
Seat 2: rao999 folded before Flop (didn't bet)
Seat 3: Optimusgr11 (button) showed [Kc Qs] and lost with high card King
Seat 4: An1an1 (small blind) showed [8h 8s] and won ($205.44) with three of a kind, Eights
Seat 5: shootingGRID (big blind) folded before Flop
Seat 6: Manifestorr folded before Flop (didn't bet)



PokerStars Hand #254524379292:  Hold'em No Limit ($0.50/$1.00 USD) - 2025/01/24 3:23:49 WET [2025/01/23 22:23:49 ET]
Table 'Maria III' 6-max Seat #4 is the button
Seat 1: nastja336 ($225.16 in chips) 
Seat 2: rao999 ($431.97 in chips) 
Seat 3: Optimusgr11 ($181.35 in chips) 
Seat 4: An1an1 ($310.69 in chips) 
Seat 5: shootingGRID ($100 in chips) 
Seat 6: Manifestorr ($225.10 in chips) 
shootingGRID: posts small blind $0.50
Manifestorr: posts big blind $1
*** HOLE CARDS ***
nastja336: raises $1.50 to $2.50
rao999: folds 
Optimusgr11: raises $6.50 to $9
An1an1: folds 
shootingGRID: folds 
Manifestorr: folds 
nastja336: calls $6.50
*** FLOP *** [3s 3c 2h]
nastja336: checks 
Optimusgr11: bets $9.26
nastja336: folds 
Uncalled bet ($9.26) returned to Optimusgr11
Optimusgr11 collected $18.52 from pot
*** SUMMARY ***
Total pot $19.50 | Rake $0.98 
Board [3s 3c 2h]
Seat 1: nastja336 folded on the Flop
Seat 2: rao999 folded before Flop (didn't bet)
Seat 3: Optimusgr11 collected ($18.52)
Seat 4: An1an1 (button) folded before Flop (didn't bet)
Seat 5: shootingGRID (small blind) folded before Flop
Seat 6: Manifestorr (big blind) folded before Flop



PokerStars Hand #254524383850:  Hold'em No Limit ($0.50/$1.00 USD) - 2025/01/24 3:24:24 WET [2025/01/23 22:24:24 ET]
Table 'Maria III' 6-max Seat #5 is the button
Seat 1: nastja336 ($216.16 in chips) 
Seat 2: rao999 ($431.97 in chips) 
Seat 3: Optimusgr11 ($190.87 in chips) 
Seat 4: An1an1 ($310.69 in chips) 
Seat 5: shootingGRID ($100 in chips) 
Seat 6: Manifestorr ($224.10 in chips) 
Manifestorr: posts small blind $0.50
nastja336: posts big blind $1
*** HOLE CARDS ***
rao999: folds 
Optimusgr11: raises $2 to $3
An1an1: folds 
shootingGRID: folds 
Manifestorr: folds 
nastja336: folds 
Uncalled bet ($2) returned to Optimusgr11
Optimusgr11 collected $2.50 from pot
*** SUMMARY ***
Total pot $2.50 | Rake $0 
Seat 1: nastja336 (big blind) folded before Flop
Seat 2: rao999 folded before Flop (didn't bet)
Seat 3: Optimusgr11 collected ($2.50)
Seat 4: An1an1 folded before Flop (didn't bet)
Seat 5: shootingGRID (button) folded before Flop (didn't bet)
Seat 6: Manifestorr (small blind) folded before Flop



PokerStars Hand #254524386198:  Hold'em No Limit ($0.50/$1.00 USD) - 2025/01/24 3:24:42 WET [2025/01/23 22:24:42 ET]
Table 'Maria III' 6-max Seat #6 is the button
Seat 1: nastja336 ($215.16 in chips) 
Seat 2: rao999 ($431.97 in chips) 
Seat 3: Optimusgr11 ($192.37 in chips) 
Seat 4: An1an1 ($310.69 in chips) 
Seat 5: shootingGRID ($100 in chips) 
Seat 6: Manifestorr ($223.60 in chips) 
nastja336: posts small blind $0.50
rao999: posts big blind $1
*** HOLE CARDS ***
Optimusgr11: raises $2 to $3
An1an1: folds 
shootingGRID: folds 
Manifestorr: folds 
nastja336: folds 
rao999: folds 
Uncalled bet ($2) returned to Optimusgr11
Optimusgr11 collected $2.50 from pot
*** SUMMARY ***
Total pot $2.50 | Rake $0 
Seat 1: nastja336 (small blind) folded before Flop
Seat 2: rao999 (big blind) folded before Flop
Seat 3: Optimusgr11 collected ($2.50)
Seat 4: An1an1 folded before Flop (didn't bet)
Seat 5: shootingGRID folded before Flop (didn't bet)
Seat 6: Manifestorr (button) folded before Flop (didn't bet)



PokerStars Hand #254524387955:  Hold'em No Limit ($0.50/$1.00 USD) - 2025/01/24 3:24:56 WET [2025/01/23 22:24:56 ET]
Table 'Maria III' 6-max Seat #1 is the button
Seat 1: nastja336 ($214.66 in chips) 
Seat 2: rao999 ($430.97 in chips) 
Seat 3: Optimusgr11 ($193.87 in chips) 
Seat 4: An1an1 ($310.69 in chips) 
Seat 5: shootingGRID ($100 in chips) 
Seat 6: Manifestorr ($223.60 in chips) 
rao999: posts small blind $0.50
Optimusgr11: posts big blind $1
*** HOLE CARDS ***
An1an1: folds 
shootingGRID: folds 
Manifestorr: raises $1.20 to $2.20
nastja336: folds 
rao999: calls $1.70
Optimusgr11: raises $8.60 to $10.80
Manifestorr: calls $8.60
rao999: calls $8.60
*** FLOP *** [Ts 8c 2d]
rao999: checks 
Optimusgr11: bets $18.39
Manifestorr: calls $18.39
rao999: folds 
*** TURN *** [Ts 8c 2d] [3s]
Optimusgr11: checks 
Manifestorr: bets $60.01
Optimusgr11: calls $60.01
*** RIVER *** [Ts 8c 2d 3s] [Ac]
Optimusgr11: bets $104.67 and is all-in
Manifestorr: calls $104.67
*** SHOW DOWN ***
Optimusgr11: shows [9c Js] (high card Ace)
Manifestorr: shows [Td Th] (three of a kind, Tens)
Manifestorr collected $396.04 from pot
*** SUMMARY ***
Total pot $398.54 | Rake $2.50 
Board [Ts 8c 2d 3s Ac]
Seat 1: nastja336 (button) folded before Flop (didn't bet)
Seat 2: rao999 (small blind) folded on the Flop
Seat 3: Optimusgr11 (big blind) showed [9c Js] and lost with high card Ace
Seat 4: An1an1 folded before Flop (didn't bet)
Seat 5: shootingGRID folded before Flop (didn't bet)
Seat 6: Manifestorr showed [Td Th] and won ($396.04) with three of a kind, Tens



PokerStars Hand #254524897456:  Hold'em No Limit ($0.50/$1.00 USD) - 2025/01/24 3:26:10 WET [2025/01/23 22:26:10 ET]
Table 'Maria III' 6-max Seat #2 is the button
Seat 3: Optimusgr11 ($0 in chips) is sitting out
Seat 1: nastja336 ($214.66 in chips) 
Seat 2: rao999 ($420.17 in chips) 
Seat 4: An1an1 ($310.69 in chips) 
Seat 5: shootingGRID ($100 in chips) 
Seat 6: Manifestorr ($425.77 in chips) 
An1an1: posts small blind $0.50
shootingGRID: posts big blind $1
*** HOLE CARDS ***
Manifestorr: folds 
Optimusgr11 leaves the table
nastja336: folds 
nastja336 leaves the table
rao999: folds 
An1an1: folds 
Uncalled bet ($0.50) returned to shootingGRID
shootingGRID collected $1 from pot
*** SUMMARY ***
Total pot $1 | Rake $0 
Seat 3: Optimusgr11
Seat 1: nastja336 folded before Flop (didn't bet)
Seat 2: rao999 (button) folded before Flop (didn't bet)
Seat 4: An1an1 (small blind) folded before Flop
Seat 5: shootingGRID (big blind) collected ($1)
Seat 6: Manifestorr folded before Flop (didn't bet)



