PokerStars Hand #254528119965:  Hold'em No Limit ($0.50/$1.00 USD) - 2025/01/24 12:35:22 WET [2025/01/24 7:35:22 ET]
Table 'Cerberus III' 6-max Seat #3 is the button
Seat 1: Rapid3ye ($105.10 in chips) 
Seat 2: MAO_DZEDYN_S ($100 in chips) 
Seat 3: Powerpoint66 ($71.42 in chips) 
Seat 4: PoKeRaRcSuNY ($100 in chips) 
Seat 5: CaHek-Ty3 ($100 in chips) 
Seat 6: Emily_GetMan ($161.03 in chips) 
PoKeRaRcSuNY: posts small blind $0.50
CaHek-Ty3: posts big blind $1
*** HOLE CARDS ***
Emily_GetMan: folds 
Rapid3ye: folds 
MAO_DZEDYN_S: raises $1.25 to $2.25
Powerpoint66: folds 
PoKeRaRcSuNY: folds 
CaHek-Ty3: folds 
Uncalled bet ($1.25) returned to MAO_DZEDYN_S
MAO_DZEDYN_S collected $2.50 from pot
MAO_DZEDYN_S: doesn't show hand 
*** SUMMARY ***
Total pot $2.50 | Rake $0 
Seat 1: Rapid3ye folded before Flop (didn't bet)
Seat 2: MAO_DZEDYN_S collected ($2.50)
Seat 3: Powerpoint66 (button) folded before Flop (didn't bet)
Seat 4: PoKeRaRcSuNY (small blind) folded before Flop
Seat 5: CaHek-Ty3 (big blind) folded before Flop
Seat 6: Emily_GetMan folded before Flop (didn't bet)



PokerStars Hand #254528123512:  Hold'em No Limit ($0.50/$1.00 USD) - 2025/01/24 12:35:46 WET [2025/01/24 7:35:46 ET]
Table 'Cerberus III' 6-max Seat #4 is the button
Seat 1: Rapid3ye ($105.10 in chips) 
Seat 2: MAO_DZEDYN_S ($101.50 in chips) 
Seat 3: Powerpoint66 ($71.42 in chips) 
Seat 4: PoKeRaRcSuNY ($100 in chips) 
Seat 5: CaHek-Ty3 ($100 in chips) 
Seat 6: Emily_GetMan ($161.03 in chips) 
CaHek-Ty3: posts small blind $0.50
Emily_GetMan: posts big blind $1
*** HOLE CARDS ***
Rapid3ye: folds 
MAO_DZEDYN_S: folds 
Powerpoint66: folds 
PoKeRaRcSuNY: raises $1.50 to $2.50
CaHek-Ty3: folds 
Emily_GetMan: calls $1.50
*** FLOP *** [As 2c 9s]
Emily_GetMan: checks 
PoKeRaRcSuNY: bets $1.72
Emily_GetMan: calls $1.72
*** TURN *** [As 2c 9s] [Td]
Emily_GetMan: checks 
PoKeRaRcSuNY: checks 
*** RIVER *** [As 2c 9s Td] [Ad]
Emily_GetMan: checks 
PoKeRaRcSuNY: checks 
*** SHOW DOWN ***
Emily_GetMan: shows [Qc Js] (a pair of Aces)
PoKeRaRcSuNY: shows [7d 7c] (two pair, Aces and Sevens)
PoKeRaRcSuNY collected $8.49 from pot
*** SUMMARY ***
Total pot $8.94 | Rake $0.45 
Board [As 2c 9s Td Ad]
Seat 1: Rapid3ye folded before Flop (didn't bet)
Seat 2: MAO_DZEDYN_S folded before Flop (didn't bet)
Seat 3: Powerpoint66 folded before Flop (didn't bet)
Seat 4: PoKeRaRcSuNY (button) showed [7d 7c] and won ($8.49) with two pair, Aces and Sevens
Seat 5: CaHek-Ty3 (small blind) folded before Flop
Seat 6: Emily_GetMan (big blind) showed [Qc Js] and lost with a pair of Aces



PokerStars Hand #254528132606:  Hold'em No Limit ($0.50/$1.00 USD) - 2025/01/24 12:36:50 WET [2025/01/24 7:36:50 ET]
Table 'Cerberus III' 6-max Seat #5 is the button
Seat 1: Rapid3ye ($105.10 in chips) 
Seat 2: MAO_DZEDYN_S ($101.50 in chips) 
Seat 3: Powerpoint66 ($71.42 in chips) 
Seat 4: PoKeRaRcSuNY ($104.27 in chips) 
Seat 5: CaHek-Ty3 ($100 in chips) 
Seat 6: Emily_GetMan ($156.81 in chips) 
Emily_GetMan: posts small blind $0.50
Rapid3ye: posts big blind $1
*** HOLE CARDS ***
MAO_DZEDYN_S: folds 
Powerpoint66: folds 
PoKeRaRcSuNY: folds 
CaHek-Ty3: folds 
Emily_GetMan: folds 
Uncalled bet ($0.50) returned to Rapid3ye
Rapid3ye collected $1 from pot
Rapid3ye: doesn't show hand 
*** SUMMARY ***
Total pot $1 | Rake $0 
Seat 1: Rapid3ye (big blind) collected ($1)
Seat 2: MAO_DZEDYN_S folded before Flop (didn't bet)
Seat 3: Powerpoint66 folded before Flop (didn't bet)
Seat 4: PoKeRaRcSuNY folded before Flop (didn't bet)
Seat 5: CaHek-Ty3 (button) folded before Flop (didn't bet)
Seat 6: Emily_GetMan (small blind) folded before Flop



PokerStars Hand #254528134920:  Hold'em No Limit ($0.50/$1.00 USD) - 2025/01/24 12:37:06 WET [2025/01/24 7:37:06 ET]
Table 'Cerberus III' 6-max Seat #6 is the button
Seat 2: MAO_DZEDYN_S ($101.50 in chips) is sitting out
Seat 1: Rapid3ye ($105.60 in chips) 
Seat 3: Powerpoint66 ($71.42 in chips) 
Seat 4: PoKeRaRcSuNY ($104.27 in chips) 
Seat 5: CaHek-Ty3 ($100 in chips) 
Seat 6: Emily_GetMan ($156.31 in chips) 
Rapid3ye: posts small blind $0.50
MAO_DZEDYN_S: is sitting out 
Powerpoint66: posts big blind $1
*** HOLE CARDS ***
MAO_DZEDYN_S leaves the table
PoKeRaRcSuNY: folds 
CaHek-Ty3: folds 
OrioNCOOL joins the table at seat #2 
Emily_GetMan: raises $1.50 to $2.50
Rapid3ye: folds 
Powerpoint66: calls $1.50
*** FLOP *** [Kh 4s 9d]
Powerpoint66: checks 
Emily_GetMan: checks 
*** TURN *** [Kh 4s 9d] [7h]
Powerpoint66: bets $2.61
Emily_GetMan: folds 
Uncalled bet ($2.61) returned to Powerpoint66
Powerpoint66 collected $5.15 from pot
*** SUMMARY ***
Total pot $5.50 | Rake $0.35 
Board [Kh 4s 9d 7h]
Seat 2: MAO_DZEDYN_S
Seat 1: Rapid3ye (small blind) folded before Flop
Seat 3: Powerpoint66 (big blind) collected ($5.15)
Seat 4: PoKeRaRcSuNY folded before Flop (didn't bet)
Seat 5: CaHek-Ty3 folded before Flop (didn't bet)
Seat 6: Emily_GetMan (button) folded on the Turn



PokerStars Hand #254528140238:  Hold'em No Limit ($0.50/$1.00 USD) - 2025/01/24 12:37:43 WET [2025/01/24 7:37:43 ET]
Table 'Cerberus III' 6-max Seat #1 is the button
Seat 2: OrioNCOOL ($100 in chips) is sitting out
Seat 1: Rapid3ye ($105.10 in chips) 
Seat 3: Powerpoint66 ($74.07 in chips) 
Seat 4: PoKeRaRcSuNY ($104.27 in chips) 
Seat 5: CaHek-Ty3 ($100 in chips) 
Seat 6: Emily_GetMan ($153.81 in chips) 
Powerpoint66: posts small blind $0.50
PoKeRaRcSuNY: posts big blind $1
*** HOLE CARDS ***
CaHek-Ty3: raises $1.50 to $2.50
Emily_GetMan: folds 
Rapid3ye: folds 
Powerpoint66: calls $2
PoKeRaRcSuNY: folds 
*** FLOP *** [7d 9c Td]
Powerpoint66: checks 
CaHek-Ty3: checks 
*** TURN *** [7d 9c Td] [3h]
Powerpoint66: checks 
CaHek-Ty3: bets $1.88
Powerpoint66: folds 
Uncalled bet ($1.88) returned to CaHek-Ty3
CaHek-Ty3 collected $5.70 from pot
*** SUMMARY ***
Total pot $6 | Rake $0.30 
Board [7d 9c Td 3h]
Seat 2: OrioNCOOL
Seat 1: Rapid3ye (button) folded before Flop (didn't bet)
Seat 3: Powerpoint66 (small blind) folded on the Turn
Seat 4: PoKeRaRcSuNY (big blind) folded before Flop
Seat 5: CaHek-Ty3 collected ($5.70)
Seat 6: Emily_GetMan folded before Flop (didn't bet)



PokerStars Hand #254528147912:  Hold'em No Limit ($0.50/$1.00 USD) - 2025/01/24 12:38:38 WET [2025/01/24 7:38:38 ET]
Table 'Cerberus III' 6-max Seat #3 is the button
Seat 2: OrioNCOOL ($100 in chips) is sitting out
Seat 1: Rapid3ye ($105.10 in chips) 
Seat 3: Powerpoint66 ($71.57 in chips) 
Seat 4: PoKeRaRcSuNY ($103.27 in chips) 
Seat 5: CaHek-Ty3 ($103.20 in chips) 
Seat 6: Emily_GetMan ($153.81 in chips) 
PoKeRaRcSuNY: posts small blind $0.50
CaHek-Ty3: posts big blind $1
OrioNCOOL: sits out 
*** HOLE CARDS ***
Emily_GetMan: folds 
Emily_GetMan leaves the table
Rapid3ye: folds 
Powerpoint66 has timed out
Powerpoint66: folds 
PoKeRaRcSuNY: folds 
Uncalled bet ($0.50) returned to CaHek-Ty3
CaHek-Ty3 collected $1 from pot
*** SUMMARY ***
Total pot $1 | Rake $0 
Seat 2: OrioNCOOL
Seat 1: Rapid3ye folded before Flop (didn't bet)
Seat 3: Powerpoint66 (button) folded before Flop (didn't bet)
Seat 4: PoKeRaRcSuNY (small blind) folded before Flop
Seat 5: CaHek-Ty3 (big blind) collected ($1)
Seat 6: Emily_GetMan folded before Flop (didn't bet)



PokerStars Hand #254528150852:  Hold'em No Limit ($0.50/$1.00 USD) - 2025/01/24 12:38:58 WET [2025/01/24 7:38:58 ET]
Table 'Cerberus III' 6-max Seat #4 is the button
Seat 2: OrioNCOOL ($100 in chips) is sitting out
Seat 1: Rapid3ye ($105.10 in chips) 
Seat 3: Powerpoint66 ($71.57 in chips) 
Seat 4: PoKeRaRcSuNY ($102.77 in chips) 
Seat 5: CaHek-Ty3 ($103.70 in chips) 
CaHek-Ty3: posts small blind $0.50
Rapid3ye: posts big blind $1
OrioNCOOL: sits out 
*** HOLE CARDS ***
Powerpoint66: calls $1
PoKeRaRcSuNY: folds 
CaHek-Ty3: folds 
Rapid3ye: checks 
*** FLOP *** [Ah 6c 2s]
Rapid3ye: checks 
Powerpoint66: checks 
*** TURN *** [Ah 6c 2s] [5h]
2g00d4youu joins the table at seat #6 
Rapid3ye: bets $1.19
Powerpoint66: folds 
Uncalled bet ($1.19) returned to Rapid3ye
Rapid3ye collected $2.38 from pot
Rapid3ye: doesn't show hand 
*** SUMMARY ***
Total pot $2.50 | Rake $0.12 
Board [Ah 6c 2s 5h]
Seat 2: OrioNCOOL
Seat 1: Rapid3ye (big blind) collected ($2.38)
Seat 3: Powerpoint66 folded on the Turn
Seat 4: PoKeRaRcSuNY (button) folded before Flop (didn't bet)
Seat 5: CaHek-Ty3 (small blind) folded before Flop



PokerStars Hand #254528158396:  Hold'em No Limit ($0.50/$1.00 USD) - 2025/01/24 12:39:52 WET [2025/01/24 7:39:52 ET]
Table 'Cerberus III' 6-max Seat #5 is the button
Seat 6: 2g00d4youu ($100 in chips) is sitting out
Seat 1: Rapid3ye ($106.48 in chips) 
Seat 2: OrioNCOOL ($100 in chips) 
Seat 3: Powerpoint66 ($70.57 in chips) 
Seat 4: PoKeRaRcSuNY ($102.77 in chips) 
Seat 5: CaHek-Ty3 ($103.20 in chips) 
Rapid3ye: posts small blind $0.50
OrioNCOOL: posts big blind $1
*** HOLE CARDS ***
Powerpoint66 has timed out
Powerpoint66: folds 
PoKeRaRcSuNY: raises $1.50 to $2.50
CaHek-Ty3: folds 
Rapid3ye: folds 
OrioNCOOL: folds 
Uncalled bet ($1.50) returned to PoKeRaRcSuNY
PoKeRaRcSuNY collected $2.50 from pot
PoKeRaRcSuNY: doesn't show hand 
*** SUMMARY ***
Total pot $2.50 | Rake $0 
Seat 6: 2g00d4youu
Seat 1: Rapid3ye (small blind) folded before Flop
Seat 2: OrioNCOOL (big blind) folded before Flop
Seat 3: Powerpoint66 folded before Flop (didn't bet)
Seat 4: PoKeRaRcSuNY collected ($2.50)
Seat 5: CaHek-Ty3 (button) folded before Flop (didn't bet)



PokerStars Hand #254528161891:  Hold'em No Limit ($0.50/$1.00 USD) - 2025/01/24 12:40:15 WET [2025/01/24 7:40:15 ET]
Table 'Cerberus III' 6-max Seat #1 is the button
Seat 3: Powerpoint66 ($70.57 in chips) is sitting out
Seat 6: 2g00d4youu ($100 in chips) is sitting out
Seat 1: Rapid3ye ($105.98 in chips) 
Seat 2: OrioNCOOL ($100 in chips) 
Seat 4: PoKeRaRcSuNY ($104.27 in chips) 
Seat 5: CaHek-Ty3 ($103.20 in chips) 
OrioNCOOL: posts small blind $0.50
PoKeRaRcSuNY: posts big blind $1
2g00d4youu: sits out 
*** HOLE CARDS ***
CaHek-Ty3: folds 
Rapid3ye: raises $1 to $2
OrioNCOOL: folds 
PoKeRaRcSuNY: raises $10.50 to $12.50
Rapid3ye: folds 
Uncalled bet ($10.50) returned to PoKeRaRcSuNY
PoKeRaRcSuNY collected $4.50 from pot
PoKeRaRcSuNY: doesn't show hand 
*** SUMMARY ***
Total pot $4.50 | Rake $0 
Seat 3: Powerpoint66
Seat 6: 2g00d4youu
Seat 1: Rapid3ye (button) folded before Flop
Seat 2: OrioNCOOL (small blind) folded before Flop
Seat 4: PoKeRaRcSuNY (big blind) collected ($4.50)
Seat 5: CaHek-Ty3 folded before Flop (didn't bet)



PokerStars Hand #254528165479:  Hold'em No Limit ($0.50/$1.00 USD) - 2025/01/24 12:40:40 WET [2025/01/24 7:40:40 ET]
Table 'Cerberus III' 6-max Seat #2 is the button
Seat 3: Powerpoint66 ($70.57 in chips) is sitting out
Seat 6: 2g00d4youu ($100 in chips) is sitting out
Seat 1: Rapid3ye ($103.98 in chips) 
Seat 2: OrioNCOOL ($100 in chips) 
Seat 4: PoKeRaRcSuNY ($106.77 in chips) 
Seat 5: CaHek-Ty3 ($103.20 in chips) 
PoKeRaRcSuNY: posts small blind $0.50
CaHek-Ty3: posts big blind $1
2g00d4youu: sits out 
*** HOLE CARDS ***
Rapid3ye: folds 
OrioNCOOL: raises $1.50 to $2.50
PoKeRaRcSuNY: folds 
CaHek-Ty3: raises $9.50 to $12
OrioNCOOL: calls $9.50
*** FLOP *** [Td 6c Jd]
CaHek-Ty3: bets $17.63
OrioNCOOL: folds 
Uncalled bet ($17.63) returned to CaHek-Ty3
CaHek-Ty3 collected $23.50 from pot
*** SUMMARY ***
Total pot $24.50 | Rake $1 
Board [Td 6c Jd]
Seat 3: Powerpoint66
Seat 6: 2g00d4youu
Seat 1: Rapid3ye folded before Flop (didn't bet)
Seat 2: OrioNCOOL (button) folded on the Flop
Seat 4: PoKeRaRcSuNY (small blind) folded before Flop
Seat 5: CaHek-Ty3 (big blind) collected ($23.50)



PokerStars Hand #254528170193:  Hold'em No Limit ($0.50/$1.00 USD) - 2025/01/24 12:41:12 WET [2025/01/24 7:41:12 ET]
Table 'Cerberus III' 6-max Seat #4 is the button
Seat 3: Powerpoint66 ($70.57 in chips) is sitting out
Seat 1: Rapid3ye ($103.98 in chips) 
Seat 2: OrioNCOOL ($100 in chips) 
Seat 4: PoKeRaRcSuNY ($106.27 in chips) 
Seat 5: CaHek-Ty3 ($114.70 in chips) 
Seat 6: 2g00d4youu ($100 in chips) 
CaHek-Ty3: posts small blind $0.50
2g00d4youu: posts big blind $1
Powerpoint66: sits out 
*** HOLE CARDS ***
Rapid3ye: raises $1 to $2
OrioNCOOL: folds 
PoKeRaRcSuNY: folds 
CaHek-Ty3: folds 
2g00d4youu: folds 
Uncalled bet ($1) returned to Rapid3ye
Rapid3ye collected $2.50 from pot
Rapid3ye: doesn't show hand 
*** SUMMARY ***
Total pot $2.50 | Rake $0 
Seat 3: Powerpoint66
Seat 1: Rapid3ye collected ($2.50)
Seat 2: OrioNCOOL folded before Flop (didn't bet)
Seat 4: PoKeRaRcSuNY (button) folded before Flop (didn't bet)
Seat 5: CaHek-Ty3 (small blind) folded before Flop
Seat 6: 2g00d4youu (big blind) folded before Flop



PokerStars Hand #254528172262:  Hold'em No Limit ($0.50/$1.00 USD) - 2025/01/24 12:41:26 WET [2025/01/24 7:41:26 ET]
Table 'Cerberus III' 6-max Seat #5 is the button
Seat 3: Powerpoint66 ($70.57 in chips) is sitting out
Seat 1: Rapid3ye ($105.48 in chips) 
Seat 2: OrioNCOOL ($100 in chips) 
Seat 4: PoKeRaRcSuNY ($106.27 in chips) 
Seat 5: CaHek-Ty3 ($114.20 in chips) 
Seat 6: 2g00d4youu ($100 in chips) 
2g00d4youu: posts small blind $0.50
Rapid3ye: posts big blind $1
Powerpoint66: sits out 
*** HOLE CARDS ***
OrioNCOOL: folds 
PoKeRaRcSuNY: folds 
CaHek-Ty3: raises $1.50 to $2.50
2g00d4youu: folds 
Rapid3ye: raises $5.50 to $8
CaHek-Ty3: folds 
Uncalled bet ($5.50) returned to Rapid3ye
Rapid3ye collected $5.50 from pot
Rapid3ye: doesn't show hand 
*** SUMMARY ***
Total pot $5.50 | Rake $0 
Seat 3: Powerpoint66
Seat 1: Rapid3ye (big blind) collected ($5.50)
Seat 2: OrioNCOOL folded before Flop (didn't bet)
Seat 4: PoKeRaRcSuNY folded before Flop (didn't bet)
Seat 5: CaHek-Ty3 (button) folded before Flop
Seat 6: 2g00d4youu (small blind) folded before Flop



PokerStars Hand #254528175756:  Hold'em No Limit ($0.50/$1.00 USD) - 2025/01/24 12:41:50 WET [2025/01/24 7:41:50 ET]
Table 'Cerberus III' 6-max Seat #6 is the button
Seat 3: Powerpoint66 ($70.57 in chips) is sitting out
Seat 1: Rapid3ye ($108.48 in chips) 
Seat 2: OrioNCOOL ($100 in chips) 
Seat 4: PoKeRaRcSuNY ($106.27 in chips) 
Seat 5: CaHek-Ty3 ($111.70 in chips) 
Seat 6: 2g00d4youu ($100 in chips) 
Rapid3ye: posts small blind $0.50
OrioNCOOL: posts big blind $1
Powerpoint66: sits out 
*** HOLE CARDS ***
PoKeRaRcSuNY: folds 
CaHek-Ty3: folds 
2g00d4youu: raises $1.50 to $2.50
Rapid3ye: folds 
OrioNCOOL: folds 
Uncalled bet ($1.50) returned to 2g00d4youu
2g00d4youu collected $2.50 from pot
2g00d4youu: doesn't show hand 
*** SUMMARY ***
Total pot $2.50 | Rake $0 
Seat 3: Powerpoint66
Seat 1: Rapid3ye (small blind) folded before Flop
Seat 2: OrioNCOOL (big blind) folded before Flop
Seat 4: PoKeRaRcSuNY folded before Flop (didn't bet)
Seat 5: CaHek-Ty3 folded before Flop (didn't bet)
Seat 6: 2g00d4youu (button) collected ($2.50)



PokerStars Hand #254528179485:  Hold'em No Limit ($0.50/$1.00 USD) - 2025/01/24 12:42:15 WET [2025/01/24 7:42:15 ET]
Table 'Cerberus III' 6-max Seat #1 is the button
Seat 1: Rapid3ye ($107.98 in chips) 
Seat 2: OrioNCOOL ($100 in chips) 
Seat 3: Powerpoint66 ($70.57 in chips) 
Seat 4: PoKeRaRcSuNY ($106.27 in chips) 
Seat 5: CaHek-Ty3 ($111.70 in chips) 
Seat 6: 2g00d4youu ($101.50 in chips) 
OrioNCOOL: posts small blind $0.50
Powerpoint66: posts big blind $1
*** HOLE CARDS ***
PoKeRaRcSuNY: raises $1.22 to $2.22
CaHek-Ty3: folds 
2g00d4youu: folds 
Rapid3ye: folds 
OrioNCOOL: raises $8.78 to $11
Powerpoint66: folds 
PoKeRaRcSuNY: folds 
Uncalled bet ($8.78) returned to OrioNCOOL
OrioNCOOL collected $5.44 from pot
OrioNCOOL: doesn't show hand 
*** SUMMARY ***
Total pot $5.44 | Rake $0 
Seat 1: Rapid3ye (button) folded before Flop (didn't bet)
Seat 2: OrioNCOOL (small blind) collected ($5.44)
Seat 3: Powerpoint66 (big blind) folded before Flop
Seat 4: PoKeRaRcSuNY folded before Flop
Seat 5: CaHek-Ty3 folded before Flop (didn't bet)
Seat 6: 2g00d4youu folded before Flop (didn't bet)



PokerStars Hand #254528182498:  Hold'em No Limit ($0.50/$1.00 USD) - 2025/01/24 12:42:35 WET [2025/01/24 7:42:35 ET]
Table 'Cerberus III' 6-max Seat #2 is the button
Seat 1: Rapid3ye ($107.98 in chips) 
Seat 2: OrioNCOOL ($103.22 in chips) 
Seat 3: Powerpoint66 ($69.57 in chips) 
Seat 4: PoKeRaRcSuNY ($104.05 in chips) 
Seat 5: CaHek-Ty3 ($111.70 in chips) 
Seat 6: 2g00d4youu ($101.50 in chips) 
Powerpoint66: posts small blind $0.50
PoKeRaRcSuNY: posts big blind $1
*** HOLE CARDS ***
CaHek-Ty3: folds 
2g00d4youu: raises $1.50 to $2.50
Rapid3ye: folds 
OrioNCOOL: folds 
Powerpoint66: folds 
PoKeRaRcSuNY: folds 
Uncalled bet ($1.50) returned to 2g00d4youu
2g00d4youu collected $2.50 from pot
2g00d4youu: doesn't show hand 
*** SUMMARY ***
Total pot $2.50 | Rake $0 
Seat 1: Rapid3ye folded before Flop (didn't bet)
Seat 2: OrioNCOOL (button) folded before Flop (didn't bet)
Seat 3: Powerpoint66 (small blind) folded before Flop
Seat 4: PoKeRaRcSuNY (big blind) folded before Flop
Seat 5: CaHek-Ty3 folded before Flop (didn't bet)
Seat 6: 2g00d4youu collected ($2.50)



PokerStars Hand #254528186522:  Hold'em No Limit ($0.50/$1.00 USD) - 2025/01/24 12:43:02 WET [2025/01/24 7:43:02 ET]
Table 'Cerberus III' 6-max Seat #3 is the button
Seat 1: Rapid3ye ($107.98 in chips) 
Seat 2: OrioNCOOL ($103.22 in chips) 
Seat 3: Powerpoint66 ($69.07 in chips) 
Seat 4: PoKeRaRcSuNY ($103.05 in chips) 
Seat 5: CaHek-Ty3 ($111.70 in chips) 
Seat 6: 2g00d4youu ($103 in chips) 
PoKeRaRcSuNY: posts small blind $0.50
CaHek-Ty3: posts big blind $1
*** HOLE CARDS ***
2g00d4youu: folds 
Rapid3ye: raises $1 to $2
OrioNCOOL: raises $5.50 to $7.50
Powerpoint66: folds 
PoKeRaRcSuNY: folds 
CaHek-Ty3: folds 
Rapid3ye: calls $5.50
*** FLOP *** [2h 6c Ts]
Rapid3ye: checks 
OrioNCOOL: bets $6.84
Rapid3ye: folds 
Uncalled bet ($6.84) returned to OrioNCOOL
OrioNCOOL collected $15.68 from pot
OrioNCOOL: doesn't show hand 
*** SUMMARY ***
Total pot $16.50 | Rake $0.82 
Board [2h 6c Ts]
Seat 1: Rapid3ye folded on the Flop
Seat 2: OrioNCOOL collected ($15.68)
Seat 3: Powerpoint66 (button) folded before Flop (didn't bet)
Seat 4: PoKeRaRcSuNY (small blind) folded before Flop
Seat 5: CaHek-Ty3 (big blind) folded before Flop
Seat 6: 2g00d4youu folded before Flop (didn't bet)



PokerStars Hand #254528194368:  Hold'em No Limit ($0.50/$1.00 USD) - 2025/01/24 12:43:55 WET [2025/01/24 7:43:55 ET]
Table 'Cerberus III' 6-max Seat #4 is the button
Seat 1: Rapid3ye ($100.48 in chips) 
Seat 2: OrioNCOOL ($111.40 in chips) 
Seat 3: Powerpoint66 ($69.07 in chips) 
Seat 4: PoKeRaRcSuNY ($102.55 in chips) 
Seat 5: CaHek-Ty3 ($110.70 in chips) 
Seat 6: 2g00d4youu ($103 in chips) 
CaHek-Ty3: posts small blind $0.50
2g00d4youu: posts big blind $1
*** HOLE CARDS ***
Rapid3ye: folds 
OrioNCOOL: folds 
Powerpoint66: folds 
PoKeRaRcSuNY: folds 
CaHek-Ty3: folds 
Uncalled bet ($0.50) returned to 2g00d4youu
2g00d4youu collected $1 from pot
2g00d4youu: doesn't show hand 
*** SUMMARY ***
Total pot $1 | Rake $0 
Seat 1: Rapid3ye folded before Flop (didn't bet)
Seat 2: OrioNCOOL folded before Flop (didn't bet)
Seat 3: Powerpoint66 folded before Flop (didn't bet)
Seat 4: PoKeRaRcSuNY (button) folded before Flop (didn't bet)
Seat 5: CaHek-Ty3 (small blind) folded before Flop
Seat 6: 2g00d4youu (big blind) collected ($1)



PokerStars Hand #254528197205:  Hold'em No Limit ($0.50/$1.00 USD) - 2025/01/24 12:44:13 WET [2025/01/24 7:44:13 ET]
Table 'Cerberus III' 6-max Seat #5 is the button
Seat 1: Rapid3ye ($100.48 in chips) 
Seat 2: OrioNCOOL ($111.40 in chips) 
Seat 3: Powerpoint66 ($69.07 in chips) 
Seat 4: PoKeRaRcSuNY ($102.55 in chips) 
Seat 5: CaHek-Ty3 ($110.20 in chips) 
Seat 6: 2g00d4youu ($103.50 in chips) 
2g00d4youu: posts small blind $0.50
Rapid3ye: posts big blind $1
*** HOLE CARDS ***
OrioNCOOL: folds 
Powerpoint66: folds 
PoKeRaRcSuNY: folds 
CaHek-Ty3: folds 
2g00d4youu: folds 
Uncalled bet ($0.50) returned to Rapid3ye
Rapid3ye collected $1 from pot
Rapid3ye: doesn't show hand 
*** SUMMARY ***
Total pot $1 | Rake $0 
Seat 1: Rapid3ye (big blind) collected ($1)
Seat 2: OrioNCOOL folded before Flop (didn't bet)
Seat 3: Powerpoint66 folded before Flop (didn't bet)
Seat 4: PoKeRaRcSuNY folded before Flop (didn't bet)
Seat 5: CaHek-Ty3 (button) folded before Flop (didn't bet)
Seat 6: 2g00d4youu (small blind) folded before Flop



PokerStars Hand #254528201787:  Hold'em No Limit ($0.50/$1.00 USD) - 2025/01/24 12:44:44 WET [2025/01/24 7:44:44 ET]
Table 'Cerberus III' 6-max Seat #6 is the button
Seat 1: Rapid3ye ($100.98 in chips) 
Seat 2: OrioNCOOL ($111.40 in chips) 
Seat 3: Powerpoint66 ($69.07 in chips) 
Seat 4: PoKeRaRcSuNY ($102.55 in chips) 
Seat 5: CaHek-Ty3 ($110.20 in chips) 
Seat 6: 2g00d4youu ($103 in chips) 
Rapid3ye: posts small blind $0.50
OrioNCOOL: posts big blind $1
*** HOLE CARDS ***
Powerpoint66: calls $1
PoKeRaRcSuNY: folds 
CaHek-Ty3: folds 
2g00d4youu: raises $4 to $5
Rapid3ye: folds 
OrioNCOOL: folds 
Powerpoint66: folds 
Uncalled bet ($4) returned to 2g00d4youu
2g00d4youu collected $3.50 from pot
2g00d4youu: doesn't show hand 
*** SUMMARY ***
Total pot $3.50 | Rake $0 
Seat 1: Rapid3ye (small blind) folded before Flop
Seat 2: OrioNCOOL (big blind) folded before Flop
Seat 3: Powerpoint66 folded before Flop
Seat 4: PoKeRaRcSuNY folded before Flop (didn't bet)
Seat 5: CaHek-Ty3 folded before Flop (didn't bet)
Seat 6: 2g00d4youu (button) collected ($3.50)



PokerStars Hand #254528223274:  Hold'em No Limit ($0.50/$1.00 USD) - 2025/01/24 12:47:05 WET [2025/01/24 7:47:05 ET]
Table 'Cerberus III' 6-max Seat #2 is the button
Seat 1: Rapid3ye ($118.77 in chips) 
Seat 2: OrioNCOOL ($107.90 in chips) 
Seat 3: Powerpoint66 ($65.57 in chips) 
Seat 4: PoKeRaRcSuNY ($100 in chips) 
Seat 5: CaHek-Ty3 ($110.20 in chips) 
Seat 6: 2g00d4youu ($105.50 in chips) 
Powerpoint66: posts small blind $0.50
PoKeRaRcSuNY: posts big blind $1
*** HOLE CARDS ***
CaHek-Ty3: raises $1.50 to $2.50
2g00d4youu: folds 
Rapid3ye: folds 
OrioNCOOL: folds 
Powerpoint66: folds 
PoKeRaRcSuNY: folds 
Uncalled bet ($1.50) returned to CaHek-Ty3
CaHek-Ty3 collected $2.50 from pot
*** SUMMARY ***
Total pot $2.50 | Rake $0 
Seat 1: Rapid3ye folded before Flop (didn't bet)
Seat 2: OrioNCOOL (button) folded before Flop (didn't bet)
Seat 3: Powerpoint66 (small blind) folded before Flop
Seat 4: PoKeRaRcSuNY (big blind) folded before Flop
Seat 5: CaHek-Ty3 collected ($2.50)
Seat 6: 2g00d4youu folded before Flop (didn't bet)



PokerStars Hand #254528227926:  Hold'em No Limit ($0.50/$1.00 USD) - 2025/01/24 12:47:35 WET [2025/01/24 7:47:35 ET]
Table 'Cerberus III' 6-max Seat #3 is the button
Seat 1: Rapid3ye ($118.77 in chips) 
Seat 2: OrioNCOOL ($107.90 in chips) 
Seat 3: Powerpoint66 ($65.07 in chips) 
Seat 4: PoKeRaRcSuNY ($100 in chips) 
Seat 5: CaHek-Ty3 ($111.70 in chips) 
Seat 6: 2g00d4youu ($105.50 in chips) 
PoKeRaRcSuNY: posts small blind $0.50
CaHek-Ty3: posts big blind $1
*** HOLE CARDS ***
2g00d4youu: folds 
Rapid3ye: folds 
OrioNCOOL: folds 
Powerpoint66: folds 
PoKeRaRcSuNY: raises $2 to $3
CaHek-Ty3: raises $7 to $10
PoKeRaRcSuNY: folds 
Uncalled bet ($7) returned to CaHek-Ty3
CaHek-Ty3 collected $6 from pot
*** SUMMARY ***
Total pot $6 | Rake $0 
Seat 1: Rapid3ye folded before Flop (didn't bet)
Seat 2: OrioNCOOL folded before Flop (didn't bet)
Seat 3: Powerpoint66 (button) folded before Flop (didn't bet)
Seat 4: PoKeRaRcSuNY (small blind) folded before Flop
Seat 5: CaHek-Ty3 (big blind) collected ($6)
Seat 6: 2g00d4youu folded before Flop (didn't bet)



PokerStars Hand #254528231452:  Hold'em No Limit ($0.50/$1.00 USD) - 2025/01/24 12:47:59 WET [2025/01/24 7:47:59 ET]
Table 'Cerberus III' 6-max Seat #4 is the button
Seat 1: Rapid3ye ($118.77 in chips) 
Seat 2: OrioNCOOL ($107.90 in chips) 
Seat 3: Powerpoint66 ($65.07 in chips) 
Seat 4: PoKeRaRcSuNY ($100 in chips) 
Seat 5: CaHek-Ty3 ($114.70 in chips) 
Seat 6: 2g00d4youu ($105.50 in chips) 
CaHek-Ty3: posts small blind $0.50
2g00d4youu: posts big blind $1
*** HOLE CARDS ***
Rapid3ye: folds 
OrioNCOOL: folds 
Powerpoint66: folds 
PoKeRaRcSuNY: folds 
CaHek-Ty3: raises $2 to $3
2g00d4youu: folds 
Uncalled bet ($2) returned to CaHek-Ty3
CaHek-Ty3 collected $2 from pot
*** SUMMARY ***
Total pot $2 | Rake $0 
Seat 1: Rapid3ye folded before Flop (didn't bet)
Seat 2: OrioNCOOL folded before Flop (didn't bet)
Seat 3: Powerpoint66 folded before Flop (didn't bet)
Seat 4: PoKeRaRcSuNY (button) folded before Flop (didn't bet)
Seat 5: CaHek-Ty3 (small blind) collected ($2)
Seat 6: 2g00d4youu (big blind) folded before Flop



PokerStars Hand #254528235167:  Hold'em No Limit ($0.50/$1.00 USD) - 2025/01/24 12:48:23 WET [2025/01/24 7:48:23 ET]
Table 'Cerberus III' 6-max Seat #5 is the button
Seat 1: Rapid3ye ($118.77 in chips) 
Seat 2: OrioNCOOL ($107.90 in chips) 
Seat 3: Powerpoint66 ($65.07 in chips) 
Seat 4: PoKeRaRcSuNY ($100 in chips) 
Seat 5: CaHek-Ty3 ($115.70 in chips) 
Seat 6: 2g00d4youu ($104.50 in chips) 
2g00d4youu: posts small blind $0.50
Rapid3ye: posts big blind $1
*** HOLE CARDS ***
OrioNCOOL: folds 
Powerpoint66: folds 
PoKeRaRcSuNY: folds 
CaHek-Ty3: raises $1.50 to $2.50
2g00d4youu: folds 
Rapid3ye: calls $1.50
*** FLOP *** [Qd 5s As]
Rapid3ye: checks 
CaHek-Ty3: bets $1.72
Rapid3ye: calls $1.72
*** TURN *** [Qd 5s As] [Kh]
Rapid3ye: checks 
CaHek-Ty3: checks 
*** RIVER *** [Qd 5s As Kh] [9d]
Rapid3ye: bets $4.25
CaHek-Ty3: raises $12.49 to $16.74
Rapid3ye: calls $12.49
*** SHOW DOWN ***
CaHek-Ty3: shows [Ks 9h] (two pair, Kings and Nines)
Rapid3ye: mucks hand 
CaHek-Ty3 collected $40.30 from pot
*** SUMMARY ***
Total pot $42.42 | Rake $2.12 
Board [Qd 5s As Kh 9d]
Seat 1: Rapid3ye (big blind) mucked
Seat 2: OrioNCOOL folded before Flop (didn't bet)
Seat 3: Powerpoint66 folded before Flop (didn't bet)
Seat 4: PoKeRaRcSuNY folded before Flop (didn't bet)
Seat 5: CaHek-Ty3 (button) showed [Ks 9h] and won ($40.30) with two pair, Kings and Nines
Seat 6: 2g00d4youu (small blind) folded before Flop



PokerStars Hand #254528246516:  Hold'em No Limit ($0.50/$1.00 USD) - 2025/01/24 12:49:38 WET [2025/01/24 7:49:38 ET]
Table 'Cerberus III' 6-max Seat #6 is the button
Seat 1: Rapid3ye ($97.81 in chips) 
Seat 2: OrioNCOOL ($107.90 in chips) 
Seat 3: Powerpoint66 ($65.07 in chips) 
Seat 4: PoKeRaRcSuNY ($100 in chips) 
Seat 5: CaHek-Ty3 ($135.04 in chips) 
Seat 6: 2g00d4youu ($104 in chips) 
Rapid3ye: posts small blind $0.50
OrioNCOOL: posts big blind $1
*** HOLE CARDS ***
Powerpoint66: folds 
PoKeRaRcSuNY: folds 
CaHek-Ty3: folds 
2g00d4youu: folds 
Rapid3ye: folds 
Uncalled bet ($0.50) returned to OrioNCOOL
OrioNCOOL collected $1 from pot
OrioNCOOL: doesn't show hand 
*** SUMMARY ***
Total pot $1 | Rake $0 
Seat 1: Rapid3ye (small blind) folded before Flop
Seat 2: OrioNCOOL (big blind) collected ($1)
Seat 3: Powerpoint66 folded before Flop (didn't bet)
Seat 4: PoKeRaRcSuNY folded before Flop (didn't bet)
Seat 5: CaHek-Ty3 folded before Flop (didn't bet)
Seat 6: 2g00d4youu (button) folded before Flop (didn't bet)



PokerStars Hand #254528248163:  Hold'em No Limit ($0.50/$1.00 USD) - 2025/01/24 12:49:48 WET [2025/01/24 7:49:48 ET]
Table 'Cerberus III' 6-max Seat #1 is the button
Seat 1: Rapid3ye ($97.31 in chips) 
Seat 2: OrioNCOOL ($108.40 in chips) 
Seat 3: Powerpoint66 ($65.07 in chips) 
Seat 4: PoKeRaRcSuNY ($100 in chips) 
Seat 5: CaHek-Ty3 ($135.04 in chips) 
Seat 6: 2g00d4youu ($104 in chips) 
OrioNCOOL: posts small blind $0.50
Powerpoint66: posts big blind $1
*** HOLE CARDS ***
PoKeRaRcSuNY: folds 
CaHek-Ty3: folds 
2g00d4youu: folds 
Rapid3ye: folds 
OrioNCOOL: raises $2 to $3
Powerpoint66: folds 
Uncalled bet ($2) returned to OrioNCOOL
OrioNCOOL collected $2 from pot
OrioNCOOL: doesn't show hand 
*** SUMMARY ***
Total pot $2 | Rake $0 
Seat 1: Rapid3ye (button) folded before Flop (didn't bet)
Seat 2: OrioNCOOL (small blind) collected ($2)
Seat 3: Powerpoint66 (big blind) folded before Flop
Seat 4: PoKeRaRcSuNY folded before Flop (didn't bet)
Seat 5: CaHek-Ty3 folded before Flop (didn't bet)
Seat 6: 2g00d4youu folded before Flop (didn't bet)



PokerStars Hand #254528251163:  Hold'em No Limit ($0.50/$1.00 USD) - 2025/01/24 12:50:08 WET [2025/01/24 7:50:08 ET]
Table 'Cerberus III' 6-max Seat #2 is the button
Seat 1: Rapid3ye ($97.31 in chips) 
Seat 2: OrioNCOOL ($109.40 in chips) 
Seat 3: Powerpoint66 ($64.07 in chips) 
Seat 4: PoKeRaRcSuNY ($100 in chips) 
Seat 5: CaHek-Ty3 ($135.04 in chips) 
Seat 6: 2g00d4youu ($104 in chips) 
Powerpoint66: posts small blind $0.50
PoKeRaRcSuNY: posts big blind $1
*** HOLE CARDS ***
CaHek-Ty3: folds 
2g00d4youu: raises $1.50 to $2.50
Rapid3ye: folds 
OrioNCOOL: folds 
Powerpoint66: folds 
PoKeRaRcSuNY: folds 
Uncalled bet ($1.50) returned to 2g00d4youu
2g00d4youu collected $2.50 from pot
2g00d4youu: doesn't show hand 
*** SUMMARY ***
Total pot $2.50 | Rake $0 
Seat 1: Rapid3ye folded before Flop (didn't bet)
Seat 2: OrioNCOOL (button) folded before Flop (didn't bet)
Seat 3: Powerpoint66 (small blind) folded before Flop
Seat 4: PoKeRaRcSuNY (big blind) folded before Flop
Seat 5: CaHek-Ty3 folded before Flop (didn't bet)
Seat 6: 2g00d4youu collected ($2.50)



PokerStars Hand #254528254674:  Hold'em No Limit ($0.50/$1.00 USD) - 2025/01/24 12:50:31 WET [2025/01/24 7:50:31 ET]
Table 'Cerberus III' 6-max Seat #3 is the button
Seat 1: Rapid3ye ($97.31 in chips) 
Seat 2: OrioNCOOL ($109.40 in chips) 
Seat 3: Powerpoint66 ($63.57 in chips) 
Seat 4: PoKeRaRcSuNY ($100 in chips) 
Seat 5: CaHek-Ty3 ($135.04 in chips) 
Seat 6: 2g00d4youu ($105.50 in chips) 
PoKeRaRcSuNY: posts small blind $0.50
CaHek-Ty3: posts big blind $1
*** HOLE CARDS ***
2g00d4youu: folds 
Rapid3ye: folds 
OrioNCOOL: folds 
Powerpoint66: folds 
PoKeRaRcSuNY: raises $2 to $3
CaHek-Ty3: calls $2
*** FLOP *** [9c Js 7s]
PoKeRaRcSuNY: bets $4.23
CaHek-Ty3: folds 
Uncalled bet ($4.23) returned to PoKeRaRcSuNY
PoKeRaRcSuNY collected $5.70 from pot
PoKeRaRcSuNY: doesn't show hand 
*** SUMMARY ***
Total pot $6 | Rake $0.30 
Board [9c Js 7s]
Seat 1: Rapid3ye folded before Flop (didn't bet)
Seat 2: OrioNCOOL folded before Flop (didn't bet)
Seat 3: Powerpoint66 (button) folded before Flop (didn't bet)
Seat 4: PoKeRaRcSuNY (small blind) collected ($5.70)
Seat 5: CaHek-Ty3 (big blind) folded on the Flop
Seat 6: 2g00d4youu folded before Flop (didn't bet)



PokerStars Hand #254528258749:  Hold'em No Limit ($0.50/$1.00 USD) - 2025/01/24 12:50:57 WET [2025/01/24 7:50:57 ET]
Table 'Cerberus III' 6-max Seat #4 is the button
Seat 1: Rapid3ye ($97.31 in chips) 
Seat 2: OrioNCOOL ($109.40 in chips) 
Seat 3: Powerpoint66 ($63.57 in chips) 
Seat 4: PoKeRaRcSuNY ($102.70 in chips) 
Seat 5: CaHek-Ty3 ($132.04 in chips) 
Seat 6: 2g00d4youu ($105.50 in chips) 
CaHek-Ty3: posts small blind $0.50
2g00d4youu: posts big blind $1
*** HOLE CARDS ***
Rapid3ye: raises $1 to $2
OrioNCOOL: folds 
Powerpoint66: folds 
PoKeRaRcSuNY: folds 
CaHek-Ty3: folds 
2g00d4youu: folds 
Uncalled bet ($1) returned to Rapid3ye
Rapid3ye collected $2.50 from pot
Rapid3ye: doesn't show hand 
*** SUMMARY ***
Total pot $2.50 | Rake $0 
Seat 1: Rapid3ye collected ($2.50)
Seat 2: OrioNCOOL folded before Flop (didn't bet)
Seat 3: Powerpoint66 folded before Flop (didn't bet)
Seat 4: PoKeRaRcSuNY (button) folded before Flop (didn't bet)
Seat 5: CaHek-Ty3 (small blind) folded before Flop
Seat 6: 2g00d4youu (big blind) folded before Flop



PokerStars Hand #254528260791:  Hold'em No Limit ($0.50/$1.00 USD) - 2025/01/24 12:51:11 WET [2025/01/24 7:51:11 ET]
Table 'Cerberus III' 6-max Seat #5 is the button
Seat 1: Rapid3ye ($98.81 in chips) 
Seat 2: OrioNCOOL ($109.40 in chips) 
Seat 3: Powerpoint66 ($63.57 in chips) 
Seat 4: PoKeRaRcSuNY ($102.70 in chips) 
Seat 5: CaHek-Ty3 ($131.54 in chips) 
Seat 6: 2g00d4youu ($104.50 in chips) 
2g00d4youu: posts small blind $0.50
Rapid3ye: posts big blind $1
*** HOLE CARDS ***
OrioNCOOL: raises $1.50 to $2.50
Powerpoint66: calls $2.50
PoKeRaRcSuNY: folds 
CaHek-Ty3: folds 
2g00d4youu: folds 
Rapid3ye: folds 
*** FLOP *** [Ts 2h 5c]
OrioNCOOL: bets $2.09
Powerpoint66: calls $2.09
*** TURN *** [Ts 2h 5c] [Jd]
OrioNCOOL: bets $6.61
Powerpoint66: calls $6.61
*** RIVER *** [Ts 2h 5c Jd] [8c]
OrioNCOOL: bets $13.35
Powerpoint66: folds 
Uncalled bet ($13.35) returned to OrioNCOOL
OrioNCOOL collected $22.70 from pot
OrioNCOOL: doesn't show hand 
*** SUMMARY ***
Total pot $23.90 | Rake $1.20 
Board [Ts 2h 5c Jd 8c]
Seat 1: Rapid3ye (big blind) folded before Flop
Seat 2: OrioNCOOL collected ($22.70)
Seat 3: Powerpoint66 folded on the River
Seat 4: PoKeRaRcSuNY folded before Flop (didn't bet)
Seat 5: CaHek-Ty3 (button) folded before Flop (didn't bet)
Seat 6: 2g00d4youu (small blind) folded before Flop



PokerStars Hand #254528266528:  Hold'em No Limit ($0.50/$1.00 USD) - 2025/01/24 12:51:49 WET [2025/01/24 7:51:49 ET]
Table 'Cerberus III' 6-max Seat #6 is the button
Seat 1: Rapid3ye ($97.81 in chips) 
Seat 2: OrioNCOOL ($120.90 in chips) 
Seat 3: Powerpoint66 ($52.37 in chips) 
Seat 4: PoKeRaRcSuNY ($102.70 in chips) 
Seat 5: CaHek-Ty3 ($131.54 in chips) 
Seat 6: 2g00d4youu ($104 in chips) 
Rapid3ye: posts small blind $0.50
OrioNCOOL: posts big blind $1
*** HOLE CARDS ***
Powerpoint66: folds 
PoKeRaRcSuNY: raises $1.22 to $2.22
CaHek-Ty3: folds 
2g00d4youu: raises $5.28 to $7.50
Rapid3ye: folds 
OrioNCOOL: folds 
PoKeRaRcSuNY: calls $5.28
*** FLOP *** [5s 8c 2c]
PoKeRaRcSuNY: checks 
2g00d4youu: bets $6.28
PoKeRaRcSuNY: calls $6.28
*** TURN *** [5s 8c 2c] [2h]
PoKeRaRcSuNY: checks 
2g00d4youu: checks 
*** RIVER *** [5s 8c 2c 2h] [Qh]
PoKeRaRcSuNY: checks 
2g00d4youu: bets $20.71
PoKeRaRcSuNY: raises $68.21 to $88.92 and is all-in
2g00d4youu: calls $68.21
*** SHOW DOWN ***
PoKeRaRcSuNY: shows [5d 5c] (a full house, Fives full of Deuces)
2g00d4youu: shows [Qc As] (two pair, Queens and Deuces)
PoKeRaRcSuNY collected $204.40 from pot
*** SUMMARY ***
Total pot $206.90 | Rake $2.50 
Board [5s 8c 2c 2h Qh]
Seat 1: Rapid3ye (small blind) folded before Flop
Seat 2: OrioNCOOL (big blind) folded before Flop
Seat 3: Powerpoint66 folded before Flop (didn't bet)
Seat 4: PoKeRaRcSuNY showed [5d 5c] and won ($204.40) with a full house, Fives full of Deuces
Seat 5: CaHek-Ty3 folded before Flop (didn't bet)
Seat 6: 2g00d4youu (button) showed [Qc As] and lost with two pair, Queens and Deuces



PokerStars Hand #254528283349:  Hold'em No Limit ($0.50/$1.00 USD) - 2025/01/24 12:53:38 WET [2025/01/24 7:53:38 ET]
Table 'Cerberus III' 6-max Seat #1 is the button
Seat 1: Rapid3ye ($97.31 in chips) 
Seat 2: OrioNCOOL ($119.90 in chips) 
Seat 3: Powerpoint66 ($52.37 in chips) 
Seat 4: PoKeRaRcSuNY ($204.40 in chips) 
Seat 5: CaHek-Ty3 ($131.54 in chips) 
Seat 6: 2g00d4youu ($100 in chips) 
OrioNCOOL: posts small blind $0.50
Powerpoint66: posts big blind $1
*** HOLE CARDS ***
PoKeRaRcSuNY: folds 
CaHek-Ty3: folds 
2g00d4youu: raises $1.50 to $2.50
Rapid3ye: calls $2.50
OrioNCOOL: folds 
Powerpoint66: calls $1.50
*** FLOP *** [9d 2d 5d]
Powerpoint66: checks 
2g00d4youu: checks 
Rapid3ye: checks 
*** TURN *** [9d 2d 5d] [Qh]
Powerpoint66: checks 
2g00d4youu: bets $5.70
Rapid3ye: calls $5.70
Powerpoint66: folds 
*** RIVER *** [9d 2d 5d Qh] [6d]
2g00d4youu: bets $7.36
Rapid3ye: folds 
Uncalled bet ($7.36) returned to 2g00d4youu
2g00d4youu collected $18.43 from pot
2g00d4youu: doesn't show hand 
*** SUMMARY ***
Total pot $19.40 | Rake $0.97 
Board [9d 2d 5d Qh 6d]
Seat 1: Rapid3ye (button) folded on the River
Seat 2: OrioNCOOL (small blind) folded before Flop
Seat 3: Powerpoint66 (big blind) folded on the Turn
Seat 4: PoKeRaRcSuNY folded before Flop (didn't bet)
Seat 5: CaHek-Ty3 folded before Flop (didn't bet)
Seat 6: 2g00d4youu collected ($18.43)



PokerStars Hand #254528292872:  Hold'em No Limit ($0.50/$1.00 USD) - 2025/01/24 12:54:41 WET [2025/01/24 7:54:41 ET]
Table 'Cerberus III' 6-max Seat #2 is the button
Seat 1: Rapid3ye ($89.11 in chips) 
Seat 2: OrioNCOOL ($119.40 in chips) 
Seat 3: Powerpoint66 ($49.87 in chips) 
Seat 4: PoKeRaRcSuNY ($204.40 in chips) 
Seat 5: CaHek-Ty3 ($131.54 in chips) 
Seat 6: 2g00d4youu ($110.23 in chips) 
Powerpoint66: posts small blind $0.50
PoKeRaRcSuNY: posts big blind $1
*** HOLE CARDS ***
CaHek-Ty3: folds 
2g00d4youu: folds 
Rapid3ye: folds 
Rapid3ye leaves the table
OrioNCOOL: folds 
Powerpoint66: folds 
Uncalled bet ($0.50) returned to PoKeRaRcSuNY
PoKeRaRcSuNY collected $1 from pot
PoKeRaRcSuNY: doesn't show hand 
*** SUMMARY ***
Total pot $1 | Rake $0 
Seat 1: Rapid3ye folded before Flop (didn't bet)
Seat 2: OrioNCOOL (button) folded before Flop (didn't bet)
Seat 3: Powerpoint66 (small blind) folded before Flop
Seat 4: PoKeRaRcSuNY (big blind) collected ($1)
Seat 5: CaHek-Ty3 folded before Flop (didn't bet)
Seat 6: 2g00d4youu folded before Flop (didn't bet)



PokerStars Hand #254528294896:  Hold'em No Limit ($0.50/$1.00 USD) - 2025/01/24 12:54:54 WET [2025/01/24 7:54:54 ET]
Table 'Cerberus III' 6-max Seat #3 is the button
Seat 2: OrioNCOOL ($119.40 in chips) 
Seat 3: Powerpoint66 ($49.37 in chips) 
Seat 4: PoKeRaRcSuNY ($204.90 in chips) 
Seat 5: CaHek-Ty3 ($131.54 in chips) 
Seat 6: 2g00d4youu ($110.23 in chips) 
PoKeRaRcSuNY: posts small blind $0.50
CaHek-Ty3: posts big blind $1
*** HOLE CARDS ***
2g00d4youu: folds 
OrioNCOOL: folds 
Powerpoint66: calls $1
PoKeRaRcSuNY: folds 
CaHek-Ty3: checks 
*** FLOP *** [Ac 9h 6d]
CaHek-Ty3: checks 
Powerpoint66: checks 
*** TURN *** [Ac 9h 6d] [8s]
CaHek-Ty3: checks 
Powerpoint66: checks 
*** RIVER *** [Ac 9h 6d 8s] [6s]
CaHek-Ty3: bets $1.78
Powerpoint66: raises $2.22 to $4
CaHek-Ty3: folds 
Uncalled bet ($2.22) returned to Powerpoint66
Powerpoint66 collected $5.68 from pot
*** SUMMARY ***
Total pot $6.06 | Rake $0.38 
Board [Ac 9h 6d 8s 6s]
Seat 2: OrioNCOOL folded before Flop (didn't bet)
Seat 3: Powerpoint66 (button) collected ($5.68)
Seat 4: PoKeRaRcSuNY (small blind) folded before Flop
Seat 5: CaHek-Ty3 (big blind) folded on the River
Seat 6: 2g00d4youu folded before Flop (didn't bet)



PokerStars Hand #254528301317:  Hold'em No Limit ($0.50/$1.00 USD) - 2025/01/24 12:55:43 WET [2025/01/24 7:55:43 ET]
Table 'Cerberus III' 6-max Seat #4 is the button
Seat 2: OrioNCOOL ($119.40 in chips) 
Seat 3: Powerpoint66 ($52.27 in chips) 
Seat 4: PoKeRaRcSuNY ($204.40 in chips) 
Seat 5: CaHek-Ty3 ($128.76 in chips) 
Seat 6: 2g00d4youu ($110.23 in chips) 
CaHek-Ty3: posts small blind $0.50
2g00d4youu: posts big blind $1
*** HOLE CARDS ***
OrioNCOOL: folds 
Powerpoint66: calls $1
PoKeRaRcSuNY: folds 
CaHek-Ty3: raises $3 to $4
Pon4uk.ua joins the table at seat #1 
2g00d4youu: folds 
Powerpoint66: calls $3
*** FLOP *** [Tc 2s 5d]
CaHek-Ty3: bets $1.78
Powerpoint66: raises $9.22 to $11
CaHek-Ty3: folds 
Uncalled bet ($9.22) returned to Powerpoint66
Powerpoint66 collected $11.77 from pot
*** SUMMARY ***
Total pot $12.56 | Rake $0.79 
Board [Tc 2s 5d]
Seat 2: OrioNCOOL folded before Flop (didn't bet)
Seat 3: Powerpoint66 collected ($11.77)
Seat 4: PoKeRaRcSuNY (button) folded before Flop (didn't bet)
Seat 5: CaHek-Ty3 (small blind) folded on the Flop
Seat 6: 2g00d4youu (big blind) folded before Flop



PokerStars Hand #254528306340:  Hold'em No Limit ($0.50/$1.00 USD) - 2025/01/24 12:56:25 WET [2025/01/24 7:56:25 ET]
Table 'Cerberus III' 6-max Seat #5 is the button
Seat 1: Pon4uk.ua ($100 in chips) 
Seat 2: OrioNCOOL ($119.40 in chips) 
Seat 3: Powerpoint66 ($58.26 in chips) 
Seat 4: PoKeRaRcSuNY ($204.40 in chips) 
Seat 5: CaHek-Ty3 ($122.98 in chips) 
Seat 6: 2g00d4youu ($109.23 in chips) 
2g00d4youu: posts small blind $0.50
Pon4uk.ua: posts big blind $1
*** HOLE CARDS ***
OrioNCOOL: folds 
Powerpoint66: folds 
PoKeRaRcSuNY: folds 
CaHek-Ty3: folds 
2g00d4youu: folds 
Uncalled bet ($0.50) returned to Pon4uk.ua
Pon4uk.ua collected $1 from pot
Pon4uk.ua: doesn't show hand 
*** SUMMARY ***
Total pot $1 | Rake $0 
Seat 1: Pon4uk.ua (big blind) collected ($1)
Seat 2: OrioNCOOL folded before Flop (didn't bet)
Seat 3: Powerpoint66 folded before Flop (didn't bet)
Seat 4: PoKeRaRcSuNY folded before Flop (didn't bet)
Seat 5: CaHek-Ty3 (button) folded before Flop (didn't bet)
Seat 6: 2g00d4youu (small blind) folded before Flop



PokerStars Hand #254528309328:  Hold'em No Limit ($0.50/$1.00 USD) - 2025/01/24 12:56:50 WET [2025/01/24 7:56:50 ET]
Table 'Cerberus III' 6-max Seat #6 is the button
Seat 1: Pon4uk.ua ($100.50 in chips) 
Seat 2: OrioNCOOL ($119.40 in chips) 
Seat 3: Powerpoint66 ($58.26 in chips) 
Seat 4: PoKeRaRcSuNY ($204.40 in chips) 
Seat 5: CaHek-Ty3 ($122.98 in chips) 
Seat 6: 2g00d4youu ($108.73 in chips) 
Pon4uk.ua: posts small blind $0.50
OrioNCOOL: posts big blind $1
*** HOLE CARDS ***
Powerpoint66: calls $1
PoKeRaRcSuNY: folds 
CaHek-Ty3: folds 
2g00d4youu: folds 
Pon4uk.ua: folds 
OrioNCOOL: checks 
*** FLOP *** [4h Td Kh]
OrioNCOOL: checks 
Powerpoint66: checks 
*** TURN *** [4h Td Kh] [Qc]
OrioNCOOL: checks 
Powerpoint66: checks 
*** RIVER *** [4h Td Kh Qc] [8c]
OrioNCOOL: checks 
Powerpoint66: checks 
*** SHOW DOWN ***
OrioNCOOL: shows [5s 4c] (a pair of Fours)
Powerpoint66: mucks hand 
OrioNCOOL collected $2.38 from pot
*** SUMMARY ***
Total pot $2.50 | Rake $0.12 
Board [4h Td Kh Qc 8c]
Seat 1: Pon4uk.ua (small blind) folded before Flop
Seat 2: OrioNCOOL (big blind) showed [5s 4c] and won ($2.38) with a pair of Fours
Seat 3: Powerpoint66 mucked
Seat 4: PoKeRaRcSuNY folded before Flop (didn't bet)
Seat 5: CaHek-Ty3 folded before Flop (didn't bet)
Seat 6: 2g00d4youu (button) folded before Flop (didn't bet)



PokerStars Hand #254528312484:  Hold'em No Limit ($0.50/$1.00 USD) - 2025/01/24 12:57:16 WET [2025/01/24 7:57:16 ET]
Table 'Cerberus III' 6-max Seat #1 is the button
Seat 1: Pon4uk.ua ($100 in chips) 
Seat 2: OrioNCOOL ($120.78 in chips) 
Seat 3: Powerpoint66 ($57.26 in chips) 
Seat 4: PoKeRaRcSuNY ($204.40 in chips) 
Seat 5: CaHek-Ty3 ($122.98 in chips) 
Seat 6: 2g00d4youu ($108.73 in chips) 
OrioNCOOL: posts small blind $0.50
Powerpoint66: posts big blind $1
*** HOLE CARDS ***
PoKeRaRcSuNY: folds 
CaHek-Ty3: folds 
2g00d4youu: raises $1.50 to $2.50
Pon4uk.ua: calls $2.50
OrioNCOOL: folds 
Powerpoint66: folds 
*** FLOP *** [8c 5c Th]
2g00d4youu: checks 
Pon4uk.ua: checks 
*** TURN *** [8c 5c Th] [2h]
2g00d4youu: bets $7.42
Pon4uk.ua: folds 
Uncalled bet ($7.42) returned to 2g00d4youu
2g00d4youu collected $6.18 from pot
2g00d4youu: doesn't show hand 
*** SUMMARY ***
Total pot $6.50 | Rake $0.32 
Board [8c 5c Th 2h]
Seat 1: Pon4uk.ua (button) folded on the Turn
Seat 2: OrioNCOOL (small blind) folded before Flop
Seat 3: Powerpoint66 (big blind) folded before Flop
Seat 4: PoKeRaRcSuNY folded before Flop (didn't bet)
Seat 5: CaHek-Ty3 folded before Flop (didn't bet)
Seat 6: 2g00d4youu collected ($6.18)



PokerStars Hand #254528318919:  Hold'em No Limit ($0.50/$1.00 USD) - 2025/01/24 12:58:09 WET [2025/01/24 7:58:09 ET]
Table 'Cerberus III' 6-max Seat #2 is the button
Seat 1: Pon4uk.ua ($100 in chips) 
Seat 2: OrioNCOOL ($120.28 in chips) 
Seat 3: Powerpoint66 ($56.26 in chips) 
Seat 4: PoKeRaRcSuNY ($204.40 in chips) 
Seat 5: CaHek-Ty3 ($122.98 in chips) 
Seat 6: 2g00d4youu ($112.41 in chips) 
Powerpoint66: posts small blind $0.50
PoKeRaRcSuNY: posts big blind $1
*** HOLE CARDS ***
CaHek-Ty3: raises $1.50 to $2.50
2g00d4youu: folds 
Pon4uk.ua: folds 
OrioNCOOL: folds 
Powerpoint66: calls $2
PoKeRaRcSuNY: folds 
*** FLOP *** [5h 4d Td]
Powerpoint66: checks 
CaHek-Ty3: checks 
*** TURN *** [5h 4d Td] [Ah]
Powerpoint66: bets $2
CaHek-Ty3: folds 
Uncalled bet ($2) returned to Powerpoint66
Powerpoint66 collected $5.62 from pot
*** SUMMARY ***
Total pot $6 | Rake $0.38 
Board [5h 4d Td Ah]
Seat 1: Pon4uk.ua folded before Flop (didn't bet)
Seat 2: OrioNCOOL (button) folded before Flop (didn't bet)
Seat 3: Powerpoint66 (small blind) collected ($5.62)
Seat 4: PoKeRaRcSuNY (big blind) folded before Flop
Seat 5: CaHek-Ty3 folded on the Turn
Seat 6: 2g00d4youu folded before Flop (didn't bet)



PokerStars Hand #254528323794:  Hold'em No Limit ($0.50/$1.00 USD) - 2025/01/24 12:58:49 WET [2025/01/24 7:58:49 ET]
Table 'Cerberus III' 6-max Seat #3 is the button
Seat 5: CaHek-Ty3 ($120.48 in chips) is sitting out
Seat 1: Pon4uk.ua ($100 in chips) 
Seat 2: OrioNCOOL ($120.28 in chips) 
Seat 3: Powerpoint66 ($59.38 in chips) 
Seat 4: PoKeRaRcSuNY ($203.40 in chips) 
Seat 6: 2g00d4youu ($112.41 in chips) 
PoKeRaRcSuNY: posts small blind $0.50
CaHek-Ty3: is sitting out 
2g00d4youu: posts big blind $1
*** HOLE CARDS ***
Pon4uk.ua: folds 
OrioNCOOL: raises $1.50 to $2.50
Powerpoint66: folds 
PoKeRaRcSuNY: folds 
2g00d4youu: folds 
Uncalled bet ($1.50) returned to OrioNCOOL
OrioNCOOL collected $2.50 from pot
OrioNCOOL: doesn't show hand 
*** SUMMARY ***
Total pot $2.50 | Rake $0 
Seat 5: CaHek-Ty3
Seat 1: Pon4uk.ua folded before Flop (didn't bet)
Seat 2: OrioNCOOL collected ($2.50)
Seat 3: Powerpoint66 (button) folded before Flop (didn't bet)
Seat 4: PoKeRaRcSuNY (small blind) folded before Flop
Seat 6: 2g00d4youu (big blind) folded before Flop



PokerStars Hand #254528325731:  Hold'em No Limit ($0.50/$1.00 USD) - 2025/01/24 12:59:05 WET [2025/01/24 7:59:05 ET]
Table 'Cerberus III' 6-max Seat #4 is the button
Seat 5: CaHek-Ty3 ($120.48 in chips) is sitting out
Seat 1: Pon4uk.ua ($100 in chips) 
Seat 2: OrioNCOOL ($121.78 in chips) 
Seat 3: Powerpoint66 ($59.38 in chips) 
Seat 4: PoKeRaRcSuNY ($202.90 in chips) 
Seat 6: 2g00d4youu ($111.41 in chips) 
2g00d4youu: posts small blind $0.50
Pon4uk.ua: posts big blind $1
*** HOLE CARDS ***
OrioNCOOL: folds 
Powerpoint66: folds 
PoKeRaRcSuNY: folds 
2g00d4youu: raises $2 to $3
Pon4uk.ua: folds 
Uncalled bet ($2) returned to 2g00d4youu
2g00d4youu collected $2 from pot
2g00d4youu: doesn't show hand 
*** SUMMARY ***
Total pot $2 | Rake $0 
Seat 5: CaHek-Ty3
Seat 1: Pon4uk.ua (big blind) folded before Flop
Seat 2: OrioNCOOL folded before Flop (didn't bet)
Seat 3: Powerpoint66 folded before Flop (didn't bet)
Seat 4: PoKeRaRcSuNY (button) folded before Flop (didn't bet)
Seat 6: 2g00d4youu (small blind) collected ($2)



PokerStars Hand #254528327266:  Hold'em No Limit ($0.50/$1.00 USD) - 2025/01/24 12:59:18 WET [2025/01/24 7:59:18 ET]
Table 'Cerberus III' 6-max Seat #6 is the button
Seat 5: CaHek-Ty3 ($120.48 in chips) is sitting out
Seat 1: Pon4uk.ua ($100 in chips) 
Seat 2: OrioNCOOL ($121.78 in chips) 
Seat 3: Powerpoint66 ($59.38 in chips) 
Seat 4: PoKeRaRcSuNY ($202.90 in chips) 
Seat 6: 2g00d4youu ($112.41 in chips) 
Pon4uk.ua: posts small blind $0.50
OrioNCOOL: posts big blind $1
*** HOLE CARDS ***
Powerpoint66: calls $1
PoKeRaRcSuNY: folds 
2g00d4youu: folds 
Pon4uk.ua: folds 
OrioNCOOL: raises $2.50 to $3.50
Powerpoint66: calls $2.50
*** FLOP *** [7s 5d 6s]
OrioNCOOL: checks 
Powerpoint66: checks 
*** TURN *** [7s 5d 6s] [7c]
OrioNCOOL: checks 
Powerpoint66: checks 
*** RIVER *** [7s 5d 6s 7c] [Ad]
OrioNCOOL: checks 
Powerpoint66: bets $2
CaHek-Ty3 leaves the table
OrioNCOOL: folds 
Uncalled bet ($2) returned to Powerpoint66
Powerpoint66 collected $7.02 from pot
*** SUMMARY ***
Total pot $7.50 | Rake $0.48 
Board [7s 5d 6s 7c Ad]
Seat 5: CaHek-Ty3
Seat 1: Pon4uk.ua (small blind) folded before Flop
Seat 2: OrioNCOOL (big blind) folded on the River
Seat 3: Powerpoint66 collected ($7.02)
Seat 4: PoKeRaRcSuNY folded before Flop (didn't bet)
Seat 6: 2g00d4youu (button) folded before Flop (didn't bet)



PokerStars Hand #254528331557:  Hold'em No Limit ($0.50/$1.00 USD) - 2025/01/24 12:59:53 WET [2025/01/24 7:59:53 ET]
Table 'Cerberus III' 6-max Seat #1 is the button
Seat 1: Pon4uk.ua ($100 in chips) 
Seat 2: OrioNCOOL ($118.28 in chips) 
Seat 3: Powerpoint66 ($62.90 in chips) 
Seat 4: PoKeRaRcSuNY ($202.90 in chips) 
Seat 6: 2g00d4youu ($112.41 in chips) 
OrioNCOOL: posts small blind $0.50
Powerpoint66: posts big blind $1
*** HOLE CARDS ***
PoKeRaRcSuNY: folds 
2g00d4youu: folds 
Pon4uk.ua: folds 
OrioNCOOL: folds 
Uncalled bet ($0.50) returned to Powerpoint66
Powerpoint66 collected $1 from pot
Aescul@pius joins the table at seat #5 
*** SUMMARY ***
Total pot $1 | Rake $0 
Seat 1: Pon4uk.ua (button) folded before Flop (didn't bet)
Seat 2: OrioNCOOL (small blind) folded before Flop
Seat 3: Powerpoint66 (big blind) collected ($1)
Seat 4: PoKeRaRcSuNY folded before Flop (didn't bet)
Seat 6: 2g00d4youu folded before Flop (didn't bet)



PokerStars Hand #254528333744:  Hold'em No Limit ($0.50/$1.00 USD) - 2025/01/24 13:00:10 WET [2025/01/24 8:00:10 ET]
Table 'Cerberus III' 6-max Seat #2 is the button
Seat 5: Aescul@pius ($100 in chips) is sitting out
Seat 1: Pon4uk.ua ($100 in chips) 
Seat 2: OrioNCOOL ($117.78 in chips) 
Seat 3: Powerpoint66 ($63.40 in chips) 
Seat 4: PoKeRaRcSuNY ($202.90 in chips) 
Seat 6: 2g00d4youu ($112.41 in chips) 
Powerpoint66: posts small blind $0.50
PoKeRaRcSuNY: posts big blind $1
Aescul@pius: sits out 
*** HOLE CARDS ***
2g00d4youu: folds 
Pon4uk.ua: raises $1.50 to $2.50
OrioNCOOL: folds 
Powerpoint66: folds 
PoKeRaRcSuNY: folds 
Uncalled bet ($1.50) returned to Pon4uk.ua
Pon4uk.ua collected $2.50 from pot
Pon4uk.ua: doesn't show hand 
*** SUMMARY ***
Total pot $2.50 | Rake $0 
Seat 5: Aescul@pius
Seat 1: Pon4uk.ua collected ($2.50)
Seat 2: OrioNCOOL (button) folded before Flop (didn't bet)
Seat 3: Powerpoint66 (small blind) folded before Flop
Seat 4: PoKeRaRcSuNY (big blind) folded before Flop
Seat 6: 2g00d4youu folded before Flop (didn't bet)



PokerStars Hand #254528336192:  Hold'em No Limit ($0.50/$1.00 USD) - 2025/01/24 13:00:30 WET [2025/01/24 8:00:30 ET]
Table 'Cerberus III' 6-max Seat #3 is the button
Seat 1: Pon4uk.ua ($101.50 in chips) 
Seat 2: OrioNCOOL ($117.78 in chips) 
Seat 3: Powerpoint66 ($62.90 in chips) 
Seat 4: PoKeRaRcSuNY ($201.90 in chips) 
Seat 5: Aescul@pius ($100 in chips) 
Seat 6: 2g00d4youu ($112.41 in chips) 
PoKeRaRcSuNY: posts small blind $0.50
Aescul@pius: posts big blind $1
*** HOLE CARDS ***
2g00d4youu: folds 
Pon4uk.ua: raises $1 to $2
OrioNCOOL: folds 
Powerpoint66: calls $2
PoKeRaRcSuNY: folds 
Aescul@pius: folds 
*** FLOP *** [4s 9c 6h]
Pon4uk.ua: bets $1.72
Powerpoint66: folds 
Uncalled bet ($1.72) returned to Pon4uk.ua
Pon4uk.ua collected $5.22 from pot
Pon4uk.ua: doesn't show hand 
*** SUMMARY ***
Total pot $5.50 | Rake $0.28 
Board [4s 9c 6h]
Seat 1: Pon4uk.ua collected ($5.22)
Seat 2: OrioNCOOL folded before Flop (didn't bet)
Seat 3: Powerpoint66 (button) folded on the Flop
Seat 4: PoKeRaRcSuNY (small blind) folded before Flop
Seat 5: Aescul@pius (big blind) folded before Flop
Seat 6: 2g00d4youu folded before Flop (didn't bet)



PokerStars Hand #254528338996:  Hold'em No Limit ($0.50/$1.00 USD) - 2025/01/24 13:00:51 WET [2025/01/24 8:00:51 ET]
Table 'Cerberus III' 6-max Seat #4 is the button
Seat 1: Pon4uk.ua ($104.72 in chips) 
Seat 2: OrioNCOOL ($117.78 in chips) 
Seat 3: Powerpoint66 ($60.90 in chips) 
Seat 4: PoKeRaRcSuNY ($201.40 in chips) 
Seat 5: Aescul@pius ($100 in chips) 
Seat 6: 2g00d4youu ($112.41 in chips) 
Aescul@pius: posts small blind $0.50
2g00d4youu: posts big blind $1
*** HOLE CARDS ***
Pon4uk.ua: folds 
OrioNCOOL: folds 
Powerpoint66: folds 
PoKeRaRcSuNY: raises $1.50 to $2.50
Aescul@pius: raises $8 to $10.50
2g00d4youu: folds 
PoKeRaRcSuNY: folds 
Uncalled bet ($8) returned to Aescul@pius
Aescul@pius collected $6 from pot
Aescul@pius: doesn't show hand 
*** SUMMARY ***
Total pot $6 | Rake $0 
Seat 1: Pon4uk.ua folded before Flop (didn't bet)
Seat 2: OrioNCOOL folded before Flop (didn't bet)
Seat 3: Powerpoint66 folded before Flop (didn't bet)
Seat 4: PoKeRaRcSuNY (button) folded before Flop
Seat 5: Aescul@pius (small blind) collected ($6)
Seat 6: 2g00d4youu (big blind) folded before Flop



PokerStars Hand #254528343749:  Hold'em No Limit ($0.50/$1.00 USD) - 2025/01/24 13:01:23 WET [2025/01/24 8:01:23 ET]
Table 'Cerberus III' 6-max Seat #5 is the button
Seat 1: Pon4uk.ua ($104.72 in chips) 
Seat 2: OrioNCOOL ($117.78 in chips) 
Seat 3: Powerpoint66 ($60.90 in chips) 
Seat 4: PoKeRaRcSuNY ($198.90 in chips) 
Seat 5: Aescul@pius ($103.50 in chips) 
Seat 6: 2g00d4youu ($111.41 in chips) 
2g00d4youu: posts small blind $0.50
Pon4uk.ua: posts big blind $1
*** HOLE CARDS ***
OrioNCOOL: folds 
Powerpoint66: folds 
PoKeRaRcSuNY: folds 
Aescul@pius: raises $1.20 to $2.20
2g00d4youu: folds 
Pon4uk.ua: folds 
Uncalled bet ($1.20) returned to Aescul@pius
Aescul@pius collected $2.50 from pot
Aescul@pius: doesn't show hand 
*** SUMMARY ***
Total pot $2.50 | Rake $0 
Seat 1: Pon4uk.ua (big blind) folded before Flop
Seat 2: OrioNCOOL folded before Flop (didn't bet)
Seat 3: Powerpoint66 folded before Flop (didn't bet)
Seat 4: PoKeRaRcSuNY folded before Flop (didn't bet)
Seat 5: Aescul@pius (button) collected ($2.50)
Seat 6: 2g00d4youu (small blind) folded before Flop



PokerStars Hand #254528347305:  Hold'em No Limit ($0.50/$1.00 USD) - 2025/01/24 13:01:46 WET [2025/01/24 8:01:46 ET]
Table 'Cerberus III' 6-max Seat #6 is the button
Seat 1: Pon4uk.ua ($103.72 in chips) 
Seat 2: OrioNCOOL ($117.78 in chips) 
Seat 3: Powerpoint66 ($60.90 in chips) 
Seat 4: PoKeRaRcSuNY ($198.90 in chips) 
Seat 5: Aescul@pius ($105 in chips) 
Seat 6: 2g00d4youu ($110.91 in chips) 
Pon4uk.ua: posts small blind $0.50
OrioNCOOL: posts big blind $1
*** HOLE CARDS ***
Powerpoint66: folds 
PoKeRaRcSuNY: folds 
Aescul@pius: folds 
2g00d4youu: raises $1.50 to $2.50
Pon4uk.ua: folds 
OrioNCOOL: raises $8.50 to $11
2g00d4youu: calls $8.50
*** FLOP *** [Jd Ac 4s]
OrioNCOOL: bets $8.69
Powerpoint66 leaves the table
2g00d4youu: folds 
Uncalled bet ($8.69) returned to OrioNCOOL
OrioNCOOL collected $21.38 from pot
OrioNCOOL: doesn't show hand 
*** SUMMARY ***
Total pot $22.50 | Rake $1.12 
Board [Jd Ac 4s]
Seat 1: Pon4uk.ua (small blind) folded before Flop
Seat 2: OrioNCOOL (big blind) collected ($21.38)
Seat 3: Powerpoint66 folded before Flop (didn't bet)
Seat 4: PoKeRaRcSuNY folded before Flop (didn't bet)
Seat 5: Aescul@pius folded before Flop (didn't bet)
Seat 6: 2g00d4youu (button) folded on the Flop



PokerStars Hand #254528353510:  Hold'em No Limit ($0.50/$1.00 USD) - 2025/01/24 13:02:27 WET [2025/01/24 8:02:27 ET]
Table 'Cerberus III' 6-max Seat #1 is the button
Seat 1: Pon4uk.ua ($103.22 in chips) 
Seat 2: OrioNCOOL ($128.16 in chips) 
Seat 4: PoKeRaRcSuNY ($198.90 in chips) 
Seat 5: Aescul@pius ($105 in chips) 
Seat 6: 2g00d4youu ($100 in chips) 
OrioNCOOL: posts small blind $0.50
PoKeRaRcSuNY: posts big blind $1
*** HOLE CARDS ***
Aescul@pius: folds 
2g00d4youu: folds 
Pon4uk.ua: raises $1.50 to $2.50
OrioNCOOL: folds 
PoKeRaRcSuNY: folds 
Uncalled bet ($1.50) returned to Pon4uk.ua
Pon4uk.ua collected $2.50 from pot
Pon4uk.ua: doesn't show hand 
*** SUMMARY ***
Total pot $2.50 | Rake $0 
Seat 1: Pon4uk.ua (button) collected ($2.50)
Seat 2: OrioNCOOL (small blind) folded before Flop
Seat 4: PoKeRaRcSuNY (big blind) folded before Flop
Seat 5: Aescul@pius folded before Flop (didn't bet)
Seat 6: 2g00d4youu folded before Flop (didn't bet)



PokerStars Hand #254528356257:  Hold'em No Limit ($0.50/$1.00 USD) - 2025/01/24 13:02:45 WET [2025/01/24 8:02:45 ET]
Table 'Cerberus III' 6-max Seat #2 is the button
Seat 1: Pon4uk.ua ($104.72 in chips) 
Seat 2: OrioNCOOL ($127.66 in chips) 
Seat 4: PoKeRaRcSuNY ($197.90 in chips) 
Seat 5: Aescul@pius ($105 in chips) 
Seat 6: 2g00d4youu ($100 in chips) 
PoKeRaRcSuNY: posts small blind $0.50
Aescul@pius: posts big blind $1
*** HOLE CARDS ***
2g00d4youu: raises $1.50 to $2.50
Pon4uk.ua: folds 
OrioNCOOL: folds 
PoKeRaRcSuNY: folds 
Aescul@pius: folds 
Uncalled bet ($1.50) returned to 2g00d4youu
2g00d4youu collected $2.50 from pot
2g00d4youu: doesn't show hand 
*** SUMMARY ***
Total pot $2.50 | Rake $0 
Seat 1: Pon4uk.ua folded before Flop (didn't bet)
Seat 2: OrioNCOOL (button) folded before Flop (didn't bet)
Seat 4: PoKeRaRcSuNY (small blind) folded before Flop
Seat 5: Aescul@pius (big blind) folded before Flop
Seat 6: 2g00d4youu collected ($2.50)



PokerStars Hand #254528359252:  Hold'em No Limit ($0.50/$1.00 USD) - 2025/01/24 13:03:05 WET [2025/01/24 8:03:05 ET]
Table 'Cerberus III' 6-max Seat #4 is the button
Seat 6: 2g00d4youu ($101.50 in chips) is sitting out
Seat 1: Pon4uk.ua ($104.72 in chips) 
Seat 2: OrioNCOOL ($127.66 in chips) 
Seat 4: PoKeRaRcSuNY ($197.40 in chips) 
Seat 5: Aescul@pius ($104 in chips) 
Aescul@pius: posts small blind $0.50
2g00d4youu: is sitting out 
Pon4uk.ua: posts big blind $1
*** HOLE CARDS ***
OrioNCOOL: folds 
PoKeRaRcSuNY: folds 
2g00d4youu leaves the table
OrioNCOOL leaves the table
Aescul@pius: folds 
Uncalled bet ($0.50) returned to Pon4uk.ua
Pon4uk.ua collected $1 from pot
Pon4uk.ua: doesn't show hand 
*** SUMMARY ***
Total pot $1 | Rake $0 
Seat 6: 2g00d4youu
Seat 1: Pon4uk.ua (big blind) collected ($1)
Seat 2: OrioNCOOL folded before Flop (didn't bet)
Seat 4: PoKeRaRcSuNY (button) folded before Flop (didn't bet)
Seat 5: Aescul@pius (small blind) folded before Flop



PokerStars Hand #254528361282:  Hold'em No Limit ($0.50/$1.00 USD) - 2025/01/24 13:03:18 WET [2025/01/24 8:03:18 ET]
Table 'Cerberus III' 6-max Seat #5 is the button
Seat 1: Pon4uk.ua ($105.22 in chips) 
Seat 4: PoKeRaRcSuNY ($197.40 in chips) 
Seat 5: Aescul@pius ($103.50 in chips) 
Pon4uk.ua: posts small blind $0.50
PoKeRaRcSuNY: posts big blind $1
*** HOLE CARDS ***
Aescul@pius: folds 
Pon4uk.ua: raises $1.75 to $2.75
PoKeRaRcSuNY: folds 
Uncalled bet ($1.75) returned to Pon4uk.ua
Pon4uk.ua collected $2 from pot
Pon4uk.ua: doesn't show hand 
PoKeRaRcSuNY leaves the table
*** SUMMARY ***
Total pot $2 | Rake $0 
Seat 1: Pon4uk.ua (small blind) collected ($2)
Seat 4: PoKeRaRcSuNY (big blind) folded before Flop
Seat 5: Aescul@pius (button) folded before Flop (didn't bet)



PokerStars Hand #254528364836:  Hold'em No Limit ($0.50/$1.00 USD) - 2025/01/24 13:03:41 WET [2025/01/24 8:03:41 ET]
Table 'Cerberus III' 6-max Seat #1 is the button
Seat 1: Pon4uk.ua ($106.22 in chips) 
Seat 5: Aescul@pius ($103.50 in chips) 
Pon4uk.ua: posts small blind $0.50
Aescul@pius: posts big blind $1
*** HOLE CARDS ***
Pon4uk.ua: raises $1.50 to $2.50
Aescul@pius has timed out
Aescul@pius: folds 
Uncalled bet ($1.50) returned to Pon4uk.ua
Pon4uk.ua collected $2 from pot
Pon4uk.ua: doesn't show hand 
*** SUMMARY ***
Total pot $2 | Rake $0 
Seat 1: Pon4uk.ua (button) (small blind) collected ($2)
Seat 5: Aescul@pius (big blind) folded before Flop



