PokerStars Hand #254538633538:  Hold'em No Limit ($0.50/$1.00 USD) - 2025/01/24 0:04:54 WET [2025/01/24 19:04:54 ET]
Table 'Aludra IV' 6-max Seat #3 is the button
Seat 1: m0nTTu ($19.30 in chips) 
Seat 3: Unipoker11 ($101.50 in chips) 
Unipoker11: posts small blind $0.50
m0nTTu: posts big blind $1
*** HOLE CARDS ***
Unipoker11: raises $1 to $2
m0nTTu: folds 
Uncalled bet ($1) returned to Unipoker11
Unipoker11 collected $2 from pot
Unipoker11: doesn't show hand 
*** SUMMARY ***
Total pot $2 | Rake $0 
Seat 1: m0nTTu (big blind) folded before Flop
Seat 3: Unipoker11 (button) (small blind) collected ($2)



PokerStars Hand #254538640995:  Hold'em No Limit ($0.50/$1.00 USD) - 2025/01/24 0:05:25 WET [2025/01/24 19:05:25 ET]
Table 'Aludra IV' 6-max Seat #1 is the button
Seat 1: m0nTTu ($18.30 in chips) 
Seat 3: Unipoker11 ($102.50 in chips) 
m0nTTu: posts small blind $0.50
Unipoker11: posts big blind $1
*** HOLE CARDS ***
m0nTTu: folds 
Uncalled bet ($0.50) returned to Unipoker11
Unipoker11 collected $1 from pot
Unipoker11: doesn't show hand 
*** SUMMARY ***
Total pot $1 | Rake $0 
Seat 1: m0nTTu (button) (small blind) folded before Flop
Seat 3: Unipoker11 (big blind) collected ($1)



PokerStars Hand #254538642641:  Hold'em No Limit ($0.50/$1.00 USD) - 2025/01/24 0:05:32 WET [2025/01/24 19:05:32 ET]
Table 'Aludra IV' 6-max Seat #3 is the button
Seat 1: m0nTTu ($17.80 in chips) 
Seat 3: Unipoker11 ($103 in chips) 
Unipoker11: posts small blind $0.50
m0nTTu: posts big blind $1
*** HOLE CARDS ***
Unipoker11: calls $0.50
m0nTTu: checks 
*** FLOP *** [9h Ac 7h]
m0nTTu: checks 
Unipoker11: checks 
*** TURN *** [9h Ac 7h] [6d]
m0nTTu: checks 
Unipoker11: checks 
*** RIVER *** [9h Ac 7h 6d] [5s]
m0nTTu: checks 
Unipoker11: checks 
*** SHOW DOWN ***
m0nTTu: shows [6c 2d] (a pair of Sixes)
Unipoker11: mucks hand 
m0nTTu collected $1.90 from pot
*** SUMMARY ***
Total pot $2 | Rake $0.10 
Board [9h Ac 7h 6d 5s]
Seat 1: m0nTTu (big blind) showed [6c 2d] and won ($1.90) with a pair of Sixes
Seat 3: Unipoker11 (button) (small blind) mucked



PokerStars Hand #254538657347:  Hold'em No Limit ($0.50/$1.00 USD) - 2025/01/24 0:06:33 WET [2025/01/24 19:06:33 ET]
Table 'Aludra IV' 6-max Seat #1 is the button
Seat 1: m0nTTu ($18.70 in chips) 
Seat 3: Unipoker11 ($102 in chips) 
m0nTTu: posts small blind $0.50
Unipoker11: posts big blind $1
*** HOLE CARDS ***
m0nTTu: raises $1 to $2
Unipoker11: folds 
Uncalled bet ($1) returned to m0nTTu
B1GBankroll joins the table at seat #5 
m0nTTu collected $2 from pot
m0nTTu: doesn't show hand 
Mr_Dick666 joins the table at seat #6 
*** SUMMARY ***
Total pot $2 | Rake $0 
Seat 1: m0nTTu (button) (small blind) collected ($2)
Seat 3: Unipoker11 (big blind) folded before Flop



PokerStars Hand #254538659965:  Hold'em No Limit ($0.50/$1.00 USD) - 2025/01/24 0:06:44 WET [2025/01/24 19:06:44 ET]
Table 'Aludra IV' 6-max Seat #1 is the button
Seat 6: Mr_Dick666 ($100 in chips) is sitting out
Seat 1: m0nTTu ($19.70 in chips) 
Seat 3: Unipoker11 ($101 in chips) 
Seat 5: B1GBankroll ($100 in chips) 
Unipoker11: posts small blind $0.50
B1GBankroll: posts big blind $1
Mr_Dick666: sits out 
*** HOLE CARDS ***
m0nTTu: folds 
Unipoker11: raises $2 to $3
B1GBankroll: folds 
Uncalled bet ($2) returned to Unipoker11
Unipoker11 collected $2 from pot
Unipoker11: doesn't show hand 
*** SUMMARY ***
Total pot $2 | Rake $0 
Seat 6: Mr_Dick666
Seat 1: m0nTTu (button) folded before Flop (didn't bet)
Seat 3: Unipoker11 (small blind) collected ($2)
Seat 5: B1GBankroll (big blind) folded before Flop



PokerStars Hand #254538665094:  Hold'em No Limit ($0.50/$1.00 USD) - 2025/01/24 0:07:06 WET [2025/01/24 19:07:06 ET]
Table 'Aludra IV' 6-max Seat #3 is the button
Seat 1: m0nTTu ($19.70 in chips) 
Seat 3: Unipoker11 ($102 in chips) 
Seat 5: B1GBankroll ($100 in chips) 
Seat 6: Mr_Dick666 ($100 in chips) 
B1GBankroll: posts small blind $0.50
Mr_Dick666: posts big blind $1
*** HOLE CARDS ***
m0nTTu: folds 
Unipoker11: folds 
B1GBankroll: folds 
Uncalled bet ($0.50) returned to Mr_Dick666
Mr_Dick666 collected $1 from pot
Mr_Dick666: doesn't show hand 
*** SUMMARY ***
Total pot $1 | Rake $0 
Seat 1: m0nTTu folded before Flop (didn't bet)
Seat 3: Unipoker11 (button) folded before Flop (didn't bet)
Seat 5: B1GBankroll (small blind) folded before Flop
Seat 6: Mr_Dick666 (big blind) collected ($1)



PokerStars Hand #254538670331:  Hold'em No Limit ($0.50/$1.00 USD) - 2025/01/24 0:07:28 WET [2025/01/24 19:07:28 ET]
Table 'Aludra IV' 6-max Seat #5 is the button
Seat 1: m0nTTu ($19.70 in chips) is sitting out
Seat 3: Unipoker11 ($102 in chips) 
Seat 5: B1GBankroll ($100 in chips) 
Seat 6: Mr_Dick666 ($100.50 in chips) 
Mr_Dick666: posts small blind $0.50
m0nTTu: is sitting out 
Unipoker11: posts big blind $1
*** HOLE CARDS ***
m0nTTu leaves the table
B1GBankroll: folds 
Mr_Dick666: raises $2 to $3
Unipoker11: folds 
Uncalled bet ($2) returned to Mr_Dick666
Mr_Dick666 collected $2 from pot
Mr_Dick666: doesn't show hand 
*** SUMMARY ***
Total pot $2 | Rake $0 
Seat 1: m0nTTu
Seat 3: Unipoker11 (big blind) folded before Flop
Seat 5: B1GBankroll (button) folded before Flop (didn't bet)
Seat 6: Mr_Dick666 (small blind) collected ($2)



PokerStars Hand #254538676003:  Hold'em No Limit ($0.50/$1.00 USD) - 2025/01/24 0:07:51 WET [2025/01/24 19:07:51 ET]
Table 'Aludra IV' 6-max Seat #6 is the button
Seat 3: Unipoker11 ($101 in chips) 
Seat 5: B1GBankroll ($100 in chips) 
Seat 6: Mr_Dick666 ($101.50 in chips) 
Unipoker11: posts small blind $0.50
B1GBankroll: posts big blind $1
*** HOLE CARDS ***
Mr_Dick666: folds 
Unipoker11: raises $2 to $3
B1GBankroll: folds 
Uncalled bet ($2) returned to Unipoker11
Unipoker11 collected $2 from pot
Unipoker11: doesn't show hand 
*** SUMMARY ***
Total pot $2 | Rake $0 
Seat 3: Unipoker11 (small blind) collected ($2)
Seat 5: B1GBankroll (big blind) folded before Flop
Seat 6: Mr_Dick666 (button) folded before Flop (didn't bet)



PokerStars Hand #254538679738:  Hold'em No Limit ($0.50/$1.00 USD) - 2025/01/24 0:08:07 WET [2025/01/24 19:08:07 ET]
Table 'Aludra IV' 6-max Seat #5 is the button
Seat 6: Mr_Dick666 ($101.50 in chips) is sitting out
Seat 3: Unipoker11 ($102 in chips) 
Seat 5: B1GBankroll ($100 in chips) 
B1GBankroll: posts small blind $0.50
Mr_Dick666: is sitting out 
Unipoker11: posts big blind $1
*** HOLE CARDS ***
Mr_Dick666 leaves the table
B1GBankroll: raises $1.50 to $2.50
nikalas22 joins the table at seat #1 
Unipoker11: calls $1.50
*** FLOP *** [Ah Kh Jd]
Unipoker11: checks 
B1GBankroll: bets $2.33
Manifestorr joins the table at seat #2 
Unipoker11: calls $2.33
*** TURN *** [Ah Kh Jd] [6c]
ms653 joins the table at seat #4 
Unipoker11: checks 
ms653 is disconnected 
tintin641 joins the table at seat #6 
B1GBankroll: checks 
*** RIVER *** [Ah Kh Jd 6c] [8c]
Unipoker11: bets $13.77
B1GBankroll: folds 
Uncalled bet ($13.77) returned to Unipoker11
Unipoker11 collected $9.18 from pot
Unipoker11: doesn't show hand 
*** SUMMARY ***
Total pot $9.66 | Rake $0.48 
Board [Ah Kh Jd 6c 8c]
Seat 6: Mr_Dick666
Seat 3: Unipoker11 (big blind) collected ($9.18)
Seat 5: B1GBankroll (button) (small blind) folded on the River



PokerStars Hand #254538696630:  Hold'em No Limit ($0.50/$1.00 USD) - 2025/01/24 0:09:17 WET [2025/01/24 19:09:17 ET]
Table 'Aludra IV' 6-max Seat #3 is the button
Seat 1: nikalas22 ($100 in chips) is sitting out
Seat 2: Manifestorr ($100 in chips) is sitting out
Seat 4: ms653 ($20.76 in chips) is sitting out
Seat 3: Unipoker11 ($106.35 in chips) 
Seat 5: B1GBankroll ($100 in chips) 
Seat 6: tintin641 ($100 in chips) 
B1GBankroll: posts small blind $0.50
tintin641: posts big blind $1
nikalas22: sits out 
Manifestorr: sits out 
*** HOLE CARDS ***
Unipoker11: folds 
B1GBankroll: raises $2 to $3
tintin641: folds 
Uncalled bet ($2) returned to B1GBankroll
B1GBankroll collected $2 from pot
B1GBankroll: doesn't show hand 
*** SUMMARY ***
Total pot $2 | Rake $0 
Seat 1: nikalas22
Seat 2: Manifestorr
Seat 4: ms653
Seat 3: Unipoker11 (button) folded before Flop (didn't bet)
Seat 5: B1GBankroll (small blind) collected ($2)
Seat 6: tintin641 (big blind) folded before Flop



PokerStars Hand #254538699847:  Hold'em No Limit ($0.50/$1.00 USD) - 2025/01/24 0:09:30 WET [2025/01/24 19:09:30 ET]
Table 'Aludra IV' 6-max Seat #5 is the button
Seat 2: Manifestorr ($100 in chips) is sitting out
Seat 1: nikalas22 ($100 in chips) 
Seat 3: Unipoker11 ($106.35 in chips) 
Seat 4: ms653 ($20.76 in chips) 
Seat 5: B1GBankroll ($101 in chips) 
Seat 6: tintin641 ($100 in chips) 
tintin641: posts small blind $0.50
nikalas22: posts big blind $1
Manifestorr: sits out 
ms653: posts big blind $1
*** HOLE CARDS ***
Unipoker11: folds 
ms653: raises $2 to $3
B1GBankroll: folds 
tintin641: raises $5 to $8
nikalas22: raises $92 to $100 and is all-in
ms653: folds 
tintin641: calls $92 and is all-in
*** FIRST FLOP *** [3d 6d 8h]
*** FIRST TURN *** [3d 6d 8h] [Ac]
*** FIRST RIVER *** [3d 6d 8h Ac] [2s]
*** SECOND FLOP *** [8d 4h 8s]
*** SECOND TURN *** [8d 4h 8s] [2c]
*** SECOND RIVER *** [8d 4h 8s 2c] [9h]
*** FIRST SHOW DOWN ***
tintin641: shows [Kc Kd] (a pair of Kings)
nikalas22: shows [Kh As] (a pair of Aces)
nikalas22 collected $100.25 from pot
*** SECOND SHOW DOWN ***
tintin641: shows [Kc Kd] (two pair, Kings and Eights)
nikalas22: shows [Kh As] (a pair of Eights)
tintin641 collected $100.25 from pot
*** SUMMARY ***
Total pot $203 | Rake $2.50 
Hand was run twice
FIRST Board [3d 6d 8h Ac 2s]
SECOND Board [8d 4h 8s 2c 9h]
Seat 2: Manifestorr
Seat 1: nikalas22 (big blind) showed [Kh As] and won ($100.25) with a pair of Aces, and lost with a pair of Eights
Seat 3: Unipoker11 folded before Flop (didn't bet)
Seat 4: ms653 folded before Flop
Seat 5: B1GBankroll (button) folded before Flop (didn't bet)
Seat 6: tintin641 (small blind) showed [Kc Kd] and lost with a pair of Kings, and won ($100.25) with two pair, Kings and Eights



PokerStars Hand #254538713308:  Hold'em No Limit ($0.50/$1.00 USD) - 2025/01/24 0:10:27 WET [2025/01/24 19:10:27 ET]
Table 'Aludra IV' 6-max Seat #6 is the button
Seat 1: nikalas22 ($100.25 in chips) 
Seat 2: Manifestorr ($100 in chips) 
Seat 3: Unipoker11 ($106.35 in chips) 
Seat 4: ms653 ($17.76 in chips) 
Seat 5: B1GBankroll ($101 in chips) 
Seat 6: tintin641 ($100.25 in chips) 
nikalas22: posts small blind $0.50
Manifestorr: posts big blind $1
*** HOLE CARDS ***
Unipoker11: folds 
ms653: folds 
B1GBankroll: folds 
tintin641: raises $1.50 to $2.50
nikalas22: folds 
Manifestorr: calls $1.50
*** FLOP *** [Qh 9s Td]
Manifestorr: checks 
tintin641: bets $2.61
Manifestorr: folds 
Uncalled bet ($2.61) returned to tintin641
tintin641 collected $5.22 from pot
tintin641: doesn't show hand 
*** SUMMARY ***
Total pot $5.50 | Rake $0.28 
Board [Qh 9s Td]
Seat 1: nikalas22 (small blind) folded before Flop
Seat 2: Manifestorr (big blind) folded on the Flop
Seat 3: Unipoker11 folded before Flop (didn't bet)
Seat 4: ms653 folded before Flop (didn't bet)
Seat 5: B1GBankroll folded before Flop (didn't bet)
Seat 6: tintin641 (button) collected ($5.22)



PokerStars Hand #254538721702:  Hold'em No Limit ($0.50/$1.00 USD) - 2025/01/24 0:11:03 WET [2025/01/24 19:11:03 ET]
Table 'Aludra IV' 6-max Seat #1 is the button
Seat 1: nikalas22 ($100 in chips) 
Seat 2: Manifestorr ($100 in chips) 
Seat 3: Unipoker11 ($106.35 in chips) 
Seat 4: ms653 ($17.76 in chips) 
Seat 5: B1GBankroll ($101 in chips) 
Seat 6: tintin641 ($102.97 in chips) 
Manifestorr: posts small blind $0.50
Unipoker11: posts big blind $1
*** HOLE CARDS ***
ms653: folds 
B1GBankroll: folds 
tintin641: folds 
nikalas22: folds 
Manifestorr: folds 
Uncalled bet ($0.50) returned to Unipoker11
Unipoker11 collected $1 from pot
Unipoker11: doesn't show hand 
*** SUMMARY ***
Total pot $1 | Rake $0 
Seat 1: nikalas22 (button) folded before Flop (didn't bet)
Seat 2: Manifestorr (small blind) folded before Flop
Seat 3: Unipoker11 (big blind) collected ($1)
Seat 4: ms653 folded before Flop (didn't bet)
Seat 5: B1GBankroll folded before Flop (didn't bet)
Seat 6: tintin641 folded before Flop (didn't bet)



PokerStars Hand #254538724271:  Hold'em No Limit ($0.50/$1.00 USD) - 2025/01/24 0:11:14 WET [2025/01/24 19:11:14 ET]
Table 'Aludra IV' 6-max Seat #2 is the button
Seat 1: nikalas22 ($100 in chips) 
Seat 2: Manifestorr ($100 in chips) 
Seat 3: Unipoker11 ($106.85 in chips) 
Seat 4: ms653 ($17.76 in chips) 
Seat 5: B1GBankroll ($101 in chips) 
Seat 6: tintin641 ($102.97 in chips) 
Unipoker11: posts small blind $0.50
ms653: posts big blind $1
*** HOLE CARDS ***
B1GBankroll: folds 
tintin641: folds 
nikalas22: folds 
Manifestorr: folds 
Unipoker11: raises $105.85 to $106.85 and is all-in
ms653: calls $16.76 and is all-in
Uncalled bet ($89.09) returned to Unipoker11
*** FLOP *** [Kd Tc 3s]
*** TURN *** [Kd Tc 3s] [Ac]
*** RIVER *** [Kd Tc 3s Ac] [Kc]
*** SHOW DOWN ***
Unipoker11: shows [8s 8d] (two pair, Kings and Eights)
ms653: shows [6d 6h] (two pair, Kings and Sixes)
Unipoker11 collected $33.74 from pot
*** SUMMARY ***
Total pot $35.52 | Rake $1.78 
Board [Kd Tc 3s Ac Kc]
Seat 1: nikalas22 folded before Flop (didn't bet)
Seat 2: Manifestorr (button) folded before Flop (didn't bet)
Seat 3: Unipoker11 (small blind) showed [8s 8d] and won ($33.74) with two pair, Kings and Eights
Seat 4: ms653 (big blind) showed [6d 6h] and lost with two pair, Kings and Sixes
Seat 5: B1GBankroll folded before Flop (didn't bet)
Seat 6: tintin641 folded before Flop (didn't bet)



PokerStars Hand #254538731240:  Hold'em No Limit ($0.50/$1.00 USD) - 2025/01/24 0:11:44 WET [2025/01/24 19:11:44 ET]
Table 'Aludra IV' 6-max Seat #3 is the button
Seat 4: ms653 ($0 in chips) is sitting out
Seat 1: nikalas22 ($100 in chips) 
Seat 2: Manifestorr ($100 in chips) 
Seat 3: Unipoker11 ($122.83 in chips) 
Seat 5: B1GBankroll ($101 in chips) 
Seat 6: tintin641 ($102.97 in chips) 
B1GBankroll: posts small blind $0.50
tintin641: posts big blind $1
*** HOLE CARDS ***
nikalas22: folds 
Manifestorr: folds 
Unipoker11: raises $1.50 to $2.50
B1GBankroll: folds 
ms653 is disconnected 
tintin641: folds 
Uncalled bet ($1.50) returned to Unipoker11
Unipoker11 collected $2.50 from pot
Unipoker11: doesn't show hand 
*** SUMMARY ***
Total pot $2.50 | Rake $0 
Seat 4: ms653
Seat 1: nikalas22 folded before Flop (didn't bet)
Seat 2: Manifestorr folded before Flop (didn't bet)
Seat 3: Unipoker11 (button) collected ($2.50)
Seat 5: B1GBankroll (small blind) folded before Flop
Seat 6: tintin641 (big blind) folded before Flop



PokerStars Hand #254538736237:  Hold'em No Limit ($0.50/$1.00 USD) - 2025/01/24 0:12:05 WET [2025/01/24 19:12:05 ET]
Table 'Aludra IV' 6-max Seat #5 is the button
Seat 4: ms653 ($0 in chips) is sitting out
Seat 1: nikalas22 ($100 in chips) 
Seat 2: Manifestorr ($100 in chips) 
Seat 3: Unipoker11 ($124.33 in chips) 
Seat 5: B1GBankroll ($100.50 in chips) 
Seat 6: tintin641 ($101.97 in chips) 
tintin641: posts small blind $0.50
nikalas22: posts big blind $1
*** HOLE CARDS ***
Manifestorr: raises $1.20 to $2.20
Unipoker11: folds 
B1GBankroll: folds 
tintin641: folds 
nikalas22: calls $1.20
*** FLOP *** [Jc Ad Qd]
nikalas22: checks 
Manifestorr: bets $3.50
nikalas22: folds 
Uncalled bet ($3.50) returned to Manifestorr
Manifestorr collected $4.66 from pot
*** SUMMARY ***
Total pot $4.90 | Rake $0.24 
Board [Jc Ad Qd]
Seat 4: ms653
Seat 1: nikalas22 (big blind) folded on the Flop
Seat 2: Manifestorr collected ($4.66)
Seat 3: Unipoker11 folded before Flop (didn't bet)
Seat 5: B1GBankroll (button) folded before Flop (didn't bet)
Seat 6: tintin641 (small blind) folded before Flop



PokerStars Hand #254538742909:  Hold'em No Limit ($0.50/$1.00 USD) - 2025/01/24 0:12:33 WET [2025/01/24 19:12:33 ET]
Table 'Aludra IV' 6-max Seat #6 is the button
Seat 2: Manifestorr ($102.46 in chips) is sitting out
Seat 4: ms653 ($0 in chips) is sitting out
Seat 1: nikalas22 ($100 in chips) 
Seat 3: Unipoker11 ($124.33 in chips) 
Seat 5: B1GBankroll ($100.50 in chips) 
Seat 6: tintin641 ($101.47 in chips) 
nikalas22: posts small blind $0.50
Manifestorr: is sitting out 
Unipoker11: posts big blind $1
*** HOLE CARDS ***
B1GBankroll: raises $1.50 to $2.50
tintin641: folds 
nikalas22: folds 
Unipoker11: folds 
Uncalled bet ($1.50) returned to B1GBankroll
B1GBankroll collected $2.50 from pot
B1GBankroll: doesn't show hand 
*** SUMMARY ***
Total pot $2.50 | Rake $0 
Seat 2: Manifestorr
Seat 4: ms653
Seat 1: nikalas22 (small blind) folded before Flop
Seat 3: Unipoker11 (big blind) folded before Flop
Seat 5: B1GBankroll collected ($2.50)
Seat 6: tintin641 (button) folded before Flop (didn't bet)



PokerStars Hand #254538746295:  Hold'em No Limit ($0.50/$1.00 USD) - 2025/01/24 0:12:48 WET [2025/01/24 19:12:48 ET]
Table 'Aludra IV' 6-max Seat #1 is the button
Seat 4: ms653 ($0 in chips) is sitting out
Seat 1: nikalas22 ($100 in chips) 
Seat 3: Unipoker11 ($123.33 in chips) 
Seat 5: B1GBankroll ($102 in chips) 
Seat 6: tintin641 ($101.47 in chips) 
Unipoker11: posts small blind $0.50
Manifestorr leaves the table
B1GBankroll: posts big blind $1
*** HOLE CARDS ***
tintin641: folds 
nikalas22: folds 
Unipoker11: raises $2 to $3
sutata joins the table at seat #2 
B1GBankroll: folds 
Uncalled bet ($2) returned to Unipoker11
Unipoker11 collected $2 from pot
Unipoker11: doesn't show hand 
*** SUMMARY ***
Total pot $2 | Rake $0 
Seat 4: ms653
Seat 1: nikalas22 (button) folded before Flop (didn't bet)
Seat 3: Unipoker11 (small blind) collected ($2)
Seat 5: B1GBankroll (big blind) folded before Flop
Seat 6: tintin641 folded before Flop (didn't bet)



PokerStars Hand #254538750535:  Hold'em No Limit ($0.50/$1.00 USD) - 2025/01/24 0:13:06 WET [2025/01/24 19:13:06 ET]
Table 'Aludra IV' 6-max Seat #3 is the button
Seat 2: sutata ($100 in chips) is sitting out
Seat 4: ms653 ($0 in chips) is sitting out
Seat 1: nikalas22 ($100 in chips) 
Seat 3: Unipoker11 ($124.33 in chips) 
Seat 5: B1GBankroll ($101 in chips) 
Seat 6: tintin641 ($101.47 in chips) 
B1GBankroll: posts small blind $0.50
tintin641: posts big blind $1
*** HOLE CARDS ***
nikalas22: folds 
Unipoker11: folds 
B1GBankroll: folds 
Uncalled bet ($0.50) returned to tintin641
tintin641 collected $1 from pot
tintin641: doesn't show hand 
*** SUMMARY ***
Total pot $1 | Rake $0 
Seat 2: sutata
Seat 4: ms653
Seat 1: nikalas22 folded before Flop (didn't bet)
Seat 3: Unipoker11 (button) folded before Flop (didn't bet)
Seat 5: B1GBankroll (small blind) folded before Flop
Seat 6: tintin641 (big blind) collected ($1)



PokerStars Hand #254538753526:  Hold'em No Limit ($0.50/$1.00 USD) - 2025/01/24 0:13:19 WET [2025/01/24 19:13:19 ET]
Table 'Aludra IV' 6-max Seat #5 is the button
Seat 2: sutata ($100 in chips) is sitting out
Seat 4: ms653 ($0 in chips) is sitting out
Seat 1: nikalas22 ($100 in chips) 
Seat 3: Unipoker11 ($124.33 in chips) 
Seat 5: B1GBankroll ($100.50 in chips) 
Seat 6: tintin641 ($101.97 in chips) 
tintin641: posts small blind $0.50
nikalas22: posts big blind $1
*** HOLE CARDS ***
Unipoker11: folds 
B1GBankroll: folds 
tintin641: raises $2 to $3
nikalas22: calls $2
*** FLOP *** [2h 7d 8s]
tintin641: checks 
nikalas22: bets $4.28
tintin641: raises $10.70 to $14.98
nikalas22: calls $10.70
*** TURN *** [2h 7d 8s] [5h]
tintin641: bets $26.22
sutata leaves the table
p0pa4poker joins the table at seat #2 
nikalas22: calls $26.22
*** RIVER *** [2h 7d 8s 5h] [7h]
B1GBankroll leaves the table
tintin641: checks 
nikalas22: checks 
*** SHOW DOWN ***
tintin641: shows [9s Td] (a pair of Sevens)
nikalas22: shows [8h 9c] (two pair, Eights and Sevens)
nikalas22 collected $87.40 from pot
*** SUMMARY ***
Total pot $88.40 | Rake $1 
Board [2h 7d 8s 5h 7h]
Seat 2: sutata
Seat 4: ms653
Seat 1: nikalas22 (big blind) showed [8h 9c] and won ($87.40) with two pair, Eights and Sevens
Seat 3: Unipoker11 folded before Flop (didn't bet)
Seat 5: B1GBankroll (button) folded before Flop (didn't bet)
Seat 6: tintin641 (small blind) showed [9s Td] and lost with a pair of Sevens



PokerStars Hand #254538774501:  Hold'em No Limit ($0.50/$1.00 USD) - 2025/01/24 0:14:50 WET [2025/01/24 19:14:50 ET]
Table 'Aludra IV' 6-max Seat #6 is the button
Seat 4: ms653 ($0 in chips) is sitting out
Seat 1: nikalas22 ($143.20 in chips) 
Seat 2: p0pa4poker ($100 in chips) 
Seat 3: Unipoker11 ($124.33 in chips) 
Seat 6: tintin641 ($100 in chips) 
nikalas22: posts small blind $0.50
p0pa4poker: posts big blind $1
*** HOLE CARDS ***
Unipoker11: folds 
tintin641: raises $1.50 to $2.50
nikalas22: folds 
p0pa4poker: calls $1.50
*** FLOP *** [4c 5c Jc]
p0pa4poker: checks 
tintin641: bets $1.72
p0pa4poker: calls $1.72
*** TURN *** [4c 5c Jc] [7h]
p0pa4poker: checks 
tintin641: checks 
*** RIVER *** [4c 5c Jc 7h] [Qc]
sharlesleal joins the table at seat #5 
p0pa4poker: bets $6.54
sharlesleal is disconnected 
sharlesleal leaves the table
tintin641: calls $6.54
*** SHOW DOWN ***
p0pa4poker: shows [Ad Th] (high card Ace)
tintin641: shows [5s Qs] (two pair, Queens and Fives)
tintin641 collected $21.02 from pot
*** SUMMARY ***
Total pot $22.02 | Rake $1 
Board [4c 5c Jc 7h Qc]
Seat 4: ms653
Seat 1: nikalas22 (small blind) folded before Flop
Seat 2: p0pa4poker (big blind) showed [Ad Th] and lost with high card Ace
Seat 3: Unipoker11 folded before Flop (didn't bet)
Seat 6: tintin641 (button) showed [5s Qs] and won ($21.02) with two pair, Queens and Fives



PokerStars Hand #254538795182:  Hold'em No Limit ($0.50/$1.00 USD) - 2025/01/24 0:16:20 WET [2025/01/24 19:16:20 ET]
Table 'Aludra IV' 6-max Seat #1 is the button
Seat 4: ms653 ($0 in chips) is sitting out
Seat 1: nikalas22 ($142.70 in chips) 
Seat 2: p0pa4poker ($100 in chips) 
Seat 3: Unipoker11 ($124.33 in chips) 
Seat 6: tintin641 ($110.26 in chips) 
p0pa4poker: posts small blind $0.50
Unipoker11: posts big blind $1
*** HOLE CARDS ***
tintin641: folds 
nikalas22: raises $1.50 to $2.50
BuzaCR7 joins the table at seat #5 
p0pa4poker: folds 
BuzaCR7 is disconnected 
Unipoker11: folds 
Uncalled bet ($1.50) returned to nikalas22
nikalas22 collected $2.50 from pot
nikalas22: doesn't show hand 
*** SUMMARY ***
Total pot $2.50 | Rake $0 
Seat 4: ms653
Seat 1: nikalas22 (button) collected ($2.50)
Seat 2: p0pa4poker (small blind) folded before Flop
Seat 3: Unipoker11 (big blind) folded before Flop
Seat 6: tintin641 folded before Flop (didn't bet)



PokerStars Hand #254538801609:  Hold'em No Limit ($0.50/$1.00 USD) - 2025/01/24 0:16:47 WET [2025/01/24 19:16:47 ET]
Table 'Aludra IV' 6-max Seat #2 is the button
Seat 4: ms653 ($0 in chips) is sitting out
Seat 1: nikalas22 ($144.20 in chips) 
Seat 2: p0pa4poker ($99.50 in chips) 
Seat 3: Unipoker11 ($123.33 in chips) 
Seat 5: BuzaCR7 ($39.28 in chips) 
Seat 6: tintin641 ($110.26 in chips) 
Unipoker11: posts small blind $0.50
BuzaCR7: posts big blind $1
*** HOLE CARDS ***
tintin641: folds 
nikalas22: folds 
p0pa4poker: folds 
Unipoker11: folds 
Uncalled bet ($0.50) returned to BuzaCR7
BuzaCR7 collected $1 from pot
*** SUMMARY ***
Total pot $1 | Rake $0 
Seat 4: ms653
Seat 1: nikalas22 folded before Flop (didn't bet)
Seat 2: p0pa4poker (button) folded before Flop (didn't bet)
Seat 3: Unipoker11 (small blind) folded before Flop
Seat 5: BuzaCR7 (big blind) collected ($1)
Seat 6: tintin641 folded before Flop (didn't bet)



PokerStars Hand #254538806222:  Hold'em No Limit ($0.50/$1.00 USD) - 2025/01/24 0:17:07 WET [2025/01/24 19:17:07 ET]
Table 'Aludra IV' 6-max Seat #3 is the button
Seat 4: ms653 ($0 in chips) is sitting out
Seat 1: nikalas22 ($144.20 in chips) 
Seat 2: p0pa4poker ($99.50 in chips) 
Seat 3: Unipoker11 ($122.83 in chips) 
Seat 5: BuzaCR7 ($39.78 in chips) 
Seat 6: tintin641 ($110.26 in chips) 
BuzaCR7: posts small blind $0.50
tintin641: posts big blind $1
*** HOLE CARDS ***
nikalas22: folds 
p0pa4poker: folds 
Unipoker11: folds 
BuzaCR7: calls $0.50
tintin641: raises $3 to $4
BuzaCR7: folds 
Uncalled bet ($3) returned to tintin641
tintin641 collected $2 from pot
tintin641: doesn't show hand 
*** SUMMARY ***
Total pot $2 | Rake $0 
Seat 4: ms653
Seat 1: nikalas22 folded before Flop (didn't bet)
Seat 2: p0pa4poker folded before Flop (didn't bet)
Seat 3: Unipoker11 (button) folded before Flop (didn't bet)
Seat 5: BuzaCR7 (small blind) folded before Flop
Seat 6: tintin641 (big blind) collected ($2)



PokerStars Hand #254538816717:  Hold'em No Limit ($0.50/$1.00 USD) - 2025/01/24 0:17:52 WET [2025/01/24 19:17:52 ET]
Table 'Aludra IV' 6-max Seat #5 is the button
Seat 4: ms653 ($0 in chips) is sitting out
Seat 1: nikalas22 ($144.20 in chips) 
Seat 2: p0pa4poker ($99.50 in chips) 
Seat 3: Unipoker11 ($122.83 in chips) 
Seat 5: BuzaCR7 ($38.78 in chips) 
Seat 6: tintin641 ($111.26 in chips) 
tintin641: posts small blind $0.50
nikalas22: posts big blind $1
*** HOLE CARDS ***
p0pa4poker: folds 
Unipoker11: folds 
BuzaCR7: folds 
tintin641: raises $2 to $3
nikalas22: folds 
Uncalled bet ($2) returned to tintin641
tintin641 collected $2 from pot
tintin641: doesn't show hand 
*** SUMMARY ***
Total pot $2 | Rake $0 
Seat 4: ms653
Seat 1: nikalas22 (big blind) folded before Flop
Seat 2: p0pa4poker folded before Flop (didn't bet)
Seat 3: Unipoker11 folded before Flop (didn't bet)
Seat 5: BuzaCR7 (button) folded before Flop (didn't bet)
Seat 6: tintin641 (small blind) collected ($2)



PokerStars Hand #254538820240:  Hold'em No Limit ($0.50/$1.00 USD) - 2025/01/24 0:18:08 WET [2025/01/24 19:18:08 ET]
Table 'Aludra IV' 6-max Seat #6 is the button
Seat 4: ms653 ($0 in chips) is sitting out
Seat 1: nikalas22 ($143.20 in chips) 
Seat 2: p0pa4poker ($99.50 in chips) 
Seat 3: Unipoker11 ($122.83 in chips) 
Seat 5: BuzaCR7 ($38.78 in chips) 
Seat 6: tintin641 ($112.26 in chips) 
nikalas22: posts small blind $0.50
p0pa4poker: posts big blind $1
*** HOLE CARDS ***
Unipoker11: folds 
BuzaCR7: calls $1
tintin641: folds 
nikalas22: raises $3 to $4
p0pa4poker: raises $8.50 to $12.50
BuzaCR7: raises $26.28 to $38.78 and is all-in
nikalas22: folds 
p0pa4poker: calls $26.28
*** FLOP *** [Th Qh 3s]
*** TURN *** [Th Qh 3s] [2c]
*** RIVER *** [Th Qh 3s 2c] [Jc]
*** SHOW DOWN ***
p0pa4poker: shows [Kc Kd] (a pair of Kings)
BuzaCR7: shows [9d 9c] (a pair of Nines)
p0pa4poker collected $79.06 from pot
*** SUMMARY ***
Total pot $81.56 | Rake $2.50 
Board [Th Qh 3s 2c Jc]
Seat 4: ms653
Seat 1: nikalas22 (small blind) folded before Flop
Seat 2: p0pa4poker (big blind) showed [Kc Kd] and won ($79.06) with a pair of Kings
Seat 3: Unipoker11 folded before Flop (didn't bet)
Seat 5: BuzaCR7 showed [9d 9c] and lost with a pair of Nines
Seat 6: tintin641 (button) folded before Flop (didn't bet)



PokerStars Hand #254538831516:  Hold'em No Limit ($0.50/$1.00 USD) - 2025/01/24 0:18:57 WET [2025/01/24 19:18:57 ET]
Table 'Aludra IV' 6-max Seat #1 is the button
Seat 4: ms653 ($0 in chips) is sitting out
Seat 5: BuzaCR7 ($0 in chips) is sitting out
Seat 1: nikalas22 ($139.20 in chips) 
Seat 2: p0pa4poker ($139.78 in chips) 
Seat 3: Unipoker11 ($122.83 in chips) 
Seat 6: tintin641 ($112.26 in chips) 
p0pa4poker: posts small blind $0.50
Unipoker11: posts big blind $1
*** HOLE CARDS ***
tintin641: folds 
nikalas22: raises $1.50 to $2.50
p0pa4poker: folds 
BuzaCR7 leaves the table
Unipoker11: calls $1.50
*** FLOP *** [9d 5d 5c]
XneferX joins the table at seat #5 
Unipoker11: checks 
nikalas22: bets $3.92
Unipoker11: calls $3.92
*** TURN *** [9d 5d 5c] [2d]
Unipoker11: checks 
nikalas22: checks 
*** RIVER *** [9d 5d 5c 2d] [Qd]
Unipoker11: checks 
nikalas22: checks 
*** SHOW DOWN ***
Unipoker11: shows [9h Kc] (two pair, Nines and Fives)
nikalas22: shows [9s Ac] (two pair, Nines and Fives - Ace kicker)
nikalas22 collected $12.67 from pot
*** SUMMARY ***
Total pot $13.34 | Rake $0.67 
Board [9d 5d 5c 2d Qd]
Seat 4: ms653
Seat 5: BuzaCR7
Seat 1: nikalas22 (button) showed [9s Ac] and won ($12.67) with two pair, Nines and Fives
Seat 2: p0pa4poker (small blind) folded before Flop
Seat 3: Unipoker11 (big blind) showed [9h Kc] and lost with two pair, Nines and Fives
Seat 6: tintin641 folded before Flop (didn't bet)



PokerStars Hand #254538851362:  Hold'em No Limit ($0.50/$1.00 USD) - 2025/01/24 0:20:22 WET [2025/01/24 19:20:22 ET]
Table 'Aludra IV' 6-max Seat #2 is the button
Seat 1: nikalas22 ($145.45 in chips) is sitting out
Seat 4: ms653 ($0 in chips) is sitting out
Seat 2: p0pa4poker ($139.28 in chips) 
Seat 3: Unipoker11 ($116.41 in chips) 
Seat 5: XneferX ($100 in chips) 
Seat 6: tintin641 ($112.26 in chips) 
Unipoker11: posts small blind $0.50
XneferX: posts big blind $1
*** HOLE CARDS ***
tintin641: raises $1.50 to $2.50
p0pa4poker: folds 
Unipoker11: folds 
XneferX: raises $10.50 to $13
tintin641: folds 
Uncalled bet ($10.50) returned to XneferX
XneferX collected $5.50 from pot
ms653 leaves the table
XneferX: doesn't show hand 
*** SUMMARY ***
Total pot $5.50 | Rake $0 
Seat 1: nikalas22
Seat 4: ms653
Seat 2: p0pa4poker (button) folded before Flop (didn't bet)
Seat 3: Unipoker11 (small blind) folded before Flop
Seat 5: XneferX (big blind) collected ($5.50)
Seat 6: tintin641 folded before Flop



PokerStars Hand #254538858208:  Hold'em No Limit ($0.50/$1.00 USD) - 2025/01/24 0:20:52 WET [2025/01/24 19:20:52 ET]
Table 'Aludra IV' 6-max Seat #3 is the button
Seat 1: nikalas22 ($145.45 in chips) is sitting out
Seat 2: p0pa4poker ($139.28 in chips) 
Seat 3: Unipoker11 ($115.91 in chips) 
Seat 5: XneferX ($103 in chips) 
Seat 6: tintin641 ($109.76 in chips) 
XneferX: posts small blind $0.50
tintin641: posts big blind $1
*** HOLE CARDS ***
p0pa4poker: folds 
Unipoker11: folds 
XneferX: folds 
Uncalled bet ($0.50) returned to tintin641
tintin641 collected $1 from pot
tintin641: doesn't show hand 
*** SUMMARY ***
Total pot $1 | Rake $0 
Seat 1: nikalas22
Seat 2: p0pa4poker folded before Flop (didn't bet)
Seat 3: Unipoker11 (button) folded before Flop (didn't bet)
Seat 5: XneferX (small blind) folded before Flop
Seat 6: tintin641 (big blind) collected ($1)



PokerStars Hand #254538863815:  Hold'em No Limit ($0.50/$1.00 USD) - 2025/01/24 0:21:16 WET [2025/01/24 19:21:16 ET]
Table 'Aludra IV' 6-max Seat #5 is the button
Seat 1: nikalas22 ($145.45 in chips) is sitting out
Seat 2: p0pa4poker ($139.28 in chips) 
Seat 3: Unipoker11 ($115.91 in chips) 
Seat 5: XneferX ($102.50 in chips) 
Seat 6: tintin641 ($110.26 in chips) 
tintin641: posts small blind $0.50
p0pa4poker: posts big blind $1
*** HOLE CARDS ***
Unipoker11: folds 
XneferX: raises $1.77 to $2.77
tintin641: folds 
p0pa4poker: folds 
Uncalled bet ($1.77) returned to XneferX
XneferX collected $2.50 from pot
XneferX: doesn't show hand 
*** SUMMARY ***
Total pot $2.50 | Rake $0 
Seat 1: nikalas22
Seat 2: p0pa4poker (big blind) folded before Flop
Seat 3: Unipoker11 folded before Flop (didn't bet)
Seat 5: XneferX (button) collected ($2.50)
Seat 6: tintin641 (small blind) folded before Flop



PokerStars Hand #254538868982:  Hold'em No Limit ($0.50/$1.00 USD) - 2025/01/24 0:21:39 WET [2025/01/24 19:21:39 ET]
Table 'Aludra IV' 6-max Seat #6 is the button
Seat 1: nikalas22 ($145.45 in chips) is sitting out
Seat 2: p0pa4poker ($138.28 in chips) 
Seat 3: Unipoker11 ($115.91 in chips) 
Seat 5: XneferX ($104 in chips) 
Seat 6: tintin641 ($109.76 in chips) 
p0pa4poker: posts small blind $0.50
Unipoker11: posts big blind $1
*** HOLE CARDS ***
XneferX: folds 
tintin641: raises $1.50 to $2.50
p0pa4poker: folds 
Unipoker11: folds 
Uncalled bet ($1.50) returned to tintin641
tintin641 collected $2.50 from pot
tintin641: doesn't show hand 
*** SUMMARY ***
Total pot $2.50 | Rake $0 
Seat 1: nikalas22
Seat 2: p0pa4poker (small blind) folded before Flop
Seat 3: Unipoker11 (big blind) folded before Flop
Seat 5: XneferX folded before Flop (didn't bet)
Seat 6: tintin641 (button) collected ($2.50)



PokerStars Hand #254538873010:  Hold'em No Limit ($0.50/$1.00 USD) - 2025/01/24 0:21:57 WET [2025/01/24 19:21:57 ET]
Table 'Aludra IV' 6-max Seat #2 is the button
Seat 1: nikalas22 ($145.45 in chips) is sitting out
Seat 5: XneferX ($104 in chips) is sitting out
Seat 2: p0pa4poker ($137.78 in chips) 
Seat 3: Unipoker11 ($114.91 in chips) 
Seat 6: tintin641 ($111.26 in chips) 
Unipoker11: posts small blind $0.50
XneferX: is sitting out 
tintin641: posts big blind $1
*** HOLE CARDS ***
p0pa4poker: folds 
XneferX leaves the table
Unipoker11: raises $2 to $3
tintin641: raises $7 to $10
Unipoker11: folds 
Uncalled bet ($7) returned to tintin641
tintin641 collected $6 from pot
tintin641: doesn't show hand 
*** SUMMARY ***
Total pot $6 | Rake $0 
Seat 1: nikalas22
Seat 5: XneferX
Seat 2: p0pa4poker (button) folded before Flop (didn't bet)
Seat 3: Unipoker11 (small blind) folded before Flop
Seat 6: tintin641 (big blind) collected ($6)



PokerStars Hand #254538879939:  Hold'em No Limit ($0.50/$1.00 USD) - 2025/01/24 0:22:27 WET [2025/01/24 19:22:27 ET]
Table 'Aludra IV' 6-max Seat #3 is the button
Seat 1: nikalas22 ($145.45 in chips) is sitting out
Seat 2: p0pa4poker ($137.78 in chips) 
Seat 3: Unipoker11 ($111.91 in chips) 
Seat 6: tintin641 ($114.26 in chips) 
tintin641: posts small blind $0.50
p0pa4poker: posts big blind $1
*** HOLE CARDS ***
Unipoker11: folds 
tintin641: folds 
Uncalled bet ($0.50) returned to p0pa4poker
p0pa4poker collected $1 from pot
p0pa4poker: doesn't show hand 
*** SUMMARY ***
Total pot $1 | Rake $0 
Seat 1: nikalas22
Seat 2: p0pa4poker (big blind) collected ($1)
Seat 3: Unipoker11 (button) folded before Flop (didn't bet)
Seat 6: tintin641 (small blind) folded before Flop



PokerStars Hand #254538882247:  Hold'em No Limit ($0.50/$1.00 USD) - 2025/01/24 0:22:37 WET [2025/01/24 19:22:37 ET]
Table 'Aludra IV' 6-max Seat #6 is the button
Seat 1: nikalas22 ($145.45 in chips) is sitting out
Seat 2: p0pa4poker ($138.28 in chips) 
Seat 3: Unipoker11 ($111.91 in chips) 
Seat 6: tintin641 ($113.76 in chips) 
p0pa4poker: posts small blind $0.50
Unipoker11: posts big blind $1
*** HOLE CARDS ***
tintin641: raises $1.50 to $2.50
p0pa4poker: folds 
Unipoker11: calls $1.50
*** FLOP *** [7c Kc Kh]
Unipoker11: checks 
theradical88 joins the table at seat #5 
nastja336 joins the table at seat #4 
theradical88 is disconnected 
tintin641: bets $1.72
Unipoker11: calls $1.72
*** TURN *** [7c Kc Kh] [Th]
Unipoker11: checks 
tintin641: bets $6.37
Unipoker11: calls $6.37
*** RIVER *** [7c Kc Kh Th] [3h]
Unipoker11: checks 
tintin641: bets $31.02
Unipoker11: folds 
Uncalled bet ($31.02) returned to tintin641
tintin641 collected $20.68 from pot
tintin641: doesn't show hand 
*** SUMMARY ***
Total pot $21.68 | Rake $1 
Board [7c Kc Kh Th 3h]
Seat 1: nikalas22
Seat 2: p0pa4poker (small blind) folded before Flop
Seat 3: Unipoker11 (big blind) folded on the River
Seat 6: tintin641 (button) collected ($20.68)



PokerStars Hand #254538901002:  Hold'em No Limit ($0.50/$1.00 USD) - 2025/01/24 0:24:00 WET [2025/01/24 19:24:00 ET]
Table 'Aludra IV' 6-max Seat #2 is the button
Seat 1: nikalas22 ($145.45 in chips) is sitting out
Seat 2: p0pa4poker ($137.78 in chips) 
Seat 3: Unipoker11 ($101.32 in chips) 
Seat 4: nastja336 ($100 in chips) 
Seat 5: theradical88 ($50.49 in chips) 
Seat 6: tintin641 ($123.85 in chips) 
Unipoker11: posts small blind $0.50
nastja336: posts big blind $1
theradical88: posts big blind $1
nikalas22: sits out 
*** HOLE CARDS ***
theradical88: checks 
tintin641: folds 
p0pa4poker: folds 
Unipoker11: folds 
nastja336: checks 
*** FLOP *** [4d Ks 8s]
nastja336: checks 
theradical88: checks 
*** TURN *** [4d Ks 8s] [2s]
nastja336: bets $1.19
theradical88: folds 
Uncalled bet ($1.19) returned to nastja336
nastja336 collected $2.38 from pot
nastja336: doesn't show hand 
*** SUMMARY ***
Total pot $2.50 | Rake $0.12 
Board [4d Ks 8s 2s]
Seat 1: nikalas22
Seat 2: p0pa4poker (button) folded before Flop (didn't bet)
Seat 3: Unipoker11 (small blind) folded before Flop
Seat 4: nastja336 (big blind) collected ($2.38)
Seat 5: theradical88 folded on the Turn (didn't bet)
Seat 6: tintin641 folded before Flop (didn't bet)



PokerStars Hand #254538906903:  Hold'em No Limit ($0.50/$1.00 USD) - 2025/01/24 0:24:26 WET [2025/01/24 19:24:26 ET]
Table 'Aludra IV' 6-max Seat #3 is the button
Seat 1: nikalas22 ($145.45 in chips) is sitting out
Seat 2: p0pa4poker ($137.78 in chips) 
Seat 3: Unipoker11 ($100.82 in chips) 
Seat 4: nastja336 ($101.38 in chips) 
Seat 5: theradical88 ($49.49 in chips) 
Seat 6: tintin641 ($123.85 in chips) 
nastja336: posts small blind $0.50
theradical88: posts big blind $1
nikalas22: sits out 
*** HOLE CARDS ***
tintin641: folds 
p0pa4poker: folds 
Unipoker11: folds 
nastja336: folds 
Uncalled bet ($0.50) returned to theradical88
theradical88 collected $1 from pot
*** SUMMARY ***
Total pot $1 | Rake $0 
Seat 1: nikalas22
Seat 2: p0pa4poker folded before Flop (didn't bet)
Seat 3: Unipoker11 (button) folded before Flop (didn't bet)
Seat 4: nastja336 (small blind) folded before Flop
Seat 5: theradical88 (big blind) collected ($1)
Seat 6: tintin641 folded before Flop (didn't bet)



PokerStars Hand #254538909426:  Hold'em No Limit ($0.50/$1.00 USD) - 2025/01/24 0:24:37 WET [2025/01/24 19:24:37 ET]
Table 'Aludra IV' 6-max Seat #4 is the button
Seat 1: nikalas22 ($145.45 in chips) is sitting out
Seat 2: p0pa4poker ($137.78 in chips) 
Seat 3: Unipoker11 ($100.82 in chips) 
Seat 4: nastja336 ($100.88 in chips) 
Seat 5: theradical88 ($49.99 in chips) 
Seat 6: tintin641 ($123.85 in chips) 
theradical88: posts small blind $0.50
tintin641: posts big blind $1
nikalas22: sits out 
*** HOLE CARDS ***
p0pa4poker: folds 
Unipoker11: folds 
nastja336: raises $1.50 to $2.50
theradical88: raises $1.50 to $4
tintin641: folds 
nastja336: calls $1.50
*** FLOP *** [Td Tc 3c]
theradical88: checks 
nastja336: checks 
*** TURN *** [Td Tc 3c] [Ad]
theradical88: bets $4.28
nastja336: folds 
Uncalled bet ($4.28) returned to theradical88
theradical88 collected $8.55 from pot
*** SUMMARY ***
Total pot $9 | Rake $0.45 
Board [Td Tc 3c Ad]
Seat 1: nikalas22
Seat 2: p0pa4poker folded before Flop (didn't bet)
Seat 3: Unipoker11 folded before Flop (didn't bet)
Seat 4: nastja336 (button) folded on the Turn
Seat 5: theradical88 (small blind) collected ($8.55)
Seat 6: tintin641 (big blind) folded before Flop



PokerStars Hand #254538917381:  Hold'em No Limit ($0.50/$1.00 USD) - 2025/01/24 0:25:13 WET [2025/01/24 19:25:13 ET]
Table 'Aludra IV' 6-max Seat #5 is the button
Seat 1: nikalas22 ($145.45 in chips) 
Seat 2: p0pa4poker ($137.78 in chips) 
Seat 3: Unipoker11 ($100.82 in chips) 
Seat 4: nastja336 ($100 in chips) 
Seat 5: theradical88 ($54.54 in chips) 
Seat 6: tintin641 ($122.85 in chips) 
tintin641: posts small blind $0.50
nikalas22: posts big blind $1
*** HOLE CARDS ***
p0pa4poker: folds 
Unipoker11: folds 
nastja336: folds 
theradical88: folds 
tintin641: folds 
Uncalled bet ($0.50) returned to nikalas22
nikalas22 collected $1 from pot
nikalas22: doesn't show hand 
*** SUMMARY ***
Total pot $1 | Rake $0 
Seat 1: nikalas22 (big blind) collected ($1)
Seat 2: p0pa4poker folded before Flop (didn't bet)
Seat 3: Unipoker11 folded before Flop (didn't bet)
Seat 4: nastja336 folded before Flop (didn't bet)
Seat 5: theradical88 (button) folded before Flop (didn't bet)
Seat 6: tintin641 (small blind) folded before Flop



PokerStars Hand #254538921022:  Hold'em No Limit ($0.50/$1.00 USD) - 2025/01/24 0:25:29 WET [2025/01/24 19:25:29 ET]
Table 'Aludra IV' 6-max Seat #6 is the button
Seat 1: nikalas22 ($145.95 in chips) 
Seat 2: p0pa4poker ($137.78 in chips) 
Seat 3: Unipoker11 ($100.82 in chips) 
Seat 4: nastja336 ($100 in chips) 
Seat 5: theradical88 ($54.54 in chips) 
Seat 6: tintin641 ($122.35 in chips) 
nikalas22: posts small blind $0.50
p0pa4poker: posts big blind $1
*** HOLE CARDS ***
Unipoker11: folds 
nastja336: folds 
theradical88: folds 
tintin641: raises $1.50 to $2.50
nikalas22: folds 
p0pa4poker: folds 
Uncalled bet ($1.50) returned to tintin641
tintin641 collected $2.50 from pot
tintin641: doesn't show hand 
*** SUMMARY ***
Total pot $2.50 | Rake $0 
Seat 1: nikalas22 (small blind) folded before Flop
Seat 2: p0pa4poker (big blind) folded before Flop
Seat 3: Unipoker11 folded before Flop (didn't bet)
Seat 4: nastja336 folded before Flop (didn't bet)
Seat 5: theradical88 folded before Flop (didn't bet)
Seat 6: tintin641 (button) collected ($2.50)



PokerStars Hand #254538926428:  Hold'em No Limit ($0.50/$1.00 USD) - 2025/01/24 0:25:53 WET [2025/01/24 19:25:53 ET]
Table 'Aludra IV' 6-max Seat #1 is the button
Seat 1: nikalas22 ($145.45 in chips) 
Seat 2: p0pa4poker ($136.78 in chips) 
Seat 3: Unipoker11 ($100.82 in chips) 
Seat 4: nastja336 ($100 in chips) 
Seat 5: theradical88 ($54.54 in chips) 
Seat 6: tintin641 ($123.85 in chips) 
p0pa4poker: posts small blind $0.50
Unipoker11: posts big blind $1
*** HOLE CARDS ***
nastja336: folds 
theradical88: calls $1
tintin641: raises $3 to $4
nikalas22: folds 
p0pa4poker: folds 
Unipoker11: folds 
theradical88: calls $3
*** FLOP *** [6s 7c 8d]
theradical88: bets $9.02
tintin641: folds 
Uncalled bet ($9.02) returned to theradical88
theradical88 collected $9.02 from pot
*** SUMMARY ***
Total pot $9.50 | Rake $0.48 
Board [6s 7c 8d]
Seat 1: nikalas22 (button) folded before Flop (didn't bet)
Seat 2: p0pa4poker (small blind) folded before Flop
Seat 3: Unipoker11 (big blind) folded before Flop
Seat 4: nastja336 folded before Flop (didn't bet)
Seat 5: theradical88 collected ($9.02)
Seat 6: tintin641 folded on the Flop



PokerStars Hand #254538935440:  Hold'em No Limit ($0.50/$1.00 USD) - 2025/01/24 0:26:35 WET [2025/01/24 19:26:35 ET]
Table 'Aludra IV' 6-max Seat #2 is the button
Seat 1: nikalas22 ($145.45 in chips) 
Seat 2: p0pa4poker ($136.28 in chips) 
Seat 3: Unipoker11 ($100 in chips) 
Seat 4: nastja336 ($100 in chips) 
Seat 5: theradical88 ($59.56 in chips) 
Seat 6: tintin641 ($119.85 in chips) 
Unipoker11: posts small blind $0.50
nastja336: posts big blind $1
*** HOLE CARDS ***
theradical88: folds 
tintin641: raises $1.50 to $2.50
nikalas22: folds 
p0pa4poker: folds 
Unipoker11: folds 
nastja336: calls $1.50
*** FLOP *** [8c 8d Ad]
nastja336: checks 
tintin641: bets $1.72
nastja336: folds 
Uncalled bet ($1.72) returned to tintin641
tintin641 collected $5.22 from pot
tintin641: doesn't show hand 
*** SUMMARY ***
Total pot $5.50 | Rake $0.28 
Board [8c 8d Ad]
Seat 1: nikalas22 folded before Flop (didn't bet)
Seat 2: p0pa4poker (button) folded before Flop (didn't bet)
Seat 3: Unipoker11 (small blind) folded before Flop
Seat 4: nastja336 (big blind) folded on the Flop
Seat 5: theradical88 folded before Flop (didn't bet)
Seat 6: tintin641 collected ($5.22)



PokerStars Hand #254538941092:  Hold'em No Limit ($0.50/$1.00 USD) - 2025/01/24 0:27:00 WET [2025/01/24 19:27:00 ET]
Table 'Aludra IV' 6-max Seat #3 is the button
Seat 1: nikalas22 ($145.45 in chips) 
Seat 2: p0pa4poker ($136.28 in chips) 
Seat 3: Unipoker11 ($100 in chips) 
Seat 4: nastja336 ($100 in chips) 
Seat 5: theradical88 ($59.56 in chips) 
Seat 6: tintin641 ($122.57 in chips) 
nastja336: posts small blind $0.50
theradical88: posts big blind $1
*** HOLE CARDS ***
tintin641: folds 
nikalas22: folds 
p0pa4poker: raises $1.30 to $2.30
Unipoker11: folds 
nastja336: folds 
theradical88: calls $1.30
*** FLOP *** [8c Qh 4c]
theradical88: checks 
p0pa4poker: bets $1.60
theradical88: calls $1.60
*** TURN *** [8c Qh 4c] [Kd]
theradical88: bets $7.88
p0pa4poker: raises $11.12 to $19
theradical88: folds 
Uncalled bet ($11.12) returned to p0pa4poker
p0pa4poker collected $22.86 from pot
p0pa4poker: doesn't show hand 
*** SUMMARY ***
Total pot $24.06 | Rake $1.20 
Board [8c Qh 4c Kd]
Seat 1: nikalas22 folded before Flop (didn't bet)
Seat 2: p0pa4poker collected ($22.86)
Seat 3: Unipoker11 (button) folded before Flop (didn't bet)
Seat 4: nastja336 (small blind) folded before Flop
Seat 5: theradical88 (big blind) folded on the Turn
Seat 6: tintin641 folded before Flop (didn't bet)



PokerStars Hand #254538956618:  Hold'em No Limit ($0.50/$1.00 USD) - 2025/01/24 0:28:10 WET [2025/01/24 19:28:10 ET]
Table 'Aludra IV' 6-max Seat #4 is the button
Seat 6: tintin641 ($122.57 in chips) is sitting out
Seat 1: nikalas22 ($145.45 in chips) 
Seat 2: p0pa4poker ($147.36 in chips) 
Seat 3: Unipoker11 ($100 in chips) 
Seat 4: nastja336 ($100 in chips) 
Seat 5: theradical88 ($47.78 in chips) 
theradical88: posts small blind $0.50
tintin641: is sitting out 
nikalas22: posts big blind $1
*** HOLE CARDS ***
tintin641 leaves the table
p0pa4poker: folds 
Unipoker11: folds 
nastja336: raises $1.50 to $2.50
theradical88: folds 
nikalas22: folds 
Uncalled bet ($1.50) returned to nastja336
nastja336 collected $2.50 from pot
nastja336: doesn't show hand 
B1GBankroll joins the table at seat #6 
*** SUMMARY ***
Total pot $2.50 | Rake $0 
Seat 6: tintin641
Seat 1: nikalas22 (big blind) folded before Flop
Seat 2: p0pa4poker folded before Flop (didn't bet)
Seat 3: Unipoker11 folded before Flop (didn't bet)
Seat 4: nastja336 (button) collected ($2.50)
Seat 5: theradical88 (small blind) folded before Flop



PokerStars Hand #254538960603:  Hold'em No Limit ($0.50/$1.00 USD) - 2025/01/24 0:28:27 WET [2025/01/24 19:28:27 ET]
Table 'Aludra IV' 6-max Seat #5 is the button
Seat 6: B1GBankroll ($100.50 in chips) is sitting out
Seat 1: nikalas22 ($144.45 in chips) 
Seat 2: p0pa4poker ($147.36 in chips) 
Seat 3: Unipoker11 ($100 in chips) 
Seat 4: nastja336 ($101.50 in chips) 
Seat 5: theradical88 ($47.28 in chips) 
nikalas22: posts small blind $0.50
p0pa4poker: posts big blind $1
*** HOLE CARDS ***
Unipoker11: folds 
nastja336: folds 
theradical88: folds 
nikalas22: folds 
Uncalled bet ($0.50) returned to p0pa4poker
p0pa4poker collected $1 from pot
p0pa4poker: doesn't show hand 
*** SUMMARY ***
Total pot $1 | Rake $0 
Seat 6: B1GBankroll
Seat 1: nikalas22 (small blind) folded before Flop
Seat 2: p0pa4poker (big blind) collected ($1)
Seat 3: Unipoker11 folded before Flop (didn't bet)
Seat 4: nastja336 folded before Flop (didn't bet)
Seat 5: theradical88 (button) folded before Flop (didn't bet)



PokerStars Hand #254538964794:  Hold'em No Limit ($0.50/$1.00 USD) - 2025/01/24 0:28:46 WET [2025/01/24 19:28:46 ET]
Table 'Aludra IV' 6-max Seat #1 is the button
Seat 6: B1GBankroll ($100.50 in chips) is sitting out
Seat 1: nikalas22 ($143.95 in chips) 
Seat 2: p0pa4poker ($147.86 in chips) 
Seat 3: Unipoker11 ($100 in chips) 
Seat 4: nastja336 ($101.50 in chips) 
Seat 5: theradical88 ($47.28 in chips) 
p0pa4poker: posts small blind $0.50
Unipoker11: posts big blind $1
B1GBankroll: sits out 
*** HOLE CARDS ***
nastja336: folds 
theradical88: raises $1 to $2
nikalas22: folds 
p0pa4poker: folds 
Unipoker11: calls $1
*** FLOP *** [5h 2s 3h]
Unipoker11: checks 
theradical88: bets $2.14
Unipoker11 has timed out
Unipoker11: folds 
Uncalled bet ($2.14) returned to theradical88
theradical88 collected $4.28 from pot
*** SUMMARY ***
Total pot $4.50 | Rake $0.22 
Board [5h 2s 3h]
Seat 6: B1GBankroll
Seat 1: nikalas22 (button) folded before Flop (didn't bet)
Seat 2: p0pa4poker (small blind) folded before Flop
Seat 3: Unipoker11 (big blind) folded on the Flop
Seat 4: nastja336 folded before Flop (didn't bet)
Seat 5: theradical88 collected ($4.28)



PokerStars Hand #254538977243:  Hold'em No Limit ($0.50/$1.00 USD) - 2025/01/24 0:29:42 WET [2025/01/24 19:29:42 ET]
Table 'Aludra IV' 6-max Seat #2 is the button
Seat 6: B1GBankroll ($100.50 in chips) is sitting out
Seat 1: nikalas22 ($143.95 in chips) 
Seat 2: p0pa4poker ($147.36 in chips) 
Seat 3: Unipoker11 ($100 in chips) 
Seat 4: nastja336 ($101.50 in chips) 
Seat 5: theradical88 ($49.56 in chips) 
Unipoker11: posts small blind $0.50
nastja336: posts big blind $1
B1GBankroll: sits out 
*** HOLE CARDS ***
theradical88: raises $2 to $3
nikalas22: folds 
p0pa4poker has timed out
p0pa4poker: folds 
Unipoker11: folds 
nastja336: folds 
Uncalled bet ($2) returned to theradical88
theradical88 collected $2.50 from pot
*** SUMMARY ***
Total pot $2.50 | Rake $0 
Seat 6: B1GBankroll
Seat 1: nikalas22 folded before Flop (didn't bet)
Seat 2: p0pa4poker (button) folded before Flop (didn't bet)
Seat 3: Unipoker11 (small blind) folded before Flop
Seat 4: nastja336 (big blind) folded before Flop
Seat 5: theradical88 collected ($2.50)



PokerStars Hand #254538986368:  Hold'em No Limit ($0.50/$1.00 USD) - 2025/01/24 0:30:23 WET [2025/01/24 19:30:23 ET]
Table 'Aludra IV' 6-max Seat #3 is the button
Seat 6: B1GBankroll ($100.50 in chips) is sitting out
Seat 1: nikalas22 ($143.95 in chips) 
Seat 2: p0pa4poker ($147.36 in chips) 
Seat 3: Unipoker11 ($100 in chips) 
Seat 4: nastja336 ($100.50 in chips) 
Seat 5: theradical88 ($51.06 in chips) 
nastja336: posts small blind $0.50
theradical88: posts big blind $1
B1GBankroll: sits out 
*** HOLE CARDS ***
nikalas22: folds 
p0pa4poker: folds 
Unipoker11: folds 
nastja336: raises $2 to $3
theradical88: calls $2
*** FLOP *** [9s 5s 5d]
nastja336: bets $1.88
theradical88: calls $1.88
*** TURN *** [9s 5s 5d] [Td]
nastja336: checks 
theradical88: checks 
*** RIVER *** [9s 5s 5d Td] [Ks]
nastja336: bets $3.06
theradical88: raises $15.39 to $18.45
nastja336: folds 
Uncalled bet ($15.39) returned to theradical88
theradical88 collected $15.09 from pot
*** SUMMARY ***
Total pot $15.88 | Rake $0.79 
Board [9s 5s 5d Td Ks]
Seat 6: B1GBankroll
Seat 1: nikalas22 folded before Flop (didn't bet)
Seat 2: p0pa4poker folded before Flop (didn't bet)
Seat 3: Unipoker11 (button) folded before Flop (didn't bet)
Seat 4: nastja336 (small blind) folded on the River
Seat 5: theradical88 (big blind) collected ($15.09)



PokerStars Hand #254538993316:  Hold'em No Limit ($0.50/$1.00 USD) - 2025/01/24 0:30:54 WET [2025/01/24 19:30:54 ET]
Table 'Aludra IV' 6-max Seat #4 is the button
Seat 1: nikalas22 ($143.95 in chips) 
Seat 2: p0pa4poker ($147.36 in chips) 
Seat 3: Unipoker11 ($100 in chips) 
Seat 4: nastja336 ($100 in chips) 
Seat 5: theradical88 ($58.21 in chips) 
Seat 6: B1GBankroll ($100.50 in chips) 
theradical88: posts small blind $0.50
B1GBankroll: posts big blind $1
*** HOLE CARDS ***
nikalas22: raises $1.50 to $2.50
p0pa4poker: folds 
Unipoker11: folds 
nastja336: folds 
theradical88: folds 
B1GBankroll: calls $1.50
*** FLOP *** [5s 4h 8s]
B1GBankroll: bets $2.56
nikalas22: calls $2.56
*** TURN *** [5s 4h 8s] [5h]
B1GBankroll: bets $7.47
nikalas22: calls $7.47
*** RIVER *** [5s 4h 8s 5h] [8h]
B1GBankroll: bets $21.61
nikalas22: folds 
Uncalled bet ($21.61) returned to B1GBankroll
B1GBankroll collected $24.28 from pot
B1GBankroll: doesn't show hand 
*** SUMMARY ***
Total pot $25.56 | Rake $1.28 
Board [5s 4h 8s 5h 8h]
Seat 1: nikalas22 folded on the River
Seat 2: p0pa4poker folded before Flop (didn't bet)
Seat 3: Unipoker11 folded before Flop (didn't bet)
Seat 4: nastja336 (button) folded before Flop (didn't bet)
Seat 5: theradical88 (small blind) folded before Flop
Seat 6: B1GBankroll (big blind) collected ($24.28)



PokerStars Hand #254539009786:  Hold'em No Limit ($0.50/$1.00 USD) - 2025/01/24 0:32:08 WET [2025/01/24 19:32:08 ET]
Table 'Aludra IV' 6-max Seat #5 is the button
Seat 1: nikalas22 ($131.42 in chips) 
Seat 2: p0pa4poker ($147.36 in chips) 
Seat 3: Unipoker11 ($100 in chips) 
Seat 4: nastja336 ($100 in chips) 
Seat 5: theradical88 ($57.71 in chips) 
Seat 6: B1GBankroll ($112.25 in chips) 
B1GBankroll: posts small blind $0.50
nikalas22: posts big blind $1
*** HOLE CARDS ***
p0pa4poker: folds 
Unipoker11: folds 
nastja336: folds 
theradical88: folds 
B1GBankroll: folds 
Uncalled bet ($0.50) returned to nikalas22
nikalas22 collected $1 from pot
nikalas22: doesn't show hand 
*** SUMMARY ***
Total pot $1 | Rake $0 
Seat 1: nikalas22 (big blind) collected ($1)
Seat 2: p0pa4poker folded before Flop (didn't bet)
Seat 3: Unipoker11 folded before Flop (didn't bet)
Seat 4: nastja336 folded before Flop (didn't bet)
Seat 5: theradical88 (button) folded before Flop (didn't bet)
Seat 6: B1GBankroll (small blind) folded before Flop



PokerStars Hand #254539014091:  Hold'em No Limit ($0.50/$1.00 USD) - 2025/01/24 0:32:28 WET [2025/01/24 19:32:28 ET]
Table 'Aludra IV' 6-max Seat #6 is the button
Seat 1: nikalas22 ($131.92 in chips) 
Seat 2: p0pa4poker ($147.36 in chips) 
Seat 3: Unipoker11 ($100 in chips) 
Seat 4: nastja336 ($100 in chips) 
Seat 5: theradical88 ($57.71 in chips) 
Seat 6: B1GBankroll ($111.75 in chips) 
nikalas22: posts small blind $0.50
p0pa4poker: posts big blind $1
*** HOLE CARDS ***
Unipoker11: folds 
nastja336: raises $1.50 to $2.50
theradical88: folds 
B1GBankroll: folds 
nikalas22: folds 
p0pa4poker: folds 
Uncalled bet ($1.50) returned to nastja336
nastja336 collected $2.50 from pot
nastja336: doesn't show hand 
*** SUMMARY ***
Total pot $2.50 | Rake $0 
Seat 1: nikalas22 (small blind) folded before Flop
Seat 2: p0pa4poker (big blind) folded before Flop
Seat 3: Unipoker11 folded before Flop (didn't bet)
Seat 4: nastja336 collected ($2.50)
Seat 5: theradical88 folded before Flop (didn't bet)
Seat 6: B1GBankroll (button) folded before Flop (didn't bet)



PokerStars Hand #254539019197:  Hold'em No Limit ($0.50/$1.00 USD) - 2025/01/24 0:32:51 WET [2025/01/24 19:32:51 ET]
Table 'Aludra IV' 6-max Seat #1 is the button
Seat 1: nikalas22 ($131.42 in chips) 
Seat 2: p0pa4poker ($146.36 in chips) 
Seat 3: Unipoker11 ($100 in chips) 
Seat 4: nastja336 ($101.50 in chips) 
Seat 5: theradical88 ($57.71 in chips) 
Seat 6: B1GBankroll ($111.75 in chips) 
p0pa4poker: posts small blind $0.50
Unipoker11: posts big blind $1
*** HOLE CARDS ***
nastja336: folds 
theradical88: calls $1
B1GBankroll: raises $3 to $4
nikalas22: folds 
p0pa4poker: folds 
Unipoker11: calls $3
theradical88: raises $12.50 to $16.50
B1GBankroll: folds 
Unipoker11: folds 
Uncalled bet ($12.50) returned to theradical88
theradical88 collected $12.50 from pot
*** SUMMARY ***
Total pot $12.50 | Rake $0 
Seat 1: nikalas22 (button) folded before Flop (didn't bet)
Seat 2: p0pa4poker (small blind) folded before Flop
Seat 3: Unipoker11 (big blind) folded before Flop
Seat 4: nastja336 folded before Flop (didn't bet)
Seat 5: theradical88 collected ($12.50)
Seat 6: B1GBankroll folded before Flop



PokerStars Hand #254539028369:  Hold'em No Limit ($0.50/$1.00 USD) - 2025/01/24 0:33:33 WET [2025/01/24 19:33:33 ET]
Table 'Aludra IV' 6-max Seat #2 is the button
Seat 1: nikalas22 ($131.42 in chips) 
Seat 2: p0pa4poker ($145.86 in chips) 
Seat 3: Unipoker11 ($100 in chips) 
Seat 4: nastja336 ($101.50 in chips) 
Seat 5: theradical88 ($66.21 in chips) 
Seat 6: B1GBankroll ($107.75 in chips) 
Unipoker11: posts small blind $0.50
nastja336: posts big blind $1
*** HOLE CARDS ***
theradical88: folds 
B1GBankroll: folds 
nikalas22: raises $1.50 to $2.50
p0pa4poker: folds 
Unipoker11: folds 
nastja336: folds 
Uncalled bet ($1.50) returned to nikalas22
nikalas22 collected $2.50 from pot
nikalas22: doesn't show hand 
*** SUMMARY ***
Total pot $2.50 | Rake $0 
Seat 1: nikalas22 collected ($2.50)
Seat 2: p0pa4poker (button) folded before Flop (didn't bet)
Seat 3: Unipoker11 (small blind) folded before Flop
Seat 4: nastja336 (big blind) folded before Flop
Seat 5: theradical88 folded before Flop (didn't bet)
Seat 6: B1GBankroll folded before Flop (didn't bet)



PokerStars Hand #254539034288:  Hold'em No Limit ($0.50/$1.00 USD) - 2025/01/24 0:34:01 WET [2025/01/24 19:34:01 ET]
Table 'Aludra IV' 6-max Seat #3 is the button
Seat 1: nikalas22 ($132.92 in chips) 
Seat 2: p0pa4poker ($145.86 in chips) 
Seat 3: Unipoker11 ($100 in chips) 
Seat 4: nastja336 ($100.50 in chips) 
Seat 5: theradical88 ($66.21 in chips) 
Seat 6: B1GBankroll ($107.75 in chips) 
nastja336: posts small blind $0.50
theradical88: posts big blind $1
*** HOLE CARDS ***
B1GBankroll: folds 
nikalas22: folds 
p0pa4poker: folds 
Unipoker11: folds 
nastja336: raises $2 to $3
theradical88: folds 
Uncalled bet ($2) returned to nastja336
nastja336 collected $2 from pot
nastja336: doesn't show hand 
*** SUMMARY ***
Total pot $2 | Rake $0 
Seat 1: nikalas22 folded before Flop (didn't bet)
Seat 2: p0pa4poker folded before Flop (didn't bet)
Seat 3: Unipoker11 (button) folded before Flop (didn't bet)
Seat 4: nastja336 (small blind) collected ($2)
Seat 5: theradical88 (big blind) folded before Flop
Seat 6: B1GBankroll folded before Flop (didn't bet)



PokerStars Hand #254539038233:  Hold'em No Limit ($0.50/$1.00 USD) - 2025/01/24 0:34:19 WET [2025/01/24 19:34:19 ET]
Table 'Aludra IV' 6-max Seat #4 is the button
Seat 1: nikalas22 ($132.92 in chips) 
Seat 2: p0pa4poker ($145.86 in chips) 
Seat 3: Unipoker11 ($100 in chips) 
Seat 4: nastja336 ($101.50 in chips) 
Seat 5: theradical88 ($65.21 in chips) 
Seat 6: B1GBankroll ($107.75 in chips) 
theradical88: posts small blind $0.50
B1GBankroll: posts big blind $1
*** HOLE CARDS ***
nikalas22: folds 
p0pa4poker: folds 
Unipoker11: folds 
nastja336: raises $1.50 to $2.50
theradical88: raises $1.50 to $4
B1GBankroll: folds 
nastja336: calls $1.50
*** FLOP *** [Ks Ad 5h]
theradical88: bets $8.55
nastja336: calls $8.55
*** TURN *** [Ks Ad 5h] [2s]
theradical88: checks 
nastja336: checks 
*** RIVER *** [Ks Ad 5h 2s] [8d]
theradical88: bets $24.80
nastja336: calls $24.80
*** SHOW DOWN ***
theradical88: shows [Ts As] (a pair of Aces)
nastja336: shows [Td Ac] (a pair of Aces)
theradical88 collected $36.60 from pot
nastja336 collected $36.60 from pot
*** SUMMARY ***
Total pot $75.70 | Rake $2.50 
Board [Ks Ad 5h 2s 8d]
Seat 1: nikalas22 folded before Flop (didn't bet)
Seat 2: p0pa4poker folded before Flop (didn't bet)
Seat 3: Unipoker11 folded before Flop (didn't bet)
Seat 4: nastja336 (button) showed [Td Ac] and won ($36.60) with a pair of Aces
Seat 5: theradical88 (small blind) showed [Ts As] and won ($36.60) with a pair of Aces
Seat 6: B1GBankroll (big blind) folded before Flop



PokerStars Hand #254539049875:  Hold'em No Limit ($0.50/$1.00 USD) - 2025/01/24 0:35:13 WET [2025/01/24 19:35:13 ET]
Table 'Aludra IV' 6-max Seat #5 is the button
Seat 1: nikalas22 ($132.92 in chips) 
Seat 2: p0pa4poker ($145.86 in chips) 
Seat 3: Unipoker11 ($100 in chips) 
Seat 4: nastja336 ($100.75 in chips) 
Seat 5: theradical88 ($64.46 in chips) 
Seat 6: B1GBankroll ($106.75 in chips) 
B1GBankroll: posts small blind $0.50
nikalas22: posts big blind $1
*** HOLE CARDS ***
p0pa4poker: raises $1 to $2
Unipoker11: folds 
nastja336: folds 
theradical88: raises $1 to $3
B1GBankroll: folds 
nikalas22: folds 
p0pa4poker: calls $1
*** FLOP *** [Qc Jd 5h]
p0pa4poker: checks 
theradical88: checks 
*** TURN *** [Qc Jd 5h] [9d]
p0pa4poker: checks 
theradical88: bets $3.56
p0pa4poker: folds 
Uncalled bet ($3.56) returned to theradical88
theradical88 collected $7.12 from pot
*** SUMMARY ***
Total pot $7.50 | Rake $0.38 
Board [Qc Jd 5h 9d]
Seat 1: nikalas22 (big blind) folded before Flop
Seat 2: p0pa4poker folded on the Turn
Seat 3: Unipoker11 folded before Flop (didn't bet)
Seat 4: nastja336 folded before Flop (didn't bet)
Seat 5: theradical88 (button) collected ($7.12)
Seat 6: B1GBankroll (small blind) folded before Flop



PokerStars Hand #254539065816:  Hold'em No Limit ($0.50/$1.00 USD) - 2025/01/24 0:36:27 WET [2025/01/24 19:36:27 ET]
Table 'Aludra IV' 6-max Seat #6 is the button
Seat 1: nikalas22 ($131.92 in chips) 
Seat 2: p0pa4poker ($142.86 in chips) 
Seat 3: Unipoker11 ($100 in chips) 
Seat 4: nastja336 ($100.75 in chips) 
Seat 5: theradical88 ($68.58 in chips) 
Seat 6: B1GBankroll ($106.25 in chips) 
nikalas22: posts small blind $0.50
p0pa4poker: posts big blind $1
*** HOLE CARDS ***
Unipoker11: raises $1 to $2
nastja336: folds 
theradical88: raises $1 to $3
B1GBankroll: folds 
nikalas22: folds 
p0pa4poker: folds 
Unipoker11: raises $10 to $13
theradical88: calls $10
*** FLOP *** [3c Ad 2c]
Unipoker11: checks 
theradical88: checks 
*** TURN *** [3c Ad 2c] [8s]
Unipoker11: checks 
theradical88: checks 
*** RIVER *** [3c Ad 2c 8s] [Qh]
Unipoker11: bets $8.62
theradical88: folds 
Uncalled bet ($8.62) returned to Unipoker11
Unipoker11 collected $26.12 from pot
Unipoker11: doesn't show hand 
*** SUMMARY ***
Total pot $27.50 | Rake $1.38 
Board [3c Ad 2c 8s Qh]
Seat 1: nikalas22 (small blind) folded before Flop
Seat 2: p0pa4poker (big blind) folded before Flop
Seat 3: Unipoker11 collected ($26.12)
Seat 4: nastja336 folded before Flop (didn't bet)
Seat 5: theradical88 folded on the River
Seat 6: B1GBankroll (button) folded before Flop (didn't bet)



PokerStars Hand #254539081665:  Hold'em No Limit ($0.50/$1.00 USD) - 2025/01/24 0:37:40 WET [2025/01/24 19:37:40 ET]
Table 'Aludra IV' 6-max Seat #1 is the button
Seat 1: nikalas22 ($131.42 in chips) 
Seat 2: p0pa4poker ($141.86 in chips) 
Seat 3: Unipoker11 ($113.12 in chips) 
Seat 4: nastja336 ($100.75 in chips) 
Seat 5: theradical88 ($55.58 in chips) 
Seat 6: B1GBankroll ($106.25 in chips) 
p0pa4poker: posts small blind $0.50
Unipoker11: posts big blind $1
*** HOLE CARDS ***
nastja336: raises $1.50 to $2.50
theradical88: folds 
B1GBankroll: folds 
nikalas22: folds 
p0pa4poker: folds 
Unipoker11: folds 
Uncalled bet ($1.50) returned to nastja336
nastja336 collected $2.50 from pot
nastja336: doesn't show hand 
*** SUMMARY ***
Total pot $2.50 | Rake $0 
Seat 1: nikalas22 (button) folded before Flop (didn't bet)
Seat 2: p0pa4poker (small blind) folded before Flop
Seat 3: Unipoker11 (big blind) folded before Flop
Seat 4: nastja336 collected ($2.50)
Seat 5: theradical88 folded before Flop (didn't bet)
Seat 6: B1GBankroll folded before Flop (didn't bet)



PokerStars Hand #254539085091:  Hold'em No Limit ($0.50/$1.00 USD) - 2025/01/24 0:37:56 WET [2025/01/24 19:37:56 ET]
Table 'Aludra IV' 6-max Seat #2 is the button
Seat 1: nikalas22 ($131.42 in chips) 
Seat 2: p0pa4poker ($141.36 in chips) 
Seat 3: Unipoker11 ($112.12 in chips) 
Seat 4: nastja336 ($102.25 in chips) 
Seat 5: theradical88 ($55.58 in chips) 
Seat 6: B1GBankroll ($106.25 in chips) 
Unipoker11: posts small blind $0.50
nastja336: posts big blind $1
*** HOLE CARDS ***
theradical88: raises $1 to $2
B1GBankroll: folds 
nikalas22: folds 
p0pa4poker: folds 
Unipoker11: folds 
nastja336: calls $1
*** FLOP *** [Kc Jh Tc]
nastja336: checks 
theradical88: bets $4.28
nastja336: folds 
Uncalled bet ($4.28) returned to theradical88
theradical88 collected $4.28 from pot
*** SUMMARY ***
Total pot $4.50 | Rake $0.22 
Board [Kc Jh Tc]
Seat 1: nikalas22 folded before Flop (didn't bet)
Seat 2: p0pa4poker (button) folded before Flop (didn't bet)
Seat 3: Unipoker11 (small blind) folded before Flop
Seat 4: nastja336 (big blind) folded on the Flop
Seat 5: theradical88 collected ($4.28)
Seat 6: B1GBankroll folded before Flop (didn't bet)



PokerStars Hand #254539090237:  Hold'em No Limit ($0.50/$1.00 USD) - 2025/01/24 0:38:20 WET [2025/01/24 19:38:20 ET]
Table 'Aludra IV' 6-max Seat #3 is the button
Seat 1: nikalas22 ($131.42 in chips) 
Seat 2: p0pa4poker ($141.36 in chips) 
Seat 3: Unipoker11 ($111.62 in chips) 
Seat 4: nastja336 ($100.25 in chips) 
Seat 5: theradical88 ($57.86 in chips) 
Seat 6: B1GBankroll ($106.25 in chips) 
nastja336: posts small blind $0.50
theradical88: posts big blind $1
*** HOLE CARDS ***
B1GBankroll: raises $1.50 to $2.50
nikalas22: folds 
p0pa4poker: folds 
Unipoker11: folds 
nastja336: raises $9.50 to $12
theradical88: folds 
B1GBankroll: calls $9.50
*** FLOP *** [9c Ah Js]
nastja336: checks 
B1GBankroll: checks 
*** TURN *** [9c Ah Js] [Th]
nastja336: checks 
B1GBankroll: checks 
*** RIVER *** [9c Ah Js Th] [Ac]
nastja336: checks 
B1GBankroll: bets $17.58
nastja336: calls $17.58
*** SHOW DOWN ***
B1GBankroll: shows [5d 5s] (two pair, Aces and Fives)
nastja336: shows [As Qd] (three of a kind, Aces)
nastja336 collected $57.66 from pot
*** SUMMARY ***
Total pot $60.16 | Rake $2.50 
Board [9c Ah Js Th Ac]
Seat 1: nikalas22 folded before Flop (didn't bet)
Seat 2: p0pa4poker folded before Flop (didn't bet)
Seat 3: Unipoker11 (button) folded before Flop (didn't bet)
Seat 4: nastja336 (small blind) showed [As Qd] and won ($57.66) with three of a kind, Aces
Seat 5: theradical88 (big blind) folded before Flop
Seat 6: B1GBankroll showed [5d 5s] and lost with two pair, Aces and Fives



PokerStars Hand #254539109743:  Hold'em No Limit ($0.50/$1.00 USD) - 2025/01/24 0:39:50 WET [2025/01/24 19:39:50 ET]
Table 'Aludra IV' 6-max Seat #4 is the button
Seat 1: nikalas22 ($131.42 in chips) 
Seat 2: p0pa4poker ($141.36 in chips) 
Seat 3: Unipoker11 ($111.62 in chips) 
Seat 4: nastja336 ($128.33 in chips) 
Seat 5: theradical88 ($56.86 in chips) 
Seat 6: B1GBankroll ($100 in chips) 
theradical88: posts small blind $0.50
B1GBankroll: posts big blind $1
*** HOLE CARDS ***
nikalas22: folds 
p0pa4poker: raises $1 to $2
Unipoker11: folds 
nastja336: folds 
theradical88: raises $1 to $3
B1GBankroll: folds 
p0pa4poker: calls $1
*** FLOP *** [7d Jh Kc]
theradical88 is disconnected 
theradical88 has timed out while disconnected
theradical88: checks 
p0pa4poker: bets $3.33
theradical88 is connected 
theradical88: raises $3.33 to $6.66
p0pa4poker: calls $3.33
*** TURN *** [7d Jh Kc] [8s]
theradical88: checks 
p0pa4poker: checks 
*** RIVER *** [7d Jh Kc 8s] [Ad]
theradical88: bets $19.30
p0pa4poker: calls $19.30
*** SHOW DOWN ***
theradical88: shows [3h Js] (a pair of Jacks)
p0pa4poker: shows [Td Ks] (a pair of Kings)
p0pa4poker collected $56.42 from pot
*** SUMMARY ***
Total pot $58.92 | Rake $2.50 
Board [7d Jh Kc 8s Ad]
Seat 1: nikalas22 folded before Flop (didn't bet)
Seat 2: p0pa4poker showed [Td Ks] and won ($56.42) with a pair of Kings
Seat 3: Unipoker11 folded before Flop (didn't bet)
Seat 4: nastja336 (button) folded before Flop (didn't bet)
Seat 5: theradical88 (small blind) showed [3h Js] and lost with a pair of Jacks
Seat 6: B1GBankroll (big blind) folded before Flop



PokerStars Hand #254539152504:  Hold'em No Limit ($0.50/$1.00 USD) - 2025/01/24 0:43:11 WET [2025/01/24 19:43:11 ET]
Table 'Aludra IV' 6-max Seat #5 is the button
Seat 1: nikalas22 ($131.42 in chips) 
Seat 2: p0pa4poker ($168.82 in chips) 
Seat 3: Unipoker11 ($111.62 in chips) 
Seat 4: nastja336 ($128.33 in chips) 
Seat 5: theradical88 ($27.90 in chips) 
Seat 6: B1GBankroll ($100 in chips) 
B1GBankroll: posts small blind $0.50
nikalas22: posts big blind $1
*** HOLE CARDS ***
p0pa4poker: folds 
Unipoker11: folds 
nastja336: raises $1.50 to $2.50
theradical88: raises $1.50 to $4
B1GBankroll: folds 
nikalas22: folds 
nastja336: raises $50 to $54
theradical88: calls $23.90 and is all-in
Uncalled bet ($26.10) returned to nastja336
*** FLOP *** [5s 7h 6h]
*** TURN *** [5s 7h 6h] [Js]
*** RIVER *** [5s 7h 6h Js] [8s]
*** SHOW DOWN ***
nastja336: shows [Th Td] (a pair of Tens)
theradical88: shows [Kc Ks] (a pair of Kings)
theradical88 collected $54.80 from pot
*** SUMMARY ***
Total pot $57.30 | Rake $2.50 
Board [5s 7h 6h Js 8s]
Seat 1: nikalas22 (big blind) folded before Flop
Seat 2: p0pa4poker folded before Flop (didn't bet)
Seat 3: Unipoker11 folded before Flop (didn't bet)
Seat 4: nastja336 showed [Th Td] and lost with a pair of Tens
Seat 5: theradical88 (button) showed [Kc Ks] and won ($54.80) with a pair of Kings
Seat 6: B1GBankroll (small blind) folded before Flop



PokerStars Hand #254539160249:  Hold'em No Limit ($0.50/$1.00 USD) - 2025/01/24 0:43:48 WET [2025/01/24 19:43:48 ET]
Table 'Aludra IV' 6-max Seat #6 is the button
Seat 1: nikalas22 ($130.42 in chips) 
Seat 2: p0pa4poker ($168.82 in chips) 
Seat 3: Unipoker11 ($111.62 in chips) 
Seat 4: nastja336 ($100.43 in chips) 
Seat 5: theradical88 ($54.80 in chips) 
Seat 6: B1GBankroll ($100 in chips) 
nikalas22: posts small blind $0.50
p0pa4poker: posts big blind $1
*** HOLE CARDS ***
Unipoker11: folds 
nastja336: folds 
theradical88: folds 
B1GBankroll: folds 
nikalas22: folds 
Uncalled bet ($0.50) returned to p0pa4poker
p0pa4poker collected $1 from pot
p0pa4poker: doesn't show hand 
*** SUMMARY ***
Total pot $1 | Rake $0 
Seat 1: nikalas22 (small blind) folded before Flop
Seat 2: p0pa4poker (big blind) collected ($1)
Seat 3: Unipoker11 folded before Flop (didn't bet)
Seat 4: nastja336 folded before Flop (didn't bet)
Seat 5: theradical88 folded before Flop (didn't bet)
Seat 6: B1GBankroll (button) folded before Flop (didn't bet)



PokerStars Hand #254539162684:  Hold'em No Limit ($0.50/$1.00 USD) - 2025/01/24 0:44:00 WET [2025/01/24 19:44:00 ET]
Table 'Aludra IV' 6-max Seat #1 is the button
Seat 1: nikalas22 ($129.92 in chips) 
Seat 2: p0pa4poker ($169.32 in chips) 
Seat 3: Unipoker11 ($111.62 in chips) 
Seat 4: nastja336 ($100.43 in chips) 
Seat 5: theradical88 ($54.80 in chips) 
Seat 6: B1GBankroll ($100 in chips) 
p0pa4poker: posts small blind $0.50
Unipoker11: posts big blind $1
*** HOLE CARDS ***
nastja336: folds 
theradical88: folds 
B1GBankroll: folds 
nikalas22: folds 
p0pa4poker: raises $2 to $3
Unipoker11: folds 
Uncalled bet ($2) returned to p0pa4poker
p0pa4poker collected $2 from pot
p0pa4poker: doesn't show hand 
*** SUMMARY ***
Total pot $2 | Rake $0 
Seat 1: nikalas22 (button) folded before Flop (didn't bet)
Seat 2: p0pa4poker (small blind) collected ($2)
Seat 3: Unipoker11 (big blind) folded before Flop
Seat 4: nastja336 folded before Flop (didn't bet)
Seat 5: theradical88 folded before Flop (didn't bet)
Seat 6: B1GBankroll folded before Flop (didn't bet)



PokerStars Hand #254539168299:  Hold'em No Limit ($0.50/$1.00 USD) - 2025/01/24 0:44:27 WET [2025/01/24 19:44:27 ET]
Table 'Aludra IV' 6-max Seat #2 is the button
Seat 1: nikalas22 ($129.92 in chips) 
Seat 2: p0pa4poker ($170.32 in chips) 
Seat 3: Unipoker11 ($110.62 in chips) 
Seat 4: nastja336 ($100.43 in chips) 
Seat 5: theradical88 ($54.80 in chips) 
Seat 6: B1GBankroll ($100 in chips) 
Unipoker11: posts small blind $0.50
nastja336: posts big blind $1
*** HOLE CARDS ***
theradical88: folds 
B1GBankroll: folds 
nikalas22: folds 
p0pa4poker: raises $1.50 to $2.50
Unipoker11: folds 
nastja336: calls $1.50
*** FLOP *** [8h 6s 9h]
nastja336: bets $1.72
p0pa4poker: calls $1.72
*** TURN *** [8h 6s 9h] [9s]
nastja336: checks 
p0pa4poker: checks 
*** RIVER *** [8h 6s 9h 9s] [6h]
nastja336: checks 
p0pa4poker: bets $13
nastja336: folds 
Uncalled bet ($13) returned to p0pa4poker
p0pa4poker collected $8.49 from pot
p0pa4poker: doesn't show hand 
*** SUMMARY ***
Total pot $8.94 | Rake $0.45 
Board [8h 6s 9h 9s 6h]
Seat 1: nikalas22 folded before Flop (didn't bet)
Seat 2: p0pa4poker (button) collected ($8.49)
Seat 3: Unipoker11 (small blind) folded before Flop
Seat 4: nastja336 (big blind) folded on the River
Seat 5: theradical88 folded before Flop (didn't bet)
Seat 6: B1GBankroll folded before Flop (didn't bet)



PokerStars Hand #254539192878:  Hold'em No Limit ($0.50/$1.00 USD) - 2025/01/24 0:46:23 WET [2025/01/24 19:46:23 ET]
Table 'Aludra IV' 6-max Seat #3 is the button
Seat 1: nikalas22 ($129.92 in chips) 
Seat 2: p0pa4poker ($174.59 in chips) 
Seat 3: Unipoker11 ($110.12 in chips) 
Seat 4: nastja336 ($100 in chips) 
Seat 5: theradical88 ($54.80 in chips) 
Seat 6: B1GBankroll ($100 in chips) 
nastja336: posts small blind $0.50
theradical88: posts big blind $1
*** HOLE CARDS ***
B1GBankroll: folds 
nikalas22: raises $1.50 to $2.50
p0pa4poker: folds 
Unipoker11: folds 
nastja336: folds 
theradical88: calls $1.50
*** FLOP *** [Ad 2s 7s]
theradical88: checks 
nikalas22: checks 
*** TURN *** [Ad 2s 7s] [Jc]
theradical88: bets $5.22
nikalas22: folds 
Uncalled bet ($5.22) returned to theradical88
theradical88 collected $5.22 from pot
*** SUMMARY ***
Total pot $5.50 | Rake $0.28 
Board [Ad 2s 7s Jc]
Seat 1: nikalas22 folded on the Turn
Seat 2: p0pa4poker folded before Flop (didn't bet)
Seat 3: Unipoker11 (button) folded before Flop (didn't bet)
Seat 4: nastja336 (small blind) folded before Flop
Seat 5: theradical88 (big blind) collected ($5.22)
Seat 6: B1GBankroll folded before Flop (didn't bet)



PokerStars Hand #254539199827:  Hold'em No Limit ($0.50/$1.00 USD) - 2025/01/24 0:46:57 WET [2025/01/24 19:46:57 ET]
Table 'Aludra IV' 6-max Seat #4 is the button
Seat 1: nikalas22 ($127.42 in chips) 
Seat 2: p0pa4poker ($174.59 in chips) 
Seat 3: Unipoker11 ($110.12 in chips) 
Seat 4: nastja336 ($100 in chips) 
Seat 5: theradical88 ($57.52 in chips) 
Seat 6: B1GBankroll ($100 in chips) 
theradical88: posts small blind $0.50
B1GBankroll: posts big blind $1
*** HOLE CARDS ***
nikalas22: folds 
p0pa4poker: raises $1 to $2
Unipoker11: folds 
nastja336: calls $2
theradical88: calls $1.50
B1GBankroll: folds 
*** FLOP *** [Qd Ah Qs]
theradical88: checks 
p0pa4poker: checks 
nastja336: checks 
*** TURN *** [Qd Ah Qs] [4c]
theradical88: bets $3.33
p0pa4poker: folds 
nastja336: folds 
Uncalled bet ($3.33) returned to theradical88
theradical88 collected $6.65 from pot
*** SUMMARY ***
Total pot $7 | Rake $0.35 
Board [Qd Ah Qs 4c]
Seat 1: nikalas22 folded before Flop (didn't bet)
Seat 2: p0pa4poker folded on the Turn
Seat 3: Unipoker11 folded before Flop (didn't bet)
Seat 4: nastja336 (button) folded on the Turn
Seat 5: theradical88 (small blind) collected ($6.65)
Seat 6: B1GBankroll (big blind) folded before Flop



PokerStars Hand #254539209117:  Hold'em No Limit ($0.50/$1.00 USD) - 2025/01/24 0:47:41 WET [2025/01/24 19:47:41 ET]
Table 'Aludra IV' 6-max Seat #5 is the button
Seat 1: nikalas22 ($127.42 in chips) 
Seat 2: p0pa4poker ($172.59 in chips) 
Seat 3: Unipoker11 ($110.12 in chips) 
Seat 4: nastja336 ($100 in chips) 
Seat 5: theradical88 ($62.17 in chips) 
Seat 6: B1GBankroll ($100 in chips) 
B1GBankroll: posts small blind $0.50
nikalas22: posts big blind $1
*** HOLE CARDS ***
p0pa4poker: folds 
Unipoker11: folds 
nastja336: folds 
theradical88: raises $1 to $2
B1GBankroll: folds 
nikalas22: calls $1
*** FLOP *** [7s 4h 9s]
nikalas22: checks 
theradical88: checks 
*** TURN *** [7s 4h 9s] [3h]
nikalas22: bets $3.21
theradical88: calls $3.21
*** RIVER *** [7s 4h 9s 3h] [5d]
nikalas22: checks 
theradical88: checks 
*** SHOW DOWN ***
nikalas22: shows [9d Qd] (a pair of Nines)
theradical88: mucks hand 
nikalas22 collected $10.37 from pot
*** SUMMARY ***
Total pot $10.92 | Rake $0.55 
Board [7s 4h 9s 3h 5d]
Seat 1: nikalas22 (big blind) showed [9d Qd] and won ($10.37) with a pair of Nines
Seat 2: p0pa4poker folded before Flop (didn't bet)
Seat 3: Unipoker11 folded before Flop (didn't bet)
Seat 4: nastja336 folded before Flop (didn't bet)
Seat 5: theradical88 (button) mucked
Seat 6: B1GBankroll (small blind) folded before Flop



PokerStars Hand #254539218170:  Hold'em No Limit ($0.50/$1.00 USD) - 2025/01/24 0:48:24 WET [2025/01/24 19:48:24 ET]
Table 'Aludra IV' 6-max Seat #6 is the button
Seat 1: nikalas22 ($132.58 in chips) 
Seat 2: p0pa4poker ($172.59 in chips) 
Seat 3: Unipoker11 ($110.12 in chips) 
Seat 4: nastja336 ($100 in chips) 
Seat 5: theradical88 ($56.96 in chips) 
Seat 6: B1GBankroll ($100 in chips) 
nikalas22: posts small blind $0.50
p0pa4poker: posts big blind $1
*** HOLE CARDS ***
Unipoker11: folds 
nastja336: folds 
theradical88: folds 
B1GBankroll: folds 
nikalas22: folds 
Uncalled bet ($0.50) returned to p0pa4poker
p0pa4poker collected $1 from pot
p0pa4poker: doesn't show hand 
*** SUMMARY ***
Total pot $1 | Rake $0 
Seat 1: nikalas22 (small blind) folded before Flop
Seat 2: p0pa4poker (big blind) collected ($1)
Seat 3: Unipoker11 folded before Flop (didn't bet)
Seat 4: nastja336 folded before Flop (didn't bet)
Seat 5: theradical88 folded before Flop (didn't bet)
Seat 6: B1GBankroll (button) folded before Flop (didn't bet)



PokerStars Hand #254539223986:  Hold'em No Limit ($0.50/$1.00 USD) - 2025/01/24 0:48:52 WET [2025/01/24 19:48:52 ET]
Table 'Aludra IV' 6-max Seat #1 is the button
Seat 1: nikalas22 ($132.08 in chips) 
Seat 2: p0pa4poker ($173.09 in chips) 
Seat 3: Unipoker11 ($110.12 in chips) 
Seat 4: nastja336 ($100 in chips) 
Seat 5: theradical88 ($56.96 in chips) 
Seat 6: B1GBankroll ($100 in chips) 
p0pa4poker: posts small blind $0.50
Unipoker11: posts big blind $1
*** HOLE CARDS ***
nastja336: folds 
theradical88: raises $1 to $2
B1GBankroll: folds 
nikalas22: folds 
p0pa4poker: folds 
Unipoker11: calls $1
*** FLOP *** [9s 5c 3c]
Unipoker11: checks 
theradical88: checks 
*** TURN *** [9s 5c 3c] [9d]
Unipoker11: bets $1.41
theradical88: calls $1.41
*** RIVER *** [9s 5c 3c 9d] [Qh]
Unipoker11: bets $2.29
theradical88: raises $11.53 to $13.82
Unipoker11: folds 
Uncalled bet ($11.53) returned to theradical88
theradical88 collected $11.30 from pot
*** SUMMARY ***
Total pot $11.90 | Rake $0.60 
Board [9s 5c 3c 9d Qh]
Seat 1: nikalas22 (button) folded before Flop (didn't bet)
Seat 2: p0pa4poker (small blind) folded before Flop
Seat 3: Unipoker11 (big blind) folded on the River
Seat 4: nastja336 folded before Flop (didn't bet)
Seat 5: theradical88 collected ($11.30)
Seat 6: B1GBankroll folded before Flop (didn't bet)



PokerStars Hand #254539239716:  Hold'em No Limit ($0.50/$1.00 USD) - 2025/01/24 0:50:07 WET [2025/01/24 19:50:07 ET]
Table 'Aludra IV' 6-max Seat #2 is the button
Seat 1: nikalas22 ($132.08 in chips) 
Seat 2: p0pa4poker ($172.59 in chips) 
Seat 3: Unipoker11 ($104.42 in chips) 
Seat 4: nastja336 ($100 in chips) 
Seat 5: theradical88 ($62.56 in chips) 
Seat 6: B1GBankroll ($100 in chips) 
Unipoker11: posts small blind $0.50
nastja336: posts big blind $1
*** HOLE CARDS ***
theradical88: folds 
B1GBankroll: folds 
nikalas22: raises $1.50 to $2.50
p0pa4poker: folds 
Unipoker11: raises $8.50 to $11
nastja336: folds 
nikalas22: folds 
Uncalled bet ($8.50) returned to Unipoker11
Unipoker11 collected $6 from pot
Unipoker11: doesn't show hand 
*** SUMMARY ***
Total pot $6 | Rake $0 
Seat 1: nikalas22 folded before Flop
Seat 2: p0pa4poker (button) folded before Flop (didn't bet)
Seat 3: Unipoker11 (small blind) collected ($6)
Seat 4: nastja336 (big blind) folded before Flop
Seat 5: theradical88 folded before Flop (didn't bet)
Seat 6: B1GBankroll folded before Flop (didn't bet)



PokerStars Hand #254539245142:  Hold'em No Limit ($0.50/$1.00 USD) - 2025/01/24 0:50:33 WET [2025/01/24 19:50:33 ET]
Table 'Aludra IV' 6-max Seat #3 is the button
Seat 1: nikalas22 ($129.58 in chips) 
Seat 2: p0pa4poker ($172.59 in chips) 
Seat 3: Unipoker11 ($107.92 in chips) 
Seat 4: nastja336 ($100 in chips) 
Seat 5: theradical88 ($62.56 in chips) 
Seat 6: B1GBankroll ($100 in chips) 
nastja336: posts small blind $0.50
theradical88: posts big blind $1
*** HOLE CARDS ***
B1GBankroll: folds 
nikalas22: folds 
p0pa4poker: folds 
Unipoker11: raises $1.50 to $2.50
nastja336: raises $9.50 to $12
theradical88: folds 
Unipoker11: folds 
Uncalled bet ($9.50) returned to nastja336
nastja336 collected $6 from pot
nastja336: doesn't show hand 
*** SUMMARY ***
Total pot $6 | Rake $0 
Seat 1: nikalas22 folded before Flop (didn't bet)
Seat 2: p0pa4poker folded before Flop (didn't bet)
Seat 3: Unipoker11 (button) folded before Flop
Seat 4: nastja336 (small blind) collected ($6)
Seat 5: theradical88 (big blind) folded before Flop
Seat 6: B1GBankroll folded before Flop (didn't bet)



PokerStars Hand #254539252152:  Hold'em No Limit ($0.50/$1.00 USD) - 2025/01/24 0:51:07 WET [2025/01/24 19:51:07 ET]
Table 'Aludra IV' 6-max Seat #4 is the button
Seat 1: nikalas22 ($129.58 in chips) 
Seat 2: p0pa4poker ($172.59 in chips) 
Seat 3: Unipoker11 ($105.42 in chips) 
Seat 4: nastja336 ($103.50 in chips) 
Seat 5: theradical88 ($61.56 in chips) 
Seat 6: B1GBankroll ($100 in chips) 
theradical88: posts small blind $0.50
B1GBankroll: posts big blind $1
*** HOLE CARDS ***
nikalas22: raises $1.50 to $2.50
p0pa4poker: folds 
Unipoker11: folds 
nastja336: folds 
theradical88: folds 
B1GBankroll: calls $1.50
*** FLOP *** [Qc As 6s]
B1GBankroll: checks 
nikalas22: bets $3.92
B1GBankroll: folds 
Uncalled bet ($3.92) returned to nikalas22
nikalas22 collected $5.22 from pot
nikalas22: doesn't show hand 
*** SUMMARY ***
Total pot $5.50 | Rake $0.28 
Board [Qc As 6s]
Seat 1: nikalas22 collected ($5.22)
Seat 2: p0pa4poker folded before Flop (didn't bet)
Seat 3: Unipoker11 folded before Flop (didn't bet)
Seat 4: nastja336 (button) folded before Flop (didn't bet)
Seat 5: theradical88 (small blind) folded before Flop
Seat 6: B1GBankroll (big blind) folded on the Flop



PokerStars Hand #254539260285:  Hold'em No Limit ($0.50/$1.00 USD) - 2025/01/24 0:51:46 WET [2025/01/24 19:51:46 ET]
Table 'Aludra IV' 6-max Seat #5 is the button
Seat 1: nikalas22 ($132.30 in chips) 
Seat 2: p0pa4poker ($172.59 in chips) 
Seat 3: Unipoker11 ($105.42 in chips) 
Seat 4: nastja336 ($103.50 in chips) 
Seat 5: theradical88 ($61.06 in chips) 
Seat 6: B1GBankroll ($100 in chips) 
B1GBankroll: posts small blind $0.50
nikalas22: posts big blind $1
*** HOLE CARDS ***
p0pa4poker: folds 
Unipoker11: folds 
nastja336: raises $1.50 to $2.50
theradical88: calls $2.50
B1GBankroll: folds 
nikalas22: calls $1.50
*** FLOP *** [6d 4d 9s]
nikalas22: checks 
nastja336: checks 
theradical88: bets $7.60
nikalas22: folds 
nastja336: folds 
Uncalled bet ($7.60) returned to theradical88
theradical88 collected $7.60 from pot
*** SUMMARY ***
Total pot $8 | Rake $0.40 
Board [6d 4d 9s]
Seat 1: nikalas22 (big blind) folded on the Flop
Seat 2: p0pa4poker folded before Flop (didn't bet)
Seat 3: Unipoker11 folded before Flop (didn't bet)
Seat 4: nastja336 folded on the Flop
Seat 5: theradical88 (button) collected ($7.60)
Seat 6: B1GBankroll (small blind) folded before Flop



PokerStars Hand #254539268010:  Hold'em No Limit ($0.50/$1.00 USD) - 2025/01/24 0:52:23 WET [2025/01/24 19:52:23 ET]
Table 'Aludra IV' 6-max Seat #6 is the button
Seat 1: nikalas22 ($129.80 in chips) 
Seat 2: p0pa4poker ($172.59 in chips) 
Seat 3: Unipoker11 ($105.42 in chips) 
Seat 4: nastja336 ($101 in chips) 
Seat 5: theradical88 ($66.16 in chips) 
Seat 6: B1GBankroll ($100 in chips) 
nikalas22: posts small blind $0.50
p0pa4poker: posts big blind $1
*** HOLE CARDS ***
Unipoker11: folds 
nastja336: folds 
theradical88: folds 
B1GBankroll: folds 
nikalas22: folds 
Uncalled bet ($0.50) returned to p0pa4poker
p0pa4poker collected $1 from pot
p0pa4poker: doesn't show hand 
*** SUMMARY ***
Total pot $1 | Rake $0 
Seat 1: nikalas22 (small blind) folded before Flop
Seat 2: p0pa4poker (big blind) collected ($1)
Seat 3: Unipoker11 folded before Flop (didn't bet)
Seat 4: nastja336 folded before Flop (didn't bet)
Seat 5: theradical88 folded before Flop (didn't bet)
Seat 6: B1GBankroll (button) folded before Flop (didn't bet)



PokerStars Hand #254539273337:  Hold'em No Limit ($0.50/$1.00 USD) - 2025/01/24 0:52:49 WET [2025/01/24 19:52:49 ET]
Table 'Aludra IV' 6-max Seat #1 is the button
Seat 1: nikalas22 ($129.30 in chips) 
Seat 2: p0pa4poker ($173.09 in chips) 
Seat 3: Unipoker11 ($105.42 in chips) 
Seat 4: nastja336 ($101 in chips) 
Seat 5: theradical88 ($66.16 in chips) 
Seat 6: B1GBankroll ($100 in chips) 
p0pa4poker: posts small blind $0.50
Unipoker11: posts big blind $1
*** HOLE CARDS ***
nastja336: folds 
theradical88: folds 
B1GBankroll: folds 
nikalas22: folds 
p0pa4poker: folds 
Uncalled bet ($0.50) returned to Unipoker11
Unipoker11 collected $1 from pot
Unipoker11: doesn't show hand 
*** SUMMARY ***
Total pot $1 | Rake $0 
Seat 1: nikalas22 (button) folded before Flop (didn't bet)
Seat 2: p0pa4poker (small blind) folded before Flop
Seat 3: Unipoker11 (big blind) collected ($1)
Seat 4: nastja336 folded before Flop (didn't bet)
Seat 5: theradical88 folded before Flop (didn't bet)
Seat 6: B1GBankroll folded before Flop (didn't bet)



PokerStars Hand #254539276093:  Hold'em No Limit ($0.50/$1.00 USD) - 2025/01/24 0:53:02 WET [2025/01/24 19:53:02 ET]
Table 'Aludra IV' 6-max Seat #2 is the button
Seat 1: nikalas22 ($129.30 in chips) 
Seat 2: p0pa4poker ($172.59 in chips) 
Seat 3: Unipoker11 ($105.92 in chips) 
Seat 4: nastja336 ($101 in chips) 
Seat 5: theradical88 ($66.16 in chips) 
Seat 6: B1GBankroll ($100 in chips) 
Unipoker11: posts small blind $0.50
nastja336: posts big blind $1
*** HOLE CARDS ***
theradical88: folds 
B1GBankroll: folds 
nikalas22: folds 
p0pa4poker: folds 
Unipoker11: folds 
Uncalled bet ($0.50) returned to nastja336
nastja336 collected $1 from pot
nastja336: doesn't show hand 
*** SUMMARY ***
Total pot $1 | Rake $0 
Seat 1: nikalas22 folded before Flop (didn't bet)
Seat 2: p0pa4poker (button) folded before Flop (didn't bet)
Seat 3: Unipoker11 (small blind) folded before Flop
Seat 4: nastja336 (big blind) collected ($1)
Seat 5: theradical88 folded before Flop (didn't bet)
Seat 6: B1GBankroll folded before Flop (didn't bet)



PokerStars Hand #254539280019:  Hold'em No Limit ($0.50/$1.00 USD) - 2025/01/24 0:53:22 WET [2025/01/24 19:53:22 ET]
Table 'Aludra IV' 6-max Seat #3 is the button
Seat 1: nikalas22 ($129.30 in chips) 
Seat 2: p0pa4poker ($172.59 in chips) 
Seat 3: Unipoker11 ($105.42 in chips) 
Seat 4: nastja336 ($101.50 in chips) 
Seat 5: theradical88 ($66.16 in chips) 
Seat 6: B1GBankroll ($100 in chips) 
nastja336: posts small blind $0.50
theradical88: posts big blind $1
*** HOLE CARDS ***
B1GBankroll: folds 
nikalas22: folds 
p0pa4poker: raises $1.30 to $2.30
Unipoker11: folds 
nastja336: folds 
theradical88: raises $1.30 to $3.60
p0pa4poker: raises $10.40 to $14
theradical88: raises $10.40 to $24.40
p0pa4poker: raises $148.19 to $172.59 and is all-in
theradical88: calls $41.76 and is all-in
Uncalled bet ($106.43) returned to p0pa4poker
*** FLOP *** [Js Kc 3s]
*** TURN *** [Js Kc 3s] [9h]
*** RIVER *** [Js Kc 3s 9h] [3h]
*** SHOW DOWN ***
theradical88: shows [Td Ts] (two pair, Tens and Threes)
p0pa4poker: shows [Kd As] (two pair, Kings and Threes)
p0pa4poker collected $130.32 from pot
*** SUMMARY ***
Total pot $132.82 | Rake $2.50 
Board [Js Kc 3s 9h 3h]
Seat 1: nikalas22 folded before Flop (didn't bet)
Seat 2: p0pa4poker showed [Kd As] and won ($130.32) with two pair, Kings and Threes
Seat 3: Unipoker11 (button) folded before Flop (didn't bet)
Seat 4: nastja336 (small blind) folded before Flop
Seat 5: theradical88 (big blind) showed [Td Ts] and lost with two pair, Tens and Threes
Seat 6: B1GBankroll folded before Flop (didn't bet)



PokerStars Hand #254539289305:  Hold'em No Limit ($0.50/$1.00 USD) - 2025/01/24 0:54:08 WET [2025/01/24 19:54:08 ET]
Table 'Aludra IV' 6-max Seat #4 is the button
Seat 5: theradical88 ($0 in chips) is sitting out
Seat 1: nikalas22 ($129.30 in chips) 
Seat 2: p0pa4poker ($236.75 in chips) 
Seat 3: Unipoker11 ($105.42 in chips) 
Seat 4: nastja336 ($101 in chips) 
Seat 6: B1GBankroll ($100 in chips) 
B1GBankroll: posts small blind $0.50
nikalas22: posts big blind $1
*** HOLE CARDS ***
p0pa4poker: folds 
Unipoker11: folds 
nastja336: folds 
B1GBankroll: raises $2 to $3
nikalas22: folds 
Uncalled bet ($2) returned to B1GBankroll
B1GBankroll collected $2 from pot
B1GBankroll: doesn't show hand 
*** SUMMARY ***
Total pot $2 | Rake $0 
Seat 5: theradical88
Seat 1: nikalas22 (big blind) folded before Flop
Seat 2: p0pa4poker folded before Flop (didn't bet)
Seat 3: Unipoker11 folded before Flop (didn't bet)
Seat 4: nastja336 (button) folded before Flop (didn't bet)
Seat 6: B1GBankroll (small blind) collected ($2)



PokerStars Hand #254539293098:  Hold'em No Limit ($0.50/$1.00 USD) - 2025/01/24 0:54:27 WET [2025/01/24 19:54:27 ET]
Table 'Aludra IV' 6-max Seat #6 is the button
Seat 1: nikalas22 ($128.30 in chips) 
Seat 2: p0pa4poker ($236.75 in chips) 
Seat 3: Unipoker11 ($105.42 in chips) 
Seat 4: nastja336 ($101 in chips) 
Seat 5: theradical88 ($74.20 in chips) 
Seat 6: B1GBankroll ($101 in chips) 
nikalas22: posts small blind $0.50
p0pa4poker: posts big blind $1
theradical88: posts small blind $0.50
*** HOLE CARDS ***
Unipoker11: folds 
nastja336: folds 
theradical88: folds 
B1GBankroll: folds 
nikalas22: folds 
Uncalled bet ($0.50) returned to p0pa4poker
p0pa4poker collected $1.50 from pot
p0pa4poker: doesn't show hand 
*** SUMMARY ***
Total pot $1.50 | Rake $0 
Seat 1: nikalas22 (small blind) folded before Flop
Seat 2: p0pa4poker (big blind) collected ($1.50)
Seat 3: Unipoker11 folded before Flop (didn't bet)
Seat 4: nastja336 folded before Flop (didn't bet)
Seat 5: theradical88 folded before Flop (didn't bet)
Seat 6: B1GBankroll (button) folded before Flop (didn't bet)



PokerStars Hand #254539296436:  Hold'em No Limit ($0.50/$1.00 USD) - 2025/01/24 0:54:43 WET [2025/01/24 19:54:43 ET]
Table 'Aludra IV' 6-max Seat #1 is the button
Seat 1: nikalas22 ($127.80 in chips) 
Seat 2: p0pa4poker ($237.75 in chips) 
Seat 3: Unipoker11 ($105.42 in chips) 
Seat 4: nastja336 ($101 in chips) 
Seat 5: theradical88 ($73.70 in chips) 
Seat 6: B1GBankroll ($101 in chips) 
p0pa4poker: posts small blind $0.50
Unipoker11: posts big blind $1
*** HOLE CARDS ***
nastja336: folds 
theradical88: folds 
B1GBankroll: folds 
nikalas22: folds 
p0pa4poker: raises $2 to $3
Unipoker11: calls $2
*** FLOP *** [2d 3h 7h]
p0pa4poker: bets $4.39
Unipoker11: calls $4.39
*** TURN *** [2d 3h 7h] [3c]
p0pa4poker: checks 
Unipoker11: checks 
*** RIVER *** [2d 3h 7h 3c] [Ah]
p0pa4poker: checks 
Unipoker11: bets $10.53
p0pa4poker: folds 
Uncalled bet ($10.53) returned to Unipoker11
Unipoker11 collected $14.04 from pot
Unipoker11: doesn't show hand 
*** SUMMARY ***
Total pot $14.78 | Rake $0.74 
Board [2d 3h 7h 3c Ah]
Seat 1: nikalas22 (button) folded before Flop (didn't bet)
Seat 2: p0pa4poker (small blind) folded on the River
Seat 3: Unipoker11 (big blind) collected ($14.04)
Seat 4: nastja336 folded before Flop (didn't bet)
Seat 5: theradical88 folded before Flop (didn't bet)
Seat 6: B1GBankroll folded before Flop (didn't bet)



PokerStars Hand #254539314100:  Hold'em No Limit ($0.50/$1.00 USD) - 2025/01/24 0:56:23 WET [2025/01/24 19:56:23 ET]
Table 'Aludra IV' 6-max Seat #2 is the button
Seat 1: nikalas22 ($127.80 in chips) 
Seat 2: p0pa4poker ($230.36 in chips) 
Seat 3: Unipoker11 ($112.07 in chips) 
Seat 4: nastja336 ($101 in chips) 
Seat 5: theradical88 ($73.70 in chips) 
Seat 6: B1GBankroll ($101 in chips) 
Unipoker11: posts small blind $0.50
nastja336: posts big blind $1
*** HOLE CARDS ***
theradical88: folds 
B1GBankroll: folds 
nikalas22: raises $1.50 to $2.50
p0pa4poker: folds 
Unipoker11: folds 
nastja336: folds 
Uncalled bet ($1.50) returned to nikalas22
nikalas22 collected $2.50 from pot
nikalas22: doesn't show hand 
*** SUMMARY ***
Total pot $2.50 | Rake $0 
Seat 1: nikalas22 collected ($2.50)
Seat 2: p0pa4poker (button) folded before Flop (didn't bet)
Seat 3: Unipoker11 (small blind) folded before Flop
Seat 4: nastja336 (big blind) folded before Flop
Seat 5: theradical88 folded before Flop (didn't bet)
Seat 6: B1GBankroll folded before Flop (didn't bet)



PokerStars Hand #254539317267:  Hold'em No Limit ($0.50/$1.00 USD) - 2025/01/24 0:56:42 WET [2025/01/24 19:56:42 ET]
Table 'Aludra IV' 6-max Seat #3 is the button
Seat 1: nikalas22 ($129.30 in chips) 
Seat 2: p0pa4poker ($230.36 in chips) 
Seat 3: Unipoker11 ($111.57 in chips) 
Seat 4: nastja336 ($100 in chips) 
Seat 5: theradical88 ($73.70 in chips) 
Seat 6: B1GBankroll ($101 in chips) 
nastja336: posts small blind $0.50
theradical88: posts big blind $1
*** HOLE CARDS ***
B1GBankroll has timed out
B1GBankroll: folds 
nikalas22: folds 
p0pa4poker: folds 
Unipoker11: raises $1.50 to $2.50
nastja336: folds 
theradical88: calls $1.50
*** FLOP *** [Th Td Jh]
theradical88: bets $5.22
Unipoker11: calls $5.22
*** TURN *** [Th Td Jh] [4d]
theradical88: bets $7.57
Unipoker11: calls $7.57
*** RIVER *** [Th Td Jh 4d] [6s]
theradical88: checks 
Unipoker11: checks 
*** SHOW DOWN ***
theradical88: shows [Kd 4c] (two pair, Tens and Fours)
Unipoker11: mucks hand 
theradical88 collected $29.53 from pot
*** SUMMARY ***
Total pot $31.08 | Rake $1.55 
Board [Th Td Jh 4d 6s]
Seat 1: nikalas22 folded before Flop (didn't bet)
Seat 2: p0pa4poker folded before Flop (didn't bet)
Seat 3: Unipoker11 (button) mucked
Seat 4: nastja336 (small blind) folded before Flop
Seat 5: theradical88 (big blind) showed [Kd 4c] and won ($29.53) with two pair, Tens and Fours
Seat 6: B1GBankroll folded before Flop (didn't bet)



PokerStars Hand #254539330661:  Hold'em No Limit ($0.50/$1.00 USD) - 2025/01/24 0:58:03 WET [2025/01/24 19:58:03 ET]
Table 'Aludra IV' 6-max Seat #4 is the button
Seat 1: nikalas22 ($129.30 in chips) 
Seat 2: p0pa4poker ($230.36 in chips) 
Seat 3: Unipoker11 ($100 in chips) 
Seat 4: nastja336 ($100 in chips) 
Seat 5: theradical88 ($87.94 in chips) 
Seat 6: B1GBankroll ($101 in chips) 
theradical88: posts small blind $0.50
B1GBankroll: posts big blind $1
*** HOLE CARDS ***
nikalas22: folds 
p0pa4poker: raises $1 to $2
Unipoker11: folds 
nastja336: folds 
theradical88: folds 
B1GBankroll: calls $1
*** FLOP *** [As Jh 3d]
B1GBankroll: checks 
p0pa4poker: bets $5.35
B1GBankroll: folds 
Uncalled bet ($5.35) returned to p0pa4poker
p0pa4poker collected $4.28 from pot
p0pa4poker: doesn't show hand 
*** SUMMARY ***
Total pot $4.50 | Rake $0.22 
Board [As Jh 3d]
Seat 1: nikalas22 folded before Flop (didn't bet)
Seat 2: p0pa4poker collected ($4.28)
Seat 3: Unipoker11 folded before Flop (didn't bet)
Seat 4: nastja336 (button) folded before Flop (didn't bet)
Seat 5: theradical88 (small blind) folded before Flop
Seat 6: B1GBankroll (big blind) folded on the Flop



PokerStars Hand #254539340543:  Hold'em No Limit ($0.50/$1.00 USD) - 2025/01/24 0:59:03 WET [2025/01/24 19:59:03 ET]
Table 'Aludra IV' 6-max Seat #5 is the button
Seat 1: nikalas22 ($129.30 in chips) 
Seat 2: p0pa4poker ($232.64 in chips) 
Seat 3: Unipoker11 ($100 in chips) 
Seat 4: nastja336 ($100 in chips) 
Seat 5: theradical88 ($87.44 in chips) 
Seat 6: B1GBankroll ($100 in chips) 
B1GBankroll: posts small blind $0.50
nikalas22: posts big blind $1
*** HOLE CARDS ***
p0pa4poker: folds 
Unipoker11: folds 
nastja336: raises $1.50 to $2.50
theradical88: folds 
B1GBankroll: raises $8.75 to $11.25
nikalas22: folds 
nastja336: raises $15.25 to $26.50
B1GBankroll: folds 
Uncalled bet ($15.25) returned to nastja336
nastja336 collected $23.50 from pot
nastja336: doesn't show hand 
*** SUMMARY ***
Total pot $23.50 | Rake $0 
Seat 1: nikalas22 (big blind) folded before Flop
Seat 2: p0pa4poker folded before Flop (didn't bet)
Seat 3: Unipoker11 folded before Flop (didn't bet)
Seat 4: nastja336 collected ($23.50)
Seat 5: theradical88 (button) folded before Flop (didn't bet)
Seat 6: B1GBankroll (small blind) folded before Flop



PokerStars Hand #254539346417:  Hold'em No Limit ($0.50/$1.00 USD) - 2025/01/24 0:59:39 WET [2025/01/24 19:59:39 ET]
Table 'Aludra IV' 6-max Seat #6 is the button
Seat 1: nikalas22 ($128.30 in chips) 
Seat 2: p0pa4poker ($232.64 in chips) 
Seat 3: Unipoker11 ($100 in chips) 
Seat 4: nastja336 ($112.25 in chips) 
Seat 5: theradical88 ($87.44 in chips) 
Seat 6: B1GBankroll ($100 in chips) 
nikalas22: posts small blind $0.50
p0pa4poker: posts big blind $1
*** HOLE CARDS ***
Unipoker11: folds 
nastja336: folds 
theradical88: folds 
B1GBankroll: folds 
nikalas22: raises $2 to $3
p0pa4poker: raises $8 to $11
nikalas22: calls $8
*** FLOP *** [6c 4d Th]
nikalas22: checks 
p0pa4poker: bets $10.45
nikalas22: folds 
Uncalled bet ($10.45) returned to p0pa4poker
p0pa4poker collected $20.90 from pot
p0pa4poker: doesn't show hand 
*** SUMMARY ***
Total pot $22 | Rake $1.10 
Board [6c 4d Th]
Seat 1: nikalas22 (small blind) folded on the Flop
Seat 2: p0pa4poker (big blind) collected ($20.90)
Seat 3: Unipoker11 folded before Flop (didn't bet)
Seat 4: nastja336 folded before Flop (didn't bet)
Seat 5: theradical88 folded before Flop (didn't bet)
Seat 6: B1GBankroll (button) folded before Flop (didn't bet)



PokerStars Hand #254539396860:  Hold'em No Limit ($0.50/$1.00 USD) - 2025/01/24 1:04:04 WET [2025/01/24 20:04:04 ET]
Table 'Aludra IV' 6-max Seat #5 is the button
Seat 1: nikalas22 ($117.30 in chips) 
Seat 2: p0pa4poker ($242.65 in chips) 
Seat 3: Unipoker11 ($100 in chips) 
Seat 4: nastja336 ($110.75 in chips) 
Seat 5: theradical88 ($92.12 in chips) 
Seat 6: B1GBankroll ($100.50 in chips) 
B1GBankroll: posts small blind $0.50
nikalas22: posts big blind $1
*** HOLE CARDS ***
p0pa4poker: folds 
Unipoker11: raises $1 to $2
nastja336: raises $4 to $6
theradical88: folds 
B1GBankroll: folds 
nikalas22: folds 
Unipoker11: folds 
Uncalled bet ($4) returned to nastja336
nastja336 collected $5.50 from pot
nastja336: doesn't show hand 
*** SUMMARY ***
Total pot $5.50 | Rake $0 
Seat 1: nikalas22 (big blind) folded before Flop
Seat 2: p0pa4poker folded before Flop (didn't bet)
Seat 3: Unipoker11 folded before Flop
Seat 4: nastja336 collected ($5.50)
Seat 5: theradical88 (button) folded before Flop (didn't bet)
Seat 6: B1GBankroll (small blind) folded before Flop



PokerStars Hand #254539401634:  Hold'em No Limit ($0.50/$1.00 USD) - 2025/01/24 1:04:28 WET [2025/01/24 20:04:28 ET]
Table 'Aludra IV' 6-max Seat #6 is the button
Seat 1: nikalas22 ($116.30 in chips) 
Seat 2: p0pa4poker ($242.65 in chips) 
Seat 3: Unipoker11 ($100 in chips) 
Seat 4: nastja336 ($114.25 in chips) 
Seat 5: theradical88 ($92.12 in chips) 
Seat 6: B1GBankroll ($100 in chips) 
nikalas22: posts small blind $0.50
p0pa4poker: posts big blind $1
*** HOLE CARDS ***
Unipoker11: folds 
nastja336: folds 
theradical88: folds 
B1GBankroll: folds 
nikalas22: folds 
Uncalled bet ($0.50) returned to p0pa4poker
p0pa4poker collected $1 from pot
p0pa4poker: doesn't show hand 
*** SUMMARY ***
Total pot $1 | Rake $0 
Seat 1: nikalas22 (small blind) folded before Flop
Seat 2: p0pa4poker (big blind) collected ($1)
Seat 3: Unipoker11 folded before Flop (didn't bet)
Seat 4: nastja336 folded before Flop (didn't bet)
Seat 5: theradical88 folded before Flop (didn't bet)
Seat 6: B1GBankroll (button) folded before Flop (didn't bet)



PokerStars Hand #254539405421:  Hold'em No Limit ($0.50/$1.00 USD) - 2025/01/24 1:04:47 WET [2025/01/24 20:04:47 ET]
Table 'Aludra IV' 6-max Seat #1 is the button
Seat 1: nikalas22 ($115.80 in chips) 
Seat 2: p0pa4poker ($243.15 in chips) 
Seat 3: Unipoker11 ($100 in chips) 
Seat 4: nastja336 ($114.25 in chips) 
Seat 5: theradical88 ($92.12 in chips) 
Seat 6: B1GBankroll ($100 in chips) 
p0pa4poker: posts small blind $0.50
Unipoker11: posts big blind $1
*** HOLE CARDS ***
nastja336: folds 
theradical88: calls $1
B1GBankroll: folds 
nikalas22: raises $3.50 to $4.50
p0pa4poker: folds 
Unipoker11: folds 
theradical88: calls $3.50
*** FLOP *** [3s 5s 6c]
theradical88: checks 
nikalas22: checks 
*** TURN *** [3s 5s 6c] [Ah]
theradical88: bets $9.98
nikalas22: calls $9.98
*** RIVER *** [3s 5s 6c Ah] [4h]
theradical88: bets $28.94
nikalas22: calls $28.94
*** SHOW DOWN ***
theradical88: shows [Kc Td] (high card Ace)
nikalas22: shows [9d As] (a pair of Aces)
nikalas22 collected $85.84 from pot
*** SUMMARY ***
Total pot $88.34 | Rake $2.50 
Board [3s 5s 6c Ah 4h]
Seat 1: nikalas22 (button) showed [9d As] and won ($85.84) with a pair of Aces
Seat 2: p0pa4poker (small blind) folded before Flop
Seat 3: Unipoker11 (big blind) folded before Flop
Seat 4: nastja336 folded before Flop (didn't bet)
Seat 5: theradical88 showed [Kc Td] and lost with high card Ace
Seat 6: B1GBankroll folded before Flop (didn't bet)



PokerStars Hand #254539414147:  Hold'em No Limit ($0.50/$1.00 USD) - 2025/01/24 1:05:31 WET [2025/01/24 20:05:31 ET]
Table 'Aludra IV' 6-max Seat #2 is the button
Seat 1: nikalas22 ($158.22 in chips) 
Seat 2: p0pa4poker ($242.65 in chips) 
Seat 3: Unipoker11 ($100 in chips) 
Seat 4: nastja336 ($114.25 in chips) 
Seat 5: theradical88 ($48.70 in chips) 
Seat 6: B1GBankroll ($100 in chips) 
Unipoker11: posts small blind $0.50
nastja336: posts big blind $1
*** HOLE CARDS ***
theradical88: folds 
B1GBankroll: folds 
nikalas22: raises $1.50 to $2.50
p0pa4poker: folds 
Unipoker11: folds 
nastja336: folds 
Uncalled bet ($1.50) returned to nikalas22
nikalas22 collected $2.50 from pot
nikalas22: doesn't show hand 
*** SUMMARY ***
Total pot $2.50 | Rake $0 
Seat 1: nikalas22 collected ($2.50)
Seat 2: p0pa4poker (button) folded before Flop (didn't bet)
Seat 3: Unipoker11 (small blind) folded before Flop
Seat 4: nastja336 (big blind) folded before Flop
Seat 5: theradical88 folded before Flop (didn't bet)
Seat 6: B1GBankroll folded before Flop (didn't bet)



PokerStars Hand #254539419244:  Hold'em No Limit ($0.50/$1.00 USD) - 2025/01/24 1:05:57 WET [2025/01/24 20:05:57 ET]
Table 'Aludra IV' 6-max Seat #3 is the button
Seat 1: nikalas22 ($159.72 in chips) 
Seat 2: p0pa4poker ($242.65 in chips) 
Seat 3: Unipoker11 ($100 in chips) 
Seat 4: nastja336 ($113.25 in chips) 
Seat 5: theradical88 ($48.70 in chips) 
Seat 6: B1GBankroll ($100 in chips) 
nastja336: posts small blind $0.50
theradical88: posts big blind $1
*** HOLE CARDS ***
B1GBankroll: folds 
nikalas22: folds 
p0pa4poker: raises $1.30 to $2.30
Unipoker11: folds 
nastja336: calls $1.80
theradical88: raises $6.90 to $9.20
p0pa4poker: raises $10.80 to $20
nastja336: folds 
theradical88: raises $28.70 to $48.70 and is all-in
p0pa4poker: calls $28.70
*** FLOP *** [2c 6c Js]
*** TURN *** [2c 6c Js] [4h]
*** RIVER *** [2c 6c Js 4h] [Ks]
*** SHOW DOWN ***
theradical88: shows [Kc Kd] (three of a kind, Kings)
p0pa4poker: shows [Qh Kh] (a pair of Kings)
theradical88 collected $97.20 from pot
*** SUMMARY ***
Total pot $99.70 | Rake $2.50 
Board [2c 6c Js 4h Ks]
Seat 1: nikalas22 folded before Flop (didn't bet)
Seat 2: p0pa4poker showed [Qh Kh] and lost with a pair of Kings
Seat 3: Unipoker11 (button) folded before Flop (didn't bet)
Seat 4: nastja336 (small blind) folded before Flop
Seat 5: theradical88 (big blind) showed [Kc Kd] and won ($97.20) with three of a kind, Kings
Seat 6: B1GBankroll folded before Flop (didn't bet)



PokerStars Hand #254539432658:  Hold'em No Limit ($0.50/$1.00 USD) - 2025/01/24 1:07:06 WET [2025/01/24 20:07:06 ET]
Table 'Aludra IV' 6-max Seat #4 is the button
Seat 1: nikalas22 ($159.72 in chips) 
Seat 2: p0pa4poker ($193.95 in chips) 
Seat 3: Unipoker11 ($100 in chips) 
Seat 4: nastja336 ($110.95 in chips) 
Seat 5: theradical88 ($97.20 in chips) 
Seat 6: B1GBankroll ($100 in chips) 
theradical88: posts small blind $0.50
B1GBankroll: posts big blind $1
*** HOLE CARDS ***
nikalas22: folds 
p0pa4poker: folds 
Unipoker11: folds 
nastja336: folds 
theradical88: calls $0.50
B1GBankroll: raises $3 to $4
theradical88: raises $3 to $7
B1GBankroll: calls $3
*** FLOP *** [8d Ah 3d]
theradical88: bets $13.30
B1GBankroll: folds 
Uncalled bet ($13.30) returned to theradical88
theradical88 collected $13.30 from pot
*** SUMMARY ***
Total pot $14 | Rake $0.70 
Board [8d Ah 3d]
Seat 1: nikalas22 folded before Flop (didn't bet)
Seat 2: p0pa4poker folded before Flop (didn't bet)
Seat 3: Unipoker11 folded before Flop (didn't bet)
Seat 4: nastja336 (button) folded before Flop (didn't bet)
Seat 5: theradical88 (small blind) collected ($13.30)
Seat 6: B1GBankroll (big blind) folded on the Flop



PokerStars Hand #254539441213:  Hold'em No Limit ($0.50/$1.00 USD) - 2025/01/24 1:07:50 WET [2025/01/24 20:07:50 ET]
Table 'Aludra IV' 6-max Seat #5 is the button
Seat 1: nikalas22 ($159.72 in chips) 
Seat 2: p0pa4poker ($193.95 in chips) 
Seat 3: Unipoker11 ($100 in chips) 
Seat 4: nastja336 ($110.95 in chips) 
Seat 5: theradical88 ($103.50 in chips) 
Seat 6: B1GBankroll ($100 in chips) 
B1GBankroll: posts small blind $0.50
nikalas22: posts big blind $1
*** HOLE CARDS ***
p0pa4poker: folds 
Unipoker11: folds 
nastja336: folds 
theradical88: raises $2.50 to $3.50
B1GBankroll: folds 
nikalas22: folds 
Uncalled bet ($2.50) returned to theradical88
theradical88 collected $2.50 from pot
*** SUMMARY ***
Total pot $2.50 | Rake $0 
Seat 1: nikalas22 (big blind) folded before Flop
Seat 2: p0pa4poker folded before Flop (didn't bet)
Seat 3: Unipoker11 folded before Flop (didn't bet)
Seat 4: nastja336 folded before Flop (didn't bet)
Seat 5: theradical88 (button) collected ($2.50)
Seat 6: B1GBankroll (small blind) folded before Flop



PokerStars Hand #254539444855:  Hold'em No Limit ($0.50/$1.00 USD) - 2025/01/24 1:08:08 WET [2025/01/24 20:08:08 ET]
Table 'Aludra IV' 6-max Seat #6 is the button
Seat 1: nikalas22 ($158.72 in chips) 
Seat 2: p0pa4poker ($193.95 in chips) 
Seat 3: Unipoker11 ($100 in chips) 
Seat 4: nastja336 ($110.95 in chips) 
Seat 5: theradical88 ($105 in chips) 
Seat 6: B1GBankroll ($100 in chips) 
nikalas22: posts small blind $0.50
p0pa4poker: posts big blind $1
*** HOLE CARDS ***
Unipoker11: folds 
nastja336: folds 
theradical88: folds 
B1GBankroll: folds 
nikalas22: folds 
Uncalled bet ($0.50) returned to p0pa4poker
p0pa4poker collected $1 from pot
p0pa4poker: doesn't show hand 
*** SUMMARY ***
Total pot $1 | Rake $0 
Seat 1: nikalas22 (small blind) folded before Flop
Seat 2: p0pa4poker (big blind) collected ($1)
Seat 3: Unipoker11 folded before Flop (didn't bet)
Seat 4: nastja336 folded before Flop (didn't bet)
Seat 5: theradical88 folded before Flop (didn't bet)
Seat 6: B1GBankroll (button) folded before Flop (didn't bet)



PokerStars Hand #254539451210:  Hold'em No Limit ($0.50/$1.00 USD) - 2025/01/24 1:08:41 WET [2025/01/24 20:08:41 ET]
Table 'Aludra IV' 6-max Seat #1 is the button
Seat 1: nikalas22 ($158.22 in chips) 
Seat 2: p0pa4poker ($194.45 in chips) 
Seat 3: Unipoker11 ($100 in chips) 
Seat 4: nastja336 ($110.95 in chips) 
Seat 5: theradical88 ($105 in chips) 
Seat 6: B1GBankroll ($100 in chips) 
p0pa4poker: posts small blind $0.50
Unipoker11: posts big blind $1
*** HOLE CARDS ***
nastja336: folds 
theradical88: raises $1 to $2
B1GBankroll: folds 
nikalas22: calls $2
p0pa4poker: folds 
Unipoker11: folds 
*** FLOP *** [8c Kd Qs]
theradical88: checks 
nikalas22: checks 
*** TURN *** [8c Kd Qs] [Jc]
theradical88: bets $5.22
nikalas22: folds 
Uncalled bet ($5.22) returned to theradical88
theradical88 collected $5.22 from pot
*** SUMMARY ***
Total pot $5.50 | Rake $0.28 
Board [8c Kd Qs Jc]
Seat 1: nikalas22 (button) folded on the Turn
Seat 2: p0pa4poker (small blind) folded before Flop
Seat 3: Unipoker11 (big blind) folded before Flop
Seat 4: nastja336 folded before Flop (didn't bet)
Seat 5: theradical88 collected ($5.22)
Seat 6: B1GBankroll folded before Flop (didn't bet)



PokerStars Hand #254539457574:  Hold'em No Limit ($0.50/$1.00 USD) - 2025/01/24 1:09:14 WET [2025/01/24 20:09:14 ET]
Table 'Aludra IV' 6-max Seat #2 is the button
Seat 1: nikalas22 ($156.22 in chips) 
Seat 2: p0pa4poker ($193.95 in chips) 
Seat 3: Unipoker11 ($100 in chips) 
Seat 4: nastja336 ($110.95 in chips) 
Seat 5: theradical88 ($108.22 in chips) 
Seat 6: B1GBankroll ($100 in chips) 
Unipoker11: posts small blind $0.50
nastja336: posts big blind $1
*** HOLE CARDS ***
theradical88: folds 
B1GBankroll: folds 
nikalas22: raises $1.50 to $2.50
p0pa4poker: folds 
Unipoker11: folds 
nastja336: folds 
Uncalled bet ($1.50) returned to nikalas22
nikalas22 collected $2.50 from pot
nikalas22: doesn't show hand 
*** SUMMARY ***
Total pot $2.50 | Rake $0 
Seat 1: nikalas22 collected ($2.50)
Seat 2: p0pa4poker (button) folded before Flop (didn't bet)
Seat 3: Unipoker11 (small blind) folded before Flop
Seat 4: nastja336 (big blind) folded before Flop
Seat 5: theradical88 folded before Flop (didn't bet)
Seat 6: B1GBankroll folded before Flop (didn't bet)



PokerStars Hand #254539462448:  Hold'em No Limit ($0.50/$1.00 USD) - 2025/01/24 1:09:39 WET [2025/01/24 20:09:39 ET]
Table 'Aludra IV' 6-max Seat #3 is the button
Seat 1: nikalas22 ($157.72 in chips) 
Seat 2: p0pa4poker ($193.95 in chips) 
Seat 3: Unipoker11 ($100 in chips) 
Seat 4: nastja336 ($109.95 in chips) 
Seat 5: theradical88 ($108.22 in chips) 
Seat 6: B1GBankroll ($100 in chips) 
nastja336: posts small blind $0.50
theradical88: posts big blind $1
*** HOLE CARDS ***
B1GBankroll: raises $1.50 to $2.50
nikalas22: folds 
p0pa4poker: folds 
Unipoker11: folds 
nastja336: folds 
theradical88: calls $1.50
*** FLOP *** [8d 9s 4h]
theradical88: bets $5.22
B1GBankroll: folds 
Uncalled bet ($5.22) returned to theradical88
theradical88 collected $5.22 from pot
*** SUMMARY ***
Total pot $5.50 | Rake $0.28 
Board [8d 9s 4h]
Seat 1: nikalas22 folded before Flop (didn't bet)
Seat 2: p0pa4poker folded before Flop (didn't bet)
Seat 3: Unipoker11 (button) folded before Flop (didn't bet)
Seat 4: nastja336 (small blind) folded before Flop
Seat 5: theradical88 (big blind) collected ($5.22)
Seat 6: B1GBankroll folded on the Flop



PokerStars Hand #254539468260:  Hold'em No Limit ($0.50/$1.00 USD) - 2025/01/24 1:10:09 WET [2025/01/24 20:10:09 ET]
Table 'Aludra IV' 6-max Seat #4 is the button
Seat 1: nikalas22 ($157.72 in chips) 
Seat 2: p0pa4poker ($193.95 in chips) 
Seat 3: Unipoker11 ($100 in chips) 
Seat 4: nastja336 ($109.45 in chips) 
Seat 5: theradical88 ($110.94 in chips) 
Seat 6: B1GBankroll ($100 in chips) 
theradical88: posts small blind $0.50
B1GBankroll: posts big blind $1
*** HOLE CARDS ***
nikalas22: folds 
p0pa4poker: folds 
Unipoker11: folds 
nastja336: raises $1.50 to $2.50
theradical88: calls $2
B1GBankroll: folds 
*** FLOP *** [2h 8d 5s]
theradical88: checks 
nastja336: checks 
*** TURN *** [2h 8d 5s] [Ac]
theradical88: checks 
nastja336: checks 
*** RIVER *** [2h 8d 5s Ac] [4d]
theradical88: bets $5.70
nastja336: calls $5.70
*** SHOW DOWN ***
theradical88: shows [Qc Ad] (a pair of Aces)
nastja336: mucks hand 
theradical88 collected $16.53 from pot
*** SUMMARY ***
Total pot $17.40 | Rake $0.87 
Board [2h 8d 5s Ac 4d]
Seat 1: nikalas22 folded before Flop (didn't bet)
Seat 2: p0pa4poker folded before Flop (didn't bet)
Seat 3: Unipoker11 folded before Flop (didn't bet)
Seat 4: nastja336 (button) mucked
Seat 5: theradical88 (small blind) showed [Qc Ad] and won ($16.53) with a pair of Aces
Seat 6: B1GBankroll (big blind) folded before Flop



PokerStars Hand #254539477752:  Hold'em No Limit ($0.50/$1.00 USD) - 2025/01/24 1:10:57 WET [2025/01/24 20:10:57 ET]
Table 'Aludra IV' 6-max Seat #5 is the button
Seat 1: nikalas22 ($157.72 in chips) 
Seat 2: p0pa4poker ($193.95 in chips) 
Seat 3: Unipoker11 ($100 in chips) 
Seat 4: nastja336 ($101.25 in chips) 
Seat 5: theradical88 ($119.27 in chips) 
Seat 6: B1GBankroll ($100 in chips) 
B1GBankroll: posts small blind $0.50
nikalas22: posts big blind $1
*** HOLE CARDS ***
p0pa4poker: folds 
Unipoker11: raises $1 to $2
nastja336: folds 
theradical88: folds 
B1GBankroll: folds 
nikalas22: folds 
Uncalled bet ($1) returned to Unipoker11
Unipoker11 collected $2.50 from pot
Unipoker11: doesn't show hand 
*** SUMMARY ***
Total pot $2.50 | Rake $0 
Seat 1: nikalas22 (big blind) folded before Flop
Seat 2: p0pa4poker folded before Flop (didn't bet)
Seat 3: Unipoker11 collected ($2.50)
Seat 4: nastja336 folded before Flop (didn't bet)
Seat 5: theradical88 (button) folded before Flop (didn't bet)
Seat 6: B1GBankroll (small blind) folded before Flop



PokerStars Hand #254539483171:  Hold'em No Limit ($0.50/$1.00 USD) - 2025/01/24 1:11:24 WET [2025/01/24 20:11:24 ET]
Table 'Aludra IV' 6-max Seat #6 is the button
Seat 1: nikalas22 ($156.72 in chips) 
Seat 2: p0pa4poker ($193.95 in chips) 
Seat 3: Unipoker11 ($101.50 in chips) 
Seat 4: nastja336 ($101.25 in chips) 
Seat 5: theradical88 ($119.27 in chips) 
Seat 6: B1GBankroll ($100 in chips) 
nikalas22: posts small blind $0.50
p0pa4poker: posts big blind $1
*** HOLE CARDS ***
Unipoker11: raises $1 to $2
nastja336: folds 
theradical88: folds 
B1GBankroll: raises $5.40 to $7.40
nikalas22: folds 
p0pa4poker: folds 
Unipoker11: folds 
Uncalled bet ($5.40) returned to B1GBankroll
B1GBankroll collected $5.50 from pot
B1GBankroll: doesn't show hand 
*** SUMMARY ***
Total pot $5.50 | Rake $0 
Seat 1: nikalas22 (small blind) folded before Flop
Seat 2: p0pa4poker (big blind) folded before Flop
Seat 3: Unipoker11 folded before Flop
Seat 4: nastja336 folded before Flop (didn't bet)
Seat 5: theradical88 folded before Flop (didn't bet)
Seat 6: B1GBankroll (button) collected ($5.50)



PokerStars Hand #254539492074:  Hold'em No Limit ($0.50/$1.00 USD) - 2025/01/24 1:12:10 WET [2025/01/24 20:12:10 ET]
Table 'Aludra IV' 6-max Seat #1 is the button
Seat 3: Unipoker11 ($100 in chips) is sitting out
Seat 1: nikalas22 ($156.22 in chips) 
Seat 2: p0pa4poker ($192.95 in chips) 
Seat 4: nastja336 ($101.25 in chips) 
Seat 5: theradical88 ($119.27 in chips) 
Seat 6: B1GBankroll ($103.50 in chips) 
p0pa4poker: posts small blind $0.50
Unipoker11: is sitting out 
nastja336: posts big blind $1
*** HOLE CARDS ***
theradical88: folds 
B1GBankroll: folds 
nikalas22: folds 
p0pa4poker: folds 
Uncalled bet ($0.50) returned to nastja336
nastja336 collected $1 from pot
nastja336: doesn't show hand 
*** SUMMARY ***
Total pot $1 | Rake $0 
Seat 3: Unipoker11
Seat 1: nikalas22 (button) folded before Flop (didn't bet)
Seat 2: p0pa4poker (small blind) folded before Flop
Seat 4: nastja336 (big blind) collected ($1)
Seat 5: theradical88 folded before Flop (didn't bet)
Seat 6: B1GBankroll folded before Flop (didn't bet)



PokerStars Hand #254539495246:  Hold'em No Limit ($0.50/$1.00 USD) - 2025/01/24 1:12:27 WET [2025/01/24 20:12:27 ET]
Table 'Aludra IV' 6-max Seat #2 is the button
Seat 3: Unipoker11 ($100 in chips) is sitting out
Seat 1: nikalas22 ($156.22 in chips) 
Seat 2: p0pa4poker ($192.45 in chips) 
Seat 4: nastja336 ($101.75 in chips) 
Seat 5: theradical88 ($119.27 in chips) 
Seat 6: B1GBankroll ($103.50 in chips) 
nastja336: posts small blind $0.50
theradical88: posts big blind $1
*** HOLE CARDS ***
B1GBankroll: folds 
nikalas22: raises $1.50 to $2.50
p0pa4poker: folds 
nastja336: folds 
theradical88: calls $1.50
*** FLOP *** [Js 4d 7c]
theradical88: bets $5.22
nikalas22: raises $11.75 to $16.97
theradical88: calls $11.75
*** TURN *** [Js 4d 7c] [9c]
theradical88: checks 
nikalas22: bets $28.10
theradical88: folds 
Uncalled bet ($28.10) returned to nikalas22
nikalas22 collected $37.47 from pot
nikalas22: doesn't show hand 
*** SUMMARY ***
Total pot $39.44 | Rake $1.97 
Board [Js 4d 7c 9c]
Seat 3: Unipoker11
Seat 1: nikalas22 collected ($37.47)
Seat 2: p0pa4poker (button) folded before Flop (didn't bet)
Seat 4: nastja336 (small blind) folded before Flop
Seat 5: theradical88 (big blind) folded on the Turn
Seat 6: B1GBankroll folded before Flop (didn't bet)



PokerStars Hand #254539503000:  Hold'em No Limit ($0.50/$1.00 USD) - 2025/01/24 1:13:08 WET [2025/01/24 20:13:08 ET]
Table 'Aludra IV' 6-max Seat #4 is the button
Seat 3: Unipoker11 ($100 in chips) is sitting out
Seat 1: nikalas22 ($174.22 in chips) 
Seat 2: p0pa4poker ($192.45 in chips) 
Seat 4: nastja336 ($101.25 in chips) 
Seat 5: theradical88 ($99.80 in chips) 
Seat 6: B1GBankroll ($103.50 in chips) 
theradical88: posts small blind $0.50
B1GBankroll: posts big blind $1
*** HOLE CARDS ***
nikalas22: raises $1.50 to $2.50
p0pa4poker: folds 
nastja336: folds 
theradical88: folds 
B1GBankroll: folds 
Uncalled bet ($1.50) returned to nikalas22
nikalas22 collected $2.50 from pot
nikalas22: doesn't show hand 
*** SUMMARY ***
Total pot $2.50 | Rake $0 
Seat 3: Unipoker11
Seat 1: nikalas22 collected ($2.50)
Seat 2: p0pa4poker folded before Flop (didn't bet)
Seat 4: nastja336 (button) folded before Flop (didn't bet)
Seat 5: theradical88 (small blind) folded before Flop
Seat 6: B1GBankroll (big blind) folded before Flop



PokerStars Hand #254539506268:  Hold'em No Limit ($0.50/$1.00 USD) - 2025/01/24 1:13:25 WET [2025/01/24 20:13:25 ET]
Table 'Aludra IV' 6-max Seat #5 is the button
Seat 3: Unipoker11 ($100 in chips) is sitting out
Seat 1: nikalas22 ($175.72 in chips) 
Seat 2: p0pa4poker ($192.45 in chips) 
Seat 4: nastja336 ($101.25 in chips) 
Seat 5: theradical88 ($99.30 in chips) 
Seat 6: B1GBankroll ($102.50 in chips) 
B1GBankroll: posts small blind $0.50
nikalas22: posts big blind $1
Unipoker11: sits out 
*** HOLE CARDS ***
p0pa4poker has timed out
p0pa4poker: folds 
nastja336: folds 
theradical88: calls $1
B1GBankroll: folds 
nikalas22: checks 
*** FLOP *** [3h 9s 5c]
nikalas22: checks 
theradical88: bets $2.38
nikalas22: folds 
Uncalled bet ($2.38) returned to theradical88
theradical88 collected $2.38 from pot
*** SUMMARY ***
Total pot $2.50 | Rake $0.12 
Board [3h 9s 5c]
Seat 3: Unipoker11
Seat 1: nikalas22 (big blind) folded on the Flop
Seat 2: p0pa4poker folded before Flop (didn't bet)
Seat 4: nastja336 folded before Flop (didn't bet)
Seat 5: theradical88 (button) collected ($2.38)
Seat 6: B1GBankroll (small blind) folded before Flop



PokerStars Hand #254539514666:  Hold'em No Limit ($0.50/$1.00 USD) - 2025/01/24 1:14:10 WET [2025/01/24 20:14:10 ET]
Table 'Aludra IV' 6-max Seat #6 is the button
Seat 3: Unipoker11 ($100 in chips) is sitting out
Seat 1: nikalas22 ($174.72 in chips) 
Seat 2: p0pa4poker ($192.45 in chips) 
Seat 4: nastja336 ($101.25 in chips) 
Seat 5: theradical88 ($100.68 in chips) 
Seat 6: B1GBankroll ($102 in chips) 
nikalas22: posts small blind $0.50
p0pa4poker: posts big blind $1
*** HOLE CARDS ***
nastja336: folds 
theradical88: folds 
B1GBankroll: folds 
nikalas22: folds 
Uncalled bet ($0.50) returned to p0pa4poker
p0pa4poker collected $1 from pot
p0pa4poker: doesn't show hand 
*** SUMMARY ***
Total pot $1 | Rake $0 
Seat 3: Unipoker11
Seat 1: nikalas22 (small blind) folded before Flop
Seat 2: p0pa4poker (big blind) collected ($1)
Seat 4: nastja336 folded before Flop (didn't bet)
Seat 5: theradical88 folded before Flop (didn't bet)
Seat 6: B1GBankroll (button) folded before Flop (didn't bet)



PokerStars Hand #254539517247:  Hold'em No Limit ($0.50/$1.00 USD) - 2025/01/24 1:14:23 WET [2025/01/24 20:14:23 ET]
Table 'Aludra IV' 6-max Seat #1 is the button
Seat 3: Unipoker11 ($100 in chips) is sitting out
Seat 1: nikalas22 ($174.22 in chips) 
Seat 2: p0pa4poker ($192.95 in chips) 
Seat 4: nastja336 ($101.25 in chips) 
Seat 5: theradical88 ($100.68 in chips) 
Seat 6: B1GBankroll ($102 in chips) 
p0pa4poker: posts small blind $0.50
nastja336: posts big blind $1
*** HOLE CARDS ***
theradical88: raises $2.50 to $3.50
B1GBankroll: folds 
nikalas22: folds 
p0pa4poker: folds 
nastja336: calls $2.50
*** FLOP *** [Qd 2d 3s]
nastja336: checks 
theradical88: checks 
*** TURN *** [Qd 2d 3s] [8c]
nastja336: checks 
theradical88: checks 
*** RIVER *** [Qd 2d 3s 8c] [As]
nastja336: checks 
theradical88: checks 
*** SHOW DOWN ***
nastja336: shows [9c 6c] (high card Ace)
theradical88: shows [Ks 5s] (high card Ace - King kicker)
theradical88 collected $7.12 from pot
*** SUMMARY ***
Total pot $7.50 | Rake $0.38 
Board [Qd 2d 3s 8c As]
Seat 3: Unipoker11
Seat 1: nikalas22 (button) folded before Flop (didn't bet)
Seat 2: p0pa4poker (small blind) folded before Flop
Seat 4: nastja336 (big blind) showed [9c 6c] and lost with high card Ace
Seat 5: theradical88 showed [Ks 5s] and won ($7.12) with high card Ace
Seat 6: B1GBankroll folded before Flop (didn't bet)



PokerStars Hand #254539531311:  Hold'em No Limit ($0.50/$1.00 USD) - 2025/01/24 1:15:36 WET [2025/01/24 20:15:36 ET]
Table 'Aludra IV' 6-max Seat #2 is the button
Seat 3: Unipoker11 ($100 in chips) is sitting out
Seat 1: nikalas22 ($174.22 in chips) 
Seat 2: p0pa4poker ($192.45 in chips) 
Seat 4: nastja336 ($100 in chips) 
Seat 5: theradical88 ($104.30 in chips) 
Seat 6: B1GBankroll ($102 in chips) 
nastja336: posts small blind $0.50
theradical88: posts big blind $1
*** HOLE CARDS ***
B1GBankroll: folds 
nikalas22: folds 
p0pa4poker: raises $1.50 to $2.50
nastja336: folds 
theradical88: calls $1.50
*** FLOP *** [4s 6c 5d]
theradical88: bets $5.22
p0pa4poker: folds 
Uncalled bet ($5.22) returned to theradical88
theradical88 collected $5.22 from pot
*** SUMMARY ***
Total pot $5.50 | Rake $0.28 
Board [4s 6c 5d]
Seat 3: Unipoker11
Seat 1: nikalas22 folded before Flop (didn't bet)
Seat 2: p0pa4poker (button) folded on the Flop
Seat 4: nastja336 (small blind) folded before Flop
Seat 5: theradical88 (big blind) collected ($5.22)
Seat 6: B1GBankroll folded before Flop (didn't bet)



PokerStars Hand #254539537944:  Hold'em No Limit ($0.50/$1.00 USD) - 2025/01/24 1:16:11 WET [2025/01/24 20:16:11 ET]
Table 'Aludra IV' 6-max Seat #4 is the button
Seat 3: Unipoker11 ($100 in chips) is sitting out
Seat 1: nikalas22 ($174.22 in chips) 
Seat 2: p0pa4poker ($189.95 in chips) 
Seat 4: nastja336 ($100 in chips) 
Seat 5: theradical88 ($107.02 in chips) 
Seat 6: B1GBankroll ($102 in chips) 
theradical88: posts small blind $0.50
B1GBankroll: posts big blind $1
*** HOLE CARDS ***
nikalas22: raises $1.50 to $2.50
p0pa4poker: folds 
nastja336: folds 
theradical88: calls $2
B1GBankroll: raises $11.50 to $14
nikalas22: folds 
theradical88: folds 
Uncalled bet ($11.50) returned to B1GBankroll
B1GBankroll collected $7.50 from pot
B1GBankroll: doesn't show hand 
*** SUMMARY ***
Total pot $7.50 | Rake $0 
Seat 3: Unipoker11
Seat 1: nikalas22 folded before Flop
Seat 2: p0pa4poker folded before Flop (didn't bet)
Seat 4: nastja336 (button) folded before Flop (didn't bet)
Seat 5: theradical88 (small blind) folded before Flop
Seat 6: B1GBankroll (big blind) collected ($7.50)



PokerStars Hand #254539547736:  Hold'em No Limit ($0.50/$1.00 USD) - 2025/01/24 1:17:02 WET [2025/01/24 20:17:02 ET]
Table 'Aludra IV' 6-max Seat #5 is the button
Seat 3: Unipoker11 ($100 in chips) is sitting out
Seat 1: nikalas22 ($171.72 in chips) 
Seat 2: p0pa4poker ($189.95 in chips) 
Seat 4: nastja336 ($100 in chips) 
Seat 5: theradical88 ($104.52 in chips) 
Seat 6: B1GBankroll ($107 in chips) 
B1GBankroll: posts small blind $0.50
nikalas22: posts big blind $1
*** HOLE CARDS ***
p0pa4poker: raises $1 to $2
nastja336: folds 
theradical88: raises $5.50 to $7.50
B1GBankroll: folds 
nikalas22: folds 
p0pa4poker: folds 
Uncalled bet ($5.50) returned to theradical88
theradical88 collected $5.50 from pot
*** SUMMARY ***
Total pot $5.50 | Rake $0 
Seat 3: Unipoker11
Seat 1: nikalas22 (big blind) folded before Flop
Seat 2: p0pa4poker folded before Flop
Seat 4: nastja336 folded before Flop (didn't bet)
Seat 5: theradical88 (button) collected ($5.50)
Seat 6: B1GBankroll (small blind) folded before Flop



PokerStars Hand #254539551988:  Hold'em No Limit ($0.50/$1.00 USD) - 2025/01/24 1:17:24 WET [2025/01/24 20:17:24 ET]
Table 'Aludra IV' 6-max Seat #6 is the button
Seat 3: Unipoker11 ($100 in chips) is sitting out
Seat 1: nikalas22 ($170.72 in chips) 
Seat 2: p0pa4poker ($187.95 in chips) 
Seat 4: nastja336 ($100 in chips) 
Seat 5: theradical88 ($108.02 in chips) 
Seat 6: B1GBankroll ($106.50 in chips) 
nikalas22: posts small blind $0.50
p0pa4poker: posts big blind $1
*** HOLE CARDS ***
nastja336: raises $1.50 to $2.50
theradical88: folds 
B1GBankroll: folds 
nikalas22: folds 
p0pa4poker: folds 
Uncalled bet ($1.50) returned to nastja336
nastja336 collected $2.50 from pot
nastja336: doesn't show hand 
*** SUMMARY ***
Total pot $2.50 | Rake $0 
Seat 3: Unipoker11
Seat 1: nikalas22 (small blind) folded before Flop
Seat 2: p0pa4poker (big blind) folded before Flop
Seat 4: nastja336 collected ($2.50)
Seat 5: theradical88 folded before Flop (didn't bet)
Seat 6: B1GBankroll (button) folded before Flop (didn't bet)



PokerStars Hand #254539555109:  Hold'em No Limit ($0.50/$1.00 USD) - 2025/01/24 1:17:40 WET [2025/01/24 20:17:40 ET]
Table 'Aludra IV' 6-max Seat #1 is the button
Seat 3: Unipoker11 ($100 in chips) is sitting out
Seat 1: nikalas22 ($170.22 in chips) 
Seat 2: p0pa4poker ($186.95 in chips) 
Seat 4: nastja336 ($101.50 in chips) 
Seat 5: theradical88 ($108.02 in chips) 
Seat 6: B1GBankroll ($106.50 in chips) 
p0pa4poker: posts small blind $0.50
nastja336: posts big blind $1
*** HOLE CARDS ***
theradical88: folds 
B1GBankroll: folds 
nikalas22: raises $1.50 to $2.50
p0pa4poker: folds 
nastja336: folds 
Uncalled bet ($1.50) returned to nikalas22
nikalas22 collected $2.50 from pot
nikalas22: doesn't show hand 
*** SUMMARY ***
Total pot $2.50 | Rake $0 
Seat 3: Unipoker11
Seat 1: nikalas22 (button) collected ($2.50)
Seat 2: p0pa4poker (small blind) folded before Flop
Seat 4: nastja336 (big blind) folded before Flop
Seat 5: theradical88 folded before Flop (didn't bet)
Seat 6: B1GBankroll folded before Flop (didn't bet)



PokerStars Hand #254539558889:  Hold'em No Limit ($0.50/$1.00 USD) - 2025/01/24 1:17:59 WET [2025/01/24 20:17:59 ET]
Table 'Aludra IV' 6-max Seat #2 is the button
Seat 3: Unipoker11 ($100 in chips) is sitting out
Seat 1: nikalas22 ($171.72 in chips) 
Seat 2: p0pa4poker ($186.45 in chips) 
Seat 4: nastja336 ($100.50 in chips) 
Seat 5: theradical88 ($108.02 in chips) 
Seat 6: B1GBankroll ($106.50 in chips) 
nastja336: posts small blind $0.50
theradical88: posts big blind $1
*** HOLE CARDS ***
B1GBankroll: raises $1.50 to $2.50
nikalas22: folds 
p0pa4poker: folds 
nastja336: folds 
theradical88: raises $1.50 to $4
B1GBankroll: calls $1.50
*** FLOP *** [Td 8s Kh]
theradical88: checks 
B1GBankroll: checks 
*** TURN *** [Td 8s Kh] [5d]
theradical88: bets $4.04
B1GBankroll: calls $4.04
*** RIVER *** [Td 8s Kh 5d] [6s]
theradical88: bets $15.75
B1GBankroll: calls $15.75
*** SHOW DOWN ***
theradical88: shows [Ks 5s] (two pair, Kings and Fives)
B1GBankroll: mucks hand 
theradical88 collected $45.68 from pot
*** SUMMARY ***
Total pot $48.08 | Rake $2.40 
Board [Td 8s Kh 5d 6s]
Seat 3: Unipoker11
Seat 1: nikalas22 folded before Flop (didn't bet)
Seat 2: p0pa4poker (button) folded before Flop (didn't bet)
Seat 4: nastja336 (small blind) folded before Flop
Seat 5: theradical88 (big blind) showed [Ks 5s] and won ($45.68) with two pair, Kings and Fives
Seat 6: B1GBankroll mucked



PokerStars Hand #254539574343:  Hold'em No Limit ($0.50/$1.00 USD) - 2025/01/24 1:19:19 WET [2025/01/24 20:19:19 ET]
Table 'Aludra IV' 6-max Seat #4 is the button
Seat 3: Unipoker11 ($100 in chips) is sitting out
Seat 1: nikalas22 ($171.72 in chips) 
Seat 2: p0pa4poker ($186.45 in chips) 
Seat 4: nastja336 ($100 in chips) 
Seat 5: theradical88 ($129.91 in chips) 
Seat 6: B1GBankroll ($100 in chips) 
theradical88: posts small blind $0.50
B1GBankroll: posts big blind $1
*** HOLE CARDS ***
nikalas22: folds 
p0pa4poker: folds 
nastja336: folds 
theradical88: raises $4 to $5
B1GBankroll: folds 
Uncalled bet ($4) returned to theradical88
theradical88 collected $2 from pot
*** SUMMARY ***
Total pot $2 | Rake $0 
Seat 3: Unipoker11
Seat 1: nikalas22 folded before Flop (didn't bet)
Seat 2: p0pa4poker folded before Flop (didn't bet)
Seat 4: nastja336 (button) folded before Flop (didn't bet)
Seat 5: theradical88 (small blind) collected ($2)
Seat 6: B1GBankroll (big blind) folded before Flop



PokerStars Hand #254539578816:  Hold'em No Limit ($0.50/$1.00 USD) - 2025/01/24 1:19:42 WET [2025/01/24 20:19:42 ET]
Table 'Aludra IV' 6-max Seat #5 is the button
Seat 3: Unipoker11 ($100 in chips) is sitting out
Seat 1: nikalas22 ($171.72 in chips) 
Seat 2: p0pa4poker ($186.45 in chips) 
Seat 4: nastja336 ($100 in chips) 
Seat 5: theradical88 ($130.91 in chips) 
Seat 6: B1GBankroll ($100 in chips) 
B1GBankroll: posts small blind $0.50
nikalas22: posts big blind $1
*** HOLE CARDS ***
p0pa4poker: folds 
nastja336: folds 
theradical88: folds 
B1GBankroll: folds 
Uncalled bet ($0.50) returned to nikalas22
nikalas22 collected $1 from pot
nikalas22: doesn't show hand 
*** SUMMARY ***
Total pot $1 | Rake $0 
Seat 3: Unipoker11
Seat 1: nikalas22 (big blind) collected ($1)
Seat 2: p0pa4poker folded before Flop (didn't bet)
Seat 4: nastja336 folded before Flop (didn't bet)
Seat 5: theradical88 (button) folded before Flop (didn't bet)
Seat 6: B1GBankroll (small blind) folded before Flop



PokerStars Hand #254539581672:  Hold'em No Limit ($0.50/$1.00 USD) - 2025/01/24 1:19:58 WET [2025/01/24 20:19:58 ET]
Table 'Aludra IV' 6-max Seat #6 is the button
Seat 3: Unipoker11 ($100 in chips) is sitting out
Seat 1: nikalas22 ($172.22 in chips) 
Seat 2: p0pa4poker ($186.45 in chips) 
Seat 4: nastja336 ($100 in chips) 
Seat 5: theradical88 ($130.91 in chips) 
Seat 6: B1GBankroll ($100 in chips) 
nikalas22: posts small blind $0.50
p0pa4poker: posts big blind $1
*** HOLE CARDS ***
nastja336: folds 
theradical88: raises $1 to $2
B1GBankroll: folds 
nikalas22: folds 
p0pa4poker: folds 
Uncalled bet ($1) returned to theradical88
theradical88 collected $2.50 from pot
*** SUMMARY ***
Total pot $2.50 | Rake $0 
Seat 3: Unipoker11
Seat 1: nikalas22 (small blind) folded before Flop
Seat 2: p0pa4poker (big blind) folded before Flop
Seat 4: nastja336 folded before Flop (didn't bet)
Seat 5: theradical88 collected ($2.50)
Seat 6: B1GBankroll (button) folded before Flop (didn't bet)



PokerStars Hand #254539585957:  Hold'em No Limit ($0.50/$1.00 USD) - 2025/01/24 1:20:20 WET [2025/01/24 20:20:20 ET]
Table 'Aludra IV' 6-max Seat #1 is the button
Seat 3: Unipoker11 ($100 in chips) is sitting out
Seat 1: nikalas22 ($171.72 in chips) 
Seat 2: p0pa4poker ($185.45 in chips) 
Seat 4: nastja336 ($100 in chips) 
Seat 5: theradical88 ($132.41 in chips) 
Seat 6: B1GBankroll ($100 in chips) 
p0pa4poker: posts small blind $0.50
nastja336: posts big blind $1
*** HOLE CARDS ***
theradical88: raises $1 to $2
B1GBankroll: folds 
nikalas22: folds 
p0pa4poker: folds 
nastja336: calls $1
*** FLOP *** [7c 6d Kd]
nastja336: checks 
theradical88: checks 
*** TURN *** [7c 6d Kd] [7s]
nastja336: checks 
theradical88: checks 
*** RIVER *** [7c 6d Kd 7s] [4d]
nastja336: bets $2.82
theradical88: folds 
Uncalled bet ($2.82) returned to nastja336
nastja336 collected $4.28 from pot
nastja336: doesn't show hand 
*** SUMMARY ***
Total pot $4.50 | Rake $0.22 
Board [7c 6d Kd 7s 4d]
Seat 3: Unipoker11
Seat 1: nikalas22 (button) folded before Flop (didn't bet)
Seat 2: p0pa4poker (small blind) folded before Flop
Seat 4: nastja336 (big blind) collected ($4.28)
Seat 5: theradical88 folded on the River
Seat 6: B1GBankroll folded before Flop (didn't bet)



PokerStars Hand #254539593785:  Hold'em No Limit ($0.50/$1.00 USD) - 2025/01/24 1:21:01 WET [2025/01/24 20:21:01 ET]
Table 'Aludra IV' 6-max Seat #2 is the button
Seat 3: Unipoker11 ($100 in chips) is sitting out
Seat 1: nikalas22 ($171.72 in chips) 
Seat 2: p0pa4poker ($184.95 in chips) 
Seat 4: nastja336 ($102.28 in chips) 
Seat 5: theradical88 ($130.41 in chips) 
Seat 6: B1GBankroll ($100 in chips) 
nastja336: posts small blind $0.50
theradical88: posts big blind $1
*** HOLE CARDS ***
B1GBankroll: folds 
nikalas22: folds 
p0pa4poker: folds 
nastja336: folds 
Uncalled bet ($0.50) returned to theradical88
theradical88 collected $1 from pot
*** SUMMARY ***
Total pot $1 | Rake $0 
Seat 3: Unipoker11
Seat 1: nikalas22 folded before Flop (didn't bet)
Seat 2: p0pa4poker (button) folded before Flop (didn't bet)
Seat 4: nastja336 (small blind) folded before Flop
Seat 5: theradical88 (big blind) collected ($1)
Seat 6: B1GBankroll folded before Flop (didn't bet)



PokerStars Hand #254539595910:  Hold'em No Limit ($0.50/$1.00 USD) - 2025/01/24 1:21:12 WET [2025/01/24 20:21:12 ET]
Table 'Aludra IV' 6-max Seat #4 is the button
Seat 3: Unipoker11 ($100 in chips) is sitting out
Seat 5: theradical88 ($130.91 in chips) is sitting out
Seat 1: nikalas22 ($171.72 in chips) 
Seat 2: p0pa4poker ($184.95 in chips) 
Seat 4: nastja336 ($101.78 in chips) 
Seat 6: B1GBankroll ($100 in chips) 
theradical88 has timed out
theradical88: is sitting out 
B1GBankroll: posts small blind $0.50
nikalas22: posts big blind $1
Unipoker11: sits out 
*** HOLE CARDS ***
p0pa4poker: folds 
nastja336: folds 
B1GBankroll: raises $2 to $3
nikalas22: folds 
Uncalled bet ($2) returned to B1GBankroll
B1GBankroll collected $2 from pot
B1GBankroll: doesn't show hand 
*** SUMMARY ***
Total pot $2 | Rake $0 
Seat 3: Unipoker11
Seat 5: theradical88
Seat 1: nikalas22 (big blind) folded before Flop
Seat 2: p0pa4poker folded before Flop (didn't bet)
Seat 4: nastja336 (button) folded before Flop (didn't bet)
Seat 6: B1GBankroll (small blind) collected ($2)



PokerStars Hand #254539601543:  Hold'em No Limit ($0.50/$1.00 USD) - 2025/01/24 1:21:41 WET [2025/01/24 20:21:41 ET]
Table 'Aludra IV' 6-max Seat #6 is the button
Seat 3: Unipoker11 ($100 in chips) is sitting out
Seat 5: theradical88 ($130.91 in chips) is sitting out
Seat 1: nikalas22 ($170.72 in chips) 
Seat 2: p0pa4poker ($184.95 in chips) 
Seat 4: nastja336 ($101.78 in chips) 
Seat 6: B1GBankroll ($101 in chips) 
nikalas22: posts small blind $0.50
p0pa4poker: posts big blind $1
Unipoker11: sits out 
*** HOLE CARDS ***
theradical88 is disconnected 
nastja336: folds 
B1GBankroll: folds 
nikalas22: folds 
Uncalled bet ($0.50) returned to p0pa4poker
p0pa4poker collected $1 from pot
p0pa4poker: doesn't show hand 
*** SUMMARY ***
Total pot $1 | Rake $0 
Seat 3: Unipoker11
Seat 5: theradical88
Seat 1: nikalas22 (small blind) folded before Flop
Seat 2: p0pa4poker (big blind) collected ($1)
Seat 4: nastja336 folded before Flop (didn't bet)
Seat 6: B1GBankroll (button) folded before Flop (didn't bet)



PokerStars Hand #254539604833:  Hold'em No Limit ($0.50/$1.00 USD) - 2025/01/24 1:21:59 WET [2025/01/24 20:21:59 ET]
Table 'Aludra IV' 6-max Seat #1 is the button
Seat 5: theradical88 ($130.91 in chips) is sitting out
Seat 1: nikalas22 ($170.22 in chips) 
Seat 2: p0pa4poker ($185.45 in chips) 
Seat 3: Unipoker11 ($100 in chips) 
Seat 4: nastja336 ($101.78 in chips) 
Seat 6: B1GBankroll ($101 in chips) 
p0pa4poker: posts small blind $0.50
Unipoker11: posts big blind $1
*** HOLE CARDS ***
nastja336: raises $1.50 to $2.50
B1GBankroll: folds 
nikalas22: raises $5.50 to $8
p0pa4poker: folds 
Unipoker11: folds 
nastja336: folds 
Uncalled bet ($5.50) returned to nikalas22
nikalas22 collected $6.50 from pot
nikalas22: doesn't show hand 
*** SUMMARY ***
Total pot $6.50 | Rake $0 
Seat 5: theradical88
Seat 1: nikalas22 (button) collected ($6.50)
Seat 2: p0pa4poker (small blind) folded before Flop
Seat 3: Unipoker11 (big blind) folded before Flop
Seat 4: nastja336 folded before Flop
Seat 6: B1GBankroll folded before Flop (didn't bet)



PokerStars Hand #254539608439:  Hold'em No Limit ($0.50/$1.00 USD) - 2025/01/24 1:22:18 WET [2025/01/24 20:22:18 ET]
Table 'Aludra IV' 6-max Seat #2 is the button
Seat 5: theradical88 ($130.91 in chips) is sitting out
Seat 1: nikalas22 ($174.22 in chips) 
Seat 2: p0pa4poker ($184.95 in chips) 
Seat 3: Unipoker11 ($100 in chips) 
Seat 4: nastja336 ($100 in chips) 
Seat 6: B1GBankroll ($101 in chips) 
Unipoker11: posts small blind $0.50
nastja336: posts big blind $1
theradical88: sits out 
*** HOLE CARDS ***
B1GBankroll: folds 
nikalas22: folds 
p0pa4poker: folds 
Unipoker11: folds 
Uncalled bet ($0.50) returned to nastja336
nastja336 collected $1 from pot
nastja336: doesn't show hand 
*** SUMMARY ***
Total pot $1 | Rake $0 
Seat 5: theradical88
Seat 1: nikalas22 folded before Flop (didn't bet)
Seat 2: p0pa4poker (button) folded before Flop (didn't bet)
Seat 3: Unipoker11 (small blind) folded before Flop
Seat 4: nastja336 (big blind) collected ($1)
Seat 6: B1GBankroll folded before Flop (didn't bet)



PokerStars Hand #254539611207:  Hold'em No Limit ($0.50/$1.00 USD) - 2025/01/24 1:22:33 WET [2025/01/24 20:22:33 ET]
Table 'Aludra IV' 6-max Seat #3 is the button
Seat 1: nikalas22 ($174.22 in chips) 
Seat 2: p0pa4poker ($184.95 in chips) 
Seat 3: Unipoker11 ($100 in chips) 
Seat 4: nastja336 ($100.50 in chips) 
Seat 5: theradical88 ($130.91 in chips) 
Seat 6: B1GBankroll ($101 in chips) 
nastja336: posts small blind $0.50
theradical88: posts big blind $1
*** HOLE CARDS ***
B1GBankroll: raises $1.50 to $2.50
nikalas22: folds 
p0pa4poker: folds 
Unipoker11: folds 
nastja336: folds 
theradical88: folds 
Uncalled bet ($1.50) returned to B1GBankroll
B1GBankroll collected $2.50 from pot
B1GBankroll: doesn't show hand 
*** SUMMARY ***
Total pot $2.50 | Rake $0 
Seat 1: nikalas22 folded before Flop (didn't bet)
Seat 2: p0pa4poker folded before Flop (didn't bet)
Seat 3: Unipoker11 (button) folded before Flop (didn't bet)
Seat 4: nastja336 (small blind) folded before Flop
Seat 5: theradical88 (big blind) folded before Flop
Seat 6: B1GBankroll collected ($2.50)



PokerStars Hand #254539615465:  Hold'em No Limit ($0.50/$1.00 USD) - 2025/01/24 1:22:55 WET [2025/01/24 20:22:55 ET]
Table 'Aludra IV' 6-max Seat #4 is the button
Seat 1: nikalas22 ($174.22 in chips) 
Seat 2: p0pa4poker ($184.95 in chips) 
Seat 3: Unipoker11 ($100 in chips) 
Seat 4: nastja336 ($100 in chips) 
Seat 5: theradical88 ($129.91 in chips) 
Seat 6: B1GBankroll ($102.50 in chips) 
theradical88: posts small blind $0.50
B1GBankroll: posts big blind $1
*** HOLE CARDS ***
nikalas22: folds 
p0pa4poker: raises $1 to $2
Unipoker11: folds 
nastja336: folds 
theradical88: raises $1 to $3
B1GBankroll: folds 
p0pa4poker: calls $1
*** FLOP *** [As 9h Jc]
theradical88: bets $6.65
p0pa4poker: folds 
Uncalled bet ($6.65) returned to theradical88
theradical88 collected $6.65 from pot
*** SUMMARY ***
Total pot $7 | Rake $0.35 
Board [As 9h Jc]
Seat 1: nikalas22 folded before Flop (didn't bet)
Seat 2: p0pa4poker folded on the Flop
Seat 3: Unipoker11 folded before Flop (didn't bet)
Seat 4: nastja336 (button) folded before Flop (didn't bet)
Seat 5: theradical88 (small blind) collected ($6.65)
Seat 6: B1GBankroll (big blind) folded before Flop



PokerStars Hand #254539622903:  Hold'em No Limit ($0.50/$1.00 USD) - 2025/01/24 1:23:35 WET [2025/01/24 20:23:35 ET]
Table 'Aludra IV' 6-max Seat #5 is the button
Seat 1: nikalas22 ($174.22 in chips) 
Seat 2: p0pa4poker ($181.95 in chips) 
Seat 3: Unipoker11 ($100 in chips) 
Seat 4: nastja336 ($100 in chips) 
Seat 5: theradical88 ($133.56 in chips) 
Seat 6: B1GBankroll ($101.50 in chips) 
B1GBankroll: posts small blind $0.50
nikalas22: posts big blind $1
*** HOLE CARDS ***
p0pa4poker: folds 
Unipoker11: raises $1 to $2
nastja336: folds 
theradical88: folds 
B1GBankroll: folds 
nikalas22: folds 
Uncalled bet ($1) returned to Unipoker11
Unipoker11 collected $2.50 from pot
Unipoker11: doesn't show hand 
*** SUMMARY ***
Total pot $2.50 | Rake $0 
Seat 1: nikalas22 (big blind) folded before Flop
Seat 2: p0pa4poker folded before Flop (didn't bet)
Seat 3: Unipoker11 collected ($2.50)
Seat 4: nastja336 folded before Flop (didn't bet)
Seat 5: theradical88 (button) folded before Flop (didn't bet)
Seat 6: B1GBankroll (small blind) folded before Flop



PokerStars Hand #254539625419:  Hold'em No Limit ($0.50/$1.00 USD) - 2025/01/24 1:23:49 WET [2025/01/24 20:23:49 ET]
Table 'Aludra IV' 6-max Seat #6 is the button
Seat 1: nikalas22 ($173.22 in chips) 
Seat 2: p0pa4poker ($181.95 in chips) 
Seat 3: Unipoker11 ($101.50 in chips) 
Seat 4: nastja336 ($100 in chips) 
Seat 5: theradical88 ($133.56 in chips) 
Seat 6: B1GBankroll ($101 in chips) 
nikalas22: posts small blind $0.50
p0pa4poker: posts big blind $1
*** HOLE CARDS ***
Unipoker11: folds 
nastja336: raises $1.50 to $2.50
theradical88: folds 
B1GBankroll: raises $5 to $7.50
nikalas22: folds 
p0pa4poker: folds 
nastja336: folds 
Uncalled bet ($5) returned to B1GBankroll
B1GBankroll collected $6.50 from pot
B1GBankroll: doesn't show hand 
*** SUMMARY ***
Total pot $6.50 | Rake $0 
Seat 1: nikalas22 (small blind) folded before Flop
Seat 2: p0pa4poker (big blind) folded before Flop
Seat 3: Unipoker11 folded before Flop (didn't bet)
Seat 4: nastja336 folded before Flop
Seat 5: theradical88 folded before Flop (didn't bet)
Seat 6: B1GBankroll (button) collected ($6.50)



PokerStars Hand #254539633273:  Hold'em No Limit ($0.50/$1.00 USD) - 2025/01/24 1:24:31 WET [2025/01/24 20:24:31 ET]
Table 'Aludra IV' 6-max Seat #1 is the button
Seat 1: nikalas22 ($172.72 in chips) 
Seat 2: p0pa4poker ($180.95 in chips) 
Seat 3: Unipoker11 ($101.50 in chips) 
Seat 4: nastja336 ($100 in chips) 
Seat 5: theradical88 ($133.56 in chips) 
Seat 6: B1GBankroll ($105 in chips) 
p0pa4poker: posts small blind $0.50
Unipoker11: posts big blind $1
*** HOLE CARDS ***
nastja336: folds 
theradical88: folds 
B1GBankroll: folds 
nikalas22: raises $1.50 to $2.50
p0pa4poker: folds 
Unipoker11: folds 
Uncalled bet ($1.50) returned to nikalas22
nikalas22 collected $2.50 from pot
nikalas22: doesn't show hand 
*** SUMMARY ***
Total pot $2.50 | Rake $0 
Seat 1: nikalas22 (button) collected ($2.50)
Seat 2: p0pa4poker (small blind) folded before Flop
Seat 3: Unipoker11 (big blind) folded before Flop
Seat 4: nastja336 folded before Flop (didn't bet)
Seat 5: theradical88 folded before Flop (didn't bet)
Seat 6: B1GBankroll folded before Flop (didn't bet)



PokerStars Hand #254539637335:  Hold'em No Limit ($0.50/$1.00 USD) - 2025/01/24 1:24:53 WET [2025/01/24 20:24:53 ET]
Table 'Aludra IV' 6-max Seat #2 is the button
Seat 1: nikalas22 ($174.22 in chips) 
Seat 2: p0pa4poker ($180.45 in chips) 
Seat 3: Unipoker11 ($100.50 in chips) 
Seat 4: nastja336 ($100 in chips) 
Seat 5: theradical88 ($133.56 in chips) 
Seat 6: B1GBankroll ($105 in chips) 
Unipoker11: posts small blind $0.50
nastja336: posts big blind $1
*** HOLE CARDS ***
theradical88: raises $1 to $2
B1GBankroll: folds 
nikalas22: folds 
p0pa4poker: folds 
Unipoker11: raises $10 to $12
nastja336: folds 
theradical88: folds 
Uncalled bet ($10) returned to Unipoker11
Unipoker11 collected $5 from pot
Unipoker11: doesn't show hand 
*** SUMMARY ***
Total pot $5 | Rake $0 
Seat 1: nikalas22 folded before Flop (didn't bet)
Seat 2: p0pa4poker (button) folded before Flop (didn't bet)
Seat 3: Unipoker11 (small blind) collected ($5)
Seat 4: nastja336 (big blind) folded before Flop
Seat 5: theradical88 folded before Flop
Seat 6: B1GBankroll folded before Flop (didn't bet)



PokerStars Hand #254539646265:  Hold'em No Limit ($0.50/$1.00 USD) - 2025/01/24 1:25:40 WET [2025/01/24 20:25:40 ET]
Table 'Aludra IV' 6-max Seat #3 is the button
Seat 1: nikalas22 ($174.22 in chips) 
Seat 2: p0pa4poker ($180.45 in chips) 
Seat 3: Unipoker11 ($103.50 in chips) 
Seat 4: nastja336 ($100 in chips) 
Seat 5: theradical88 ($131.56 in chips) 
Seat 6: B1GBankroll ($105 in chips) 
nastja336: posts small blind $0.50
theradical88: posts big blind $1
*** HOLE CARDS ***
B1GBankroll: folds 
nikalas22: folds 
p0pa4poker: folds 
Unipoker11: folds 
nastja336: raises $2 to $3
theradical88: calls $2
*** FLOP *** [8s Jc 5h]
nastja336: checks 
theradical88: checks 
*** TURN *** [8s Jc 5h] [4c]
nastja336: checks 
theradical88: bets $5.70
nastja336: calls $5.70
*** RIVER *** [8s Jc 5h 4c] [Js]
nastja336: checks 
theradical88: bets $16.53
nastja336: calls $16.53
*** SHOW DOWN ***
theradical88: shows [3d Qs] (a pair of Jacks)
nastja336: shows [Jd Ac] (three of a kind, Jacks)
nastja336 collected $47.96 from pot
*** SUMMARY ***
Total pot $50.46 | Rake $2.50 
Board [8s Jc 5h 4c Js]
Seat 1: nikalas22 folded before Flop (didn't bet)
Seat 2: p0pa4poker folded before Flop (didn't bet)
Seat 3: Unipoker11 (button) folded before Flop (didn't bet)
Seat 4: nastja336 (small blind) showed [Jd Ac] and won ($47.96) with three of a kind, Jacks
Seat 5: theradical88 (big blind) showed [3d Qs] and lost with a pair of Jacks
Seat 6: B1GBankroll folded before Flop (didn't bet)



PokerStars Hand #254539653685:  Hold'em No Limit ($0.50/$1.00 USD) - 2025/01/24 1:26:19 WET [2025/01/24 20:26:19 ET]
Table 'Aludra IV' 6-max Seat #4 is the button
Seat 1: nikalas22 ($174.22 in chips) 
Seat 2: p0pa4poker ($180.45 in chips) 
Seat 3: Unipoker11 ($103.50 in chips) 
Seat 4: nastja336 ($122.73 in chips) 
Seat 5: theradical88 ($106.33 in chips) 
Seat 6: B1GBankroll ($105 in chips) 
theradical88: posts small blind $0.50
B1GBankroll: posts big blind $1
*** HOLE CARDS ***
nikalas22: folds 
p0pa4poker: folds 
Unipoker11: folds 
nastja336: folds 
theradical88: raises $1 to $2
B1GBankroll: folds 
Uncalled bet ($1) returned to theradical88
theradical88 collected $2 from pot
*** SUMMARY ***
Total pot $2 | Rake $0 
Seat 1: nikalas22 folded before Flop (didn't bet)
Seat 2: p0pa4poker folded before Flop (didn't bet)
Seat 3: Unipoker11 folded before Flop (didn't bet)
Seat 4: nastja336 (button) folded before Flop (didn't bet)
Seat 5: theradical88 (small blind) collected ($2)
Seat 6: B1GBankroll (big blind) folded before Flop



PokerStars Hand #254539657198:  Hold'em No Limit ($0.50/$1.00 USD) - 2025/01/24 1:26:37 WET [2025/01/24 20:26:37 ET]
Table 'Aludra IV' 6-max Seat #5 is the button
Seat 1: nikalas22 ($174.22 in chips) 
Seat 2: p0pa4poker ($180.45 in chips) 
Seat 3: Unipoker11 ($103.50 in chips) 
Seat 4: nastja336 ($122.73 in chips) 
Seat 5: theradical88 ($107.33 in chips) 
Seat 6: B1GBankroll ($104 in chips) 
B1GBankroll: posts small blind $0.50
nikalas22: posts big blind $1
*** HOLE CARDS ***
p0pa4poker: folds 
Unipoker11: folds 
nastja336: folds 
theradical88: folds 
B1GBankroll: folds 
Uncalled bet ($0.50) returned to nikalas22
nikalas22 collected $1 from pot
nikalas22: doesn't show hand 
*** SUMMARY ***
Total pot $1 | Rake $0 
Seat 1: nikalas22 (big blind) collected ($1)
Seat 2: p0pa4poker folded before Flop (didn't bet)
Seat 3: Unipoker11 folded before Flop (didn't bet)
Seat 4: nastja336 folded before Flop (didn't bet)
Seat 5: theradical88 (button) folded before Flop (didn't bet)
Seat 6: B1GBankroll (small blind) folded before Flop



PokerStars Hand #254539659503:  Hold'em No Limit ($0.50/$1.00 USD) - 2025/01/24 1:26:50 WET [2025/01/24 20:26:50 ET]
Table 'Aludra IV' 6-max Seat #6 is the button
Seat 1: nikalas22 ($174.72 in chips) 
Seat 2: p0pa4poker ($180.45 in chips) 
Seat 3: Unipoker11 ($103.50 in chips) 
Seat 4: nastja336 ($122.73 in chips) 
Seat 5: theradical88 ($107.33 in chips) 
Seat 6: B1GBankroll ($103.50 in chips) 
nikalas22: posts small blind $0.50
p0pa4poker: posts big blind $1
*** HOLE CARDS ***
Unipoker11: folds 
nastja336: raises $1.50 to $2.50
theradical88: folds 
B1GBankroll: folds 
nikalas22: folds 
p0pa4poker: folds 
Uncalled bet ($1.50) returned to nastja336
nastja336 collected $2.50 from pot
nastja336: doesn't show hand 
*** SUMMARY ***
Total pot $2.50 | Rake $0 
Seat 1: nikalas22 (small blind) folded before Flop
Seat 2: p0pa4poker (big blind) folded before Flop
Seat 3: Unipoker11 folded before Flop (didn't bet)
Seat 4: nastja336 collected ($2.50)
Seat 5: theradical88 folded before Flop (didn't bet)
Seat 6: B1GBankroll (button) folded before Flop (didn't bet)



PokerStars Hand #254539664087:  Hold'em No Limit ($0.50/$1.00 USD) - 2025/01/24 1:27:14 WET [2025/01/24 20:27:14 ET]
Table 'Aludra IV' 6-max Seat #1 is the button
Seat 1: nikalas22 ($174.22 in chips) 
Seat 2: p0pa4poker ($179.45 in chips) 
Seat 3: Unipoker11 ($103.50 in chips) 
Seat 4: nastja336 ($124.23 in chips) 
Seat 5: theradical88 ($107.33 in chips) 
Seat 6: B1GBankroll ($103.50 in chips) 
p0pa4poker: posts small blind $0.50
Unipoker11: posts big blind $1
*** HOLE CARDS ***
nastja336: folds 
theradical88: raises $1 to $2
B1GBankroll: folds 
nikalas22: folds 
p0pa4poker: folds 
Unipoker11: calls $1
*** FLOP *** [9d Ad 2h]
Unipoker11: checks 
theradical88: bets $4.28
Unipoker11: folds 
Uncalled bet ($4.28) returned to theradical88
theradical88 collected $4.28 from pot
*** SUMMARY ***
Total pot $4.50 | Rake $0.22 
Board [9d Ad 2h]
Seat 1: nikalas22 (button) folded before Flop (didn't bet)
Seat 2: p0pa4poker (small blind) folded before Flop
Seat 3: Unipoker11 (big blind) folded on the Flop
Seat 4: nastja336 folded before Flop (didn't bet)
Seat 5: theradical88 collected ($4.28)
Seat 6: B1GBankroll folded before Flop (didn't bet)



PokerStars Hand #254539671785:  Hold'em No Limit ($0.50/$1.00 USD) - 2025/01/24 1:27:54 WET [2025/01/24 20:27:54 ET]
Table 'Aludra IV' 6-max Seat #2 is the button
Seat 1: nikalas22 ($174.22 in chips) 
Seat 2: p0pa4poker ($178.95 in chips) 
Seat 3: Unipoker11 ($101.50 in chips) 
Seat 4: nastja336 ($124.23 in chips) 
Seat 5: theradical88 ($109.61 in chips) 
Seat 6: B1GBankroll ($103.50 in chips) 
Unipoker11: posts small blind $0.50
nastja336: posts big blind $1
*** HOLE CARDS ***
theradical88: folds 
B1GBankroll: folds 
nikalas22: folds 
p0pa4poker: folds 
Unipoker11: folds 
Uncalled bet ($0.50) returned to nastja336
nastja336 collected $1 from pot
nastja336: doesn't show hand 
*** SUMMARY ***
Total pot $1 | Rake $0 
Seat 1: nikalas22 folded before Flop (didn't bet)
Seat 2: p0pa4poker (button) folded before Flop (didn't bet)
Seat 3: Unipoker11 (small blind) folded before Flop
Seat 4: nastja336 (big blind) collected ($1)
Seat 5: theradical88 folded before Flop (didn't bet)
Seat 6: B1GBankroll folded before Flop (didn't bet)



PokerStars Hand #254539674207:  Hold'em No Limit ($0.50/$1.00 USD) - 2025/01/24 1:28:07 WET [2025/01/24 20:28:07 ET]
Table 'Aludra IV' 6-max Seat #3 is the button
Seat 1: nikalas22 ($174.22 in chips) 
Seat 2: p0pa4poker ($178.95 in chips) 
Seat 3: Unipoker11 ($101 in chips) 
Seat 4: nastja336 ($124.73 in chips) 
Seat 5: theradical88 ($109.61 in chips) 
Seat 6: B1GBankroll ($103.50 in chips) 
nastja336: posts small blind $0.50
theradical88: posts big blind $1
*** HOLE CARDS ***
B1GBankroll: folds 
nikalas22: folds 
p0pa4poker: raises $1.30 to $2.30
Unipoker11: folds 
nastja336: folds 
theradical88: raises $5.10 to $7.40
p0pa4poker: calls $5.10
*** FLOP *** [9s 3h 9h]
theradical88: bets $14.54
p0pa4poker: folds 
Uncalled bet ($14.54) returned to theradical88
theradical88 collected $14.54 from pot
*** SUMMARY ***
Total pot $15.30 | Rake $0.76 
Board [9s 3h 9h]
Seat 1: nikalas22 folded before Flop (didn't bet)
Seat 2: p0pa4poker folded on the Flop
Seat 3: Unipoker11 (button) folded before Flop (didn't bet)
Seat 4: nastja336 (small blind) folded before Flop
Seat 5: theradical88 (big blind) collected ($14.54)
Seat 6: B1GBankroll folded before Flop (didn't bet)



PokerStars Hand #254539679546:  Hold'em No Limit ($0.50/$1.00 USD) - 2025/01/24 1:28:35 WET [2025/01/24 20:28:35 ET]
Table 'Aludra IV' 6-max Seat #4 is the button
Seat 1: nikalas22 ($174.22 in chips) 
Seat 2: p0pa4poker ($171.55 in chips) 
Seat 3: Unipoker11 ($101 in chips) 
Seat 4: nastja336 ($124.23 in chips) 
Seat 5: theradical88 ($116.75 in chips) 
Seat 6: B1GBankroll ($103.50 in chips) 
theradical88: posts small blind $0.50
B1GBankroll: posts big blind $1
*** HOLE CARDS ***
nikalas22: folds 
p0pa4poker: raises $1 to $2
Unipoker11: folds 
nastja336: calls $2
theradical88: calls $1.50
B1GBankroll: folds 
*** FLOP *** [2h Js Ac]
theradical88: checks 
p0pa4poker: bets $2.19
nastja336: folds 
theradical88: calls $2.19
*** TURN *** [2h Js Ac] [Ah]
theradical88: checks 
p0pa4poker: checks 
*** RIVER *** [2h Js Ac Ah] [Kh]
theradical88: bets $10.81
p0pa4poker: folds 
Uncalled bet ($10.81) returned to theradical88
theradical88 collected $10.81 from pot
*** SUMMARY ***
Total pot $11.38 | Rake $0.57 
Board [2h Js Ac Ah Kh]
Seat 1: nikalas22 folded before Flop (didn't bet)
Seat 2: p0pa4poker folded on the River
Seat 3: Unipoker11 folded before Flop (didn't bet)
Seat 4: nastja336 (button) folded on the Flop
Seat 5: theradical88 (small blind) collected ($10.81)
Seat 6: B1GBankroll (big blind) folded before Flop



PokerStars Hand #254539693062:  Hold'em No Limit ($0.50/$1.00 USD) - 2025/01/24 1:29:46 WET [2025/01/24 20:29:46 ET]
Table 'Aludra IV' 6-max Seat #5 is the button
Seat 1: nikalas22 ($174.22 in chips) 
Seat 2: p0pa4poker ($167.36 in chips) 
Seat 3: Unipoker11 ($101 in chips) 
Seat 4: nastja336 ($122.23 in chips) 
Seat 5: theradical88 ($123.37 in chips) 
Seat 6: B1GBankroll ($102.50 in chips) 
B1GBankroll: posts small blind $0.50
nikalas22: posts big blind $1
*** HOLE CARDS ***
p0pa4poker: folds 
Unipoker11: folds 
nastja336: folds 
theradical88: folds 
B1GBankroll: raises $2 to $3
nikalas22: folds 
Uncalled bet ($2) returned to B1GBankroll
B1GBankroll collected $2 from pot
B1GBankroll: doesn't show hand 
*** SUMMARY ***
Total pot $2 | Rake $0 
Seat 1: nikalas22 (big blind) folded before Flop
Seat 2: p0pa4poker folded before Flop (didn't bet)
Seat 3: Unipoker11 folded before Flop (didn't bet)
Seat 4: nastja336 folded before Flop (didn't bet)
Seat 5: theradical88 (button) folded before Flop (didn't bet)
Seat 6: B1GBankroll (small blind) collected ($2)



PokerStars Hand #254539696663:  Hold'em No Limit ($0.50/$1.00 USD) - 2025/01/24 1:30:05 WET [2025/01/24 20:30:05 ET]
Table 'Aludra IV' 6-max Seat #6 is the button
Seat 1: nikalas22 ($173.22 in chips) 
Seat 2: p0pa4poker ($167.36 in chips) 
Seat 3: Unipoker11 ($101 in chips) 
Seat 4: nastja336 ($122.23 in chips) 
Seat 5: theradical88 ($123.37 in chips) 
Seat 6: B1GBankroll ($103.50 in chips) 
nikalas22: posts small blind $0.50
p0pa4poker: posts big blind $1
*** HOLE CARDS ***
Unipoker11: folds 
nastja336: folds 
theradical88: raises $1 to $2
B1GBankroll: folds 
nikalas22: folds 
p0pa4poker: folds 
Uncalled bet ($1) returned to theradical88
theradical88 collected $2.50 from pot
*** SUMMARY ***
Total pot $2.50 | Rake $0 
Seat 1: nikalas22 (small blind) folded before Flop
Seat 2: p0pa4poker (big blind) folded before Flop
Seat 3: Unipoker11 folded before Flop (didn't bet)
Seat 4: nastja336 folded before Flop (didn't bet)
Seat 5: theradical88 collected ($2.50)
Seat 6: B1GBankroll (button) folded before Flop (didn't bet)



PokerStars Hand #254539699698:  Hold'em No Limit ($0.50/$1.00 USD) - 2025/01/24 1:30:22 WET [2025/01/24 20:30:22 ET]
Table 'Aludra IV' 6-max Seat #1 is the button
Seat 1: nikalas22 ($172.72 in chips) 
Seat 2: p0pa4poker ($166.36 in chips) 
Seat 3: Unipoker11 ($101 in chips) 
Seat 4: nastja336 ($122.23 in chips) 
Seat 5: theradical88 ($124.87 in chips) 
Seat 6: B1GBankroll ($103.50 in chips) 
p0pa4poker: posts small blind $0.50
Unipoker11: posts big blind $1
*** HOLE CARDS ***
nastja336: folds 
theradical88: folds 
B1GBankroll: folds 
nikalas22: folds 
p0pa4poker: raises $2 to $3
Unipoker11: raises $6 to $9
p0pa4poker: folds 
Uncalled bet ($6) returned to Unipoker11
Unipoker11 collected $6 from pot
Unipoker11: doesn't show hand 
*** SUMMARY ***
Total pot $6 | Rake $0 
Seat 1: nikalas22 (button) folded before Flop (didn't bet)
Seat 2: p0pa4poker (small blind) folded before Flop
Seat 3: Unipoker11 (big blind) collected ($6)
Seat 4: nastja336 folded before Flop (didn't bet)
Seat 5: theradical88 folded before Flop (didn't bet)
Seat 6: B1GBankroll folded before Flop (didn't bet)



PokerStars Hand #254539704859:  Hold'em No Limit ($0.50/$1.00 USD) - 2025/01/24 1:30:49 WET [2025/01/24 20:30:49 ET]
Table 'Aludra IV' 6-max Seat #2 is the button
Seat 1: nikalas22 ($172.72 in chips) 
Seat 2: p0pa4poker ($163.36 in chips) 
Seat 3: Unipoker11 ($104 in chips) 
Seat 4: nastja336 ($122.23 in chips) 
Seat 5: theradical88 ($124.87 in chips) 
Seat 6: B1GBankroll ($103.50 in chips) 
Unipoker11: posts small blind $0.50
nastja336: posts big blind $1
*** HOLE CARDS ***
theradical88: folds 
B1GBankroll: folds 
nikalas22: raises $1.50 to $2.50
p0pa4poker: folds 
Unipoker11: folds 
nastja336: folds 
Uncalled bet ($1.50) returned to nikalas22
nikalas22 collected $2.50 from pot
nikalas22: doesn't show hand 
*** SUMMARY ***
Total pot $2.50 | Rake $0 
Seat 1: nikalas22 collected ($2.50)
Seat 2: p0pa4poker (button) folded before Flop (didn't bet)
Seat 3: Unipoker11 (small blind) folded before Flop
Seat 4: nastja336 (big blind) folded before Flop
Seat 5: theradical88 folded before Flop (didn't bet)
Seat 6: B1GBankroll folded before Flop (didn't bet)



PokerStars Hand #254539708040:  Hold'em No Limit ($0.50/$1.00 USD) - 2025/01/24 1:31:06 WET [2025/01/24 20:31:06 ET]
Table 'Aludra IV' 6-max Seat #3 is the button
Seat 1: nikalas22 ($174.22 in chips) 
Seat 2: p0pa4poker ($163.36 in chips) 
Seat 3: Unipoker11 ($103.50 in chips) 
Seat 4: nastja336 ($121.23 in chips) 
Seat 5: theradical88 ($124.87 in chips) 
Seat 6: B1GBankroll ($103.50 in chips) 
nastja336: posts small blind $0.50
theradical88: posts big blind $1
*** HOLE CARDS ***
B1GBankroll: folds 
nikalas22: folds 
p0pa4poker: raises $1.30 to $2.30
Unipoker11: folds 
nastja336: folds 
theradical88: calls $1.30
*** FLOP *** [8h 3d 9h]
theradical88: bets $4.84
p0pa4poker: calls $4.84
*** TURN *** [8h 3d 9h] [Qc]
theradical88: bets $14.04
p0pa4poker: folds 
Uncalled bet ($14.04) returned to theradical88
theradical88 collected $14.04 from pot
*** SUMMARY ***
Total pot $14.78 | Rake $0.74 
Board [8h 3d 9h Qc]
Seat 1: nikalas22 folded before Flop (didn't bet)
Seat 2: p0pa4poker folded on the Turn
Seat 3: Unipoker11 (button) folded before Flop (didn't bet)
Seat 4: nastja336 (small blind) folded before Flop
Seat 5: theradical88 (big blind) collected ($14.04)
Seat 6: B1GBankroll folded before Flop (didn't bet)



PokerStars Hand #254539714181:  Hold'em No Limit ($0.50/$1.00 USD) - 2025/01/24 1:31:38 WET [2025/01/24 20:31:38 ET]
Table 'Aludra IV' 6-max Seat #4 is the button
Seat 1: nikalas22 ($174.22 in chips) 
Seat 2: p0pa4poker ($156.22 in chips) 
Seat 3: Unipoker11 ($103.50 in chips) 
Seat 4: nastja336 ($120.73 in chips) 
Seat 5: theradical88 ($131.77 in chips) 
Seat 6: B1GBankroll ($103.50 in chips) 
theradical88: posts small blind $0.50
B1GBankroll: posts big blind $1
*** HOLE CARDS ***
nikalas22: folds 
p0pa4poker: raises $1 to $2
Unipoker11: folds 
nastja336: folds 
theradical88: calls $1.50
B1GBankroll: folds 
*** FLOP *** [Ks 6s 7c]
theradical88: checks 
p0pa4poker: checks 
*** TURN *** [Ks 6s 7c] [6d]
theradical88: checks 
p0pa4poker: checks 
*** RIVER *** [Ks 6s 7c 6d] [6h]
theradical88: bets $4.75
p0pa4poker: calls $4.75
*** SHOW DOWN ***
theradical88: shows [Ad Td] (three of a kind, Sixes)
p0pa4poker: shows [5d 5c] (a full house, Sixes full of Fives)
p0pa4poker collected $13.78 from pot
*** SUMMARY ***
Total pot $14.50 | Rake $0.72 
Board [Ks 6s 7c 6d 6h]
Seat 1: nikalas22 folded before Flop (didn't bet)
Seat 2: p0pa4poker showed [5d 5c] and won ($13.78) with a full house, Sixes full of Fives
Seat 3: Unipoker11 folded before Flop (didn't bet)
Seat 4: nastja336 (button) folded before Flop (didn't bet)
Seat 5: theradical88 (small blind) showed [Ad Td] and lost with three of a kind, Sixes
Seat 6: B1GBankroll (big blind) folded before Flop



PokerStars Hand #254539723214:  Hold'em No Limit ($0.50/$1.00 USD) - 2025/01/24 1:32:26 WET [2025/01/24 20:32:26 ET]
Table 'Aludra IV' 6-max Seat #5 is the button
Seat 1: nikalas22 ($174.22 in chips) 
Seat 2: p0pa4poker ($163.25 in chips) 
Seat 3: Unipoker11 ($103.50 in chips) 
Seat 4: nastja336 ($120.73 in chips) 
Seat 5: theradical88 ($125.02 in chips) 
Seat 6: B1GBankroll ($102.50 in chips) 
B1GBankroll: posts small blind $0.50
nikalas22: posts big blind $1
*** HOLE CARDS ***
p0pa4poker: folds 
Unipoker11: folds 
nastja336: folds 
theradical88: folds 
B1GBankroll: folds 
Uncalled bet ($0.50) returned to nikalas22
nikalas22 collected $1 from pot
nikalas22: doesn't show hand 
*** SUMMARY ***
Total pot $1 | Rake $0 
Seat 1: nikalas22 (big blind) collected ($1)
Seat 2: p0pa4poker folded before Flop (didn't bet)
Seat 3: Unipoker11 folded before Flop (didn't bet)
Seat 4: nastja336 folded before Flop (didn't bet)
Seat 5: theradical88 (button) folded before Flop (didn't bet)
Seat 6: B1GBankroll (small blind) folded before Flop



PokerStars Hand #254539726852:  Hold'em No Limit ($0.50/$1.00 USD) - 2025/01/24 1:32:45 WET [2025/01/24 20:32:45 ET]
Table 'Aludra IV' 6-max Seat #6 is the button
Seat 1: nikalas22 ($174.72 in chips) 
Seat 2: p0pa4poker ($163.25 in chips) 
Seat 3: Unipoker11 ($103.50 in chips) 
Seat 4: nastja336 ($120.73 in chips) 
Seat 5: theradical88 ($125.02 in chips) 
Seat 6: B1GBankroll ($102 in chips) 
nikalas22: posts small blind $0.50
p0pa4poker: posts big blind $1
*** HOLE CARDS ***
Unipoker11: folds 
nastja336: folds 
theradical88: folds 
B1GBankroll: raises $1.50 to $2.50
nikalas22: folds 
p0pa4poker: raises $9.50 to $12
B1GBankroll: folds 
Uncalled bet ($9.50) returned to p0pa4poker
p0pa4poker collected $5.50 from pot
p0pa4poker: doesn't show hand 
*** SUMMARY ***
Total pot $5.50 | Rake $0 
Seat 1: nikalas22 (small blind) folded before Flop
Seat 2: p0pa4poker (big blind) collected ($5.50)
Seat 3: Unipoker11 folded before Flop (didn't bet)
Seat 4: nastja336 folded before Flop (didn't bet)
Seat 5: theradical88 folded before Flop (didn't bet)
Seat 6: B1GBankroll (button) folded before Flop



PokerStars Hand #254539731745:  Hold'em No Limit ($0.50/$1.00 USD) - 2025/01/24 1:33:11 WET [2025/01/24 20:33:11 ET]
Table 'Aludra IV' 6-max Seat #1 is the button
Seat 1: nikalas22 ($174.22 in chips) 
Seat 2: p0pa4poker ($166.25 in chips) 
Seat 3: Unipoker11 ($103.50 in chips) 
Seat 4: nastja336 ($120.73 in chips) 
Seat 5: theradical88 ($125.02 in chips) 
Seat 6: B1GBankroll ($100 in chips) 
p0pa4poker: posts small blind $0.50
Unipoker11: posts big blind $1
*** HOLE CARDS ***
nastja336: folds 
theradical88: folds 
B1GBankroll: raises $1.50 to $2.50
nikalas22: folds 
p0pa4poker: folds 
Unipoker11: folds 
Uncalled bet ($1.50) returned to B1GBankroll
B1GBankroll collected $2.50 from pot
B1GBankroll: doesn't show hand 
*** SUMMARY ***
Total pot $2.50 | Rake $0 
Seat 1: nikalas22 (button) folded before Flop (didn't bet)
Seat 2: p0pa4poker (small blind) folded before Flop
Seat 3: Unipoker11 (big blind) folded before Flop
Seat 4: nastja336 folded before Flop (didn't bet)
Seat 5: theradical88 folded before Flop (didn't bet)
Seat 6: B1GBankroll collected ($2.50)



PokerStars Hand #254539735795:  Hold'em No Limit ($0.50/$1.00 USD) - 2025/01/24 1:33:32 WET [2025/01/24 20:33:32 ET]
Table 'Aludra IV' 6-max Seat #2 is the button
Seat 1: nikalas22 ($174.22 in chips) 
Seat 2: p0pa4poker ($165.75 in chips) 
Seat 3: Unipoker11 ($102.50 in chips) 
Seat 4: nastja336 ($120.73 in chips) 
Seat 5: theradical88 ($125.02 in chips) 
Seat 6: B1GBankroll ($101.50 in chips) 
Unipoker11: posts small blind $0.50
nastja336: posts big blind $1
*** HOLE CARDS ***
theradical88: raises $1 to $2
B1GBankroll: folds 
nikalas22: folds 
p0pa4poker: folds 
Unipoker11: folds 
nastja336: folds 
Uncalled bet ($1) returned to theradical88
theradical88 collected $2.50 from pot
*** SUMMARY ***
Total pot $2.50 | Rake $0 
Seat 1: nikalas22 folded before Flop (didn't bet)
Seat 2: p0pa4poker (button) folded before Flop (didn't bet)
Seat 3: Unipoker11 (small blind) folded before Flop
Seat 4: nastja336 (big blind) folded before Flop
Seat 5: theradical88 collected ($2.50)
Seat 6: B1GBankroll folded before Flop (didn't bet)



PokerStars Hand #254539742475:  Hold'em No Limit ($0.50/$1.00 USD) - 2025/01/24 1:34:07 WET [2025/01/24 20:34:07 ET]
Table 'Aludra IV' 6-max Seat #3 is the button
Seat 1: nikalas22 ($174.22 in chips) 
Seat 2: p0pa4poker ($165.75 in chips) 
Seat 3: Unipoker11 ($102 in chips) 
Seat 4: nastja336 ($119.73 in chips) 
Seat 5: theradical88 ($126.52 in chips) 
Seat 6: B1GBankroll ($101.50 in chips) 
nastja336: posts small blind $0.50
theradical88: posts big blind $1
*** HOLE CARDS ***
B1GBankroll: folds 
nikalas22: folds 
p0pa4poker: folds 
Unipoker11: raises $1.50 to $2.50
nastja336: folds 
theradical88: raises $5.50 to $8
Unipoker11: calls $5.50
*** FLOP *** [Ac 7h Ad]
theradical88: bets $15.68
Unipoker11: folds 
Uncalled bet ($15.68) returned to theradical88
theradical88 collected $15.68 from pot
*** SUMMARY ***
Total pot $16.50 | Rake $0.82 
Board [Ac 7h Ad]
Seat 1: nikalas22 folded before Flop (didn't bet)
Seat 2: p0pa4poker folded before Flop (didn't bet)
Seat 3: Unipoker11 (button) folded on the Flop
Seat 4: nastja336 (small blind) folded before Flop
Seat 5: theradical88 (big blind) collected ($15.68)
Seat 6: B1GBankroll folded before Flop (didn't bet)



PokerStars Hand #254539749365:  Hold'em No Limit ($0.50/$1.00 USD) - 2025/01/24 1:34:44 WET [2025/01/24 20:34:44 ET]
Table 'Aludra IV' 6-max Seat #4 is the button
Seat 1: nikalas22 ($174.22 in chips) 
Seat 2: p0pa4poker ($165.75 in chips) 
Seat 3: Unipoker11 ($100 in chips) 
Seat 4: nastja336 ($119.23 in chips) 
Seat 5: theradical88 ($134.20 in chips) 
Seat 6: B1GBankroll ($101.50 in chips) 
theradical88: posts small blind $0.50
B1GBankroll: posts big blind $1
*** HOLE CARDS ***
nikalas22: folds 
p0pa4poker: folds 
Unipoker11: raises $1.30 to $2.30
nastja336: folds 
theradical88: calls $1.80
B1GBankroll: folds 
*** FLOP *** [8h 6s Qd]
theradical88: checks 
Unipoker11: checks 
*** TURN *** [8h 6s Qd] [3h]
theradical88: bets $5.32
Unipoker11: calls $5.32
*** RIVER *** [8h 6s Qd 3h] [Qh]
theradical88: bets $15.43
Unipoker11: folds 
Uncalled bet ($15.43) returned to theradical88
theradical88 collected $15.43 from pot
*** SUMMARY ***
Total pot $16.24 | Rake $0.81 
Board [8h 6s Qd 3h Qh]
Seat 1: nikalas22 folded before Flop (didn't bet)
Seat 2: p0pa4poker folded before Flop (didn't bet)
Seat 3: Unipoker11 folded on the River
Seat 4: nastja336 (button) folded before Flop (didn't bet)
Seat 5: theradical88 (small blind) collected ($15.43)
Seat 6: B1GBankroll (big blind) folded before Flop



PokerStars Hand #254539761064:  Hold'em No Limit ($0.50/$1.00 USD) - 2025/01/24 1:35:45 WET [2025/01/24 20:35:45 ET]
Table 'Aludra IV' 6-max Seat #5 is the button
Seat 1: nikalas22 ($174.22 in chips) 
Seat 2: p0pa4poker ($165.75 in chips) 
Seat 3: Unipoker11 ($100 in chips) 
Seat 4: nastja336 ($119.23 in chips) 
Seat 5: theradical88 ($142.01 in chips) 
Seat 6: B1GBankroll ($100.50 in chips) 
B1GBankroll: posts small blind $0.50
nikalas22: posts big blind $1
*** HOLE CARDS ***
p0pa4poker: folds 
Unipoker11: raises $1 to $2
nastja336: folds 
theradical88: raises $1 to $3
B1GBankroll: folds 
nikalas22: folds 
Unipoker11: calls $1
*** FLOP *** [Kc 9s 8h]
Unipoker11: checks 
theradical88: checks 
*** TURN *** [Kc 9s 8h] [2s]
Unipoker11: bets $5.34
theradical88: folds 
Uncalled bet ($5.34) returned to Unipoker11
Unipoker11 collected $7.12 from pot
Unipoker11: doesn't show hand 
*** SUMMARY ***
Total pot $7.50 | Rake $0.38 
Board [Kc 9s 8h 2s]
Seat 1: nikalas22 (big blind) folded before Flop
Seat 2: p0pa4poker folded before Flop (didn't bet)
Seat 3: Unipoker11 collected ($7.12)
Seat 4: nastja336 folded before Flop (didn't bet)
Seat 5: theradical88 (button) folded on the Turn
Seat 6: B1GBankroll (small blind) folded before Flop



PokerStars Hand #254539773199:  Hold'em No Limit ($0.50/$1.00 USD) - 2025/01/24 1:36:49 WET [2025/01/24 20:36:49 ET]
Table 'Aludra IV' 6-max Seat #6 is the button
Seat 1: nikalas22 ($173.22 in chips) 
Seat 2: p0pa4poker ($165.75 in chips) 
Seat 3: Unipoker11 ($104.12 in chips) 
Seat 4: nastja336 ($119.23 in chips) 
Seat 5: theradical88 ($139.01 in chips) 
Seat 6: B1GBankroll ($100 in chips) 
nikalas22: posts small blind $0.50
p0pa4poker: posts big blind $1
*** HOLE CARDS ***
Unipoker11: folds 
nastja336: folds 
theradical88: folds 
B1GBankroll: raises $1.50 to $2.50
nikalas22: folds 
p0pa4poker: folds 
Uncalled bet ($1.50) returned to B1GBankroll
B1GBankroll collected $2.50 from pot
B1GBankroll: doesn't show hand 
*** SUMMARY ***
Total pot $2.50 | Rake $0 
Seat 1: nikalas22 (small blind) folded before Flop
Seat 2: p0pa4poker (big blind) folded before Flop
Seat 3: Unipoker11 folded before Flop (didn't bet)
Seat 4: nastja336 folded before Flop (didn't bet)
Seat 5: theradical88 folded before Flop (didn't bet)
Seat 6: B1GBankroll (button) collected ($2.50)



PokerStars Hand #254539776438:  Hold'em No Limit ($0.50/$1.00 USD) - 2025/01/24 1:37:07 WET [2025/01/24 20:37:07 ET]
Table 'Aludra IV' 6-max Seat #1 is the button
Seat 3: Unipoker11 ($104.12 in chips) is sitting out
Seat 1: nikalas22 ($172.72 in chips) 
Seat 2: p0pa4poker ($164.75 in chips) 
Seat 4: nastja336 ($119.23 in chips) 
Seat 5: theradical88 ($139.01 in chips) 
Seat 6: B1GBankroll ($101.50 in chips) 
p0pa4poker: posts small blind $0.50
Unipoker11: is sitting out 
nastja336: posts big blind $1
*** HOLE CARDS ***
Unipoker11 leaves the table
shootingGRID joins the table at seat #3 
theradical88: raises $1 to $2
B1GBankroll: raises $6.40 to $8.40
nikalas22: folds 
p0pa4poker: folds 
nastja336: folds 
theradical88: calls $6.40
*** FLOP *** [8d Ac Tc]
theradical88: bets $17.38
B1GBankroll: calls $17.38
*** TURN *** [8d Ac Tc] [3h]
theradical88: bets $50.56
B1GBankroll: raises $25.16 to $75.72 and is all-in
theradical88: calls $25.16
*** RIVER *** [8d Ac Tc 3h] [6d]
*** SHOW DOWN ***
theradical88: shows [Th Jd] (a pair of Tens)
B1GBankroll: shows [Js Ad] (a pair of Aces)
B1GBankroll collected $202 from pot
*** SUMMARY ***
Total pot $204.50 | Rake $2.50 
Board [8d Ac Tc 3h 6d]
Seat 3: Unipoker11
Seat 1: nikalas22 (button) folded before Flop (didn't bet)
Seat 2: p0pa4poker (small blind) folded before Flop
Seat 4: nastja336 (big blind) folded before Flop
Seat 5: theradical88 showed [Th Jd] and lost with a pair of Tens
Seat 6: B1GBankroll showed [Js Ad] and won ($202) with a pair of Aces



PokerStars Hand #254539792119:  Hold'em No Limit ($0.50/$1.00 USD) - 2025/01/24 1:38:31 WET [2025/01/24 20:38:31 ET]
Table 'Aludra IV' 6-max Seat #2 is the button
Seat 3: shootingGRID ($100 in chips) is sitting out
Seat 1: nikalas22 ($172.72 in chips) 
Seat 2: p0pa4poker ($164.25 in chips) 
Seat 4: nastja336 ($118.23 in chips) 
Seat 5: theradical88 ($37.51 in chips) 
Seat 6: B1GBankroll ($202 in chips) 
nastja336: posts small blind $0.50
theradical88: posts big blind $1
*** HOLE CARDS ***
B1GBankroll: folds 
nikalas22: raises $1.50 to $2.50
p0pa4poker: raises $5.80 to $8.30
nastja336: folds 
theradical88: folds 
nikalas22: folds 
Uncalled bet ($5.80) returned to p0pa4poker
p0pa4poker collected $6.50 from pot
p0pa4poker: doesn't show hand 
*** SUMMARY ***
Total pot $6.50 | Rake $0 
Seat 3: shootingGRID
Seat 1: nikalas22 folded before Flop
Seat 2: p0pa4poker (button) collected ($6.50)
Seat 4: nastja336 (small blind) folded before Flop
Seat 5: theradical88 (big blind) folded before Flop
Seat 6: B1GBankroll folded before Flop (didn't bet)



PokerStars Hand #254539797903:  Hold'em No Limit ($0.50/$1.00 USD) - 2025/01/24 1:39:03 WET [2025/01/24 20:39:03 ET]
Table 'Aludra IV' 6-max Seat #4 is the button
Seat 3: shootingGRID ($100 in chips) is sitting out
Seat 5: theradical88 ($36.51 in chips) is sitting out
Seat 1: nikalas22 ($170.22 in chips) 
Seat 2: p0pa4poker ($168.25 in chips) 
Seat 4: nastja336 ($117.73 in chips) 
Seat 6: B1GBankroll ($202 in chips) 
theradical88 has timed out
theradical88: is sitting out 
B1GBankroll: posts small blind $0.50
nikalas22: posts big blind $1
shootingGRID: sits out 
*** HOLE CARDS ***
p0pa4poker: raises $1.30 to $2.30
theradical88 is disconnected 
nastja336: folds 
B1GBankroll: folds 
nikalas22: folds 
Uncalled bet ($1.30) returned to p0pa4poker
p0pa4poker collected $2.50 from pot
p0pa4poker: doesn't show hand 
*** SUMMARY ***
Total pot $2.50 | Rake $0 
Seat 3: shootingGRID
Seat 5: theradical88
Seat 1: nikalas22 (big blind) folded before Flop
Seat 2: p0pa4poker collected ($2.50)
Seat 4: nastja336 (button) folded before Flop (didn't bet)
Seat 6: B1GBankroll (small blind) folded before Flop



PokerStars Hand #254539806115:  Hold'em No Limit ($0.50/$1.00 USD) - 2025/01/24 1:39:46 WET [2025/01/24 20:39:46 ET]
Table 'Aludra IV' 6-max Seat #6 is the button
Seat 3: shootingGRID ($100 in chips) is sitting out
Seat 5: theradical88 ($36.51 in chips) is sitting out
Seat 1: nikalas22 ($169.22 in chips) 
Seat 2: p0pa4poker ($169.75 in chips) 
Seat 4: nastja336 ($117.73 in chips) 
Seat 6: B1GBankroll ($201.50 in chips) 
nikalas22: posts small blind $0.50
p0pa4poker: posts big blind $1
shootingGRID: sits out 
*** HOLE CARDS ***
nastja336: folds 
B1GBankroll: folds 
nikalas22: folds 
Uncalled bet ($0.50) returned to p0pa4poker
p0pa4poker collected $1 from pot
p0pa4poker: doesn't show hand 
*** SUMMARY ***
Total pot $1 | Rake $0 
Seat 3: shootingGRID
Seat 5: theradical88
Seat 1: nikalas22 (small blind) folded before Flop
Seat 2: p0pa4poker (big blind) collected ($1)
Seat 4: nastja336 folded before Flop (didn't bet)
Seat 6: B1GBankroll (button) folded before Flop (didn't bet)



PokerStars Hand #254539809983:  Hold'em No Limit ($0.50/$1.00 USD) - 2025/01/24 1:40:07 WET [2025/01/24 20:40:07 ET]
Table 'Aludra IV' 6-max Seat #1 is the button
Seat 1: nikalas22 ($168.72 in chips) 
Seat 2: p0pa4poker ($170.25 in chips) 
Seat 3: shootingGRID ($100 in chips) 
Seat 4: nastja336 ($117.73 in chips) 
Seat 5: theradical88 ($36.51 in chips) 
Seat 6: B1GBankroll ($201.50 in chips) 
p0pa4poker: posts small blind $0.50
shootingGRID: posts big blind $1
theradical88: posts small blind $0.50
*** HOLE CARDS ***
nastja336: folds 
theradical88: folds 
B1GBankroll: folds 
nikalas22: raises $1.50 to $2.50
p0pa4poker: folds 
shootingGRID: folds 
Uncalled bet ($1.50) returned to nikalas22
nikalas22 collected $3 from pot
nikalas22: doesn't show hand 
*** SUMMARY ***
Total pot $3 | Rake $0 
Seat 1: nikalas22 (button) collected ($3)
Seat 2: p0pa4poker (small blind) folded before Flop
Seat 3: shootingGRID (big blind) folded before Flop
Seat 4: nastja336 folded before Flop (didn't bet)
Seat 5: theradical88 folded before Flop (didn't bet)
Seat 6: B1GBankroll folded before Flop (didn't bet)



PokerStars Hand #254539814806:  Hold'em No Limit ($0.50/$1.00 USD) - 2025/01/24 1:40:33 WET [2025/01/24 20:40:33 ET]
Table 'Aludra IV' 6-max Seat #2 is the button
Seat 1: nikalas22 ($170.72 in chips) 
Seat 2: p0pa4poker ($169.75 in chips) 
Seat 3: shootingGRID ($100 in chips) 
Seat 4: nastja336 ($117.73 in chips) 
Seat 5: theradical88 ($36.01 in chips) 
Seat 6: B1GBankroll ($201.50 in chips) 
shootingGRID: posts small blind $0.50
nastja336: posts big blind $1
*** HOLE CARDS ***
theradical88: raises $1 to $2
B1GBankroll: folds 
nikalas22: folds 
p0pa4poker: folds 
shootingGRID: raises $7 to $9
nastja336: folds 
theradical88: raises $27.01 to $36.01 and is all-in
shootingGRID: calls $27.01
*** FLOP *** [4c Ah 6d]
*** TURN *** [4c Ah 6d] [5h]
*** RIVER *** [4c Ah 6d 5h] [5d]
*** SHOW DOWN ***
shootingGRID: shows [As Kh] (two pair, Aces and Fives)
theradical88: shows [8s Ac] (two pair, Aces and Fives - lower kicker)
shootingGRID collected $70.52 from pot
*** SUMMARY ***
Total pot $73.02 | Rake $2.50 
Board [4c Ah 6d 5h 5d]
Seat 1: nikalas22 folded before Flop (didn't bet)
Seat 2: p0pa4poker (button) folded before Flop (didn't bet)
Seat 3: shootingGRID (small blind) showed [As Kh] and won ($70.52) with two pair, Aces and Fives
Seat 4: nastja336 (big blind) folded before Flop
Seat 5: theradical88 showed [8s Ac] and lost with two pair, Aces and Fives
Seat 6: B1GBankroll folded before Flop (didn't bet)



PokerStars Hand #254539822011:  Hold'em No Limit ($0.50/$1.00 USD) - 2025/01/24 1:41:12 WET [2025/01/24 20:41:12 ET]
Table 'Aludra IV' 6-max Seat #3 is the button
Seat 5: theradical88 ($0 in chips) is sitting out
Seat 1: nikalas22 ($170.72 in chips) 
Seat 2: p0pa4poker ($169.75 in chips) 
Seat 3: shootingGRID ($134.51 in chips) 
Seat 4: nastja336 ($116.73 in chips) 
Seat 6: B1GBankroll ($201.50 in chips) 
nastja336: posts small blind $0.50
B1GBankroll: posts big blind $1
*** HOLE CARDS ***
nikalas22: folds 
p0pa4poker: folds 
shootingGRID: folds 
nastja336: raises $2 to $3
B1GBankroll: folds 
Uncalled bet ($2) returned to nastja336
nastja336 collected $2 from pot
nastja336: doesn't show hand 
*** SUMMARY ***
Total pot $2 | Rake $0 
Seat 5: theradical88
Seat 1: nikalas22 folded before Flop (didn't bet)
Seat 2: p0pa4poker folded before Flop (didn't bet)
Seat 3: shootingGRID (button) folded before Flop (didn't bet)
Seat 4: nastja336 (small blind) collected ($2)
Seat 6: B1GBankroll (big blind) folded before Flop



PokerStars Hand #254539825842:  Hold'em No Limit ($0.50/$1.00 USD) - 2025/01/24 1:41:32 WET [2025/01/24 20:41:32 ET]
Table 'Aludra IV' 6-max Seat #4 is the button
Seat 5: theradical88 ($0 in chips) is sitting out
Seat 1: nikalas22 ($170.72 in chips) 
Seat 2: p0pa4poker ($169.75 in chips) 
Seat 3: shootingGRID ($134.51 in chips) 
Seat 4: nastja336 ($117.73 in chips) 
Seat 6: B1GBankroll ($200.50 in chips) 
B1GBankroll: posts small blind $0.50
nikalas22: posts big blind $1
*** HOLE CARDS ***
p0pa4poker: raises $2 to $3
theradical88 is disconnected 
shootingGRID: folds 
nastja336: folds 
B1GBankroll: folds 
nikalas22: folds 
Uncalled bet ($2) returned to p0pa4poker
p0pa4poker collected $2.50 from pot
p0pa4poker: doesn't show hand 
*** SUMMARY ***
Total pot $2.50 | Rake $0 
Seat 5: theradical88
Seat 1: nikalas22 (big blind) folded before Flop
Seat 2: p0pa4poker collected ($2.50)
Seat 3: shootingGRID folded before Flop (didn't bet)
Seat 4: nastja336 (button) folded before Flop (didn't bet)
Seat 6: B1GBankroll (small blind) folded before Flop



PokerStars Hand #254539832251:  Hold'em No Limit ($0.50/$1.00 USD) - 2025/01/24 1:42:07 WET [2025/01/24 20:42:07 ET]
Table 'Aludra IV' 6-max Seat #6 is the button
Seat 2: p0pa4poker ($171.25 in chips) is sitting out
Seat 5: theradical88 ($0 in chips) is sitting out
Seat 1: nikalas22 ($169.72 in chips) 
Seat 3: shootingGRID ($134.51 in chips) 
Seat 4: nastja336 ($117.73 in chips) 
Seat 6: B1GBankroll ($200 in chips) 
nikalas22: posts small blind $0.50
p0pa4poker: is sitting out 
shootingGRID: posts big blind $1
*** HOLE CARDS ***
p0pa4poker leaves the table
nastja336: folds 
nastja336 leaves the table
B1GBankroll: folds 
nikalas22: folds 
Uncalled bet ($0.50) returned to shootingGRID
shootingGRID collected $1 from pot
*** SUMMARY ***
Total pot $1 | Rake $0 
Seat 2: p0pa4poker
Seat 5: theradical88
Seat 1: nikalas22 (small blind) folded before Flop
Seat 3: shootingGRID (big blind) collected ($1)
Seat 4: nastja336 folded before Flop (didn't bet)
Seat 6: B1GBankroll (button) folded before Flop (didn't bet)



PokerStars Hand #254539834983:  Hold'em No Limit ($0.50/$1.00 USD) - 2025/01/24 1:42:22 WET [2025/01/24 20:42:22 ET]
Table 'Aludra IV' 6-max Seat #3 is the button
Seat 5: theradical88 ($0 in chips) is sitting out
Seat 6: B1GBankroll ($200 in chips) is sitting out
Seat 1: nikalas22 ($169.22 in chips) 
Seat 3: shootingGRID ($135.01 in chips) 
shootingGRID: posts small blind $0.50
B1GBankroll: is sitting out 
nikalas22: posts big blind $1
*** HOLE CARDS ***
B1GBankroll leaves the table
shootingGRID: raises $1.25 to $2.25
nikalas22: folds 
Uncalled bet ($1.25) returned to shootingGRID
shootingGRID collected $2 from pot
*** SUMMARY ***
Total pot $2 | Rake $0 
Seat 5: theradical88
Seat 6: B1GBankroll
Seat 1: nikalas22 (big blind) folded before Flop
Seat 3: shootingGRID (button) (small blind) collected ($2)



PokerStars Hand #254539837698:  Hold'em No Limit ($0.50/$1.00 USD) - 2025/01/24 1:42:37 WET [2025/01/24 20:42:37 ET]
Table 'Aludra IV' 6-max Seat #1 is the button
Seat 5: theradical88 ($0 in chips) is sitting out
Seat 1: nikalas22 ($168.22 in chips) 
Seat 3: shootingGRID ($136.01 in chips) 
nikalas22: posts small blind $0.50
shootingGRID: posts big blind $1
*** HOLE CARDS ***
nikalas22: raises $1.50 to $2.50
shootingGRID: folds 
Uncalled bet ($1.50) returned to nikalas22
nikalas22 collected $2 from pot
nikalas22: doesn't show hand 
*** SUMMARY ***
Total pot $2 | Rake $0 
Seat 5: theradical88
Seat 1: nikalas22 (button) (small blind) collected ($2)
Seat 3: shootingGRID (big blind) folded before Flop



