PokerStars Hand #254538222240:  Hold'em No Limit ($0.50/$1.00 USD) - 2025/01/24 23:36:36 WET [2025/01/24 18:36:36 ET]
Table 'Montague III' 6-max Seat #6 is the button
Seat 1: XneferX ($100 in chips) 
Seat 2: AlexPinsk1 ($100 in chips) 
Seat 3: Mr_Dick666 ($100 in chips) 
Seat 4: equilibrium_tv ($10 in chips) 
Seat 6: m0nTTu ($10 in chips) 
XneferX: posts small blind $0.50
AlexPinsk1: posts big blind $1
*** HOLE CARDS ***
Mr_Dick666: folds 
equilibrium_tv: folds 
m0nTTu: folds 
XneferX: folds 
Uncalled bet ($0.50) returned to AlexPinsk1
AlexPinsk1 collected $1 from pot
AlexPinsk1: doesn't show hand 
*** SUMMARY ***
Total pot $1 | Rake $0 
Seat 1: XneferX (small blind) folded before Flop
Seat 2: AlexPinsk1 (big blind) collected ($1)
Seat 3: Mr_Dick666 folded before Flop (didn't bet)
Seat 4: equilibrium_tv folded before Flop (didn't bet)
Seat 6: m0nTTu (button) folded before Flop (didn't bet)



PokerStars Hand #254538228848:  Hold'em No Limit ($0.50/$1.00 USD) - 2025/01/24 23:37:00 WET [2025/01/24 18:37:00 ET]
Table 'Montague III' 6-max Seat #1 is the button
Seat 1: XneferX ($100 in chips) 
Seat 2: AlexPinsk1 ($100.50 in chips) 
Seat 3: Mr_Dick666 ($100 in chips) 
Seat 4: equilibrium_tv ($10 in chips) 
Seat 6: m0nTTu ($10 in chips) 
AlexPinsk1: posts small blind $0.50
Mr_Dick666: posts big blind $1
*** HOLE CARDS ***
GuigaMan joins the table at seat #5 
equilibrium_tv: folds 
m0nTTu: raises $9 to $10 and is all-in
XneferX: folds 
AlexPinsk1: folds 
Mr_Dick666: calls $9
*** FIRST FLOP *** [Jc 4d 2d]
*** FIRST TURN *** [Jc 4d 2d] [8h]
*** FIRST RIVER *** [Jc 4d 2d 8h] [Jh]
*** SECOND FLOP *** [Js 6d Ah]
*** SECOND TURN *** [Js 6d Ah] [6h]
*** SECOND RIVER *** [Js 6d Ah 6h] [5s]
*** FIRST SHOW DOWN ***
Mr_Dick666: shows [Qs Kh] (a pair of Jacks)
m0nTTu: shows [As Td] (a pair of Jacks - Ace kicker)
m0nTTu collected $9.74 from pot
*** SECOND SHOW DOWN ***
Mr_Dick666: shows [Qs Kh] (a pair of Sixes)
m0nTTu: shows [As Td] (two pair, Aces and Sixes)
m0nTTu collected $9.74 from pot
*** SUMMARY ***
Total pot $20.50 | Rake $1.02 
Hand was run twice
FIRST Board [Jc 4d 2d 8h Jh]
SECOND Board [Js 6d Ah 6h 5s]
Seat 1: XneferX (button) folded before Flop (didn't bet)
Seat 2: AlexPinsk1 (small blind) folded before Flop
Seat 3: Mr_Dick666 (big blind) showed [Qs Kh] and lost with a pair of Jacks, and lost with a pair of Sixes
Seat 4: equilibrium_tv folded before Flop (didn't bet)
Seat 6: m0nTTu showed [As Td] and won ($9.74) with a pair of Jacks, and won ($9.74) with two pair, Aces and Sixes



PokerStars Hand #254538237314:  Hold'em No Limit ($0.50/$1.00 USD) - 2025/01/24 23:37:32 WET [2025/01/24 18:37:32 ET]
Table 'Montague III' 6-max Seat #2 is the button
Seat 5: GuigaMan ($100 in chips) is sitting out
Seat 1: XneferX ($100 in chips) 
Seat 2: AlexPinsk1 ($100 in chips) 
Seat 3: Mr_Dick666 ($100 in chips) 
Seat 4: equilibrium_tv ($10 in chips) 
Seat 6: m0nTTu ($19.48 in chips) 
Mr_Dick666: posts small blind $0.50
equilibrium_tv: posts big blind $1
GuigaMan: sits out 
*** HOLE CARDS ***
m0nTTu: folds 
XneferX: folds 
AlexPinsk1: folds 
Mr_Dick666: raises $31.50 to $32.50
equilibrium_tv: folds 
Uncalled bet ($31.50) returned to Mr_Dick666
Mr_Dick666 collected $2 from pot
Mr_Dick666: doesn't show hand 
*** SUMMARY ***
Total pot $2 | Rake $0 
Seat 5: GuigaMan
Seat 1: XneferX folded before Flop (didn't bet)
Seat 2: AlexPinsk1 (button) folded before Flop (didn't bet)
Seat 3: Mr_Dick666 (small blind) collected ($2)
Seat 4: equilibrium_tv (big blind) folded before Flop
Seat 6: m0nTTu folded before Flop (didn't bet)



PokerStars Hand #254538243095:  Hold'em No Limit ($0.50/$1.00 USD) - 2025/01/24 23:37:54 WET [2025/01/24 18:37:54 ET]
Table 'Montague III' 6-max Seat #3 is the button
Seat 1: XneferX ($100 in chips) 
Seat 2: AlexPinsk1 ($100 in chips) 
Seat 3: Mr_Dick666 ($101 in chips) 
Seat 4: equilibrium_tv ($9 in chips) 
Seat 5: GuigaMan ($100 in chips) 
Seat 6: m0nTTu ($19.48 in chips) 
equilibrium_tv: posts small blind $0.50
GuigaMan: posts big blind $1
*** HOLE CARDS ***
m0nTTu: folds 
XneferX: folds 
AlexPinsk1: raises $1.50 to $2.50
Mr_Dick666: folds 
equilibrium_tv: folds 
GuigaMan: folds 
Uncalled bet ($1.50) returned to AlexPinsk1
AlexPinsk1 collected $2.50 from pot
AlexPinsk1: doesn't show hand 
*** SUMMARY ***
Total pot $2.50 | Rake $0 
Seat 1: XneferX folded before Flop (didn't bet)
Seat 2: AlexPinsk1 collected ($2.50)
Seat 3: Mr_Dick666 (button) folded before Flop (didn't bet)
Seat 4: equilibrium_tv (small blind) folded before Flop
Seat 5: GuigaMan (big blind) folded before Flop
Seat 6: m0nTTu folded before Flop (didn't bet)



PokerStars Hand #254538247212:  Hold'em No Limit ($0.50/$1.00 USD) - 2025/01/24 23:38:09 WET [2025/01/24 18:38:09 ET]
Table 'Montague III' 6-max Seat #4 is the button
Seat 1: XneferX ($100 in chips) 
Seat 2: AlexPinsk1 ($101.50 in chips) 
Seat 3: Mr_Dick666 ($101 in chips) 
Seat 4: equilibrium_tv ($8.50 in chips) 
Seat 5: GuigaMan ($100 in chips) 
Seat 6: m0nTTu ($19.48 in chips) 
GuigaMan: posts small blind $0.50
m0nTTu: posts big blind $1
*** HOLE CARDS ***
XneferX: folds 
AlexPinsk1: folds 
Mr_Dick666: raises $1.50 to $2.50
equilibrium_tv: folds 
GuigaMan: folds 
m0nTTu: folds 
Uncalled bet ($1.50) returned to Mr_Dick666
Mr_Dick666 collected $2.50 from pot
Mr_Dick666: doesn't show hand 
*** SUMMARY ***
Total pot $2.50 | Rake $0 
Seat 1: XneferX folded before Flop (didn't bet)
Seat 2: AlexPinsk1 folded before Flop (didn't bet)
Seat 3: Mr_Dick666 collected ($2.50)
Seat 4: equilibrium_tv (button) folded before Flop (didn't bet)
Seat 5: GuigaMan (small blind) folded before Flop
Seat 6: m0nTTu (big blind) folded before Flop



PokerStars Hand #254538252136:  Hold'em No Limit ($0.50/$1.00 USD) - 2025/01/24 23:38:27 WET [2025/01/24 18:38:27 ET]
Table 'Montague III' 6-max Seat #5 is the button
Seat 1: XneferX ($100 in chips) is sitting out
Seat 2: AlexPinsk1 ($101.50 in chips) 
Seat 3: Mr_Dick666 ($102.50 in chips) 
Seat 4: equilibrium_tv ($8.50 in chips) 
Seat 5: GuigaMan ($100 in chips) 
Seat 6: m0nTTu ($18.48 in chips) 
m0nTTu: posts small blind $0.50
XneferX: is sitting out 
AlexPinsk1: posts big blind $1
*** HOLE CARDS ***
Mr_Dick666: folds 
XneferX leaves the table
equilibrium_tv: folds 
GuigaMan: folds 
m0nTTu: raises $17.48 to $18.48 and is all-in
AlexPinsk1: folds 
Uncalled bet ($17.48) returned to m0nTTu
m0nTTu collected $2 from pot
m0nTTu: doesn't show hand 
*** SUMMARY ***
Total pot $2 | Rake $0 
Seat 1: XneferX
Seat 2: AlexPinsk1 (big blind) folded before Flop
Seat 3: Mr_Dick666 folded before Flop (didn't bet)
Seat 4: equilibrium_tv folded before Flop (didn't bet)
Seat 5: GuigaMan (button) folded before Flop (didn't bet)
Seat 6: m0nTTu (small blind) collected ($2)



PokerStars Hand #254538257841:  Hold'em No Limit ($0.50/$1.00 USD) - 2025/01/24 23:38:49 WET [2025/01/24 18:38:49 ET]
Table 'Montague III' 6-max Seat #6 is the button
Seat 3: Mr_Dick666 ($102.50 in chips) is sitting out
Seat 4: equilibrium_tv ($8.50 in chips) is sitting out
Seat 2: AlexPinsk1 ($100.50 in chips) 
Seat 5: GuigaMan ($100 in chips) 
Seat 6: m0nTTu ($19.48 in chips) 
AlexPinsk1: posts small blind $0.50
Mr_Dick666: is sitting out 
equilibrium_tv: is sitting out 
GuigaMan: posts big blind $1
*** HOLE CARDS ***
Mr_Dick666 leaves the table
equilibrium_tv leaves the table
m0nTTu: folds 
AlexPinsk1: raises $2 to $3
GuigaMan: raises $6 to $9
AlexPinsk1: calls $6
*** FLOP *** [Kh 5d Kd]
AlexPinsk1: checks 
GuigaMan: bets $5.13
AlexPinsk1: calls $5.13
*** TURN *** [Kh 5d Kd] [Ks]
AlexPinsk1: checks 
GuigaMan: checks 
*** RIVER *** [Kh 5d Kd Ks] [9s]
AlexPinsk1: bets $10
GuigaMan: folds 
Uncalled bet ($10) returned to AlexPinsk1
AlexPinsk1 collected $27.26 from pot
AlexPinsk1: doesn't show hand 
*** SUMMARY ***
Total pot $28.26 | Rake $1 
Board [Kh 5d Kd Ks 9s]
Seat 3: Mr_Dick666
Seat 4: equilibrium_tv
Seat 2: AlexPinsk1 (small blind) collected ($27.26)
Seat 5: GuigaMan (big blind) folded on the River
Seat 6: m0nTTu (button) folded before Flop (didn't bet)



