PokerStars Hand #254529820196:  Hold'em No Limit ($0.50/$1.00 USD) - 2025/01/24 15:22:23 WET [2025/01/24 10:22:23 ET]
Table 'Verbiest IV' 6-max Seat #1 is the button
Seat 2: MAO_DZEDYN_S ($100 in chips) is sitting out
Seat 1: Espada Fish ($100 in chips) 
Seat 3: UnderC@t ($100 in chips) 
Seat 4: BronsonJC ($100 in chips) 
Seat 5: Pippa83 ($100 in chips) 
Seat 6: gig.gyty ($100 in chips) 
UnderC@t: posts small blind $0.50
BronsonJC: posts big blind $1
*** HOLE CARDS ***
Pippa83: folds 
gig.gyty: folds 
Espada Fish: folds 
UnderC@t: folds 
Uncalled bet ($0.50) returned to BronsonJC
BronsonJC collected $1 from pot
BronsonJC: doesn't show hand 
*** SUMMARY ***
Total pot $1 | Rake $0 
Seat 2: MAO_DZEDYN_S
Seat 1: Espada Fish (button) folded before Flop (didn't bet)
Seat 3: UnderC@t (small blind) folded before Flop
Seat 4: BronsonJC (big blind) collected ($1)
Seat 5: Pippa83 folded before Flop (didn't bet)
Seat 6: gig.gyty folded before Flop (didn't bet)



PokerStars Hand #254529823040:  Hold'em No Limit ($0.50/$1.00 USD) - 2025/01/24 15:22:36 WET [2025/01/24 10:22:36 ET]
Table 'Verbiest IV' 6-max Seat #3 is the button
Seat 2: MAO_DZEDYN_S ($100 in chips) is sitting out
Seat 1: Espada Fish ($100 in chips) 
Seat 3: UnderC@t ($100 in chips) 
Seat 4: BronsonJC ($100.50 in chips) 
Seat 5: Pippa83 ($100 in chips) 
Seat 6: gig.gyty ($100 in chips) 
BronsonJC: posts small blind $0.50
Pippa83: posts big blind $1
*** HOLE CARDS ***
gig.gyty: folds 
Espada Fish: raises $1.20 to $2.20
UnderC@t: folds 
BronsonJC: folds 
Pippa83: folds 
Uncalled bet ($1.20) returned to Espada Fish
Espada Fish collected $2.50 from pot
Espada Fish: doesn't show hand 
*** SUMMARY ***
Total pot $2.50 | Rake $0 
Seat 2: MAO_DZEDYN_S
Seat 1: Espada Fish collected ($2.50)
Seat 3: UnderC@t (button) folded before Flop (didn't bet)
Seat 4: BronsonJC (small blind) folded before Flop
Seat 5: Pippa83 (big blind) folded before Flop
Seat 6: gig.gyty folded before Flop (didn't bet)



PokerStars Hand #254529826969:  Hold'em No Limit ($0.50/$1.00 USD) - 2025/01/24 15:22:55 WET [2025/01/24 10:22:55 ET]
Table 'Verbiest IV' 6-max Seat #4 is the button
Seat 2: MAO_DZEDYN_S ($100 in chips) is sitting out
Seat 1: Espada Fish ($101.50 in chips) 
Seat 3: UnderC@t ($100 in chips) 
Seat 4: BronsonJC ($100 in chips) 
Seat 5: Pippa83 ($100 in chips) 
Seat 6: gig.gyty ($100 in chips) 
Pippa83: posts small blind $0.50
gig.gyty: posts big blind $1
*** HOLE CARDS ***
Espada Fish: folds 
UnderC@t: folds 
BronsonJC: folds 
Pippa83: folds 
Uncalled bet ($0.50) returned to gig.gyty
gig.gyty collected $1 from pot
gig.gyty: doesn't show hand 
*** SUMMARY ***
Total pot $1 | Rake $0 
Seat 2: MAO_DZEDYN_S
Seat 1: Espada Fish folded before Flop (didn't bet)
Seat 3: UnderC@t folded before Flop (didn't bet)
Seat 4: BronsonJC (button) folded before Flop (didn't bet)
Seat 5: Pippa83 (small blind) folded before Flop
Seat 6: gig.gyty (big blind) collected ($1)



PokerStars Hand #254529829148:  Hold'em No Limit ($0.50/$1.00 USD) - 2025/01/24 15:23:06 WET [2025/01/24 10:23:06 ET]
Table 'Verbiest IV' 6-max Seat #5 is the button
Seat 2: MAO_DZEDYN_S ($100 in chips) is sitting out
Seat 1: Espada Fish ($101.50 in chips) 
Seat 3: UnderC@t ($100 in chips) 
Seat 4: BronsonJC ($100 in chips) 
Seat 5: Pippa83 ($100 in chips) 
Seat 6: gig.gyty ($100.50 in chips) 
gig.gyty: posts small blind $0.50
Espada Fish: posts big blind $1
*** HOLE CARDS ***
UnderC@t: folds 
BronsonJC: folds 
Pippa83: folds 
gig.gyty: folds 
Uncalled bet ($0.50) returned to Espada Fish
Espada Fish collected $1 from pot
Espada Fish: doesn't show hand 
*** SUMMARY ***
Total pot $1 | Rake $0 
Seat 2: MAO_DZEDYN_S
Seat 1: Espada Fish (big blind) collected ($1)
Seat 3: UnderC@t folded before Flop (didn't bet)
Seat 4: BronsonJC folded before Flop (didn't bet)
Seat 5: Pippa83 (button) folded before Flop (didn't bet)
Seat 6: gig.gyty (small blind) folded before Flop



PokerStars Hand #254529831632:  Hold'em No Limit ($0.50/$1.00 USD) - 2025/01/24 15:23:18 WET [2025/01/24 10:23:18 ET]
Table 'Verbiest IV' 6-max Seat #6 is the button
Seat 2: MAO_DZEDYN_S ($100 in chips) is sitting out
Seat 1: Espada Fish ($102 in chips) 
Seat 3: UnderC@t ($100 in chips) 
Seat 4: BronsonJC ($100 in chips) 
Seat 5: Pippa83 ($100 in chips) 
Seat 6: gig.gyty ($100 in chips) 
Espada Fish: posts small blind $0.50
UnderC@t: posts big blind $1
*** HOLE CARDS ***
BronsonJC: folds 
Pippa83: folds 
gig.gyty: folds 
Espada Fish: folds 
Uncalled bet ($0.50) returned to UnderC@t
UnderC@t collected $1 from pot
UnderC@t: doesn't show hand 
*** SUMMARY ***
Total pot $1 | Rake $0 
Seat 2: MAO_DZEDYN_S
Seat 1: Espada Fish (small blind) folded before Flop
Seat 3: UnderC@t (big blind) collected ($1)
Seat 4: BronsonJC folded before Flop (didn't bet)
Seat 5: Pippa83 folded before Flop (didn't bet)
Seat 6: gig.gyty (button) folded before Flop (didn't bet)



PokerStars Hand #254529834604:  Hold'em No Limit ($0.50/$1.00 USD) - 2025/01/24 15:23:33 WET [2025/01/24 10:23:33 ET]
Table 'Verbiest IV' 6-max Seat #3 is the button
Seat 1: Espada Fish ($101.50 in chips) is sitting out
Seat 2: MAO_DZEDYN_S ($100 in chips) is sitting out
Seat 3: UnderC@t ($100.50 in chips) 
Seat 4: BronsonJC ($100 in chips) 
Seat 5: Pippa83 ($100 in chips) 
Seat 6: gig.gyty ($100 in chips) 
BronsonJC: posts small blind $0.50
Pippa83: posts big blind $1
MAO_DZEDYN_S: sits out 
*** HOLE CARDS ***
gig.gyty: folds 
Espada Fish leaves the table
UnderC@t: folds 
BronsonJC: folds 
Uncalled bet ($0.50) returned to Pippa83
Pippa83 collected $1 from pot
Pippa83: doesn't show hand 
*** SUMMARY ***
Total pot $1 | Rake $0 
Seat 1: Espada Fish
Seat 2: MAO_DZEDYN_S
Seat 3: UnderC@t (button) folded before Flop (didn't bet)
Seat 4: BronsonJC (small blind) folded before Flop
Seat 5: Pippa83 (big blind) collected ($1)
Seat 6: gig.gyty folded before Flop (didn't bet)



PokerStars Hand #254529840240:  Hold'em No Limit ($0.50/$1.00 USD) - 2025/01/24 15:24:00 WET [2025/01/24 10:24:00 ET]
Table 'Verbiest IV' 6-max Seat #4 is the button
Seat 2: MAO_DZEDYN_S ($100 in chips) is sitting out
Seat 3: UnderC@t ($100.50 in chips) 
Seat 4: BronsonJC ($100 in chips) 
Seat 5: Pippa83 ($100.50 in chips) 
Seat 6: gig.gyty ($100 in chips) 
Pippa83: posts small blind $0.50
gig.gyty: posts big blind $1
MAO_DZEDYN_S: sits out 
*** HOLE CARDS ***
UnderC@t: folds 
BronsonJC: folds 
Pippa83: raises $2 to $3
gig.gyty: raises $6 to $9
Pippa83: raises $13.50 to $22.50
gig.gyty: raises $77.50 to $100 and is all-in
Pippa83: folds 
Uncalled bet ($77.50) returned to gig.gyty
gig.gyty collected $45 from pot
gig.gyty: doesn't show hand 
*** SUMMARY ***
Total pot $45 | Rake $0 
Seat 2: MAO_DZEDYN_S
Seat 3: UnderC@t folded before Flop (didn't bet)
Seat 4: BronsonJC (button) folded before Flop (didn't bet)
Seat 5: Pippa83 (small blind) folded before Flop
Seat 6: gig.gyty (big blind) collected ($45)



PokerStars Hand #254529848514:  Hold'em No Limit ($0.50/$1.00 USD) - 2025/01/24 15:24:40 WET [2025/01/24 10:24:40 ET]
Table 'Verbiest IV' 6-max Seat #5 is the button
Seat 2: MAO_DZEDYN_S ($100 in chips) 
Seat 3: UnderC@t ($100.50 in chips) 
Seat 4: BronsonJC ($100 in chips) 
Seat 5: Pippa83 ($100 in chips) 
Seat 6: gig.gyty ($122.50 in chips) 
gig.gyty: posts small blind $0.50
MAO_DZEDYN_S: posts big blind $1
*** HOLE CARDS ***
UnderC@t: folds 
BronsonJC: folds 
Pippa83: folds 
gig.gyty: folds 
Uncalled bet ($0.50) returned to MAO_DZEDYN_S
MAO_DZEDYN_S collected $1 from pot
MAO_DZEDYN_S: doesn't show hand 
*** SUMMARY ***
Total pot $1 | Rake $0 
Seat 2: MAO_DZEDYN_S (big blind) collected ($1)
Seat 3: UnderC@t folded before Flop (didn't bet)
Seat 4: BronsonJC folded before Flop (didn't bet)
Seat 5: Pippa83 (button) folded before Flop (didn't bet)
Seat 6: gig.gyty (small blind) folded before Flop



PokerStars Hand #254529850494:  Hold'em No Limit ($0.50/$1.00 USD) - 2025/01/24 15:24:49 WET [2025/01/24 10:24:49 ET]
Table 'Verbiest IV' 6-max Seat #6 is the button
Seat 2: MAO_DZEDYN_S ($100.50 in chips) 
Seat 3: UnderC@t ($100.50 in chips) 
Seat 4: BronsonJC ($100 in chips) 
Seat 5: Pippa83 ($100 in chips) 
Seat 6: gig.gyty ($122 in chips) 
MAO_DZEDYN_S: posts small blind $0.50
UnderC@t: posts big blind $1
*** HOLE CARDS ***
BronsonJC: folds 
Pippa83: folds 
gig.gyty: folds 
BronsonJC leaves the table
Pippa83 leaves the table
MAO_DZEDYN_S: raises $2 to $3
UnderC@t: folds 
Uncalled bet ($2) returned to MAO_DZEDYN_S
MAO_DZEDYN_S collected $2 from pot
MAO_DZEDYN_S: doesn't show hand 
*** SUMMARY ***
Total pot $2 | Rake $0 
Seat 2: MAO_DZEDYN_S (small blind) collected ($2)
Seat 3: UnderC@t (big blind) folded before Flop
Seat 4: BronsonJC folded before Flop (didn't bet)
Seat 5: Pippa83 folded before Flop (didn't bet)
Seat 6: gig.gyty (button) folded before Flop (didn't bet)



PokerStars Hand #254529870402:  Hold'em No Limit ($0.50/$1.00 USD) - 2025/01/24 15:26:24 WET [2025/01/24 10:26:24 ET]
Table 'Verbiest IV' 6-max Seat #1 is the button
Seat 2: MAO_DZEDYN_S ($101.50 in chips) is sitting out
Seat 1: KO poker184 ($100 in chips) 
Seat 3: UnderC@t ($100 in chips) 
Seat 4: Pippa83 ($100 in chips) 
UnderC@t: posts small blind $0.50
Pippa83: posts big blind $1
*** HOLE CARDS ***
MAO_DZEDYN_S leaves the table
KO poker184: raises $1.50 to $2.50
UnderC@t: folds 
Pippa83: folds 
Uncalled bet ($1.50) returned to KO poker184
YardSpoon joins the table at seat #6 
YardSpoon is disconnected 
KO poker184 collected $2.50 from pot
KO poker184: doesn't show hand 
Espada Fish joins the table at seat #2 
*** SUMMARY ***
Total pot $2.50 | Rake $0 
Seat 2: MAO_DZEDYN_S
Seat 1: KO poker184 (button) collected ($2.50)
Seat 3: UnderC@t (small blind) folded before Flop
Seat 4: Pippa83 (big blind) folded before Flop



PokerStars Hand #254529873387:  Hold'em No Limit ($0.50/$1.00 USD) - 2025/01/24 15:26:38 WET [2025/01/24 10:26:38 ET]
Table 'Verbiest IV' 6-max Seat #3 is the button
Seat 2: Espada Fish ($101.50 in chips) is sitting out
Seat 1: KO poker184 ($101.50 in chips) 
Seat 3: UnderC@t ($100 in chips) 
Seat 4: Pippa83 ($100 in chips) 
Seat 6: YardSpoon ($80 in chips) 
Pippa83: posts small blind $0.50
YardSpoon: posts big blind $1
Espada Fish: sits out 
*** HOLE CARDS ***
whlzor joins the table at seat #5 
KO poker184: raises $1 to $2
UnderC@t: folds 
Pippa83: folds 
YardSpoon: raises $4.50 to $6.50
KO poker184: calls $4.50
*** FLOP *** [Qd 6c 2d]
YardSpoon: bets $9
KO poker184: folds 
Uncalled bet ($9) returned to YardSpoon
YardSpoon collected $12.82 from pot
*** SUMMARY ***
Total pot $13.50 | Rake $0.68 
Board [Qd 6c 2d]
Seat 2: Espada Fish
Seat 1: KO poker184 folded on the Flop
Seat 3: UnderC@t (button) folded before Flop (didn't bet)
Seat 4: Pippa83 (small blind) folded before Flop
Seat 6: YardSpoon (big blind) collected ($12.82)



PokerStars Hand #254529879932:  Hold'em No Limit ($0.50/$1.00 USD) - 2025/01/24 15:27:09 WET [2025/01/24 10:27:09 ET]
Table 'Verbiest IV' 6-max Seat #4 is the button
Seat 2: Espada Fish ($101.50 in chips) is sitting out
Seat 5: whlzor ($100 in chips) is sitting out
Seat 1: KO poker184 ($100 in chips) 
Seat 3: UnderC@t ($100 in chips) 
Seat 4: Pippa83 ($100 in chips) 
Seat 6: YardSpoon ($86.32 in chips) 
YardSpoon: posts small blind $0.50
KO poker184: posts big blind $1
Espada Fish: sits out 
*** HOLE CARDS ***
UnderC@t: folds 
Pippa83: folds 
whlzor leaves the table
YardSpoon: folds 
Uncalled bet ($0.50) returned to KO poker184
YardSpoon leaves the table
KO poker184 collected $1 from pot
KO poker184: doesn't show hand 
*** SUMMARY ***
Total pot $1 | Rake $0 
Seat 2: Espada Fish
Seat 5: whlzor
Seat 1: KO poker184 (big blind) collected ($1)
Seat 3: UnderC@t folded before Flop (didn't bet)
Seat 4: Pippa83 (button) folded before Flop (didn't bet)
Seat 6: YardSpoon (small blind) folded before Flop



PokerStars Hand #254529881960:  Hold'em No Limit ($0.50/$1.00 USD) - 2025/01/24 15:27:18 WET [2025/01/24 10:27:18 ET]
Table 'Verbiest IV' 6-max Seat #1 is the button
Seat 2: Espada Fish ($101.50 in chips) is sitting out
Seat 1: KO poker184 ($100.50 in chips) 
Seat 3: UnderC@t ($100 in chips) 
Seat 4: Pippa83 ($100 in chips) 
UnderC@t: posts small blind $0.50
Pippa83: posts big blind $1
*** HOLE CARDS ***
gig.gyty joins the table at seat #5 
KO poker184: folds 
UnderC@t: folds 
Uncalled bet ($0.50) returned to Pippa83
Pippa83 collected $1 from pot
Pippa83: doesn't show hand 
*** SUMMARY ***
Total pot $1 | Rake $0 
Seat 2: Espada Fish
Seat 1: KO poker184 (button) folded before Flop (didn't bet)
Seat 3: UnderC@t (small blind) folded before Flop
Seat 4: Pippa83 (big blind) collected ($1)



PokerStars Hand #254529883790:  Hold'em No Limit ($0.50/$1.00 USD) - 2025/01/24 15:27:27 WET [2025/01/24 10:27:27 ET]
Table 'Verbiest IV' 6-max Seat #3 is the button
Seat 2: Espada Fish ($101.50 in chips) is sitting out
Seat 1: KO poker184 ($100.50 in chips) 
Seat 3: UnderC@t ($100 in chips) 
Seat 4: Pippa83 ($100.50 in chips) 
Seat 5: gig.gyty ($122 in chips) 
Pippa83: posts small blind $0.50
gig.gyty: posts big blind $1
Espada Fish: sits out 
*** HOLE CARDS ***
KO poker184: folds 
timatim1986 joins the table at seat #6 
timatim1986 is disconnected 
UnderC@t: raises $1.50 to $2.50
Pippa83: folds 
gig.gyty: folds 
Uncalled bet ($1.50) returned to UnderC@t
UnderC@t collected $2.50 from pot
UnderC@t: doesn't show hand 
*** SUMMARY ***
Total pot $2.50 | Rake $0 
Seat 2: Espada Fish
Seat 1: KO poker184 folded before Flop (didn't bet)
Seat 3: UnderC@t (button) collected ($2.50)
Seat 4: Pippa83 (small blind) folded before Flop
Seat 5: gig.gyty (big blind) folded before Flop



PokerStars Hand #254529887170:  Hold'em No Limit ($0.50/$1.00 USD) - 2025/01/24 15:27:42 WET [2025/01/24 10:27:42 ET]
Table 'Verbiest IV' 6-max Seat #4 is the button
Seat 2: Espada Fish ($101.50 in chips) is sitting out
Seat 1: KO poker184 ($100.50 in chips) 
Seat 3: UnderC@t ($101.50 in chips) 
Seat 4: Pippa83 ($100 in chips) 
Seat 5: gig.gyty ($121 in chips) 
Seat 6: timatim1986 ($40 in chips) 
gig.gyty: posts small blind $0.50
timatim1986: posts big blind $1
Espada Fish: sits out 
*** HOLE CARDS ***
KO poker184: folds 
UnderC@t: folds 
Pippa83: raises $1.50 to $2.50
gig.gyty: raises $8.50 to $11
timatim1986: raises $9.50 to $20.50
Pippa83: folds 
gig.gyty: raises $100.50 to $121 and is all-in
timatim1986: calls $19.50 and is all-in
Uncalled bet ($81) returned to gig.gyty
*** FLOP *** [2s 3d Qd]
*** TURN *** [2s 3d Qd] [5s]
*** RIVER *** [2s 3d Qd 5s] [5h]
*** SHOW DOWN ***
gig.gyty: shows [Jc Jh] (two pair, Jacks and Fives)
timatim1986: shows [Ah Kc] (a pair of Fives)
gig.gyty collected $80 from pot
*** SUMMARY ***
Total pot $82.50 | Rake $2.50 
Board [2s 3d Qd 5s 5h]
Seat 2: Espada Fish
Seat 1: KO poker184 folded before Flop (didn't bet)
Seat 3: UnderC@t folded before Flop (didn't bet)
Seat 4: Pippa83 (button) folded before Flop
Seat 5: gig.gyty (small blind) showed [Jc Jh] and won ($80) with two pair, Jacks and Fives
Seat 6: timatim1986 (big blind) showed [Ah Kc] and lost with a pair of Fives



PokerStars Hand #254529898559:  Hold'em No Limit ($0.50/$1.00 USD) - 2025/01/24 15:28:36 WET [2025/01/24 10:28:36 ET]
Table 'Verbiest IV' 6-max Seat #5 is the button
Seat 6: timatim1986 ($0 in chips) is sitting out
Seat 1: KO poker184 ($100.50 in chips) 
Seat 2: Espada Fish ($101.50 in chips) 
Seat 3: UnderC@t ($101.50 in chips) 
Seat 4: Pippa83 ($100 in chips) 
Seat 5: gig.gyty ($161 in chips) 
KO poker184: posts small blind $0.50
Espada Fish: posts big blind $1
*** HOLE CARDS ***
UnderC@t: folds 
Pippa83: raises $1.50 to $2.50
gig.gyty: folds 
KO poker184: folds 
Espada Fish: folds 
Uncalled bet ($1.50) returned to Pippa83
Pippa83 collected $2.50 from pot
Pippa83: doesn't show hand 
*** SUMMARY ***
Total pot $2.50 | Rake $0 
Seat 6: timatim1986
Seat 1: KO poker184 (small blind) folded before Flop
Seat 2: Espada Fish (big blind) folded before Flop
Seat 3: UnderC@t folded before Flop (didn't bet)
Seat 4: Pippa83 collected ($2.50)
Seat 5: gig.gyty (button) folded before Flop (didn't bet)



PokerStars Hand #254529902319:  Hold'em No Limit ($0.50/$1.00 USD) - 2025/01/24 15:28:53 WET [2025/01/24 10:28:53 ET]
Table 'Verbiest IV' 6-max Seat #1 is the button
Seat 1: KO poker184 ($100 in chips) 
Seat 2: Espada Fish ($100.50 in chips) 
Seat 3: UnderC@t ($101.50 in chips) 
Seat 4: Pippa83 ($101.50 in chips) 
Seat 5: gig.gyty ($161 in chips) 
Seat 6: timatim1986 ($40 in chips) 
Espada Fish: posts small blind $0.50
UnderC@t: posts big blind $1
timatim1986: posts small blind $0.50
*** HOLE CARDS ***
Pippa83: folds 
gig.gyty: folds 
timatim1986: raises $2 to $3
KO poker184: folds 
Espada Fish: folds 
UnderC@t: folds 
Uncalled bet ($2) returned to timatim1986
timatim1986 collected $3 from pot
*** SUMMARY ***
Total pot $3 | Rake $0 
Seat 1: KO poker184 (button) folded before Flop (didn't bet)
Seat 2: Espada Fish (small blind) folded before Flop
Seat 3: UnderC@t (big blind) folded before Flop
Seat 4: Pippa83 folded before Flop (didn't bet)
Seat 5: gig.gyty folded before Flop (didn't bet)
Seat 6: timatim1986 collected ($3)



PokerStars Hand #254529906277:  Hold'em No Limit ($0.50/$1.00 USD) - 2025/01/24 15:29:12 WET [2025/01/24 10:29:12 ET]
Table 'Verbiest IV' 6-max Seat #2 is the button
Seat 1: KO poker184 ($100 in chips) 
Seat 2: Espada Fish ($100 in chips) 
Seat 3: UnderC@t ($100.50 in chips) 
Seat 4: Pippa83 ($101.50 in chips) 
Seat 5: gig.gyty ($161 in chips) 
Seat 6: timatim1986 ($41.50 in chips) 
UnderC@t: posts small blind $0.50
Pippa83: posts big blind $1
*** HOLE CARDS ***
gig.gyty: folds 
timatim1986: raises $3 to $4
KO poker184: folds 
Espada Fish: folds 
UnderC@t: folds 
Pippa83: folds 
Uncalled bet ($3) returned to timatim1986
timatim1986 collected $2.50 from pot
*** SUMMARY ***
Total pot $2.50 | Rake $0 
Seat 1: KO poker184 folded before Flop (didn't bet)
Seat 2: Espada Fish (button) folded before Flop (didn't bet)
Seat 3: UnderC@t (small blind) folded before Flop
Seat 4: Pippa83 (big blind) folded before Flop
Seat 5: gig.gyty folded before Flop (didn't bet)
Seat 6: timatim1986 collected ($2.50)



PokerStars Hand #254529911420:  Hold'em No Limit ($0.50/$1.00 USD) - 2025/01/24 15:29:37 WET [2025/01/24 10:29:37 ET]
Table 'Verbiest IV' 6-max Seat #3 is the button
Seat 1: KO poker184 ($100 in chips) 
Seat 2: Espada Fish ($100 in chips) 
Seat 3: UnderC@t ($100 in chips) 
Seat 4: Pippa83 ($100.50 in chips) 
Seat 5: gig.gyty ($161 in chips) 
Seat 6: timatim1986 ($43 in chips) 
Pippa83: posts small blind $0.50
gig.gyty: posts big blind $1
*** HOLE CARDS ***
timatim1986: folds 
KO poker184: folds 
Espada Fish: folds 
UnderC@t: folds 
Pippa83: folds 
Uncalled bet ($0.50) returned to gig.gyty
gig.gyty collected $1 from pot
gig.gyty: doesn't show hand 
*** SUMMARY ***
Total pot $1 | Rake $0 
Seat 1: KO poker184 folded before Flop (didn't bet)
Seat 2: Espada Fish folded before Flop (didn't bet)
Seat 3: UnderC@t (button) folded before Flop (didn't bet)
Seat 4: Pippa83 (small blind) folded before Flop
Seat 5: gig.gyty (big blind) collected ($1)
Seat 6: timatim1986 folded before Flop (didn't bet)



PokerStars Hand #254529914251:  Hold'em No Limit ($0.50/$1.00 USD) - 2025/01/24 15:29:50 WET [2025/01/24 10:29:50 ET]
Table 'Verbiest IV' 6-max Seat #4 is the button
Seat 1: KO poker184 ($100 in chips) 
Seat 2: Espada Fish ($100 in chips) 
Seat 3: UnderC@t ($100 in chips) 
Seat 4: Pippa83 ($100 in chips) 
Seat 5: gig.gyty ($161.50 in chips) 
Seat 6: timatim1986 ($43 in chips) 
gig.gyty: posts small blind $0.50
timatim1986: posts big blind $1
*** HOLE CARDS ***
KO poker184: folds 
Espada Fish: folds 
UnderC@t: raises $1.50 to $2.50
Pippa83: folds 
gig.gyty: folds 
timatim1986: raises $3.50 to $6
UnderC@t: folds 
Uncalled bet ($3.50) returned to timatim1986
timatim1986 collected $5.50 from pot
*** SUMMARY ***
Total pot $5.50 | Rake $0 
Seat 1: KO poker184 folded before Flop (didn't bet)
Seat 2: Espada Fish folded before Flop (didn't bet)
Seat 3: UnderC@t folded before Flop
Seat 4: Pippa83 (button) folded before Flop (didn't bet)
Seat 5: gig.gyty (small blind) folded before Flop
Seat 6: timatim1986 (big blind) collected ($5.50)



PokerStars Hand #254529918375:  Hold'em No Limit ($0.50/$1.00 USD) - 2025/01/24 15:30:09 WET [2025/01/24 10:30:09 ET]
Table 'Verbiest IV' 6-max Seat #5 is the button
Seat 1: KO poker184 ($100 in chips) 
Seat 2: Espada Fish ($100 in chips) 
Seat 3: UnderC@t ($100 in chips) 
Seat 4: Pippa83 ($100 in chips) 
Seat 5: gig.gyty ($161 in chips) 
Seat 6: timatim1986 ($46 in chips) 
timatim1986: posts small blind $0.50
KO poker184: posts big blind $1
*** HOLE CARDS ***
Espada Fish: folds 
UnderC@t: folds 
Pippa83: folds 
gig.gyty: folds 
timatim1986: raises $2 to $3
KO poker184: calls $2
*** FLOP *** [Qd As 7d]
timatim1986: bets $3
KO poker184: calls $3
*** TURN *** [Qd As 7d] [2h]
timatim1986: bets $3
KO poker184: calls $3
*** RIVER *** [Qd As 7d 2h] [3c]
timatim1986: checks 
KO poker184: checks 
*** SHOW DOWN ***
timatim1986: shows [Qh Kh] (a pair of Queens)
KO poker184: mucks hand 
timatim1986 collected $17.10 from pot
*** SUMMARY ***
Total pot $18 | Rake $0.90 
Board [Qd As 7d 2h 3c]
Seat 1: KO poker184 (big blind) mucked
Seat 2: Espada Fish folded before Flop (didn't bet)
Seat 3: UnderC@t folded before Flop (didn't bet)
Seat 4: Pippa83 folded before Flop (didn't bet)
Seat 5: gig.gyty (button) folded before Flop (didn't bet)
Seat 6: timatim1986 (small blind) showed [Qh Kh] and won ($17.10) with a pair of Queens



PokerStars Hand #254529926219:  Hold'em No Limit ($0.50/$1.00 USD) - 2025/01/24 15:30:46 WET [2025/01/24 10:30:46 ET]
Table 'Verbiest IV' 6-max Seat #6 is the button
Seat 1: KO poker184 ($91 in chips) 
Seat 2: Espada Fish ($100 in chips) 
Seat 3: UnderC@t ($100 in chips) 
Seat 4: Pippa83 ($100 in chips) 
Seat 5: gig.gyty ($161 in chips) 
Seat 6: timatim1986 ($54.10 in chips) 
KO poker184: posts small blind $0.50
Espada Fish: posts big blind $1
*** HOLE CARDS ***
UnderC@t: folds 
Pippa83: folds 
gig.gyty: raises $1.25 to $2.25
timatim1986: calls $2.25
KO poker184: calls $1.75
Espada Fish: folds 
*** FLOP *** [2s 9s Ac]
KO poker184: checks 
gig.gyty: checks 
timatim1986: bets $2
KO poker184: raises $6 to $8
gig.gyty: folds 
timatim1986: calls $6
*** TURN *** [2s 9s Ac] [8c]
KO poker184: bets $11
timatim1986: folds 
Uncalled bet ($11) returned to KO poker184
KO poker184 collected $22.56 from pot
KO poker184: doesn't show hand 
*** SUMMARY ***
Total pot $23.75 | Rake $1.19 
Board [2s 9s Ac 8c]
Seat 1: KO poker184 (small blind) collected ($22.56)
Seat 2: Espada Fish (big blind) folded before Flop
Seat 3: UnderC@t folded before Flop (didn't bet)
Seat 4: Pippa83 folded before Flop (didn't bet)
Seat 5: gig.gyty folded on the Flop
Seat 6: timatim1986 (button) folded on the Turn



PokerStars Hand #254529937033:  Hold'em No Limit ($0.50/$1.00 USD) - 2025/01/24 15:31:37 WET [2025/01/24 10:31:37 ET]
Table 'Verbiest IV' 6-max Seat #1 is the button
Seat 1: KO poker184 ($103.31 in chips) 
Seat 2: Espada Fish ($100 in chips) 
Seat 3: UnderC@t ($100 in chips) 
Seat 4: Pippa83 ($100 in chips) 
Seat 5: gig.gyty ($158.75 in chips) 
Seat 6: timatim1986 ($43.85 in chips) 
Espada Fish: posts small blind $0.50
UnderC@t: posts big blind $1
*** HOLE CARDS ***
Pippa83: folds 
gig.gyty: raises $1.25 to $2.25
timatim1986: folds 
KO poker184: folds 
Espada Fish: folds 
UnderC@t: folds 
Uncalled bet ($1.25) returned to gig.gyty
gig.gyty collected $2.50 from pot
gig.gyty: doesn't show hand 
*** SUMMARY ***
Total pot $2.50 | Rake $0 
Seat 1: KO poker184 (button) folded before Flop (didn't bet)
Seat 2: Espada Fish (small blind) folded before Flop
Seat 3: UnderC@t (big blind) folded before Flop
Seat 4: Pippa83 folded before Flop (didn't bet)
Seat 5: gig.gyty collected ($2.50)
Seat 6: timatim1986 folded before Flop (didn't bet)



PokerStars Hand #254529940447:  Hold'em No Limit ($0.50/$1.00 USD) - 2025/01/24 15:31:53 WET [2025/01/24 10:31:53 ET]
Table 'Verbiest IV' 6-max Seat #2 is the button
Seat 1: KO poker184 ($103.31 in chips) 
Seat 2: Espada Fish ($100 in chips) 
Seat 3: UnderC@t ($100 in chips) 
Seat 4: Pippa83 ($100 in chips) 
Seat 5: gig.gyty ($160.25 in chips) 
Seat 6: timatim1986 ($43.85 in chips) 
UnderC@t: posts small blind $0.50
Pippa83: posts big blind $1
*** HOLE CARDS ***
gig.gyty: raises $1.25 to $2.25
timatim1986: folds 
KO poker184: calls $2.25
Espada Fish: folds 
UnderC@t: folds 
Pippa83: folds 
*** FLOP *** [Th 2c 4d]
gig.gyty: bets $1.43
KO poker184: calls $1.43
*** TURN *** [Th 2c 4d] [8h]
gig.gyty: bets $4.21
KO poker184: calls $4.21
*** RIVER *** [Th 2c 4d 8h] [2d]
gig.gyty: checks 
KO poker184: checks 
*** SHOW DOWN ***
gig.gyty: shows [Qd As] (a pair of Deuces)
KO poker184: shows [9c 8c] (two pair, Eights and Deuces)
KO poker184 collected $16.42 from pot
*** SUMMARY ***
Total pot $17.28 | Rake $0.86 
Board [Th 2c 4d 8h 2d]
Seat 1: KO poker184 showed [9c 8c] and won ($16.42) with two pair, Eights and Deuces
Seat 2: Espada Fish (button) folded before Flop (didn't bet)
Seat 3: UnderC@t (small blind) folded before Flop
Seat 4: Pippa83 (big blind) folded before Flop
Seat 5: gig.gyty showed [Qd As] and lost with a pair of Deuces
Seat 6: timatim1986 folded before Flop (didn't bet)



PokerStars Hand #254529950172:  Hold'em No Limit ($0.50/$1.00 USD) - 2025/01/24 15:32:38 WET [2025/01/24 10:32:38 ET]
Table 'Verbiest IV' 6-max Seat #3 is the button
Seat 1: KO poker184 ($111.84 in chips) 
Seat 2: Espada Fish ($100 in chips) 
Seat 3: UnderC@t ($100 in chips) 
Seat 4: Pippa83 ($100 in chips) 
Seat 5: gig.gyty ($152.36 in chips) 
Seat 6: timatim1986 ($43.85 in chips) 
Pippa83: posts small blind $0.50
gig.gyty: posts big blind $1
*** HOLE CARDS ***
timatim1986: raises $2 to $3
KO poker184: folds 
Espada Fish: folds 
UnderC@t: folds 
Pippa83: folds 
gig.gyty: folds 
Uncalled bet ($2) returned to timatim1986
timatim1986 collected $2.50 from pot
*** SUMMARY ***
Total pot $2.50 | Rake $0 
Seat 1: KO poker184 folded before Flop (didn't bet)
Seat 2: Espada Fish folded before Flop (didn't bet)
Seat 3: UnderC@t (button) folded before Flop (didn't bet)
Seat 4: Pippa83 (small blind) folded before Flop
Seat 5: gig.gyty (big blind) folded before Flop
Seat 6: timatim1986 collected ($2.50)



PokerStars Hand #254529956886:  Hold'em No Limit ($0.50/$1.00 USD) - 2025/01/24 15:33:10 WET [2025/01/24 10:33:10 ET]
Table 'Verbiest IV' 6-max Seat #4 is the button
Seat 1: KO poker184 ($111.84 in chips) 
Seat 2: Espada Fish ($100 in chips) 
Seat 3: UnderC@t ($100 in chips) 
Seat 4: Pippa83 ($100 in chips) 
Seat 5: gig.gyty ($151.36 in chips) 
Seat 6: timatim1986 ($45.35 in chips) 
gig.gyty: posts small blind $0.50
timatim1986: posts big blind $1
*** HOLE CARDS ***
KO poker184: folds 
Espada Fish: folds 
UnderC@t: folds 
Pippa83: folds 
gig.gyty: raises $2 to $3
timatim1986: calls $2
*** FLOP *** [5d 6s Qs]
gig.gyty: checks 
timatim1986: bets $3
gig.gyty: folds 
Uncalled bet ($3) returned to timatim1986
timatim1986 collected $5.70 from pot
*** SUMMARY ***
Total pot $6 | Rake $0.30 
Board [5d 6s Qs]
Seat 1: KO poker184 folded before Flop (didn't bet)
Seat 2: Espada Fish folded before Flop (didn't bet)
Seat 3: UnderC@t folded before Flop (didn't bet)
Seat 4: Pippa83 (button) folded before Flop (didn't bet)
Seat 5: gig.gyty (small blind) folded on the Flop
Seat 6: timatim1986 (big blind) collected ($5.70)



PokerStars Hand #254529963379:  Hold'em No Limit ($0.50/$1.00 USD) - 2025/01/24 15:33:40 WET [2025/01/24 10:33:40 ET]
Table 'Verbiest IV' 6-max Seat #5 is the button
Seat 1: KO poker184 ($111.84 in chips) 
Seat 2: Espada Fish ($100 in chips) 
Seat 3: UnderC@t ($100 in chips) 
Seat 4: Pippa83 ($100 in chips) 
Seat 5: gig.gyty ($148.36 in chips) 
Seat 6: timatim1986 ($48.05 in chips) 
timatim1986: posts small blind $0.50
KO poker184: posts big blind $1
*** HOLE CARDS ***
Espada Fish: folds 
UnderC@t: folds 
Pippa83: raises $1.50 to $2.50
gig.gyty: calls $2.50
timatim1986: calls $2
KO poker184: calls $1.50
*** FLOP *** [Jc 5s As]
timatim1986: checks 
KO poker184: checks 
Pippa83: checks 
gig.gyty: checks 
*** TURN *** [Jc 5s As] [4d]
timatim1986: bets $5
KO poker184: folds 
Pippa83: calls $5
gig.gyty: folds 
*** RIVER *** [Jc 5s As 4d] [Ts]
timatim1986: bets $5
Pippa83: raises $68.50 to $73.50
timatim1986: calls $35.55 and is all-in
Uncalled bet ($32.95) returned to Pippa83
*** SHOW DOWN ***
Pippa83: shows [9s 6s] (a flush, Ace high)
timatim1986: shows [4h Ac] (two pair, Aces and Fours)
Pippa83 collected $98.60 from pot
*** SUMMARY ***
Total pot $101.10 | Rake $2.50 
Board [Jc 5s As 4d Ts]
Seat 1: KO poker184 (big blind) folded on the Turn
Seat 2: Espada Fish folded before Flop (didn't bet)
Seat 3: UnderC@t folded before Flop (didn't bet)
Seat 4: Pippa83 showed [9s 6s] and won ($98.60) with a flush, Ace high
Seat 5: gig.gyty (button) folded on the Turn
Seat 6: timatim1986 (small blind) showed [4h Ac] and lost with two pair, Aces and Fours



PokerStars Hand #254529976224:  Hold'em No Limit ($0.50/$1.00 USD) - 2025/01/24 15:34:40 WET [2025/01/24 10:34:40 ET]
Table 'Verbiest IV' 6-max Seat #1 is the button
Seat 6: timatim1986 ($0 in chips) is sitting out
Seat 1: KO poker184 ($109.34 in chips) 
Seat 2: Espada Fish ($100 in chips) 
Seat 3: UnderC@t ($100 in chips) 
Seat 4: Pippa83 ($150.55 in chips) 
Seat 5: gig.gyty ($145.86 in chips) 
Espada Fish: posts small blind $0.50
UnderC@t: posts big blind $1
*** HOLE CARDS ***
Pippa83: folds 
gig.gyty: folds 
KO poker184: folds 
Espada Fish: raises $2 to $3
UnderC@t: folds 
Uncalled bet ($2) returned to Espada Fish
Espada Fish collected $2 from pot
Espada Fish: doesn't show hand 
*** SUMMARY ***
Total pot $2 | Rake $0 
Seat 6: timatim1986
Seat 1: KO poker184 (button) folded before Flop (didn't bet)
Seat 2: Espada Fish (small blind) collected ($2)
Seat 3: UnderC@t (big blind) folded before Flop
Seat 4: Pippa83 folded before Flop (didn't bet)
Seat 5: gig.gyty folded before Flop (didn't bet)



PokerStars Hand #254529981053:  Hold'em No Limit ($0.50/$1.00 USD) - 2025/01/24 15:35:02 WET [2025/01/24 10:35:02 ET]
Table 'Verbiest IV' 6-max Seat #2 is the button
Seat 1: KO poker184 ($109.34 in chips) 
Seat 2: Espada Fish ($101 in chips) 
Seat 3: UnderC@t ($100 in chips) 
Seat 4: Pippa83 ($150.55 in chips) 
Seat 5: gig.gyty ($145.86 in chips) 
Seat 6: timatim1986 ($64.49 in chips) 
UnderC@t: posts small blind $0.50
Pippa83: posts big blind $1
*** HOLE CARDS ***
gig.gyty: folds 
timatim1986: raises $1 to $2
KO poker184: folds 
Espada Fish: folds 
UnderC@t: folds 
Pippa83: folds 
Uncalled bet ($1) returned to timatim1986
timatim1986 collected $2.50 from pot
*** SUMMARY ***
Total pot $2.50 | Rake $0 
Seat 1: KO poker184 folded before Flop (didn't bet)
Seat 2: Espada Fish (button) folded before Flop (didn't bet)
Seat 3: UnderC@t (small blind) folded before Flop
Seat 4: Pippa83 (big blind) folded before Flop
Seat 5: gig.gyty folded before Flop (didn't bet)
Seat 6: timatim1986 collected ($2.50)



PokerStars Hand #254529987605:  Hold'em No Limit ($0.50/$1.00 USD) - 2025/01/24 15:35:33 WET [2025/01/24 10:35:33 ET]
Table 'Verbiest IV' 6-max Seat #3 is the button
Seat 1: KO poker184 ($109.34 in chips) 
Seat 2: Espada Fish ($101 in chips) 
Seat 3: UnderC@t ($100 in chips) 
Seat 4: Pippa83 ($149.55 in chips) 
Seat 5: gig.gyty ($145.86 in chips) 
Seat 6: timatim1986 ($65.99 in chips) 
Pippa83: posts small blind $0.50
gig.gyty: posts big blind $1
*** HOLE CARDS ***
timatim1986: folds 
KO poker184: raises $1.50 to $2.50
Espada Fish: folds 
UnderC@t has timed out
UnderC@t: folds 
Pippa83: folds 
gig.gyty: folds 
Uncalled bet ($1.50) returned to KO poker184
KO poker184 collected $2.50 from pot
KO poker184: doesn't show hand 
*** SUMMARY ***
Total pot $2.50 | Rake $0 
Seat 1: KO poker184 collected ($2.50)
Seat 2: Espada Fish folded before Flop (didn't bet)
Seat 3: UnderC@t (button) folded before Flop (didn't bet)
Seat 4: Pippa83 (small blind) folded before Flop
Seat 5: gig.gyty (big blind) folded before Flop
Seat 6: timatim1986 folded before Flop (didn't bet)



PokerStars Hand #254530206678:  Hold'em No Limit ($0.50/$1.00 USD) - 2025/01/24 15:52:24 WET [2025/01/24 10:52:24 ET]
Table 'Verbiest IV' 6-max Seat #3 is the button
Seat 1: KO poker184 ($111.15 in chips) 
Seat 2: Espada Fish ($100 in chips) 
Seat 3: UnderC@t ($129.83 in chips) 
Seat 4: Pippa83 ($144.79 in chips) 
Seat 5: gig.gyty ($141.71 in chips) 
Seat 6: timatim1986 ($38.97 in chips) 
Pippa83: posts small blind $0.50
gig.gyty: posts big blind $1
*** HOLE CARDS ***
timatim1986: raises $2 to $3
KO poker184: calls $3
Espada Fish: folds 
UnderC@t: folds 
Pippa83: folds 
gig.gyty: folds 
*** FLOP *** [8d Qs 4s]
timatim1986: bets $3
KO poker184: folds 
Uncalled bet ($3) returned to timatim1986
timatim1986 collected $7.12 from pot
*** SUMMARY ***
Total pot $7.50 | Rake $0.38 
Board [8d Qs 4s]
Seat 1: KO poker184 folded on the Flop
Seat 2: Espada Fish folded before Flop (didn't bet)
Seat 3: UnderC@t (button) folded before Flop (didn't bet)
Seat 4: Pippa83 (small blind) folded before Flop
Seat 5: gig.gyty (big blind) folded before Flop
Seat 6: timatim1986 collected ($7.12)



PokerStars Hand #254530213984:  Hold'em No Limit ($0.50/$1.00 USD) - 2025/01/24 15:52:57 WET [2025/01/24 10:52:57 ET]
Table 'Verbiest IV' 6-max Seat #4 is the button
Seat 1: KO poker184 ($108.15 in chips) 
Seat 2: Espada Fish ($100 in chips) 
Seat 3: UnderC@t ($129.83 in chips) 
Seat 4: Pippa83 ($144.29 in chips) 
Seat 5: gig.gyty ($140.71 in chips) 
Seat 6: timatim1986 ($43.09 in chips) 
gig.gyty: posts small blind $0.50
timatim1986: posts big blind $1
*** HOLE CARDS ***
KO poker184: folds 
Espada Fish: folds 
UnderC@t: folds 
Pippa83: raises $1.50 to $2.50
gig.gyty: folds 
timatim1986: calls $1.50
*** FLOP *** [4s Jh 5h]
timatim1986: bets $3
Pippa83: raises $8.42 to $11.42
timatim1986: calls $8.42
*** TURN *** [4s Jh 5h] [9s]
timatim1986: bets $3
Pippa83: raises $49.38 to $52.38
timatim1986: calls $26.17 and is all-in
Uncalled bet ($23.21) returned to Pippa83
*** RIVER *** [4s Jh 5h 9s] [4d]
*** SHOW DOWN ***
timatim1986: shows [Jd Qh] (two pair, Jacks and Fours)
Pippa83: shows [Kc Kh] (two pair, Kings and Fours)
Pippa83 collected $84.18 from pot
*** SUMMARY ***
Total pot $86.68 | Rake $2.50 
Board [4s Jh 5h 9s 4d]
Seat 1: KO poker184 folded before Flop (didn't bet)
Seat 2: Espada Fish folded before Flop (didn't bet)
Seat 3: UnderC@t folded before Flop (didn't bet)
Seat 4: Pippa83 (button) showed [Kc Kh] and won ($84.18) with two pair, Kings and Fours
Seat 5: gig.gyty (small blind) folded before Flop
Seat 6: timatim1986 (big blind) showed [Jd Qh] and lost with two pair, Jacks and Fours



PokerStars Hand #254530225691:  Hold'em No Limit ($0.50/$1.00 USD) - 2025/01/24 15:53:51 WET [2025/01/24 10:53:51 ET]
Table 'Verbiest IV' 6-max Seat #5 is the button
Seat 6: timatim1986 ($0 in chips) is sitting out
Seat 1: KO poker184 ($108.15 in chips) 
Seat 2: Espada Fish ($100 in chips) 
Seat 3: UnderC@t ($129.83 in chips) 
Seat 4: Pippa83 ($185.38 in chips) 
Seat 5: gig.gyty ($140.21 in chips) 
KO poker184: posts small blind $0.50
Espada Fish: posts big blind $1
*** HOLE CARDS ***
UnderC@t: folds 
Pippa83: folds 
timatim1986 leaves the table
gig.gyty: raises $1.50 to $2.50
KO poker184: calls $2
Espada Fish: calls $1.50
*** FLOP *** [2d Th 3s]
KO poker184: checks 
Espada Fish: checks 
coeeeelho joins the table at seat #6 
gig.gyty: bets $2.35
KO poker184: calls $2.35
Espada Fish: folds 
*** TURN *** [2d Th 3s] [Tc]
KO poker184: checks 
gig.gyty: checks 
*** RIVER *** [2d Th 3s Tc] [6d]
KO poker184: bets $18
gig.gyty: folds 
Uncalled bet ($18) returned to KO poker184
KO poker184 collected $11.59 from pot
KO poker184: doesn't show hand 
*** SUMMARY ***
Total pot $12.20 | Rake $0.61 
Board [2d Th 3s Tc 6d]
Seat 6: timatim1986
Seat 1: KO poker184 (small blind) collected ($11.59)
Seat 2: Espada Fish (big blind) folded on the Flop
Seat 3: UnderC@t folded before Flop (didn't bet)
Seat 4: Pippa83 folded before Flop (didn't bet)
Seat 5: gig.gyty (button) folded on the River



PokerStars Hand #254530239422:  Hold'em No Limit ($0.50/$1.00 USD) - 2025/01/24 15:54:53 WET [2025/01/24 10:54:53 ET]
Table 'Verbiest IV' 6-max Seat #1 is the button
Seat 6: coeeeelho ($100 in chips) is sitting out
Seat 1: KO poker184 ($114.89 in chips) 
Seat 2: Espada Fish ($100 in chips) 
Seat 3: UnderC@t ($129.83 in chips) 
Seat 4: Pippa83 ($185.38 in chips) 
Seat 5: gig.gyty ($135.36 in chips) 
Espada Fish: posts small blind $0.50
UnderC@t: posts big blind $1
coeeeelho: sits out 
*** HOLE CARDS ***
Pippa83: raises $1.20 to $2.20
gig.gyty: folds 
KO poker184: folds 
Espada Fish: folds 
UnderC@t: folds 
Uncalled bet ($1.20) returned to Pippa83
Pippa83 collected $2.50 from pot
Pippa83: doesn't show hand 
*** SUMMARY ***
Total pot $2.50 | Rake $0 
Seat 6: coeeeelho
Seat 1: KO poker184 (button) folded before Flop (didn't bet)
Seat 2: Espada Fish (small blind) folded before Flop
Seat 3: UnderC@t (big blind) folded before Flop
Seat 4: Pippa83 collected ($2.50)
Seat 5: gig.gyty folded before Flop (didn't bet)



PokerStars Hand #254530242215:  Hold'em No Limit ($0.50/$1.00 USD) - 2025/01/24 15:55:06 WET [2025/01/24 10:55:06 ET]
Table 'Verbiest IV' 6-max Seat #2 is the button
Seat 6: coeeeelho ($100 in chips) is sitting out
Seat 1: KO poker184 ($114.89 in chips) 
Seat 2: Espada Fish ($100 in chips) 
Seat 3: UnderC@t ($128.83 in chips) 
Seat 4: Pippa83 ($186.88 in chips) 
Seat 5: gig.gyty ($135.36 in chips) 
UnderC@t: posts small blind $0.50
Pippa83: posts big blind $1
coeeeelho: sits out 
*** HOLE CARDS ***
gig.gyty: raises $1.25 to $2.25
KO poker184: folds 
Espada Fish: folds 
UnderC@t: folds 
Pippa83: folds 
Uncalled bet ($1.25) returned to gig.gyty
gig.gyty collected $2.50 from pot
gig.gyty: doesn't show hand 
*** SUMMARY ***
Total pot $2.50 | Rake $0 
Seat 6: coeeeelho
Seat 1: KO poker184 folded before Flop (didn't bet)
Seat 2: Espada Fish (button) folded before Flop (didn't bet)
Seat 3: UnderC@t (small blind) folded before Flop
Seat 4: Pippa83 (big blind) folded before Flop
Seat 5: gig.gyty collected ($2.50)



PokerStars Hand #254530245030:  Hold'em No Limit ($0.50/$1.00 USD) - 2025/01/24 15:55:21 WET [2025/01/24 10:55:21 ET]
Table 'Verbiest IV' 6-max Seat #3 is the button
Seat 5: gig.gyty ($136.86 in chips) is sitting out
Seat 1: KO poker184 ($114.89 in chips) 
Seat 2: Espada Fish ($100 in chips) 
Seat 3: UnderC@t ($128.33 in chips) 
Seat 4: Pippa83 ($185.88 in chips) 
Seat 6: coeeeelho ($100 in chips) 
Pippa83: posts small blind $0.50
gig.gyty: is sitting out 
coeeeelho: posts big blind $1
*** HOLE CARDS ***
KO poker184: raises $1.50 to $2.50
gig.gyty leaves the table
Espada Fish: raises $5.50 to $8
UnderC@t: folds 
Pippa83: folds 
coeeeelho: folds 
KO poker184: calls $5.50
*** FLOP *** [8d 2s 8c]
KO poker184: checks 
Espada Fish: bets $5.48
KO poker184: folds 
Uncalled bet ($5.48) returned to Espada Fish
Espada Fish collected $16.62 from pot
Espada Fish: doesn't show hand 
*** SUMMARY ***
Total pot $17.50 | Rake $0.88 
Board [8d 2s 8c]
Seat 5: gig.gyty
Seat 1: KO poker184 folded on the Flop
Seat 2: Espada Fish collected ($16.62)
Seat 3: UnderC@t (button) folded before Flop (didn't bet)
Seat 4: Pippa83 (small blind) folded before Flop
Seat 6: coeeeelho (big blind) folded before Flop



PokerStars Hand #254530252886:  Hold'em No Limit ($0.50/$1.00 USD) - 2025/01/24 15:56:07 WET [2025/01/24 10:56:07 ET]
Table 'Verbiest IV' 6-max Seat #4 is the button
Seat 1: KO poker184 ($106.89 in chips) 
Seat 2: Espada Fish ($108.62 in chips) 
Seat 3: UnderC@t ($128.33 in chips) 
Seat 4: Pippa83 ($185.38 in chips) 
Seat 6: coeeeelho ($100 in chips) 
coeeeelho: posts small blind $0.50
KO poker184: posts big blind $1
*** HOLE CARDS ***
Espada Fish: folds 
Espada Fish leaves the table
UnderC@t: folds 
Pippa83: folds 
coeeeelho: raises $2 to $3
KO poker184: folds 
Uncalled bet ($2) returned to coeeeelho
coeeeelho collected $2 from pot
*** SUMMARY ***
Total pot $2 | Rake $0 
Seat 1: KO poker184 (big blind) folded before Flop
Seat 2: Espada Fish folded before Flop (didn't bet)
Seat 3: UnderC@t folded before Flop (didn't bet)
Seat 4: Pippa83 (button) folded before Flop (didn't bet)
Seat 6: coeeeelho (small blind) collected ($2)



PokerStars Hand #254530258450:  Hold'em No Limit ($0.50/$1.00 USD) - 2025/01/24 15:56:39 WET [2025/01/24 10:56:39 ET]
Table 'Verbiest IV' 6-max Seat #6 is the button
Seat 1: KO poker184 ($105.89 in chips) 
Seat 3: UnderC@t ($128.33 in chips) 
Seat 4: Pippa83 ($185.38 in chips) 
Seat 6: coeeeelho ($101 in chips) 
KO poker184: posts small blind $0.50
UnderC@t: posts big blind $1
*** HOLE CARDS ***
coya1904 joins the table at seat #5 
coya1904 is disconnected 
nastja336 joins the table at seat #2 
Pippa83: raises $1.50 to $2.50
coeeeelho: raises $5 to $7.50
KO poker184: folds 
UnderC@t: folds 
Pippa83: folds 
Uncalled bet ($5) returned to coeeeelho
coeeeelho collected $6.50 from pot
*** SUMMARY ***
Total pot $6.50 | Rake $0 
Seat 1: KO poker184 (small blind) folded before Flop
Seat 3: UnderC@t (big blind) folded before Flop
Seat 4: Pippa83 folded before Flop
Seat 6: coeeeelho (button) collected ($6.50)



PokerStars Hand #254530262990:  Hold'em No Limit ($0.50/$1.00 USD) - 2025/01/24 15:57:06 WET [2025/01/24 10:57:06 ET]
Table 'Verbiest IV' 6-max Seat #1 is the button
Seat 2: nastja336 ($100 in chips) is sitting out
Seat 5: coya1904 ($100 in chips) is sitting out
Seat 1: KO poker184 ($105.39 in chips) 
Seat 3: UnderC@t ($127.33 in chips) 
Seat 4: Pippa83 ($182.88 in chips) 
Seat 6: coeeeelho ($105 in chips) 
UnderC@t: posts small blind $0.50
Pippa83: posts big blind $1
coya1904: sits out 
*** HOLE CARDS ***
coeeeelho: folds 
KO poker184: folds 
UnderC@t: folds 
Uncalled bet ($0.50) returned to Pippa83
Pippa83 collected $1 from pot
Pippa83: doesn't show hand 
*** SUMMARY ***
Total pot $1 | Rake $0 
Seat 2: nastja336
Seat 5: coya1904
Seat 1: KO poker184 (button) folded before Flop (didn't bet)
Seat 3: UnderC@t (small blind) folded before Flop
Seat 4: Pippa83 (big blind) collected ($1)
Seat 6: coeeeelho folded before Flop (didn't bet)



PokerStars Hand #254529994074:  Hold'em No Limit ($0.50/$1.00 USD) - 2025/01/24 15:36:04 WET [2025/01/24 10:36:04 ET]
Table 'Verbiest IV' 6-max Seat #4 is the button
Seat 3: UnderC@t ($100 in chips) is sitting out
Seat 1: KO poker184 ($110.84 in chips) 
Seat 2: Espada Fish ($101 in chips) 
Seat 4: Pippa83 ($149.05 in chips) 
Seat 5: gig.gyty ($144.86 in chips) 
Seat 6: timatim1986 ($65.99 in chips) 
gig.gyty: posts small blind $0.50
timatim1986: posts big blind $1
*** HOLE CARDS ***
KO poker184: folds 
Espada Fish: folds 
Pippa83: folds 
gig.gyty: calls $0.50
timatim1986: checks 
*** FLOP *** [4c 3d 6d]
gig.gyty: bets $1
timatim1986: calls $1
*** TURN *** [4c 3d 6d] [Qh]
gig.gyty: bets $1.90
timatim1986: calls $1.90
*** RIVER *** [4c 3d 6d Qh] [4d]
gig.gyty: bets $3.71
timatim1986: raises $5.71 to $9.42
gig.gyty: folds 
Uncalled bet ($5.71) returned to timatim1986
timatim1986 collected $14.46 from pot
*** SUMMARY ***
Total pot $15.22 | Rake $0.76 
Board [4c 3d 6d Qh 4d]
Seat 3: UnderC@t
Seat 1: KO poker184 folded before Flop (didn't bet)
Seat 2: Espada Fish folded before Flop (didn't bet)
Seat 4: Pippa83 (button) folded before Flop (didn't bet)
Seat 5: gig.gyty (small blind) folded on the River
Seat 6: timatim1986 (big blind) collected ($14.46)



PokerStars Hand #254530003985:  Hold'em No Limit ($0.50/$1.00 USD) - 2025/01/24 15:36:51 WET [2025/01/24 10:36:51 ET]
Table 'Verbiest IV' 6-max Seat #5 is the button
Seat 1: KO poker184 ($110.84 in chips) 
Seat 2: Espada Fish ($101 in chips) 
Seat 3: UnderC@t ($100 in chips) 
Seat 4: Pippa83 ($149.05 in chips) 
Seat 5: gig.gyty ($137.25 in chips) 
Seat 6: timatim1986 ($72.84 in chips) 
timatim1986: posts small blind $0.50
KO poker184: posts big blind $1
*** HOLE CARDS ***
Espada Fish: folds 
UnderC@t: folds 
Pippa83: folds 
gig.gyty: folds 
timatim1986: calls $0.50
KO poker184: checks 
*** FLOP *** [Js Kc 2c]
timatim1986: bets $1
KO poker184: folds 
Uncalled bet ($1) returned to timatim1986
timatim1986 collected $1.90 from pot
*** SUMMARY ***
Total pot $2 | Rake $0.10 
Board [Js Kc 2c]
Seat 1: KO poker184 (big blind) folded on the Flop
Seat 2: Espada Fish folded before Flop (didn't bet)
Seat 3: UnderC@t folded before Flop (didn't bet)
Seat 4: Pippa83 folded before Flop (didn't bet)
Seat 5: gig.gyty (button) folded before Flop (didn't bet)
Seat 6: timatim1986 (small blind) collected ($1.90)



PokerStars Hand #254530010804:  Hold'em No Limit ($0.50/$1.00 USD) - 2025/01/24 15:37:23 WET [2025/01/24 10:37:23 ET]
Table 'Verbiest IV' 6-max Seat #6 is the button
Seat 1: KO poker184 ($109.84 in chips) 
Seat 2: Espada Fish ($101 in chips) 
Seat 3: UnderC@t ($100 in chips) 
Seat 4: Pippa83 ($149.05 in chips) 
Seat 5: gig.gyty ($137.25 in chips) 
Seat 6: timatim1986 ($73.74 in chips) 
KO poker184: posts small blind $0.50
Espada Fish: posts big blind $1
*** HOLE CARDS ***
UnderC@t: raises $1.50 to $2.50
Pippa83: folds 
gig.gyty: folds 
timatim1986: calls $2.50
KO poker184: folds 
Espada Fish: folds 
*** FLOP *** [Qd Tc Qs]
UnderC@t: bets $1.85
timatim1986: calls $1.85
*** TURN *** [Qd Tc Qs] [Ac]
UnderC@t: bets $4.85
timatim1986: folds 
Uncalled bet ($4.85) returned to UnderC@t
UnderC@t collected $9.69 from pot
UnderC@t: doesn't show hand 
*** SUMMARY ***
Total pot $10.20 | Rake $0.51 
Board [Qd Tc Qs Ac]
Seat 1: KO poker184 (small blind) folded before Flop
Seat 2: Espada Fish (big blind) folded before Flop
Seat 3: UnderC@t collected ($9.69)
Seat 4: Pippa83 folded before Flop (didn't bet)
Seat 5: gig.gyty folded before Flop (didn't bet)
Seat 6: timatim1986 (button) folded on the Turn



PokerStars Hand #254530016141:  Hold'em No Limit ($0.50/$1.00 USD) - 2025/01/24 15:37:48 WET [2025/01/24 10:37:48 ET]
Table 'Verbiest IV' 6-max Seat #1 is the button
Seat 1: KO poker184 ($109.34 in chips) 
Seat 2: Espada Fish ($100 in chips) 
Seat 3: UnderC@t ($105.34 in chips) 
Seat 4: Pippa83 ($149.05 in chips) 
Seat 5: gig.gyty ($137.25 in chips) 
Seat 6: timatim1986 ($69.39 in chips) 
Espada Fish: posts small blind $0.50
UnderC@t: posts big blind $1
*** HOLE CARDS ***
Pippa83: raises $1.20 to $2.20
gig.gyty: folds 
timatim1986: raises $3.20 to $5.40
KO poker184: folds 
Espada Fish: folds 
UnderC@t: folds 
Pippa83: calls $3.20
*** FLOP *** [Ks 7c 4s]
Pippa83: checks 
timatim1986: bets $7
Pippa83: folds 
Uncalled bet ($7) returned to timatim1986
timatim1986 collected $11.68 from pot
*** SUMMARY ***
Total pot $12.30 | Rake $0.62 
Board [Ks 7c 4s]
Seat 1: KO poker184 (button) folded before Flop (didn't bet)
Seat 2: Espada Fish (small blind) folded before Flop
Seat 3: UnderC@t (big blind) folded before Flop
Seat 4: Pippa83 folded on the Flop
Seat 5: gig.gyty folded before Flop (didn't bet)
Seat 6: timatim1986 collected ($11.68)



PokerStars Hand #254530021797:  Hold'em No Limit ($0.50/$1.00 USD) - 2025/01/24 15:38:14 WET [2025/01/24 10:38:14 ET]
Table 'Verbiest IV' 6-max Seat #2 is the button
Seat 1: KO poker184 ($109.34 in chips) 
Seat 2: Espada Fish ($100 in chips) 
Seat 3: UnderC@t ($104.34 in chips) 
Seat 4: Pippa83 ($143.65 in chips) 
Seat 5: gig.gyty ($137.25 in chips) 
Seat 6: timatim1986 ($75.67 in chips) 
UnderC@t: posts small blind $0.50
Pippa83: posts big blind $1
*** HOLE CARDS ***
gig.gyty: folds 
timatim1986: folds 
KO poker184: raises $1.50 to $2.50
Espada Fish: folds 
UnderC@t: folds 
Pippa83: calls $1.50
*** FLOP *** [5s 5d Jc]
Pippa83: checks 
KO poker184: bets $5
Pippa83: folds 
Uncalled bet ($5) returned to KO poker184
KO poker184 collected $5.22 from pot
KO poker184: doesn't show hand 
*** SUMMARY ***
Total pot $5.50 | Rake $0.28 
Board [5s 5d Jc]
Seat 1: KO poker184 collected ($5.22)
Seat 2: Espada Fish (button) folded before Flop (didn't bet)
Seat 3: UnderC@t (small blind) folded before Flop
Seat 4: Pippa83 (big blind) folded on the Flop
Seat 5: gig.gyty folded before Flop (didn't bet)
Seat 6: timatim1986 folded before Flop (didn't bet)



PokerStars Hand #254530027245:  Hold'em No Limit ($0.50/$1.00 USD) - 2025/01/24 15:38:40 WET [2025/01/24 10:38:40 ET]
Table 'Verbiest IV' 6-max Seat #3 is the button
Seat 1: KO poker184 ($112.06 in chips) 
Seat 2: Espada Fish ($100 in chips) 
Seat 3: UnderC@t ($103.84 in chips) 
Seat 4: Pippa83 ($141.15 in chips) 
Seat 5: gig.gyty ($137.25 in chips) 
Seat 6: timatim1986 ($75.67 in chips) 
Pippa83: posts small blind $0.50
gig.gyty: posts big blind $1
*** HOLE CARDS ***
timatim1986: folds 
KO poker184: raises $1.50 to $2.50
Espada Fish: folds 
UnderC@t: calls $2.50
Pippa83: folds 
gig.gyty: folds 
*** FLOP *** [3s 9c 4h]
KO poker184: bets $3
UnderC@t: raises $6 to $9
KO poker184: folds 
Uncalled bet ($6) returned to UnderC@t
UnderC@t collected $11.88 from pot
UnderC@t: doesn't show hand 
*** SUMMARY ***
Total pot $12.50 | Rake $0.62 
Board [3s 9c 4h]
Seat 1: KO poker184 folded on the Flop
Seat 2: Espada Fish folded before Flop (didn't bet)
Seat 3: UnderC@t (button) collected ($11.88)
Seat 4: Pippa83 (small blind) folded before Flop
Seat 5: gig.gyty (big blind) folded before Flop
Seat 6: timatim1986 folded before Flop (didn't bet)



PokerStars Hand #254530037495:  Hold'em No Limit ($0.50/$1.00 USD) - 2025/01/24 15:39:28 WET [2025/01/24 10:39:28 ET]
Table 'Verbiest IV' 6-max Seat #4 is the button
Seat 1: KO poker184 ($106.56 in chips) 
Seat 2: Espada Fish ($100 in chips) 
Seat 3: UnderC@t ($110.22 in chips) 
Seat 4: Pippa83 ($140.65 in chips) 
Seat 5: gig.gyty ($136.25 in chips) 
Seat 6: timatim1986 ($75.67 in chips) 
gig.gyty: posts small blind $0.50
timatim1986: posts big blind $1
*** HOLE CARDS ***
KO poker184: folds 
Espada Fish: folds 
UnderC@t: folds 
Pippa83: folds 
gig.gyty: raises $1.50 to $2.50
timatim1986: raises $3.50 to $6
gig.gyty: calls $3.50
*** FLOP *** [6c Ah 2c]
gig.gyty: checks 
timatim1986: checks 
*** TURN *** [6c Ah 2c] [Kd]
gig.gyty: checks 
timatim1986: bets $5
gig.gyty: folds 
Uncalled bet ($5) returned to timatim1986
timatim1986 collected $11.40 from pot
*** SUMMARY ***
Total pot $12 | Rake $0.60 
Board [6c Ah 2c Kd]
Seat 1: KO poker184 folded before Flop (didn't bet)
Seat 2: Espada Fish folded before Flop (didn't bet)
Seat 3: UnderC@t folded before Flop (didn't bet)
Seat 4: Pippa83 (button) folded before Flop (didn't bet)
Seat 5: gig.gyty (small blind) folded on the Turn
Seat 6: timatim1986 (big blind) collected ($11.40)



PokerStars Hand #254530047781:  Hold'em No Limit ($0.50/$1.00 USD) - 2025/01/24 15:40:16 WET [2025/01/24 10:40:16 ET]
Table 'Verbiest IV' 6-max Seat #5 is the button
Seat 1: KO poker184 ($106.56 in chips) 
Seat 2: Espada Fish ($100 in chips) 
Seat 3: UnderC@t ($110.22 in chips) 
Seat 4: Pippa83 ($140.65 in chips) 
Seat 5: gig.gyty ($130.25 in chips) 
Seat 6: timatim1986 ($81.07 in chips) 
timatim1986: posts small blind $0.50
KO poker184: posts big blind $1
*** HOLE CARDS ***
Espada Fish: folds 
UnderC@t: folds 
Pippa83: folds 
gig.gyty: raises $1.50 to $2.50
timatim1986: folds 
KO poker184: calls $1.50
*** FLOP *** [Kh Kd 9h]
KO poker184: checks 
gig.gyty: bets $1.72
KO poker184: calls $1.72
*** TURN *** [Kh Kd 9h] [8s]
KO poker184: checks 
gig.gyty: bets $5
KO poker184: folds 
Uncalled bet ($5) returned to gig.gyty
gig.gyty collected $8.49 from pot
gig.gyty: doesn't show hand 
*** SUMMARY ***
Total pot $8.94 | Rake $0.45 
Board [Kh Kd 9h 8s]
Seat 1: KO poker184 (big blind) folded on the Turn
Seat 2: Espada Fish folded before Flop (didn't bet)
Seat 3: UnderC@t folded before Flop (didn't bet)
Seat 4: Pippa83 folded before Flop (didn't bet)
Seat 5: gig.gyty (button) collected ($8.49)
Seat 6: timatim1986 (small blind) folded before Flop



PokerStars Hand #254530055686:  Hold'em No Limit ($0.50/$1.00 USD) - 2025/01/24 15:40:53 WET [2025/01/24 10:40:53 ET]
Table 'Verbiest IV' 6-max Seat #6 is the button
Seat 1: KO poker184 ($102.34 in chips) 
Seat 2: Espada Fish ($100 in chips) 
Seat 3: UnderC@t ($110.22 in chips) 
Seat 4: Pippa83 ($140.65 in chips) 
Seat 5: gig.gyty ($134.52 in chips) 
Seat 6: timatim1986 ($80.57 in chips) 
KO poker184: posts small blind $0.50
Espada Fish: posts big blind $1
*** HOLE CARDS ***
UnderC@t: folds 
Pippa83: folds 
gig.gyty: raises $1.25 to $2.25
timatim1986: folds 
KO poker184: folds 
Espada Fish: folds 
Uncalled bet ($1.25) returned to gig.gyty
gig.gyty collected $2.50 from pot
gig.gyty: doesn't show hand 
*** SUMMARY ***
Total pot $2.50 | Rake $0 
Seat 1: KO poker184 (small blind) folded before Flop
Seat 2: Espada Fish (big blind) folded before Flop
Seat 3: UnderC@t folded before Flop (didn't bet)
Seat 4: Pippa83 folded before Flop (didn't bet)
Seat 5: gig.gyty collected ($2.50)
Seat 6: timatim1986 (button) folded before Flop (didn't bet)



PokerStars Hand #254530058283:  Hold'em No Limit ($0.50/$1.00 USD) - 2025/01/24 15:41:05 WET [2025/01/24 10:41:05 ET]
Table 'Verbiest IV' 6-max Seat #1 is the button
Seat 1: KO poker184 ($101.84 in chips) 
Seat 2: Espada Fish ($100 in chips) 
Seat 3: UnderC@t ($110.22 in chips) 
Seat 4: Pippa83 ($140.65 in chips) 
Seat 5: gig.gyty ($136.02 in chips) 
Seat 6: timatim1986 ($80.57 in chips) 
Espada Fish: posts small blind $0.50
UnderC@t: posts big blind $1
*** HOLE CARDS ***
Pippa83: folds 
gig.gyty: folds 
timatim1986: folds 
KO poker184: folds 
Espada Fish: raises $2 to $3
UnderC@t: calls $2
*** FLOP *** [9h 4c 5h]
Espada Fish: bets $4.28
UnderC@t: folds 
Uncalled bet ($4.28) returned to Espada Fish
Espada Fish collected $5.70 from pot
Espada Fish: doesn't show hand 
*** SUMMARY ***
Total pot $6 | Rake $0.30 
Board [9h 4c 5h]
Seat 1: KO poker184 (button) folded before Flop (didn't bet)
Seat 2: Espada Fish (small blind) collected ($5.70)
Seat 3: UnderC@t (big blind) folded on the Flop
Seat 4: Pippa83 folded before Flop (didn't bet)
Seat 5: gig.gyty folded before Flop (didn't bet)
Seat 6: timatim1986 folded before Flop (didn't bet)



PokerStars Hand #254530068174:  Hold'em No Limit ($0.50/$1.00 USD) - 2025/01/24 15:41:51 WET [2025/01/24 10:41:51 ET]
Table 'Verbiest IV' 6-max Seat #2 is the button
Seat 1: KO poker184 ($101.84 in chips) 
Seat 2: Espada Fish ($102.70 in chips) 
Seat 3: UnderC@t ($107.22 in chips) 
Seat 4: Pippa83 ($140.65 in chips) 
Seat 5: gig.gyty ($136.02 in chips) 
Seat 6: timatim1986 ($80.57 in chips) 
UnderC@t: posts small blind $0.50
Pippa83: posts big blind $1
*** HOLE CARDS ***
gig.gyty: raises $1.25 to $2.25
timatim1986: folds 
KO poker184: calls $2.25
Espada Fish: folds 
UnderC@t: folds 
Pippa83: folds 
*** FLOP *** [Td Js 5h]
gig.gyty: checks 
KO poker184: checks 
*** TURN *** [Td Js 5h] [4h]
gig.gyty: bets $4
KO poker184: folds 
Uncalled bet ($4) returned to gig.gyty
gig.gyty collected $5.70 from pot
gig.gyty: doesn't show hand 
*** SUMMARY ***
Total pot $6 | Rake $0.30 
Board [Td Js 5h 4h]
Seat 1: KO poker184 folded on the Turn
Seat 2: Espada Fish (button) folded before Flop (didn't bet)
Seat 3: UnderC@t (small blind) folded before Flop
Seat 4: Pippa83 (big blind) folded before Flop
Seat 5: gig.gyty collected ($5.70)
Seat 6: timatim1986 folded before Flop (didn't bet)



PokerStars Hand #254530075668:  Hold'em No Limit ($0.50/$1.00 USD) - 2025/01/24 15:42:26 WET [2025/01/24 10:42:26 ET]
Table 'Verbiest IV' 6-max Seat #3 is the button
Seat 1: KO poker184 ($99.59 in chips) 
Seat 2: Espada Fish ($102.70 in chips) 
Seat 3: UnderC@t ($106.72 in chips) 
Seat 4: Pippa83 ($139.65 in chips) 
Seat 5: gig.gyty ($139.47 in chips) 
Seat 6: timatim1986 ($80.57 in chips) 
Pippa83: posts small blind $0.50
gig.gyty: posts big blind $1
*** HOLE CARDS ***
timatim1986: folds 
KO poker184: folds 
Espada Fish: folds 
UnderC@t: folds 
Pippa83: raises $2 to $3
gig.gyty: folds 
Uncalled bet ($2) returned to Pippa83
Pippa83 collected $2 from pot
Pippa83: doesn't show hand 
*** SUMMARY ***
Total pot $2 | Rake $0 
Seat 1: KO poker184 folded before Flop (didn't bet)
Seat 2: Espada Fish folded before Flop (didn't bet)
Seat 3: UnderC@t (button) folded before Flop (didn't bet)
Seat 4: Pippa83 (small blind) collected ($2)
Seat 5: gig.gyty (big blind) folded before Flop
Seat 6: timatim1986 folded before Flop (didn't bet)



PokerStars Hand #254530083096:  Hold'em No Limit ($0.50/$1.00 USD) - 2025/01/24 15:43:00 WET [2025/01/24 10:43:00 ET]
Table 'Verbiest IV' 6-max Seat #4 is the button
Seat 1: KO poker184 ($99.59 in chips) 
Seat 2: Espada Fish ($102.70 in chips) 
Seat 3: UnderC@t ($106.72 in chips) 
Seat 4: Pippa83 ($140.65 in chips) 
Seat 5: gig.gyty ($138.47 in chips) 
Seat 6: timatim1986 ($80.57 in chips) 
gig.gyty: posts small blind $0.50
timatim1986: posts big blind $1
*** HOLE CARDS ***
KO poker184: folds 
Espada Fish: folds 
UnderC@t: raises $1.50 to $2.50
Pippa83: folds 
gig.gyty: folds 
timatim1986: calls $1.50
*** FLOP *** [Jc 4d Qs]
timatim1986: checks 
UnderC@t: bets $1.57
timatim1986: calls $1.57
*** TURN *** [Jc 4d Qs] [9s]
timatim1986: checks 
UnderC@t: bets $12
timatim1986: calls $12
*** RIVER *** [Jc 4d Qs 9s] [Tc]
timatim1986: checks 
UnderC@t: bets $23.26
timatim1986: calls $23.26
*** SHOW DOWN ***
UnderC@t: shows [Kh Kc] (a straight, Nine to King)
timatim1986: mucks hand 
UnderC@t collected $76.66 from pot
*** SUMMARY ***
Total pot $79.16 | Rake $2.50 
Board [Jc 4d Qs 9s Tc]
Seat 1: KO poker184 folded before Flop (didn't bet)
Seat 2: Espada Fish folded before Flop (didn't bet)
Seat 3: UnderC@t showed [Kh Kc] and won ($76.66) with a straight, Nine to King
Seat 4: Pippa83 (button) folded before Flop (didn't bet)
Seat 5: gig.gyty (small blind) folded before Flop
Seat 6: timatim1986 (big blind) mucked



PokerStars Hand #254530094286:  Hold'em No Limit ($0.50/$1.00 USD) - 2025/01/24 15:43:52 WET [2025/01/24 10:43:52 ET]
Table 'Verbiest IV' 6-max Seat #5 is the button
Seat 1: KO poker184 ($99.59 in chips) 
Seat 2: Espada Fish ($102.70 in chips) 
Seat 3: UnderC@t ($144.05 in chips) 
Seat 4: Pippa83 ($140.65 in chips) 
Seat 5: gig.gyty ($137.97 in chips) 
Seat 6: timatim1986 ($41.24 in chips) 
timatim1986: posts small blind $0.50
KO poker184: posts big blind $1
*** HOLE CARDS ***
Espada Fish: folds 
UnderC@t: raises $1.50 to $2.50
Pippa83: folds 
gig.gyty: folds 
timatim1986: calls $2
KO poker184: folds 
*** FLOP *** [4d Ah 9c]
timatim1986: checks 
UnderC@t: bets $1.71
timatim1986: calls $1.71
*** TURN *** [4d Ah 9c] [7s]
timatim1986: checks 
UnderC@t: checks 
*** RIVER *** [4d Ah 9c 7s] [7c]
timatim1986: bets $3
UnderC@t: folds 
Uncalled bet ($3) returned to timatim1986
timatim1986 collected $8.95 from pot
*** SUMMARY ***
Total pot $9.42 | Rake $0.47 
Board [4d Ah 9c 7s 7c]
Seat 1: KO poker184 (big blind) folded before Flop
Seat 2: Espada Fish folded before Flop (didn't bet)
Seat 3: UnderC@t folded on the River
Seat 4: Pippa83 folded before Flop (didn't bet)
Seat 5: gig.gyty (button) folded before Flop (didn't bet)
Seat 6: timatim1986 (small blind) collected ($8.95)



PokerStars Hand #254530101988:  Hold'em No Limit ($0.50/$1.00 USD) - 2025/01/24 15:44:28 WET [2025/01/24 10:44:28 ET]
Table 'Verbiest IV' 6-max Seat #6 is the button
Seat 1: KO poker184 ($98.59 in chips) 
Seat 2: Espada Fish ($102.70 in chips) 
Seat 3: UnderC@t ($139.84 in chips) 
Seat 4: Pippa83 ($140.65 in chips) 
Seat 5: gig.gyty ($137.97 in chips) 
Seat 6: timatim1986 ($45.98 in chips) 
KO poker184: posts small blind $0.50
Espada Fish: posts big blind $1
*** HOLE CARDS ***
UnderC@t: folds 
Pippa83: folds 
gig.gyty: folds 
timatim1986: raises $1 to $2
KO poker184: folds 
Espada Fish: calls $1
*** FLOP *** [Tc 5d 7h]
Espada Fish: checks 
timatim1986: bets $3
Espada Fish: calls $3
*** TURN *** [Tc 5d 7h] [4c]
Espada Fish: checks 
timatim1986: bets $6
Espada Fish: folds 
Uncalled bet ($6) returned to timatim1986
timatim1986 collected $9.98 from pot
*** SUMMARY ***
Total pot $10.50 | Rake $0.52 
Board [Tc 5d 7h 4c]
Seat 1: KO poker184 (small blind) folded before Flop
Seat 2: Espada Fish (big blind) folded on the Turn
Seat 3: UnderC@t folded before Flop (didn't bet)
Seat 4: Pippa83 folded before Flop (didn't bet)
Seat 5: gig.gyty folded before Flop (didn't bet)
Seat 6: timatim1986 (button) collected ($9.98)



PokerStars Hand #254530118439:  Hold'em No Limit ($0.50/$1.00 USD) - 2025/01/24 15:45:43 WET [2025/01/24 10:45:43 ET]
Table 'Verbiest IV' 6-max Seat #1 is the button
Seat 1: KO poker184 ($98.09 in chips) 
Seat 2: Espada Fish ($100 in chips) 
Seat 3: UnderC@t ($139.84 in chips) 
Seat 4: Pippa83 ($140.65 in chips) 
Seat 5: gig.gyty ($137.97 in chips) 
Seat 6: timatim1986 ($50.96 in chips) 
Espada Fish: posts small blind $0.50
UnderC@t: posts big blind $1
*** HOLE CARDS ***
Pippa83: folds 
gig.gyty: folds 
timatim1986: raises $1 to $2
KO poker184: raises $1 to $3
Espada Fish: folds 
UnderC@t: calls $2
timatim1986: calls $1
*** FLOP *** [2s 2c 4h]
UnderC@t: bets $2.71
timatim1986: folds 
KO poker184: calls $2.71
*** TURN *** [2s 2c 4h] [8d]
UnderC@t: checks 
KO poker184: bets $7
UnderC@t: calls $7
*** RIVER *** [2s 2c 4h 8d] [6s]
UnderC@t: checks 
KO poker184: bets $24
UnderC@t: folds 
Uncalled bet ($24) returned to KO poker184
KO poker184 collected $27.47 from pot
KO poker184: doesn't show hand 
*** SUMMARY ***
Total pot $28.92 | Rake $1.45 
Board [2s 2c 4h 8d 6s]
Seat 1: KO poker184 (button) collected ($27.47)
Seat 2: Espada Fish (small blind) folded before Flop
Seat 3: UnderC@t (big blind) folded on the River
Seat 4: Pippa83 folded before Flop (didn't bet)
Seat 5: gig.gyty folded before Flop (didn't bet)
Seat 6: timatim1986 folded on the Flop



PokerStars Hand #254530142570:  Hold'em No Limit ($0.50/$1.00 USD) - 2025/01/24 15:47:33 WET [2025/01/24 10:47:33 ET]
Table 'Verbiest IV' 6-max Seat #2 is the button
Seat 1: KO poker184 ($112.85 in chips) 
Seat 2: Espada Fish ($100 in chips) 
Seat 3: UnderC@t ($127.13 in chips) 
Seat 4: Pippa83 ($140.65 in chips) 
Seat 5: gig.gyty ($137.97 in chips) 
Seat 6: timatim1986 ($47.96 in chips) 
UnderC@t: posts small blind $0.50
Pippa83: posts big blind $1
*** HOLE CARDS ***
gig.gyty: folds 
timatim1986: folds 
KO poker184: folds 
Espada Fish: folds 
UnderC@t: raises $2 to $3
Pippa83: calls $2
*** FLOP *** [Ks 8s Ts]
UnderC@t: checks 
Pippa83: checks 
*** TURN *** [Ks 8s Ts] [2h]
UnderC@t: bets $7
Pippa83: folds 
Uncalled bet ($7) returned to UnderC@t
UnderC@t collected $5.70 from pot
UnderC@t: doesn't show hand 
*** SUMMARY ***
Total pot $6 | Rake $0.30 
Board [Ks 8s Ts 2h]
Seat 1: KO poker184 folded before Flop (didn't bet)
Seat 2: Espada Fish (button) folded before Flop (didn't bet)
Seat 3: UnderC@t (small blind) collected ($5.70)
Seat 4: Pippa83 (big blind) folded on the Turn
Seat 5: gig.gyty folded before Flop (didn't bet)
Seat 6: timatim1986 folded before Flop (didn't bet)



PokerStars Hand #254530151389:  Hold'em No Limit ($0.50/$1.00 USD) - 2025/01/24 15:48:13 WET [2025/01/24 10:48:13 ET]
Table 'Verbiest IV' 6-max Seat #3 is the button
Seat 1: KO poker184 ($112.85 in chips) 
Seat 2: Espada Fish ($100 in chips) 
Seat 3: UnderC@t ($129.83 in chips) 
Seat 4: Pippa83 ($137.65 in chips) 
Seat 5: gig.gyty ($137.97 in chips) 
Seat 6: timatim1986 ($47.96 in chips) 
Pippa83: posts small blind $0.50
gig.gyty: posts big blind $1
*** HOLE CARDS ***
timatim1986: raises $2 to $3
KO poker184: folds 
Espada Fish: folds 
UnderC@t: folds 
Pippa83: folds 
gig.gyty: calls $2
*** FLOP *** [6d Qh Ac]
gig.gyty: checks 
timatim1986: bets $6
gig.gyty: calls $6
*** TURN *** [6d Qh Ac] [Kc]
gig.gyty: checks 
timatim1986: bets $17
gig.gyty: raises $52 to $69
timatim1986: folds 
Uncalled bet ($52) returned to gig.gyty
gig.gyty collected $50 from pot
gig.gyty: doesn't show hand 
*** SUMMARY ***
Total pot $52.50 | Rake $2.50 
Board [6d Qh Ac Kc]
Seat 1: KO poker184 folded before Flop (didn't bet)
Seat 2: Espada Fish folded before Flop (didn't bet)
Seat 3: UnderC@t (button) folded before Flop (didn't bet)
Seat 4: Pippa83 (small blind) folded before Flop
Seat 5: gig.gyty (big blind) collected ($50)
Seat 6: timatim1986 folded on the Turn



PokerStars Hand #254530169808:  Hold'em No Limit ($0.50/$1.00 USD) - 2025/01/24 15:49:37 WET [2025/01/24 10:49:37 ET]
Table 'Verbiest IV' 6-max Seat #4 is the button
Seat 1: KO poker184 ($112.85 in chips) 
Seat 2: Espada Fish ($100 in chips) 
Seat 3: UnderC@t ($129.83 in chips) 
Seat 4: Pippa83 ($137.15 in chips) 
Seat 5: gig.gyty ($161.97 in chips) 
Seat 6: timatim1986 ($21.96 in chips) 
gig.gyty: posts small blind $0.50
timatim1986: posts big blind $1
*** HOLE CARDS ***
KO poker184: folds 
Espada Fish: folds 
UnderC@t: raises $1.50 to $2.50
Pippa83: folds 
gig.gyty: folds 
timatim1986: folds 
Uncalled bet ($1.50) returned to UnderC@t
UnderC@t collected $2.50 from pot
UnderC@t: doesn't show hand 
*** SUMMARY ***
Total pot $2.50 | Rake $0 
Seat 1: KO poker184 folded before Flop (didn't bet)
Seat 2: Espada Fish folded before Flop (didn't bet)
Seat 3: UnderC@t collected ($2.50)
Seat 4: Pippa83 (button) folded before Flop (didn't bet)
Seat 5: gig.gyty (small blind) folded before Flop
Seat 6: timatim1986 (big blind) folded before Flop



PokerStars Hand #254530173327:  Hold'em No Limit ($0.50/$1.00 USD) - 2025/01/24 15:49:53 WET [2025/01/24 10:49:53 ET]
Table 'Verbiest IV' 6-max Seat #5 is the button
Seat 1: KO poker184 ($112.85 in chips) 
Seat 2: Espada Fish ($100 in chips) 
Seat 3: UnderC@t ($131.33 in chips) 
Seat 4: Pippa83 ($137.15 in chips) 
Seat 5: gig.gyty ($161.47 in chips) 
Seat 6: timatim1986 ($20.96 in chips) 
timatim1986: posts small blind $0.50
KO poker184: posts big blind $1
*** HOLE CARDS ***
Espada Fish: folds 
UnderC@t: folds 
Pippa83: folds 
gig.gyty: folds 
timatim1986: folds 
Uncalled bet ($0.50) returned to KO poker184
KO poker184 collected $1 from pot
KO poker184: doesn't show hand 
*** SUMMARY ***
Total pot $1 | Rake $0 
Seat 1: KO poker184 (big blind) collected ($1)
Seat 2: Espada Fish folded before Flop (didn't bet)
Seat 3: UnderC@t folded before Flop (didn't bet)
Seat 4: Pippa83 folded before Flop (didn't bet)
Seat 5: gig.gyty (button) folded before Flop (didn't bet)
Seat 6: timatim1986 (small blind) folded before Flop



PokerStars Hand #254530176479:  Hold'em No Limit ($0.50/$1.00 USD) - 2025/01/24 15:50:07 WET [2025/01/24 10:50:07 ET]
Table 'Verbiest IV' 6-max Seat #6 is the button
Seat 1: KO poker184 ($113.35 in chips) 
Seat 2: Espada Fish ($100 in chips) 
Seat 3: UnderC@t ($131.33 in chips) 
Seat 4: Pippa83 ($137.15 in chips) 
Seat 5: gig.gyty ($161.47 in chips) 
Seat 6: timatim1986 ($20.46 in chips) 
KO poker184: posts small blind $0.50
Espada Fish: posts big blind $1
*** HOLE CARDS ***
UnderC@t: folds 
Pippa83: raises $1.20 to $2.20
gig.gyty: folds 
timatim1986: calls $2.20
KO poker184: calls $1.70
Espada Fish: calls $1.20
*** FLOP *** [Ad 8s Ts]
KO poker184: checks 
Espada Fish: checks 
Pippa83: bets $2.76
timatim1986: folds 
KO poker184: folds 
Espada Fish: calls $2.76
*** TURN *** [Ad 8s Ts] [9s]
Espada Fish: checks 
Pippa83: checks 
*** RIVER *** [Ad 8s Ts 9s] [Qs]
Espada Fish: checks 
Pippa83: checks 
*** SHOW DOWN ***
Espada Fish: shows [7c Ac] (a pair of Aces)
Pippa83: shows [Ah Qh] (two pair, Aces and Queens)
Pippa83 collected $13.60 from pot
*** SUMMARY ***
Total pot $14.32 | Rake $0.72 
Board [Ad 8s Ts 9s Qs]
Seat 1: KO poker184 (small blind) folded on the Flop
Seat 2: Espada Fish (big blind) showed [7c Ac] and lost with a pair of Aces
Seat 3: UnderC@t folded before Flop (didn't bet)
Seat 4: Pippa83 showed [Ah Qh] and won ($13.60) with two pair, Aces and Queens
Seat 5: gig.gyty folded before Flop (didn't bet)
Seat 6: timatim1986 (button) folded on the Flop



PokerStars Hand #254530195871:  Hold'em No Limit ($0.50/$1.00 USD) - 2025/01/24 15:51:35 WET [2025/01/24 10:51:35 ET]
Table 'Verbiest IV' 6-max Seat #1 is the button
Seat 1: KO poker184 ($111.15 in chips) 
Seat 2: Espada Fish ($100 in chips) 
Seat 3: UnderC@t ($131.33 in chips) 
Seat 4: Pippa83 ($145.79 in chips) 
Seat 5: gig.gyty ($161.47 in chips) 
Seat 6: timatim1986 ($18.26 in chips) 
Espada Fish: posts small blind $0.50
UnderC@t: posts big blind $1
*** HOLE CARDS ***
Pippa83: folds 
gig.gyty: folds 
timatim1986: raises $2 to $3
KO poker184: folds 
Espada Fish: folds 
UnderC@t: folds 
Uncalled bet ($2) returned to timatim1986
timatim1986 collected $2.50 from pot
*** SUMMARY ***
Total pot $2.50 | Rake $0 
Seat 1: KO poker184 (button) folded before Flop (didn't bet)
Seat 2: Espada Fish (small blind) folded before Flop
Seat 3: UnderC@t (big blind) folded before Flop
Seat 4: Pippa83 folded before Flop (didn't bet)
Seat 5: gig.gyty folded before Flop (didn't bet)
Seat 6: timatim1986 collected ($2.50)



PokerStars Hand #254530200038:  Hold'em No Limit ($0.50/$1.00 USD) - 2025/01/24 15:51:54 WET [2025/01/24 10:51:54 ET]
Table 'Verbiest IV' 6-max Seat #2 is the button
Seat 1: KO poker184 ($111.15 in chips) 
Seat 2: Espada Fish ($100 in chips) 
Seat 3: UnderC@t ($130.33 in chips) 
Seat 4: Pippa83 ($145.79 in chips) 
Seat 5: gig.gyty ($161.47 in chips) 
Seat 6: timatim1986 ($19.76 in chips) 
UnderC@t: posts small blind $0.50
Pippa83: posts big blind $1
*** HOLE CARDS ***
gig.gyty: raises $1.25 to $2.25
timatim1986: calls $2.25
KO poker184: folds 
Espada Fish: folds 
UnderC@t: folds 
Pippa83: folds 
*** FLOP *** [9h 4c Qs]
gig.gyty: checks 
timatim1986: bets $5
gig.gyty: raises $154.22 to $159.22 and is all-in
timatim1986: calls $12.51 and is all-in
Uncalled bet ($141.71) returned to gig.gyty
*** TURN *** [9h 4c Qs] [6c]
*** RIVER *** [9h 4c Qs 6c] [Qc]
*** SHOW DOWN ***
gig.gyty: shows [Td Jd] (a pair of Queens)
timatim1986: shows [Qd 7d] (three of a kind, Queens)
timatim1986 collected $38.97 from pot
*** SUMMARY ***
Total pot $41.02 | Rake $2.05 
Board [9h 4c Qs 6c Qc]
Seat 1: KO poker184 folded before Flop (didn't bet)
Seat 2: Espada Fish (button) folded before Flop (didn't bet)
Seat 3: UnderC@t (small blind) folded before Flop
Seat 4: Pippa83 (big blind) folded before Flop
Seat 5: gig.gyty showed [Td Jd] and lost with a pair of Queens
Seat 6: timatim1986 showed [Qd 7d] and won ($38.97) with three of a kind, Queens



PokerStars Hand #254530264494:  Hold'em No Limit ($0.50/$1.00 USD) - 2025/01/24 15:57:14 WET [2025/01/24 10:57:14 ET]
Table 'Verbiest IV' 6-max Seat #3 is the button
Seat 2: nastja336 ($100 in chips) is sitting out
Seat 1: KO poker184 ($105.39 in chips) 
Seat 3: UnderC@t ($126.83 in chips) 
Seat 4: Pippa83 ($183.38 in chips) 
Seat 5: coya1904 ($100 in chips) 
Seat 6: coeeeelho ($105 in chips) 
Pippa83: posts small blind $0.50
coya1904: posts big blind $1
nastja336: sits out 
*** HOLE CARDS ***
coeeeelho: raises $1.20 to $2.20
KO poker184: folds 
UnderC@t: calls $2.20
Pippa83: raises $11.80 to $14
coya1904: folds 
coeeeelho: raises $14 to $28
UnderC@t: folds 
Pippa83: raises $155.38 to $183.38 and is all-in
coeeeelho: folds 
Uncalled bet ($155.38) returned to Pippa83
Pippa83 collected $59.20 from pot
Pippa83: doesn't show hand 
*** SUMMARY ***
Total pot $59.20 | Rake $0 
Seat 2: nastja336
Seat 1: KO poker184 folded before Flop (didn't bet)
Seat 3: UnderC@t (button) folded before Flop
Seat 4: Pippa83 (small blind) collected ($59.20)
Seat 5: coya1904 (big blind) folded before Flop
Seat 6: coeeeelho folded before Flop



PokerStars Hand #254530271695:  Hold'em No Limit ($0.50/$1.00 USD) - 2025/01/24 15:57:56 WET [2025/01/24 10:57:56 ET]
Table 'Verbiest IV' 6-max Seat #4 is the button
Seat 2: nastja336 ($100 in chips) is sitting out
Seat 1: KO poker184 ($105.39 in chips) 
Seat 3: UnderC@t ($124.63 in chips) 
Seat 4: Pippa83 ($214.58 in chips) 
Seat 5: coya1904 ($99 in chips) 
Seat 6: coeeeelho ($100 in chips) 
coya1904: posts small blind $0.50
coeeeelho: posts big blind $1
nastja336: sits out 
*** HOLE CARDS ***
KO poker184: folds 
UnderC@t: raises $1.50 to $2.50
Pippa83: folds 
coya1904: raises $96.50 to $99 and is all-in
coeeeelho: folds 
UnderC@t: folds 
Uncalled bet ($96.50) returned to coya1904
coya1904 collected $6 from pot
*** SUMMARY ***
Total pot $6 | Rake $0 
Seat 2: nastja336
Seat 1: KO poker184 folded before Flop (didn't bet)
Seat 3: UnderC@t folded before Flop
Seat 4: Pippa83 (button) folded before Flop (didn't bet)
Seat 5: coya1904 (small blind) collected ($6)
Seat 6: coeeeelho (big blind) folded before Flop



PokerStars Hand #254530274968:  Hold'em No Limit ($0.50/$1.00 USD) - 2025/01/24 15:58:15 WET [2025/01/24 10:58:15 ET]
Table 'Verbiest IV' 6-max Seat #5 is the button
Seat 2: nastja336 ($100 in chips) is sitting out
Seat 1: KO poker184 ($105.39 in chips) 
Seat 3: UnderC@t ($122.13 in chips) 
Seat 4: Pippa83 ($214.58 in chips) 
Seat 5: coya1904 ($102.50 in chips) 
Seat 6: coeeeelho ($100 in chips) 
coeeeelho: posts small blind $0.50
KO poker184: posts big blind $1
nastja336: sits out 
*** HOLE CARDS ***
UnderC@t: folds 
Pippa83: raises $1.50 to $2.50
coya1904: raises $6.50 to $9
coeeeelho: folds 
KO poker184: folds 
Pippa83: folds 
Uncalled bet ($6.50) returned to coya1904
coya1904 collected $6.50 from pot
*** SUMMARY ***
Total pot $6.50 | Rake $0 
Seat 2: nastja336
Seat 1: KO poker184 (big blind) folded before Flop
Seat 3: UnderC@t folded before Flop (didn't bet)
Seat 4: Pippa83 folded before Flop
Seat 5: coya1904 (button) collected ($6.50)
Seat 6: coeeeelho (small blind) folded before Flop



PokerStars Hand #254530278416:  Hold'em No Limit ($0.50/$1.00 USD) - 2025/01/24 15:58:36 WET [2025/01/24 10:58:36 ET]
Table 'Verbiest IV' 6-max Seat #6 is the button
Seat 1: KO poker184 ($104.39 in chips) 
Seat 2: nastja336 ($100 in chips) 
Seat 3: UnderC@t ($122.13 in chips) 
Seat 4: Pippa83 ($212.08 in chips) 
Seat 5: coya1904 ($106.50 in chips) 
Seat 6: coeeeelho ($100 in chips) 
KO poker184: posts small blind $0.50
nastja336: posts big blind $1
*** HOLE CARDS ***
UnderC@t: folds 
Pippa83: folds 
coya1904: folds 
coeeeelho: folds 
KO poker184: folds 
Uncalled bet ($0.50) returned to nastja336
nastja336 collected $1 from pot
nastja336: doesn't show hand 
*** SUMMARY ***
Total pot $1 | Rake $0 
Seat 1: KO poker184 (small blind) folded before Flop
Seat 2: nastja336 (big blind) collected ($1)
Seat 3: UnderC@t folded before Flop (didn't bet)
Seat 4: Pippa83 folded before Flop (didn't bet)
Seat 5: coya1904 folded before Flop (didn't bet)
Seat 6: coeeeelho (button) folded before Flop (didn't bet)



PokerStars Hand #254530279965:  Hold'em No Limit ($0.50/$1.00 USD) - 2025/01/24 15:58:45 WET [2025/01/24 10:58:45 ET]
Table 'Verbiest IV' 6-max Seat #1 is the button
Seat 1: KO poker184 ($103.89 in chips) 
Seat 2: nastja336 ($100.50 in chips) 
Seat 3: UnderC@t ($122.13 in chips) 
Seat 4: Pippa83 ($212.08 in chips) 
Seat 5: coya1904 ($106.50 in chips) 
Seat 6: coeeeelho ($100 in chips) 
nastja336: posts small blind $0.50
UnderC@t: posts big blind $1
*** HOLE CARDS ***
Pippa83: folds 
coya1904: calls $1
coeeeelho: folds 
KO poker184: folds 
nastja336: folds 
UnderC@t: checks 
*** FLOP *** [6c 4d 9h]
UnderC@t: checks 
coya1904: checks 
*** TURN *** [6c 4d 9h] [8c]
UnderC@t: checks 
coya1904: checks 
*** RIVER *** [6c 4d 9h 8c] [Qh]
UnderC@t: bets $4
coya1904: folds 
Uncalled bet ($4) returned to UnderC@t
UnderC@t collected $2.38 from pot
UnderC@t: doesn't show hand 
*** SUMMARY ***
Total pot $2.50 | Rake $0.12 
Board [6c 4d 9h 8c Qh]
Seat 1: KO poker184 (button) folded before Flop (didn't bet)
Seat 2: nastja336 (small blind) folded before Flop
Seat 3: UnderC@t (big blind) collected ($2.38)
Seat 4: Pippa83 folded before Flop (didn't bet)
Seat 5: coya1904 folded on the River
Seat 6: coeeeelho folded before Flop (didn't bet)



PokerStars Hand #254530284226:  Hold'em No Limit ($0.50/$1.00 USD) - 2025/01/24 15:59:10 WET [2025/01/24 10:59:10 ET]
Table 'Verbiest IV' 6-max Seat #2 is the button
Seat 1: KO poker184 ($103.89 in chips) 
Seat 2: nastja336 ($100 in chips) 
Seat 3: UnderC@t ($123.51 in chips) 
Seat 4: Pippa83 ($212.08 in chips) 
Seat 5: coya1904 ($105.50 in chips) 
Seat 6: coeeeelho ($100 in chips) 
UnderC@t: posts small blind $0.50
Pippa83: posts big blind $1
*** HOLE CARDS ***
coya1904: raises $2.50 to $3.50
coeeeelho: folds 
KO poker184: folds 
nastja336: folds 
UnderC@t: folds 
Pippa83: folds 
Uncalled bet ($2.50) returned to coya1904
coya1904 collected $2.50 from pot
*** SUMMARY ***
Total pot $2.50 | Rake $0 
Seat 1: KO poker184 folded before Flop (didn't bet)
Seat 2: nastja336 (button) folded before Flop (didn't bet)
Seat 3: UnderC@t (small blind) folded before Flop
Seat 4: Pippa83 (big blind) folded before Flop
Seat 5: coya1904 collected ($2.50)
Seat 6: coeeeelho folded before Flop (didn't bet)



PokerStars Hand #254530287361:  Hold'em No Limit ($0.50/$1.00 USD) - 2025/01/24 15:59:29 WET [2025/01/24 10:59:29 ET]
Table 'Verbiest IV' 6-max Seat #3 is the button
Seat 1: KO poker184 ($103.89 in chips) 
Seat 2: nastja336 ($100 in chips) 
Seat 3: UnderC@t ($123.01 in chips) 
Seat 4: Pippa83 ($211.08 in chips) 
Seat 5: coya1904 ($107 in chips) 
Seat 6: coeeeelho ($100 in chips) 
Pippa83: posts small blind $0.50
coya1904: posts big blind $1
*** HOLE CARDS ***
coeeeelho: folds 
KO poker184: raises $1.50 to $2.50
nastja336: raises $5 to $7.50
UnderC@t: folds 
Pippa83: folds 
coya1904: folds 
KO poker184: calls $5
*** FLOP *** [8d 3s 6s]
KO poker184: checks 
nastja336: checks 
*** TURN *** [8d 3s 6s] [6c]
KO poker184: checks 
nastja336: checks 
*** RIVER *** [8d 3s 6s 6c] [Qs]
KO poker184: checks 
nastja336: bets $7.84
KO poker184: folds 
Uncalled bet ($7.84) returned to nastja336
nastja336 collected $15.68 from pot
nastja336: doesn't show hand 
*** SUMMARY ***
Total pot $16.50 | Rake $0.82 
Board [8d 3s 6s 6c Qs]
Seat 1: KO poker184 folded on the River
Seat 2: nastja336 collected ($15.68)
Seat 3: UnderC@t (button) folded before Flop (didn't bet)
Seat 4: Pippa83 (small blind) folded before Flop
Seat 5: coya1904 (big blind) folded before Flop
Seat 6: coeeeelho folded before Flop (didn't bet)



PokerStars Hand #254530295375:  Hold'em No Limit ($0.50/$1.00 USD) - 2025/01/24 16:00:17 WET [2025/01/24 11:00:17 ET]
Table 'Verbiest IV' 6-max Seat #4 is the button
Seat 1: KO poker184 ($96.39 in chips) 
Seat 2: nastja336 ($108.18 in chips) 
Seat 3: UnderC@t ($123.01 in chips) 
Seat 4: Pippa83 ($210.58 in chips) 
Seat 5: coya1904 ($106 in chips) 
Seat 6: coeeeelho ($100 in chips) 
coya1904: posts small blind $0.50
coeeeelho: posts big blind $1
*** HOLE CARDS ***
KO poker184 has timed out
KO poker184: folds 
nastja336: raises $1.50 to $2.50
UnderC@t: folds 
Pippa83: folds 
coya1904: raises $6 to $8.50
coeeeelho: folds 
nastja336: calls $6
*** FLOP *** [4c 6h Kc]
coya1904: bets $8.55
nastja336: calls $8.55
*** TURN *** [4c 6h Kc] [2s]
coya1904: bets $33.34
nastja336: calls $33.34
*** RIVER *** [4c 6h Kc 2s] [As]
KO poker184 leaves the table
coya1904: bets $55.61 and is all-in
nastja336: calls $55.61
*** SHOW DOWN ***
coya1904: shows [4s 5s] (a pair of Fours)
nastja336: shows [Ac 8c] (a pair of Aces)
nastja336 collected $210.50 from pot
*** SUMMARY ***
Total pot $213 | Rake $2.50 
Board [4c 6h Kc 2s As]
Seat 1: KO poker184 folded before Flop (didn't bet)
Seat 2: nastja336 showed [Ac 8c] and won ($210.50) with a pair of Aces
Seat 3: UnderC@t folded before Flop (didn't bet)
Seat 4: Pippa83 (button) folded before Flop (didn't bet)
Seat 5: coya1904 (small blind) showed [4s 5s] and lost with a pair of Fours
Seat 6: coeeeelho (big blind) folded before Flop



PokerStars Hand #254530307929:  Hold'em No Limit ($0.50/$1.00 USD) - 2025/01/24 16:01:22 WET [2025/01/24 11:01:22 ET]
Table 'Verbiest IV' 6-max Seat #6 is the button
Seat 5: coya1904 ($0 in chips) is sitting out
Seat 2: nastja336 ($212.68 in chips) 
Seat 3: UnderC@t ($123.01 in chips) 
Seat 4: Pippa83 ($210.58 in chips) 
Seat 6: coeeeelho ($100 in chips) 
nastja336: posts small blind $0.50
UnderC@t: posts big blind $1
*** HOLE CARDS ***
Pippa83: folds 
coya1904 is disconnected 
coeeeelho: raises $1.50 to $2.50
nastja336: folds 
UnderC@t: folds 
Uncalled bet ($1.50) returned to coeeeelho
coeeeelho collected $2.50 from pot
RAidakCo joins the table at seat #1 
*** SUMMARY ***
Total pot $2.50 | Rake $0 
Seat 5: coya1904
Seat 2: nastja336 (small blind) folded before Flop
Seat 3: UnderC@t (big blind) folded before Flop
Seat 4: Pippa83 folded before Flop (didn't bet)
Seat 6: coeeeelho (button) collected ($2.50)



PokerStars Hand #254530311069:  Hold'em No Limit ($0.50/$1.00 USD) - 2025/01/24 16:01:36 WET [2025/01/24 11:01:36 ET]
Table 'Verbiest IV' 6-max Seat #2 is the button
Seat 1: RAidakCo ($100 in chips) is sitting out
Seat 5: coya1904 ($0 in chips) is sitting out
Seat 2: nastja336 ($212.18 in chips) 
Seat 3: UnderC@t ($122.01 in chips) 
Seat 4: Pippa83 ($210.58 in chips) 
Seat 6: coeeeelho ($101.50 in chips) 
UnderC@t: posts small blind $0.50
Pippa83: posts big blind $1
RAidakCo: sits out 
*** HOLE CARDS ***
coeeeelho: raises $1.30 to $2.30
nastja336: raises $5.20 to $7.50
UnderC@t: folds 
Pippa83: folds 
coeeeelho: raises $12.50 to $20
nastja336: raises $192.18 to $212.18 and is all-in
coeeeelho: calls $81.50 and is all-in
Uncalled bet ($110.68) returned to nastja336
*** FLOP *** [4d 8c 8s]
*** TURN *** [4d 8c 8s] [9d]
*** RIVER *** [4d 8c 8s 9d] [3c]
*** SHOW DOWN ***
coeeeelho: shows [Kh Ks] (two pair, Kings and Eights)
nastja336: shows [Kc Ac] (a pair of Eights)
coeeeelho collected $203.50 from pot
*** SUMMARY ***
Total pot $204.50 | Rake $1 
Board [4d 8c 8s 9d 3c]
Seat 1: RAidakCo
Seat 5: coya1904
Seat 2: nastja336 (button) showed [Kc Ac] and lost with a pair of Eights
Seat 3: UnderC@t (small blind) folded before Flop
Seat 4: Pippa83 (big blind) folded before Flop
Seat 6: coeeeelho showed [Kh Ks] and won ($203.50) with two pair, Kings and Eights



PokerStars Hand #254530320878:  Hold'em No Limit ($0.50/$1.00 USD) - 2025/01/24 16:02:23 WET [2025/01/24 11:02:23 ET]
Table 'Verbiest IV' 6-max Seat #3 is the button
Seat 1: RAidakCo ($100 in chips) is sitting out
Seat 5: coya1904 ($0 in chips) is sitting out
Seat 2: nastja336 ($110.68 in chips) 
Seat 3: UnderC@t ($121.51 in chips) 
Seat 4: Pippa83 ($209.58 in chips) 
Seat 6: coeeeelho ($203.50 in chips) 
Pippa83: posts small blind $0.50
coeeeelho: posts big blind $1
RAidakCo: sits out 
*** HOLE CARDS ***
nastja336: folds 
UnderC@t: folds 
Pippa83: folds 
Uncalled bet ($0.50) returned to coeeeelho
coeeeelho collected $1 from pot
*** SUMMARY ***
Total pot $1 | Rake $0 
Seat 1: RAidakCo
Seat 5: coya1904
Seat 2: nastja336 folded before Flop (didn't bet)
Seat 3: UnderC@t (button) folded before Flop (didn't bet)
Seat 4: Pippa83 (small blind) folded before Flop
Seat 6: coeeeelho (big blind) collected ($1)



PokerStars Hand #254530324514:  Hold'em No Limit ($0.50/$1.00 USD) - 2025/01/24 16:02:39 WET [2025/01/24 11:02:39 ET]
Table 'Verbiest IV' 6-max Seat #4 is the button
Seat 5: coya1904 ($0 in chips) is sitting out
Seat 1: RAidakCo ($100 in chips) 
Seat 2: nastja336 ($110.68 in chips) 
Seat 3: UnderC@t ($121.51 in chips) 
Seat 4: Pippa83 ($209.08 in chips) 
Seat 6: coeeeelho ($204 in chips) 
coeeeelho: posts small blind $0.50
RAidakCo: posts big blind $1
*** HOLE CARDS ***
nastja336: raises $1.50 to $2.50
coya1904 leaves the table
UnderC@t: folds 
Pippa83: folds 
coeeeelho: folds 
RAidakCo: folds 
Uncalled bet ($1.50) returned to nastja336
nastja336 collected $2.50 from pot
nastja336: doesn't show hand 
*** SUMMARY ***
Total pot $2.50 | Rake $0 
Seat 5: coya1904
Seat 1: RAidakCo (big blind) folded before Flop
Seat 2: nastja336 collected ($2.50)
Seat 3: UnderC@t folded before Flop (didn't bet)
Seat 4: Pippa83 (button) folded before Flop (didn't bet)
Seat 6: coeeeelho (small blind) folded before Flop



PokerStars Hand #254530332206:  Hold'em No Limit ($0.50/$1.00 USD) - 2025/01/24 16:03:15 WET [2025/01/24 11:03:15 ET]
Table 'Verbiest IV' 6-max Seat #6 is the button
Seat 1: RAidakCo ($100 in chips) 
Seat 2: nastja336 ($112.18 in chips) 
Seat 3: UnderC@t ($121.51 in chips) 
Seat 4: Pippa83 ($209.08 in chips) 
Seat 6: coeeeelho ($203.50 in chips) 
RAidakCo: posts small blind $0.50
nastja336: posts big blind $1
*** HOLE CARDS ***
UnderC@t: folds 
Pippa83: folds 
coeeeelho: folds 
RAidakCo: folds 
Uncalled bet ($0.50) returned to nastja336
nastja336 collected $1 from pot
nastja336: doesn't show hand 
*** SUMMARY ***
Total pot $1 | Rake $0 
Seat 1: RAidakCo (small blind) folded before Flop
Seat 2: nastja336 (big blind) collected ($1)
Seat 3: UnderC@t folded before Flop (didn't bet)
Seat 4: Pippa83 folded before Flop (didn't bet)
Seat 6: coeeeelho (button) folded before Flop (didn't bet)



PokerStars Hand #254530334603:  Hold'em No Limit ($0.50/$1.00 USD) - 2025/01/24 16:03:25 WET [2025/01/24 11:03:25 ET]
Table 'Verbiest IV' 6-max Seat #1 is the button
Seat 1: RAidakCo ($100 in chips) 
Seat 2: nastja336 ($112.68 in chips) 
Seat 3: UnderC@t ($121.51 in chips) 
Seat 4: Pippa83 ($209.08 in chips) 
Seat 6: coeeeelho ($203.50 in chips) 
nastja336: posts small blind $0.50
UnderC@t: posts big blind $1
*** HOLE CARDS ***
Pippa83: folds 
coeeeelho: raises $1.20 to $2.20
RAidakCo: folds 
Pippa83 leaves the table
nastja336: folds 
UnderC@t: calls $1.20
*** FLOP *** [2s 2d Tc]
UnderC@t: checks 
coeeeelho: bets $1.17
UnderC@t: calls $1.17
*** TURN *** [2s 2d Tc] [7d]
UnderC@t: checks 
coeeeelho: bets $10.32
UnderC@t: folds 
Uncalled bet ($10.32) returned to coeeeelho
coeeeelho collected $6.88 from pot
*** SUMMARY ***
Total pot $7.24 | Rake $0.36 
Board [2s 2d Tc 7d]
Seat 1: RAidakCo (button) folded before Flop (didn't bet)
Seat 2: nastja336 (small blind) folded before Flop
Seat 3: UnderC@t (big blind) folded on the Turn
Seat 4: Pippa83 folded before Flop (didn't bet)
Seat 6: coeeeelho collected ($6.88)



PokerStars Hand #254530344700:  Hold'em No Limit ($0.50/$1.00 USD) - 2025/01/24 16:04:11 WET [2025/01/24 11:04:11 ET]
Table 'Verbiest IV' 6-max Seat #2 is the button
Seat 1: RAidakCo ($100 in chips) 
Seat 2: nastja336 ($112.18 in chips) 
Seat 3: UnderC@t ($118.14 in chips) 
Seat 6: coeeeelho ($207.01 in chips) 
UnderC@t: posts small blind $0.50
coeeeelho: posts big blind $1
*** HOLE CARDS ***
RAidakCo: folds 
nastja336: folds 
nastja336 leaves the table
UnderC@t: folds 
Uncalled bet ($0.50) returned to coeeeelho
coeeeelho collected $1 from pot
*** SUMMARY ***
Total pot $1 | Rake $0 
Seat 1: RAidakCo folded before Flop (didn't bet)
Seat 2: nastja336 (button) folded before Flop (didn't bet)
Seat 3: UnderC@t (small blind) folded before Flop
Seat 6: coeeeelho (big blind) collected ($1)



PokerStars Hand #254530346738:  Hold'em No Limit ($0.50/$1.00 USD) - 2025/01/24 16:04:20 WET [2025/01/24 11:04:20 ET]
Table 'Verbiest IV' 6-max Seat #3 is the button
Seat 1: RAidakCo ($100 in chips) 
Seat 3: UnderC@t ($117.64 in chips) 
Seat 6: coeeeelho ($207.51 in chips) 
coeeeelho: posts small blind $0.50
RAidakCo: posts big blind $1
*** HOLE CARDS ***
UnderC@t: raises $1.50 to $2.50
coeeeelho: raises $8.72 to $11.22
RAidakCo: folds 
UnderC@t: folds 
Uncalled bet ($8.72) returned to coeeeelho
coeeeelho collected $6 from pot
*** SUMMARY ***
Total pot $6 | Rake $0 
Seat 1: RAidakCo (big blind) folded before Flop
Seat 3: UnderC@t (button) folded before Flop
Seat 6: coeeeelho (small blind) collected ($6)



PokerStars Hand #254530353491:  Hold'em No Limit ($0.50/$1.00 USD) - 2025/01/24 16:04:51 WET [2025/01/24 11:04:51 ET]
Table 'Verbiest IV' 6-max Seat #6 is the button
Seat 1: RAidakCo ($100 in chips) 
Seat 3: UnderC@t ($115.14 in chips) 
Seat 6: coeeeelho ($211.01 in chips) 
RAidakCo: posts small blind $0.50
UnderC@t: posts big blind $1
*** HOLE CARDS ***
coeeeelho: folds 
RAidakCo: folds 
Uncalled bet ($0.50) returned to UnderC@t
UnderC@t collected $1 from pot
UnderC@t: doesn't show hand 
*** SUMMARY ***
Total pot $1 | Rake $0 
Seat 1: RAidakCo (small blind) folded before Flop
Seat 3: UnderC@t (big blind) collected ($1)
Seat 6: coeeeelho (button) folded before Flop (didn't bet)



PokerStars Hand #254530356687:  Hold'em No Limit ($0.50/$1.00 USD) - 2025/01/24 16:05:05 WET [2025/01/24 11:05:05 ET]
Table 'Verbiest IV' 6-max Seat #3 is the button
Seat 6: coeeeelho ($211.01 in chips) is sitting out
Seat 1: RAidakCo ($100 in chips) 
Seat 3: UnderC@t ($115.64 in chips) 
UnderC@t: posts small blind $0.50
coeeeelho: is sitting out 
RAidakCo: posts big blind $1
*** HOLE CARDS ***
UnderC@t: folds 
Uncalled bet ($0.50) returned to RAidakCo
RAidakCo collected $1 from pot
coeeeelho leaves the table
RAidakCo: doesn't show hand 
*** SUMMARY ***
Total pot $1 | Rake $0 
Seat 6: coeeeelho
Seat 1: RAidakCo (big blind) collected ($1)
Seat 3: UnderC@t (button) (small blind) folded before Flop



PokerStars Hand #254530358118:  Hold'em No Limit ($0.50/$1.00 USD) - 2025/01/24 16:05:12 WET [2025/01/24 11:05:12 ET]
Table 'Verbiest IV' 6-max Seat #1 is the button
Seat 1: RAidakCo ($100.50 in chips) 
Seat 3: UnderC@t ($115.14 in chips) 
RAidakCo: posts small blind $0.50
UnderC@t: posts big blind $1
*** HOLE CARDS ***
RAidakCo: folds 
Uncalled bet ($0.50) returned to UnderC@t
UnderC@t collected $1 from pot
UnderC@t: doesn't show hand 
*** SUMMARY ***
Total pot $1 | Rake $0 
Seat 1: RAidakCo (button) (small blind) folded before Flop
Seat 3: UnderC@t (big blind) collected ($1)



PokerStars Hand #254530359355:  Hold'em No Limit ($0.50/$1.00 USD) - 2025/01/24 16:05:17 WET [2025/01/24 11:05:17 ET]
Table 'Verbiest IV' 6-max Seat #3 is the button
Seat 1: RAidakCo ($100 in chips) 
Seat 3: UnderC@t ($115.64 in chips) 
UnderC@t: posts small blind $0.50
RAidakCo: posts big blind $1
*** HOLE CARDS ***
UnderC@t: folds 
Uncalled bet ($0.50) returned to RAidakCo
RAidakCo collected $1 from pot
RAidakCo: doesn't show hand 
*** SUMMARY ***
Total pot $1 | Rake $0 
Seat 1: RAidakCo (big blind) collected ($1)
Seat 3: UnderC@t (button) (small blind) folded before Flop



PokerStars Hand #254530360574:  Hold'em No Limit ($0.50/$1.00 USD) - 2025/01/24 16:05:23 WET [2025/01/24 11:05:23 ET]
Table 'Verbiest IV' 6-max Seat #1 is the button
Seat 1: RAidakCo ($100.50 in chips) 
Seat 3: UnderC@t ($115.14 in chips) 
RAidakCo: posts small blind $0.50
UnderC@t: posts big blind $1
*** HOLE CARDS ***
RAidakCo: raises $1.50 to $2.50
UnderC@t: raises $9.50 to $12
RAidakCo: folds 
Uncalled bet ($9.50) returned to UnderC@t
UnderC@t collected $5 from pot
UnderC@t: doesn't show hand 
*** SUMMARY ***
Total pot $5 | Rake $0 
Seat 1: RAidakCo (button) (small blind) folded before Flop
Seat 3: UnderC@t (big blind) collected ($5)



PokerStars Hand #254530363271:  Hold'em No Limit ($0.50/$1.00 USD) - 2025/01/24 16:05:35 WET [2025/01/24 11:05:35 ET]
Table 'Verbiest IV' 6-max Seat #3 is the button
Seat 1: RAidakCo ($100 in chips) 
Seat 3: UnderC@t ($117.64 in chips) 
UnderC@t: posts small blind $0.50
RAidakCo: posts big blind $1
*** HOLE CARDS ***
UnderC@t: raises $1.50 to $2.50
RAidakCo: raises $7.50 to $10
UnderC@t: raises $14 to $24
RAidakCo: calls $14
*** FLOP *** [Qd Ac Ah]
RAidakCo: checks 
UnderC@t: bets $7
RAidakCo: raises $20.13 to $27.13
UnderC@t: folds 
Uncalled bet ($20.13) returned to RAidakCo
RAidakCo collected $61 from pot
RAidakCo: doesn't show hand 
*** SUMMARY ***
Total pot $62 | Rake $1 
Board [Qd Ac Ah]
Seat 1: RAidakCo (big blind) collected ($61)
Seat 3: UnderC@t (button) (small blind) folded on the Flop



