PokerStars Hand #254531663463:  Hold'em No Limit ($0.50/$1.00 USD) - 2025/01/24 17:37:29 WET [2025/01/24 12:37:29 ET]
Table 'Atami IV' 6-max Seat #1 is the button
Seat 1: bugi15 ($100 in chips) 
Seat 2: worker0k ($100 in chips) 
Seat 3: EvilReality ($100 in chips) 
Seat 4: AIien Hand ($100 in chips) 
Seat 5: KarP93 ($100 in chips) 
worker0k: posts small blind $0.50
EvilReality: posts big blind $1
*** HOLE CARDS ***
AIien Hand: folds 
KarP93: raises $1.50 to $2.50
kzoide joins the table at seat #6 
bugi15: calls $2.50
worker0k: folds 
EvilReality: folds 
*** FLOP *** [4d Jh 3c]
KarP93: bets $2.04
bugi15: calls $2.04
*** TURN *** [4d Jh 3c] [7d]
KarP93: checks 
bugi15: bets $3.22
KarP93: folds 
Uncalled bet ($3.22) returned to bugi15
bugi15 collected $10.05 from pot
bugi15: doesn't show hand 
*** SUMMARY ***
Total pot $10.58 | Rake $0.53 
Board [4d Jh 3c 7d]
Seat 1: bugi15 (button) collected ($10.05)
Seat 2: worker0k (small blind) folded before Flop
Seat 3: EvilReality (big blind) folded before Flop
Seat 4: AIien Hand folded before Flop (didn't bet)
Seat 5: KarP93 folded on the Turn



PokerStars Hand #254531681143:  Hold'em No Limit ($0.50/$1.00 USD) - 2025/01/24 17:38:38 WET [2025/01/24 12:38:38 ET]
Table 'Atami IV' 6-max Seat #2 is the button
Seat 6: kzoide ($100 in chips) is sitting out
Seat 1: bugi15 ($105.51 in chips) 
Seat 2: worker0k ($100 in chips) 
Seat 3: EvilReality ($100 in chips) 
Seat 4: AIien Hand ($100 in chips) 
Seat 5: KarP93 ($100 in chips) 
EvilReality: posts small blind $0.50
AIien Hand: posts big blind $1
kzoide: sits out 
*** HOLE CARDS ***
KarP93: raises $1.50 to $2.50
bugi15: folds 
worker0k: raises $5 to $7.50
EvilReality: raises $16.50 to $24
AIien Hand: folds 
KarP93: folds 
worker0k: folds 
Uncalled bet ($16.50) returned to EvilReality
EvilReality collected $18.50 from pot
EvilReality: doesn't show hand 
*** SUMMARY ***
Total pot $18.50 | Rake $0 
Seat 6: kzoide
Seat 1: bugi15 folded before Flop (didn't bet)
Seat 2: worker0k (button) folded before Flop
Seat 3: EvilReality (small blind) collected ($18.50)
Seat 4: AIien Hand (big blind) folded before Flop
Seat 5: KarP93 folded before Flop



PokerStars Hand #254531688717:  Hold'em No Limit ($0.50/$1.00 USD) - 2025/01/24 17:39:07 WET [2025/01/24 12:39:07 ET]
Table 'Atami IV' 6-max Seat #3 is the button
Seat 5: KarP93 ($100 in chips) is sitting out
Seat 1: bugi15 ($105.51 in chips) 
Seat 2: worker0k ($100 in chips) 
Seat 3: EvilReality ($111 in chips) 
Seat 4: AIien Hand ($100 in chips) 
Seat 6: kzoide ($100 in chips) 
AIien Hand: posts small blind $0.50
KarP93: is sitting out 
kzoide: posts big blind $1
*** HOLE CARDS ***
bugi15: folds 
worker0k: raises $1.30 to $2.30
EvilReality: folds 
AIien Hand: folds 
kzoide: folds 
Uncalled bet ($1.30) returned to worker0k
worker0k collected $2.50 from pot
*** SUMMARY ***
Total pot $2.50 | Rake $0 
Seat 5: KarP93
Seat 1: bugi15 folded before Flop (didn't bet)
Seat 2: worker0k collected ($2.50)
Seat 3: EvilReality (button) folded before Flop (didn't bet)
Seat 4: AIien Hand (small blind) folded before Flop
Seat 6: kzoide (big blind) folded before Flop



PokerStars Hand #254531692649:  Hold'em No Limit ($0.50/$1.00 USD) - 2025/01/24 17:39:23 WET [2025/01/24 12:39:23 ET]
Table 'Atami IV' 6-max Seat #4 is the button
Seat 5: KarP93 ($100 in chips) is sitting out
Seat 1: bugi15 ($105.51 in chips) 
Seat 2: worker0k ($101.50 in chips) 
Seat 3: EvilReality ($111 in chips) 
Seat 4: AIien Hand ($100 in chips) 
Seat 6: kzoide ($100 in chips) 
kzoide: posts small blind $0.50
bugi15: posts big blind $1
*** HOLE CARDS ***
worker0k: folds 
EvilReality: folds 
AIien Hand: raises $1.50 to $2.50
kzoide: folds 
bugi15: folds 
Uncalled bet ($1.50) returned to AIien Hand
AIien Hand collected $2.50 from pot
AIien Hand: doesn't show hand 
*** SUMMARY ***
Total pot $2.50 | Rake $0 
Seat 5: KarP93
Seat 1: bugi15 (big blind) folded before Flop
Seat 2: worker0k folded before Flop (didn't bet)
Seat 3: EvilReality folded before Flop (didn't bet)
Seat 4: AIien Hand (button) collected ($2.50)
Seat 6: kzoide (small blind) folded before Flop



PokerStars Hand #254531698115:  Hold'em No Limit ($0.50/$1.00 USD) - 2025/01/24 17:39:44 WET [2025/01/24 12:39:44 ET]
Table 'Atami IV' 6-max Seat #6 is the button
Seat 5: KarP93 ($100 in chips) is sitting out
Seat 1: bugi15 ($104.51 in chips) 
Seat 2: worker0k ($101.50 in chips) 
Seat 3: EvilReality ($111 in chips) 
Seat 4: AIien Hand ($101.50 in chips) 
Seat 6: kzoide ($100 in chips) 
bugi15: posts small blind $0.50
worker0k: posts big blind $1
*** HOLE CARDS ***
EvilReality: raises $1.50 to $2.50
AIien Hand: raises $5 to $7.50
kzoide: folds 
bugi15: folds 
worker0k: folds 
EvilReality: folds 
Uncalled bet ($5) returned to AIien Hand
AIien Hand collected $6.50 from pot
worker0k leaves the table
AIien Hand: doesn't show hand 
*** SUMMARY ***
Total pot $6.50 | Rake $0 
Seat 5: KarP93
Seat 1: bugi15 (small blind) folded before Flop
Seat 2: worker0k (big blind) folded before Flop
Seat 3: EvilReality folded before Flop
Seat 4: AIien Hand collected ($6.50)
Seat 6: kzoide (button) folded before Flop (didn't bet)



PokerStars Hand #254531702531:  Hold'em No Limit ($0.50/$1.00 USD) - 2025/01/24 17:40:00 WET [2025/01/24 12:40:00 ET]
Table 'Atami IV' 6-max Seat #1 is the button
Seat 5: KarP93 ($100 in chips) is sitting out
Seat 1: bugi15 ($104.01 in chips) 
Seat 3: EvilReality ($108.50 in chips) 
Seat 4: AIien Hand ($105.50 in chips) 
Seat 6: kzoide ($100 in chips) 
EvilReality: posts small blind $0.50
AIien Hand: posts big blind $1
*** HOLE CARDS ***
sta$igk joins the table at seat #2 
kzoide: raises $1 to $2
bugi15: folds 
EvilReality: folds 
AIien Hand: calls $1
*** FLOP *** [6c Qs 3c]
AIien Hand: checks 
kzoide: bets $3.21
AIien Hand: folds 
Uncalled bet ($3.21) returned to kzoide
kzoide collected $4.28 from pot
kzoide: doesn't show hand 
*** SUMMARY ***
Total pot $4.50 | Rake $0.22 
Board [6c Qs 3c]
Seat 5: KarP93
Seat 1: bugi15 (button) folded before Flop (didn't bet)
Seat 3: EvilReality (small blind) folded before Flop
Seat 4: AIien Hand (big blind) folded on the Flop
Seat 6: kzoide collected ($4.28)



PokerStars Hand #254531711078:  Hold'em No Limit ($0.50/$1.00 USD) - 2025/01/24 17:40:33 WET [2025/01/24 12:40:33 ET]
Table 'Atami IV' 6-max Seat #3 is the button
Seat 2: sta$igk ($100 in chips) is sitting out
Seat 5: KarP93 ($100 in chips) is sitting out
Seat 1: bugi15 ($104.01 in chips) 
Seat 3: EvilReality ($108 in chips) 
Seat 4: AIien Hand ($103.50 in chips) 
Seat 6: kzoide ($102.28 in chips) 
AIien Hand: posts small blind $0.50
kzoide: posts big blind $1
sta$igk: sits out 
*** HOLE CARDS ***
bugi15: raises $2 to $3
EvilReality: folds 
AIien Hand: folds 
kzoide: calls $2
*** FLOP *** [Qd 6d 7s]
kzoide: checks 
bugi15: bets $3.09
kzoide: calls $3.09
*** TURN *** [Qd 6d 7s] [8d]
kzoide: checks 
bugi15: bets $6.03
KarP93 leaves the table
kzoide: calls $6.03
*** RIVER *** [Qd 6d 7s 8d] [2c]
kzoide: checks 
bugi15: checks 
*** SHOW DOWN ***
kzoide: shows [6h 6s] (three of a kind, Sixes)
bugi15: mucks hand 
kzoide collected $23.74 from pot
*** SUMMARY ***
Total pot $24.74 | Rake $1 
Board [Qd 6d 7s 8d 2c]
Seat 2: sta$igk
Seat 5: KarP93
Seat 1: bugi15 mucked
Seat 3: EvilReality (button) folded before Flop (didn't bet)
Seat 4: AIien Hand (small blind) folded before Flop
Seat 6: kzoide (big blind) showed [6h 6s] and won ($23.74) with three of a kind, Sixes



PokerStars Hand #254531727491:  Hold'em No Limit ($0.50/$1.00 USD) - 2025/01/24 17:41:37 WET [2025/01/24 12:41:37 ET]
Table 'Atami IV' 6-max Seat #4 is the button
Seat 2: sta$igk ($100 in chips) is sitting out
Seat 1: bugi15 ($100 in chips) 
Seat 3: EvilReality ($108 in chips) 
Seat 4: AIien Hand ($103 in chips) 
Seat 6: kzoide ($113.90 in chips) 
kzoide: posts small blind $0.50
bugi15: posts big blind $1
sta$igk: sits out 
*** HOLE CARDS ***
EvilReality: folds 
AIien Hand: folds 
kzoide: folds 
Uncalled bet ($0.50) returned to bugi15
bugi15 collected $1 from pot
bugi15: doesn't show hand 
*** SUMMARY ***
Total pot $1 | Rake $0 
Seat 2: sta$igk
Seat 1: bugi15 (big blind) collected ($1)
Seat 3: EvilReality folded before Flop (didn't bet)
Seat 4: AIien Hand (button) folded before Flop (didn't bet)
Seat 6: kzoide (small blind) folded before Flop



PokerStars Hand #254531730833:  Hold'em No Limit ($0.50/$1.00 USD) - 2025/01/24 17:41:49 WET [2025/01/24 12:41:49 ET]
Table 'Atami IV' 6-max Seat #6 is the button
Seat 1: bugi15 ($100.50 in chips) 
Seat 2: sta$igk ($100 in chips) 
Seat 3: EvilReality ($108 in chips) 
Seat 4: AIien Hand ($103 in chips) 
Seat 6: kzoide ($113.40 in chips) 
bugi15: posts small blind $0.50
sta$igk: posts big blind $1
*** HOLE CARDS ***
EvilReality: folds 
AIien Hand: raises $1.20 to $2.20
PayTaxOrDie joins the table at seat #5 
kzoide: folds 
bugi15: folds 
sta$igk: folds 
Uncalled bet ($1.20) returned to AIien Hand
AIien Hand collected $2.50 from pot
AIien Hand: doesn't show hand 
*** SUMMARY ***
Total pot $2.50 | Rake $0 
Seat 1: bugi15 (small blind) folded before Flop
Seat 2: sta$igk (big blind) folded before Flop
Seat 3: EvilReality folded before Flop (didn't bet)
Seat 4: AIien Hand collected ($2.50)
Seat 6: kzoide (button) folded before Flop (didn't bet)



PokerStars Hand #254531736443:  Hold'em No Limit ($0.50/$1.00 USD) - 2025/01/24 17:42:11 WET [2025/01/24 12:42:11 ET]
Table 'Atami IV' 6-max Seat #1 is the button
Seat 3: EvilReality ($108 in chips) is sitting out
Seat 5: PayTaxOrDie ($100 in chips) is sitting out
Seat 1: bugi15 ($100 in chips) 
Seat 2: sta$igk ($100 in chips) 
Seat 4: AIien Hand ($104.50 in chips) 
Seat 6: kzoide ($113.40 in chips) 
sta$igk: posts small blind $0.50
EvilReality: is sitting out 
AIien Hand: posts big blind $1
PayTaxOrDie: sits out 
*** HOLE CARDS ***
kzoide: folds 
bugi15: folds 
EvilReality leaves the table
sta$igk: folds 
Uncalled bet ($0.50) returned to AIien Hand
AIien Hand collected $1 from pot
AIien Hand: doesn't show hand 
2g00d4youu joins the table at seat #3 
*** SUMMARY ***
Total pot $1 | Rake $0 
Seat 3: EvilReality
Seat 5: PayTaxOrDie
Seat 1: bugi15 (button) folded before Flop (didn't bet)
Seat 2: sta$igk (small blind) folded before Flop
Seat 4: AIien Hand (big blind) collected ($1)
Seat 6: kzoide folded before Flop (didn't bet)



PokerStars Hand #254531738769:  Hold'em No Limit ($0.50/$1.00 USD) - 2025/01/24 17:42:20 WET [2025/01/24 12:42:20 ET]
Table 'Atami IV' 6-max Seat #2 is the button
Seat 3: 2g00d4youu ($100 in chips) is sitting out
Seat 1: bugi15 ($100 in chips) 
Seat 2: sta$igk ($100 in chips) 
Seat 4: AIien Hand ($105 in chips) 
Seat 5: PayTaxOrDie ($100 in chips) 
Seat 6: kzoide ($113.40 in chips) 
AIien Hand: posts small blind $0.50
PayTaxOrDie: posts big blind $1
*** HOLE CARDS ***
kzoide: folds 
bugi15: raises $2 to $3
sta$igk: folds 
AIien Hand: folds 
PayTaxOrDie: raises $10 to $13
bugi15: calls $10
*** FLOP *** [9c 4c Qh]
PayTaxOrDie: bets $8.31
bugi15: folds 
Uncalled bet ($8.31) returned to PayTaxOrDie
PayTaxOrDie collected $25.18 from pot
PayTaxOrDie: doesn't show hand 
*** SUMMARY ***
Total pot $26.50 | Rake $1.32 
Board [9c 4c Qh]
Seat 3: 2g00d4youu
Seat 1: bugi15 folded on the Flop
Seat 2: sta$igk (button) folded before Flop (didn't bet)
Seat 4: AIien Hand (small blind) folded before Flop
Seat 5: PayTaxOrDie (big blind) collected ($25.18)
Seat 6: kzoide folded before Flop (didn't bet)



PokerStars Hand #254531754284:  Hold'em No Limit ($0.50/$1.00 USD) - 2025/01/24 17:43:19 WET [2025/01/24 12:43:19 ET]
Table 'Atami IV' 6-max Seat #4 is the button
Seat 3: 2g00d4youu ($100 in chips) is sitting out
Seat 1: bugi15 ($100 in chips) 
Seat 2: sta$igk ($100 in chips) 
Seat 4: AIien Hand ($104.50 in chips) 
Seat 5: PayTaxOrDie ($112.18 in chips) 
Seat 6: kzoide ($113.40 in chips) 
PayTaxOrDie: posts small blind $0.50
kzoide: posts big blind $1
2g00d4youu: sits out 
*** HOLE CARDS ***
bugi15: raises $2 to $3
sta$igk: folds 
AIien Hand: raises $6 to $9
PayTaxOrDie: folds 
kzoide: folds 
bugi15: raises $19.50 to $28.50
AIien Hand: folds 
Uncalled bet ($19.50) returned to bugi15
bugi15 collected $19.50 from pot
bugi15: doesn't show hand 
*** SUMMARY ***
Total pot $19.50 | Rake $0 
Seat 3: 2g00d4youu
Seat 1: bugi15 collected ($19.50)
Seat 2: sta$igk folded before Flop (didn't bet)
Seat 4: AIien Hand (button) folded before Flop
Seat 5: PayTaxOrDie (small blind) folded before Flop
Seat 6: kzoide (big blind) folded before Flop



PokerStars Hand #254531764378:  Hold'em No Limit ($0.50/$1.00 USD) - 2025/01/24 17:43:57 WET [2025/01/24 12:43:57 ET]
Table 'Atami IV' 6-max Seat #5 is the button
Seat 3: 2g00d4youu ($100 in chips) is sitting out
Seat 1: bugi15 ($110.50 in chips) 
Seat 2: sta$igk ($100 in chips) 
Seat 4: AIien Hand ($100 in chips) 
Seat 5: PayTaxOrDie ($111.68 in chips) 
Seat 6: kzoide ($112.40 in chips) 
kzoide: posts small blind $0.50
bugi15: posts big blind $1
2g00d4youu: sits out 
*** HOLE CARDS ***
sta$igk: folds 
AIien Hand: folds 
PayTaxOrDie: folds 
kzoide: raises $2 to $3
bugi15: folds 
Uncalled bet ($2) returned to kzoide
kzoide collected $2 from pot
kzoide: doesn't show hand 
*** SUMMARY ***
Total pot $2 | Rake $0 
Seat 3: 2g00d4youu
Seat 1: bugi15 (big blind) folded before Flop
Seat 2: sta$igk folded before Flop (didn't bet)
Seat 4: AIien Hand folded before Flop (didn't bet)
Seat 5: PayTaxOrDie (button) folded before Flop (didn't bet)
Seat 6: kzoide (small blind) collected ($2)



PokerStars Hand #254531768345:  Hold'em No Limit ($0.50/$1.00 USD) - 2025/01/24 17:44:12 WET [2025/01/24 12:44:12 ET]
Table 'Atami IV' 6-max Seat #6 is the button
Seat 3: 2g00d4youu ($100 in chips) is sitting out
Seat 1: bugi15 ($109.50 in chips) 
Seat 2: sta$igk ($100 in chips) 
Seat 4: AIien Hand ($100 in chips) 
Seat 5: PayTaxOrDie ($111.68 in chips) 
Seat 6: kzoide ($113.40 in chips) 
bugi15: posts small blind $0.50
sta$igk: posts big blind $1
2g00d4youu: sits out 
*** HOLE CARDS ***
AIien Hand: folds 
PayTaxOrDie: folds 
kzoide: raises $1.30 to $2.30
bugi15: calls $1.80
sta$igk: folds 
*** FLOP *** [3d Ad Ac]
bugi15: checks 
kzoide: bets $1.76
bugi15: calls $1.76
*** TURN *** [3d Ad Ac] [9c]
bugi15: checks 
kzoide: bets $7.79
bugi15: calls $7.79
*** RIVER *** [3d Ad Ac 9c] [6c]
bugi15: checks 
kzoide: checks 
*** SHOW DOWN ***
bugi15: shows [Kh Qc] (a pair of Aces)
kzoide: shows [4h Ah] (three of a kind, Aces)
kzoide collected $23.46 from pot
*** SUMMARY ***
Total pot $24.70 | Rake $1.24 
Board [3d Ad Ac 9c 6c]
Seat 3: 2g00d4youu
Seat 1: bugi15 (small blind) showed [Kh Qc] and lost with a pair of Aces
Seat 2: sta$igk (big blind) folded before Flop
Seat 4: AIien Hand folded before Flop (didn't bet)
Seat 5: PayTaxOrDie folded before Flop (didn't bet)
Seat 6: kzoide (button) showed [4h Ah] and won ($23.46) with three of a kind, Aces



PokerStars Hand #254531783017:  Hold'em No Limit ($0.50/$1.00 USD) - 2025/01/24 17:45:08 WET [2025/01/24 12:45:08 ET]
Table 'Atami IV' 6-max Seat #1 is the button
Seat 1: bugi15 ($100 in chips) 
Seat 2: sta$igk ($100 in chips) 
Seat 3: 2g00d4youu ($100 in chips) 
Seat 4: AIien Hand ($100 in chips) 
Seat 5: PayTaxOrDie ($111.68 in chips) 
Seat 6: kzoide ($125.01 in chips) 
sta$igk: posts small blind $0.50
2g00d4youu: posts big blind $1
*** HOLE CARDS ***
AIien Hand: raises $1.20 to $2.20
PayTaxOrDie: folds 
kzoide: folds 
bugi15: calls $2.20
sta$igk: folds 
2g00d4youu: calls $1.20
*** FLOP *** [6c 2s 4h]
2g00d4youu: checks 
AIien Hand: checks 
bugi15: checks 
*** TURN *** [6c 2s 4h] [7s]
2g00d4youu: bets $8.09
AIien Hand: calls $8.09
bugi15: folds 
*** RIVER *** [6c 2s 4h 7s] [4c]
2g00d4youu: checks 
AIien Hand: checks 
*** SHOW DOWN ***
2g00d4youu: shows [Kd 8d] (a pair of Fours)
AIien Hand: shows [Ts Ks] (a pair of Fours - King+Ten kicker)
AIien Hand collected $22.12 from pot
*** SUMMARY ***
Total pot $23.28 | Rake $1.16 
Board [6c 2s 4h 7s 4c]
Seat 1: bugi15 (button) folded on the Turn
Seat 2: sta$igk (small blind) folded before Flop
Seat 3: 2g00d4youu (big blind) showed [Kd 8d] and lost with a pair of Fours
Seat 4: AIien Hand showed [Ts Ks] and won ($22.12) with a pair of Fours
Seat 5: PayTaxOrDie folded before Flop (didn't bet)
Seat 6: kzoide folded before Flop (didn't bet)



PokerStars Hand #254531807584:  Hold'em No Limit ($0.50/$1.00 USD) - 2025/01/24 17:46:41 WET [2025/01/24 12:46:41 ET]
Table 'Atami IV' 6-max Seat #2 is the button
Seat 1: bugi15 ($100 in chips) 
Seat 2: sta$igk ($100 in chips) 
Seat 3: 2g00d4youu ($100 in chips) 
Seat 4: AIien Hand ($111.83 in chips) 
Seat 5: PayTaxOrDie ($111.68 in chips) 
Seat 6: kzoide ($125.01 in chips) 
2g00d4youu: posts small blind $0.50
AIien Hand: posts big blind $1
*** HOLE CARDS ***
PayTaxOrDie: folds 
kzoide: raises $1 to $2
bugi15: folds 
sta$igk: folds 
2g00d4youu: folds 
AIien Hand: folds 
Uncalled bet ($1) returned to kzoide
kzoide collected $2.50 from pot
kzoide: doesn't show hand 
*** SUMMARY ***
Total pot $2.50 | Rake $0 
Seat 1: bugi15 folded before Flop (didn't bet)
Seat 2: sta$igk (button) folded before Flop (didn't bet)
Seat 3: 2g00d4youu (small blind) folded before Flop
Seat 4: AIien Hand (big blind) folded before Flop
Seat 5: PayTaxOrDie folded before Flop (didn't bet)
Seat 6: kzoide collected ($2.50)



PokerStars Hand #254531814527:  Hold'em No Limit ($0.50/$1.00 USD) - 2025/01/24 17:47:07 WET [2025/01/24 12:47:07 ET]
Table 'Atami IV' 6-max Seat #3 is the button
Seat 1: bugi15 ($100 in chips) 
Seat 2: sta$igk ($100 in chips) 
Seat 3: 2g00d4youu ($100 in chips) 
Seat 4: AIien Hand ($110.83 in chips) 
Seat 5: PayTaxOrDie ($111.68 in chips) 
Seat 6: kzoide ($126.51 in chips) 
AIien Hand: posts small blind $0.50
PayTaxOrDie: posts big blind $1
*** HOLE CARDS ***
kzoide: raises $1 to $2
bugi15: folds 
sta$igk: raises $5 to $7
2g00d4youu: folds 
AIien Hand: folds 
PayTaxOrDie: folds 
kzoide: calls $5
*** FLOP *** [Jc Ah As]
kzoide: checks 
sta$igk: bets $4.86
kzoide: folds 
Uncalled bet ($4.86) returned to sta$igk
sta$igk collected $14.72 from pot
sta$igk: doesn't show hand 
*** SUMMARY ***
Total pot $15.50 | Rake $0.78 
Board [Jc Ah As]
Seat 1: bugi15 folded before Flop (didn't bet)
Seat 2: sta$igk collected ($14.72)
Seat 3: 2g00d4youu (button) folded before Flop (didn't bet)
Seat 4: AIien Hand (small blind) folded before Flop
Seat 5: PayTaxOrDie (big blind) folded before Flop
Seat 6: kzoide folded on the Flop



PokerStars Hand #254531828640:  Hold'em No Limit ($0.50/$1.00 USD) - 2025/01/24 17:48:00 WET [2025/01/24 12:48:00 ET]
Table 'Atami IV' 6-max Seat #4 is the button
Seat 1: bugi15 ($100 in chips) 
Seat 2: sta$igk ($107.72 in chips) 
Seat 3: 2g00d4youu ($100 in chips) 
Seat 4: AIien Hand ($110.33 in chips) 
Seat 5: PayTaxOrDie ($110.68 in chips) 
Seat 6: kzoide ($119.51 in chips) 
PayTaxOrDie: posts small blind $0.50
kzoide: posts big blind $1
*** HOLE CARDS ***
bugi15: folds 
sta$igk: folds 
2g00d4youu: raises $1.50 to $2.50
AIien Hand: folds 
PayTaxOrDie: folds 
kzoide: folds 
Uncalled bet ($1.50) returned to 2g00d4youu
2g00d4youu collected $2.50 from pot
2g00d4youu: doesn't show hand 
*** SUMMARY ***
Total pot $2.50 | Rake $0 
Seat 1: bugi15 folded before Flop (didn't bet)
Seat 2: sta$igk folded before Flop (didn't bet)
Seat 3: 2g00d4youu collected ($2.50)
Seat 4: AIien Hand (button) folded before Flop (didn't bet)
Seat 5: PayTaxOrDie (small blind) folded before Flop
Seat 6: kzoide (big blind) folded before Flop



PokerStars Hand #254531833485:  Hold'em No Limit ($0.50/$1.00 USD) - 2025/01/24 17:48:19 WET [2025/01/24 12:48:19 ET]
Table 'Atami IV' 6-max Seat #5 is the button
Seat 1: bugi15 ($100 in chips) 
Seat 2: sta$igk ($107.72 in chips) 
Seat 3: 2g00d4youu ($101.50 in chips) 
Seat 4: AIien Hand ($110.33 in chips) 
Seat 5: PayTaxOrDie ($110.18 in chips) 
Seat 6: kzoide ($118.51 in chips) 
kzoide: posts small blind $0.50
bugi15: posts big blind $1
*** HOLE CARDS ***
sta$igk: folds 
2g00d4youu: folds 
AIien Hand: folds 
PayTaxOrDie: folds 
kzoide: raises $2 to $3
bugi15: calls $2
*** FLOP *** [Ad Th 8c]
kzoide: bets $1.14
bugi15: folds 
Uncalled bet ($1.14) returned to kzoide
kzoide collected $5.70 from pot
kzoide: doesn't show hand 
*** SUMMARY ***
Total pot $6 | Rake $0.30 
Board [Ad Th 8c]
Seat 1: bugi15 (big blind) folded on the Flop
Seat 2: sta$igk folded before Flop (didn't bet)
Seat 3: 2g00d4youu folded before Flop (didn't bet)
Seat 4: AIien Hand folded before Flop (didn't bet)
Seat 5: PayTaxOrDie (button) folded before Flop (didn't bet)
Seat 6: kzoide (small blind) collected ($5.70)



PokerStars Hand #254531839214:  Hold'em No Limit ($0.50/$1.00 USD) - 2025/01/24 17:48:41 WET [2025/01/24 12:48:41 ET]
Table 'Atami IV' 6-max Seat #6 is the button
Seat 1: bugi15 ($100 in chips) 
Seat 2: sta$igk ($107.72 in chips) 
Seat 3: 2g00d4youu ($101.50 in chips) 
Seat 4: AIien Hand ($110.33 in chips) 
Seat 5: PayTaxOrDie ($110.18 in chips) 
Seat 6: kzoide ($121.21 in chips) 
bugi15: posts small blind $0.50
sta$igk: posts big blind $1
*** HOLE CARDS ***
2g00d4youu: raises $1.50 to $2.50
AIien Hand: folds 
PayTaxOrDie: raises $5 to $7.50
kzoide: folds 
bugi15: folds 
sta$igk: folds 
2g00d4youu: folds 
Uncalled bet ($5) returned to PayTaxOrDie
PayTaxOrDie collected $6.50 from pot
PayTaxOrDie: doesn't show hand 
*** SUMMARY ***
Total pot $6.50 | Rake $0 
Seat 1: bugi15 (small blind) folded before Flop
Seat 2: sta$igk (big blind) folded before Flop
Seat 3: 2g00d4youu folded before Flop
Seat 4: AIien Hand folded before Flop (didn't bet)
Seat 5: PayTaxOrDie collected ($6.50)
Seat 6: kzoide (button) folded before Flop (didn't bet)



PokerStars Hand #254531845782:  Hold'em No Limit ($0.50/$1.00 USD) - 2025/01/24 17:49:06 WET [2025/01/24 12:49:06 ET]
Table 'Atami IV' 6-max Seat #1 is the button
Seat 1: bugi15 ($100 in chips) 
Seat 2: sta$igk ($106.72 in chips) 
Seat 3: 2g00d4youu ($100 in chips) 
Seat 4: AIien Hand ($110.33 in chips) 
Seat 5: PayTaxOrDie ($114.18 in chips) 
Seat 6: kzoide ($121.21 in chips) 
sta$igk: posts small blind $0.50
2g00d4youu: posts big blind $1
*** HOLE CARDS ***
AIien Hand: folds 
PayTaxOrDie: folds 
kzoide: folds 
bugi15: folds 
sta$igk: folds 
Uncalled bet ($0.50) returned to 2g00d4youu
2g00d4youu collected $1 from pot
2g00d4youu: doesn't show hand 
*** SUMMARY ***
Total pot $1 | Rake $0 
Seat 1: bugi15 (button) folded before Flop (didn't bet)
Seat 2: sta$igk (small blind) folded before Flop
Seat 3: 2g00d4youu (big blind) collected ($1)
Seat 4: AIien Hand folded before Flop (didn't bet)
Seat 5: PayTaxOrDie folded before Flop (didn't bet)
Seat 6: kzoide folded before Flop (didn't bet)



PokerStars Hand #254531849541:  Hold'em No Limit ($0.50/$1.00 USD) - 2025/01/24 17:49:20 WET [2025/01/24 12:49:20 ET]
Table 'Atami IV' 6-max Seat #2 is the button
Seat 1: bugi15 ($100 in chips) 
Seat 2: sta$igk ($106.22 in chips) 
Seat 3: 2g00d4youu ($100.50 in chips) 
Seat 4: AIien Hand ($110.33 in chips) 
Seat 5: PayTaxOrDie ($114.18 in chips) 
Seat 6: kzoide ($121.21 in chips) 
2g00d4youu: posts small blind $0.50
AIien Hand: posts big blind $1
*** HOLE CARDS ***
PayTaxOrDie: folds 
kzoide: folds 
bugi15: folds 
sta$igk: folds 
2g00d4youu: raises $2 to $3
AIien Hand: calls $2
*** FLOP *** [Qd 6s Jc]
2g00d4youu: bets $1
AIien Hand: calls $1
*** TURN *** [Qd 6s Jc] [3s]
2g00d4youu: checks 
AIien Hand: bets $5.47
2g00d4youu: calls $5.47
*** RIVER *** [Qd 6s Jc 3s] [7s]
2g00d4youu: checks 
AIien Hand: bets $25.92
2g00d4youu: folds 
Uncalled bet ($25.92) returned to AIien Hand
AIien Hand collected $17.99 from pot
AIien Hand: doesn't show hand 
*** SUMMARY ***
Total pot $18.94 | Rake $0.95 
Board [Qd 6s Jc 3s 7s]
Seat 1: bugi15 folded before Flop (didn't bet)
Seat 2: sta$igk (button) folded before Flop (didn't bet)
Seat 3: 2g00d4youu (small blind) folded on the River
Seat 4: AIien Hand (big blind) collected ($17.99)
Seat 5: PayTaxOrDie folded before Flop (didn't bet)
Seat 6: kzoide folded before Flop (didn't bet)



PokerStars Hand #254531880774:  Hold'em No Limit ($0.50/$1.00 USD) - 2025/01/24 17:51:19 WET [2025/01/24 12:51:19 ET]
Table 'Atami IV' 6-max Seat #3 is the button
Seat 1: bugi15 ($100 in chips) 
Seat 2: sta$igk ($106.22 in chips) 
Seat 3: 2g00d4youu ($100 in chips) 
Seat 4: AIien Hand ($118.85 in chips) 
Seat 5: PayTaxOrDie ($114.18 in chips) 
Seat 6: kzoide ($121.21 in chips) 
AIien Hand: posts small blind $0.50
PayTaxOrDie: posts big blind $1
*** HOLE CARDS ***
kzoide: folds 
bugi15: raises $2 to $3
sta$igk: folds 
2g00d4youu: raises $6 to $9
AIien Hand: folds 
PayTaxOrDie: folds 
bugi15: calls $6
*** FLOP *** [5c 4s Qs]
bugi15: checks 
2g00d4youu: bets $7.40
bugi15: folds 
Uncalled bet ($7.40) returned to 2g00d4youu
2g00d4youu collected $18.52 from pot
2g00d4youu: doesn't show hand 
*** SUMMARY ***
Total pot $19.50 | Rake $0.98 
Board [5c 4s Qs]
Seat 1: bugi15 folded on the Flop
Seat 2: sta$igk folded before Flop (didn't bet)
Seat 3: 2g00d4youu (button) collected ($18.52)
Seat 4: AIien Hand (small blind) folded before Flop
Seat 5: PayTaxOrDie (big blind) folded before Flop
Seat 6: kzoide folded before Flop (didn't bet)



PokerStars Hand #254531896170:  Hold'em No Limit ($0.50/$1.00 USD) - 2025/01/24 17:52:17 WET [2025/01/24 12:52:17 ET]
Table 'Atami IV' 6-max Seat #4 is the button
Seat 1: bugi15 ($100 in chips) 
Seat 2: sta$igk ($106.22 in chips) 
Seat 3: 2g00d4youu ($109.52 in chips) 
Seat 4: AIien Hand ($118.35 in chips) 
Seat 5: PayTaxOrDie ($113.18 in chips) 
Seat 6: kzoide ($121.21 in chips) 
PayTaxOrDie: posts small blind $0.50
kzoide: posts big blind $1
*** HOLE CARDS ***
bugi15: folds 
sta$igk: folds 
2g00d4youu: folds 
AIien Hand: raises $1.50 to $2.50
PayTaxOrDie: folds 
kzoide: raises $8.50 to $11
AIien Hand: calls $8.50
*** FLOP *** [Kd Qc 8d]
kzoide: bets $12.83
AIien Hand: folds 
Uncalled bet ($12.83) returned to kzoide
kzoide collected $21.38 from pot
kzoide: doesn't show hand 
*** SUMMARY ***
Total pot $22.50 | Rake $1.12 
Board [Kd Qc 8d]
Seat 1: bugi15 folded before Flop (didn't bet)
Seat 2: sta$igk folded before Flop (didn't bet)
Seat 3: 2g00d4youu folded before Flop (didn't bet)
Seat 4: AIien Hand (button) folded on the Flop
Seat 5: PayTaxOrDie (small blind) folded before Flop
Seat 6: kzoide (big blind) collected ($21.38)



PokerStars Hand #254531911120:  Hold'em No Limit ($0.50/$1.00 USD) - 2025/01/24 17:53:13 WET [2025/01/24 12:53:13 ET]
Table 'Atami IV' 6-max Seat #5 is the button
Seat 1: bugi15 ($100 in chips) 
Seat 2: sta$igk ($106.22 in chips) 
Seat 3: 2g00d4youu ($109.52 in chips) 
Seat 4: AIien Hand ($107.35 in chips) 
Seat 5: PayTaxOrDie ($112.68 in chips) 
Seat 6: kzoide ($131.59 in chips) 
kzoide: posts small blind $0.50
bugi15: posts big blind $1
*** HOLE CARDS ***
sta$igk: folds 
2g00d4youu: folds 
AIien Hand: folds 
PayTaxOrDie: folds 
kzoide: raises $2 to $3
bugi15: calls $2
*** FLOP *** [Qc 7d 7s]
kzoide: bets $1.88
bugi15: folds 
Uncalled bet ($1.88) returned to kzoide
kzoide collected $5.70 from pot
kzoide: doesn't show hand 
*** SUMMARY ***
Total pot $6 | Rake $0.30 
Board [Qc 7d 7s]
Seat 1: bugi15 (big blind) folded on the Flop
Seat 2: sta$igk folded before Flop (didn't bet)
Seat 3: 2g00d4youu folded before Flop (didn't bet)
Seat 4: AIien Hand folded before Flop (didn't bet)
Seat 5: PayTaxOrDie (button) folded before Flop (didn't bet)
Seat 6: kzoide (small blind) collected ($5.70)



PokerStars Hand #254531920864:  Hold'em No Limit ($0.50/$1.00 USD) - 2025/01/24 17:53:50 WET [2025/01/24 12:53:50 ET]
Table 'Atami IV' 6-max Seat #6 is the button
Seat 1: bugi15 ($100 in chips) 
Seat 2: sta$igk ($106.22 in chips) 
Seat 3: 2g00d4youu ($109.52 in chips) 
Seat 4: AIien Hand ($107.35 in chips) 
Seat 5: PayTaxOrDie ($112.68 in chips) 
Seat 6: kzoide ($134.29 in chips) 
bugi15: posts small blind $0.50
sta$igk: posts big blind $1
*** HOLE CARDS ***
2g00d4youu: folds 
AIien Hand: folds 
PayTaxOrDie: folds 
kzoide: folds 
bugi15: folds 
Uncalled bet ($0.50) returned to sta$igk
sta$igk collected $1 from pot
sta$igk: doesn't show hand 
*** SUMMARY ***
Total pot $1 | Rake $0 
Seat 1: bugi15 (small blind) folded before Flop
Seat 2: sta$igk (big blind) collected ($1)
Seat 3: 2g00d4youu folded before Flop (didn't bet)
Seat 4: AIien Hand folded before Flop (didn't bet)
Seat 5: PayTaxOrDie folded before Flop (didn't bet)
Seat 6: kzoide (button) folded before Flop (didn't bet)



PokerStars Hand #254531924987:  Hold'em No Limit ($0.50/$1.00 USD) - 2025/01/24 17:54:06 WET [2025/01/24 12:54:06 ET]
Table 'Atami IV' 6-max Seat #1 is the button
Seat 1: bugi15 ($100 in chips) 
Seat 2: sta$igk ($106.72 in chips) 
Seat 3: 2g00d4youu ($109.52 in chips) 
Seat 4: AIien Hand ($107.35 in chips) 
Seat 5: PayTaxOrDie ($112.68 in chips) 
Seat 6: kzoide ($134.29 in chips) 
sta$igk: posts small blind $0.50
2g00d4youu: posts big blind $1
*** HOLE CARDS ***
AIien Hand: folds 
PayTaxOrDie: folds 
kzoide: folds 
bugi15: raises $2 to $3
sta$igk: folds 
2g00d4youu: folds 
Uncalled bet ($2) returned to bugi15
bugi15 collected $2.50 from pot
bugi15: doesn't show hand 
*** SUMMARY ***
Total pot $2.50 | Rake $0 
Seat 1: bugi15 (button) collected ($2.50)
Seat 2: sta$igk (small blind) folded before Flop
Seat 3: 2g00d4youu (big blind) folded before Flop
Seat 4: AIien Hand folded before Flop (didn't bet)
Seat 5: PayTaxOrDie folded before Flop (didn't bet)
Seat 6: kzoide folded before Flop (didn't bet)



PokerStars Hand #254531931387:  Hold'em No Limit ($0.50/$1.00 USD) - 2025/01/24 17:54:30 WET [2025/01/24 12:54:30 ET]
Table 'Atami IV' 6-max Seat #2 is the button
Seat 1: bugi15 ($101.50 in chips) 
Seat 2: sta$igk ($106.22 in chips) 
Seat 3: 2g00d4youu ($108.52 in chips) 
Seat 4: AIien Hand ($107.35 in chips) 
Seat 5: PayTaxOrDie ($112.68 in chips) 
Seat 6: kzoide ($134.29 in chips) 
2g00d4youu: posts small blind $0.50
AIien Hand: posts big blind $1
*** HOLE CARDS ***
PayTaxOrDie: folds 
PayTaxOrDie leaves the table
kzoide: folds 
BoyLoc0 joins the table at seat #5 
bugi15: raises $2 to $3
sta$igk: folds 
2g00d4youu: folds 
AIien Hand: folds 
Uncalled bet ($2) returned to bugi15
bugi15 collected $2.50 from pot
bugi15: doesn't show hand 
*** SUMMARY ***
Total pot $2.50 | Rake $0 
Seat 1: bugi15 collected ($2.50)
Seat 2: sta$igk (button) folded before Flop (didn't bet)
Seat 3: 2g00d4youu (small blind) folded before Flop
Seat 4: AIien Hand (big blind) folded before Flop
Seat 5: PayTaxOrDie folded before Flop (didn't bet)
Seat 6: kzoide folded before Flop (didn't bet)



PokerStars Hand #254531937101:  Hold'em No Limit ($0.50/$1.00 USD) - 2025/01/24 17:54:52 WET [2025/01/24 12:54:52 ET]
Table 'Atami IV' 6-max Seat #3 is the button
Seat 1: bugi15 ($103 in chips) 
Seat 2: sta$igk ($106.22 in chips) 
Seat 3: 2g00d4youu ($108.02 in chips) 
Seat 4: AIien Hand ($106.35 in chips) 
Seat 5: BoyLoc0 ($100 in chips) 
Seat 6: kzoide ($134.29 in chips) 
AIien Hand: posts small blind $0.50
BoyLoc0: posts big blind $1
*** HOLE CARDS ***
kzoide: raises $1 to $2
bugi15: raises $5.50 to $7.50
sta$igk: folds 
2g00d4youu: folds 
AIien Hand: folds 
BoyLoc0: folds 
kzoide: folds 
Uncalled bet ($5.50) returned to bugi15
bugi15 collected $5.50 from pot
bugi15: doesn't show hand 
*** SUMMARY ***
Total pot $5.50 | Rake $0 
Seat 1: bugi15 collected ($5.50)
Seat 2: sta$igk folded before Flop (didn't bet)
Seat 3: 2g00d4youu (button) folded before Flop (didn't bet)
Seat 4: AIien Hand (small blind) folded before Flop
Seat 5: BoyLoc0 (big blind) folded before Flop
Seat 6: kzoide folded before Flop



PokerStars Hand #254531942872:  Hold'em No Limit ($0.50/$1.00 USD) - 2025/01/24 17:55:14 WET [2025/01/24 12:55:14 ET]
Table 'Atami IV' 6-max Seat #4 is the button
Seat 1: bugi15 ($106.50 in chips) 
Seat 2: sta$igk ($106.22 in chips) 
Seat 3: 2g00d4youu ($108.02 in chips) 
Seat 4: AIien Hand ($105.85 in chips) 
Seat 5: BoyLoc0 ($100 in chips) 
Seat 6: kzoide ($132.29 in chips) 
BoyLoc0: posts small blind $0.50
kzoide: posts big blind $1
*** HOLE CARDS ***
bugi15: raises $2 to $3
sta$igk: folds 
2g00d4youu: folds 
AIien Hand: folds 
BoyLoc0: folds 
kzoide: folds 
Uncalled bet ($2) returned to bugi15
bugi15 collected $2.50 from pot
bugi15: doesn't show hand 
*** SUMMARY ***
Total pot $2.50 | Rake $0 
Seat 1: bugi15 collected ($2.50)
Seat 2: sta$igk folded before Flop (didn't bet)
Seat 3: 2g00d4youu folded before Flop (didn't bet)
Seat 4: AIien Hand (button) folded before Flop (didn't bet)
Seat 5: BoyLoc0 (small blind) folded before Flop
Seat 6: kzoide (big blind) folded before Flop



PokerStars Hand #254531946639:  Hold'em No Limit ($0.50/$1.00 USD) - 2025/01/24 17:55:33 WET [2025/01/24 12:55:33 ET]
Table 'Atami IV' 6-max Seat #5 is the button
Seat 1: bugi15 ($108 in chips) 
Seat 2: sta$igk ($106.22 in chips) 
Seat 3: 2g00d4youu ($108.02 in chips) 
Seat 4: AIien Hand ($105.85 in chips) 
Seat 5: BoyLoc0 ($100 in chips) 
Seat 6: kzoide ($131.29 in chips) 
kzoide: posts small blind $0.50
bugi15: posts big blind $1
*** HOLE CARDS ***
sta$igk: folds 
2g00d4youu: raises $1.50 to $2.50
AIien Hand: folds 
BoyLoc0: folds 
kzoide: folds 
bugi15: folds 
Uncalled bet ($1.50) returned to 2g00d4youu
2g00d4youu collected $2.50 from pot
2g00d4youu: doesn't show hand 
*** SUMMARY ***
Total pot $2.50 | Rake $0 
Seat 1: bugi15 (big blind) folded before Flop
Seat 2: sta$igk folded before Flop (didn't bet)
Seat 3: 2g00d4youu collected ($2.50)
Seat 4: AIien Hand folded before Flop (didn't bet)
Seat 5: BoyLoc0 (button) folded before Flop (didn't bet)
Seat 6: kzoide (small blind) folded before Flop



PokerStars Hand #254531952493:  Hold'em No Limit ($0.50/$1.00 USD) - 2025/01/24 17:56:03 WET [2025/01/24 12:56:03 ET]
Table 'Atami IV' 6-max Seat #6 is the button
Seat 1: bugi15 ($107 in chips) 
Seat 2: sta$igk ($106.22 in chips) 
Seat 3: 2g00d4youu ($109.52 in chips) 
Seat 4: AIien Hand ($105.85 in chips) 
Seat 5: BoyLoc0 ($100 in chips) 
Seat 6: kzoide ($130.79 in chips) 
bugi15: posts small blind $0.50
sta$igk: posts big blind $1
*** HOLE CARDS ***
2g00d4youu: raises $1.50 to $2.50
AIien Hand: folds 
BoyLoc0: folds 
kzoide: folds 
bugi15: folds 
sta$igk: calls $1.50
*** FLOP *** [Qd 3h 3d]
sta$igk: checks 
2g00d4youu: bets $1.31
sta$igk: folds 
Uncalled bet ($1.31) returned to 2g00d4youu
2g00d4youu collected $5.22 from pot
2g00d4youu: doesn't show hand 
*** SUMMARY ***
Total pot $5.50 | Rake $0.28 
Board [Qd 3h 3d]
Seat 1: bugi15 (small blind) folded before Flop
Seat 2: sta$igk (big blind) folded on the Flop
Seat 3: 2g00d4youu collected ($5.22)
Seat 4: AIien Hand folded before Flop (didn't bet)
Seat 5: BoyLoc0 folded before Flop (didn't bet)
Seat 6: kzoide (button) folded before Flop (didn't bet)



PokerStars Hand #254531961488:  Hold'em No Limit ($0.50/$1.00 USD) - 2025/01/24 17:56:49 WET [2025/01/24 12:56:49 ET]
Table 'Atami IV' 6-max Seat #1 is the button
Seat 1: bugi15 ($106.50 in chips) 
Seat 2: sta$igk ($103.72 in chips) 
Seat 3: 2g00d4youu ($112.24 in chips) 
Seat 4: AIien Hand ($105.85 in chips) 
Seat 5: BoyLoc0 ($100 in chips) 
Seat 6: kzoide ($130.79 in chips) 
sta$igk: posts small blind $0.50
2g00d4youu: posts big blind $1
*** HOLE CARDS ***
AIien Hand: folds 
BoyLoc0: raises $1.50 to $2.50
kzoide: folds 
bugi15: calls $2.50
sta$igk: raises $11.50 to $14
2g00d4youu: folds 
BoyLoc0: raises $13 to $27
bugi15: calls $24.50
sta$igk: calls $13
*** FLOP *** [Kh Ah 9h]
sta$igk: checks 
BoyLoc0: bets $8
bugi15: calls $8
sta$igk: folds 
*** TURN *** [Kh Ah 9h] [4c]
BoyLoc0: checks 
bugi15: bets $30.56
BoyLoc0: folds 
Uncalled bet ($30.56) returned to bugi15
bugi15 collected $95.50 from pot
bugi15: doesn't show hand 
*** SUMMARY ***
Total pot $98 | Rake $2.50 
Board [Kh Ah 9h 4c]
Seat 1: bugi15 (button) collected ($95.50)
Seat 2: sta$igk (small blind) folded on the Flop
Seat 3: 2g00d4youu (big blind) folded before Flop
Seat 4: AIien Hand folded before Flop (didn't bet)
Seat 5: BoyLoc0 folded on the Turn
Seat 6: kzoide folded before Flop (didn't bet)



PokerStars Hand #254531986113:  Hold'em No Limit ($0.50/$1.00 USD) - 2025/01/24 17:58:52 WET [2025/01/24 12:58:52 ET]
Table 'Atami IV' 6-max Seat #2 is the button
Seat 1: bugi15 ($167 in chips) 
Seat 2: sta$igk ($100 in chips) 
Seat 3: 2g00d4youu ($111.24 in chips) 
Seat 4: AIien Hand ($105.85 in chips) 
Seat 5: BoyLoc0 ($100 in chips) 
Seat 6: kzoide ($130.79 in chips) 
2g00d4youu: posts small blind $0.50
AIien Hand: posts big blind $1
*** HOLE CARDS ***
BoyLoc0: raises $1.50 to $2.50
kzoide: folds 
bugi15: folds 
sta$igk: raises $5.50 to $8
2g00d4youu: folds 
AIien Hand: folds 
BoyLoc0: folds 
Uncalled bet ($5.50) returned to sta$igk
sta$igk collected $6.50 from pot
sta$igk: doesn't show hand 
*** SUMMARY ***
Total pot $6.50 | Rake $0 
Seat 1: bugi15 folded before Flop (didn't bet)
Seat 2: sta$igk (button) collected ($6.50)
Seat 3: 2g00d4youu (small blind) folded before Flop
Seat 4: AIien Hand (big blind) folded before Flop
Seat 5: BoyLoc0 folded before Flop
Seat 6: kzoide folded before Flop (didn't bet)



PokerStars Hand #254531990121:  Hold'em No Limit ($0.50/$1.00 USD) - 2025/01/24 17:59:12 WET [2025/01/24 12:59:12 ET]
Table 'Atami IV' 6-max Seat #3 is the button
Seat 1: bugi15 ($167 in chips) 
Seat 2: sta$igk ($104 in chips) 
Seat 3: 2g00d4youu ($110.74 in chips) 
Seat 4: AIien Hand ($104.85 in chips) 
Seat 5: BoyLoc0 ($100 in chips) 
Seat 6: kzoide ($130.79 in chips) 
AIien Hand: posts small blind $0.50
BoyLoc0: posts big blind $1
*** HOLE CARDS ***
kzoide: raises $1 to $2
bugi15: calls $2
sta$igk: folds 
2g00d4youu: folds 
AIien Hand: folds 
BoyLoc0: folds 
*** FLOP *** [Js 3d 8s]
kzoide: bets $1.41
bugi15: calls $1.41
*** TURN *** [Js 3d 8s] [9d]
kzoide: bets $4.11
bugi15: calls $4.11
*** RIVER *** [Js 3d 8s 9d] [5c]
kzoide: bets $12.28
bugi15: calls $12.28
*** SHOW DOWN ***
kzoide: shows [Jh Kd] (a pair of Jacks)
bugi15: shows [As Jc] (a pair of Jacks - Ace kicker)
bugi15 collected $39.04 from pot
*** SUMMARY ***
Total pot $41.10 | Rake $2.06 
Board [Js 3d 8s 9d 5c]
Seat 1: bugi15 showed [As Jc] and won ($39.04) with a pair of Jacks
Seat 2: sta$igk folded before Flop (didn't bet)
Seat 3: 2g00d4youu (button) folded before Flop (didn't bet)
Seat 4: AIien Hand (small blind) folded before Flop
Seat 5: BoyLoc0 (big blind) folded before Flop
Seat 6: kzoide showed [Jh Kd] and lost with a pair of Jacks



PokerStars Hand #254532000526:  Hold'em No Limit ($0.50/$1.00 USD) - 2025/01/24 18:00:03 WET [2025/01/24 13:00:03 ET]
Table 'Atami IV' 6-max Seat #4 is the button
Seat 1: bugi15 ($186.24 in chips) 
Seat 2: sta$igk ($104 in chips) 
Seat 3: 2g00d4youu ($110.74 in chips) 
Seat 4: AIien Hand ($104.35 in chips) 
Seat 5: BoyLoc0 ($100 in chips) 
Seat 6: kzoide ($110.99 in chips) 
BoyLoc0: posts small blind $0.50
kzoide: posts big blind $1
*** HOLE CARDS ***
bugi15: folds 
sta$igk: folds 
2g00d4youu: folds 
AIien Hand: raises $1.50 to $2.50
BoyLoc0: folds 
kzoide: folds 
Uncalled bet ($1.50) returned to AIien Hand
AIien Hand collected $2.50 from pot
AIien Hand: doesn't show hand 
*** SUMMARY ***
Total pot $2.50 | Rake $0 
Seat 1: bugi15 folded before Flop (didn't bet)
Seat 2: sta$igk folded before Flop (didn't bet)
Seat 3: 2g00d4youu folded before Flop (didn't bet)
Seat 4: AIien Hand (button) collected ($2.50)
Seat 5: BoyLoc0 (small blind) folded before Flop
Seat 6: kzoide (big blind) folded before Flop



PokerStars Hand #254532056328:  Hold'em No Limit ($0.50/$1.00 USD) - 2025/01/24 18:03:54 WET [2025/01/24 13:03:54 ET]
Table 'Atami IV' 6-max Seat #3 is the button
Seat 1: bugi15 ($205.71 in chips) 
Seat 2: sta$igk ($102.50 in chips) 
Seat 3: 2g00d4youu ($100 in chips) 
Seat 4: AIien Hand ($100 in chips) 
Seat 5: BoyLoc0 ($142.81 in chips) 
Seat 6: kzoide ($100 in chips) 
AIien Hand: posts small blind $0.50
BoyLoc0: posts big blind $1
*** HOLE CARDS ***
kzoide: folds 
bugi15: folds 
sta$igk: folds 
2g00d4youu: folds 
AIien Hand: folds 
Uncalled bet ($0.50) returned to BoyLoc0
BoyLoc0 collected $1 from pot
BoyLoc0: doesn't show hand 
*** SUMMARY ***
Total pot $1 | Rake $0 
Seat 1: bugi15 folded before Flop (didn't bet)
Seat 2: sta$igk folded before Flop (didn't bet)
Seat 3: 2g00d4youu (button) folded before Flop (didn't bet)
Seat 4: AIien Hand (small blind) folded before Flop
Seat 5: BoyLoc0 (big blind) collected ($1)
Seat 6: kzoide folded before Flop (didn't bet)



PokerStars Hand #254532059152:  Hold'em No Limit ($0.50/$1.00 USD) - 2025/01/24 18:04:05 WET [2025/01/24 13:04:05 ET]
Table 'Atami IV' 6-max Seat #4 is the button
Seat 1: bugi15 ($205.71 in chips) 
Seat 2: sta$igk ($102.50 in chips) 
Seat 3: 2g00d4youu ($100 in chips) 
Seat 4: AIien Hand ($100 in chips) 
Seat 5: BoyLoc0 ($143.31 in chips) 
Seat 6: kzoide ($100 in chips) 
BoyLoc0: posts small blind $0.50
kzoide: posts big blind $1
*** HOLE CARDS ***
bugi15: raises $2 to $3
sta$igk: folds 
2g00d4youu: folds 
AIien Hand: folds 
BoyLoc0: folds 
kzoide: calls $2
*** FLOP *** [4d Kd As]
kzoide: checks 
bugi15: bets $2.98
kzoide: folds 
Uncalled bet ($2.98) returned to bugi15
bugi15 collected $6.18 from pot
bugi15: doesn't show hand 
*** SUMMARY ***
Total pot $6.50 | Rake $0.32 
Board [4d Kd As]
Seat 1: bugi15 collected ($6.18)
Seat 2: sta$igk folded before Flop (didn't bet)
Seat 3: 2g00d4youu folded before Flop (didn't bet)
Seat 4: AIien Hand (button) folded before Flop (didn't bet)
Seat 5: BoyLoc0 (small blind) folded before Flop
Seat 6: kzoide (big blind) folded on the Flop



PokerStars Hand #254532066464:  Hold'em No Limit ($0.50/$1.00 USD) - 2025/01/24 18:04:33 WET [2025/01/24 13:04:33 ET]
Table 'Atami IV' 6-max Seat #5 is the button
Seat 1: bugi15 ($208.89 in chips) 
Seat 2: sta$igk ($102.50 in chips) 
Seat 3: 2g00d4youu ($100 in chips) 
Seat 4: AIien Hand ($100 in chips) 
Seat 5: BoyLoc0 ($142.81 in chips) 
Seat 6: kzoide ($100 in chips) 
kzoide: posts small blind $0.50
bugi15: posts big blind $1
*** HOLE CARDS ***
sta$igk: raises $1.50 to $2.50
2g00d4youu: folds 
AIien Hand: folds 
BoyLoc0: folds 
kzoide: raises $9 to $11.50
bugi15: folds 
sta$igk: folds 
Uncalled bet ($9) returned to kzoide
kzoide collected $6 from pot
kzoide: doesn't show hand 
*** SUMMARY ***
Total pot $6 | Rake $0 
Seat 1: bugi15 (big blind) folded before Flop
Seat 2: sta$igk folded before Flop
Seat 3: 2g00d4youu folded before Flop (didn't bet)
Seat 4: AIien Hand folded before Flop (didn't bet)
Seat 5: BoyLoc0 (button) folded before Flop (didn't bet)
Seat 6: kzoide (small blind) collected ($6)



PokerStars Hand #254532075320:  Hold'em No Limit ($0.50/$1.00 USD) - 2025/01/24 18:05:06 WET [2025/01/24 13:05:06 ET]
Table 'Atami IV' 6-max Seat #6 is the button
Seat 1: bugi15 ($207.89 in chips) 
Seat 2: sta$igk ($100 in chips) 
Seat 3: 2g00d4youu ($100 in chips) 
Seat 4: AIien Hand ($100 in chips) 
Seat 5: BoyLoc0 ($142.81 in chips) 
Seat 6: kzoide ($103.50 in chips) 
bugi15: posts small blind $0.50
sta$igk: posts big blind $1
*** HOLE CARDS ***
2g00d4youu: folds 
AIien Hand: raises $1.20 to $2.20
BoyLoc0: folds 
kzoide: folds 
bugi15: folds 
sta$igk: calls $1.20
*** FLOP *** [Qd 3d Qh]
sta$igk: checks 
AIien Hand: bets $1.07
sta$igk: folds 
Uncalled bet ($1.07) returned to AIien Hand
AIien Hand collected $4.66 from pot
AIien Hand: doesn't show hand 
*** SUMMARY ***
Total pot $4.90 | Rake $0.24 
Board [Qd 3d Qh]
Seat 1: bugi15 (small blind) folded before Flop
Seat 2: sta$igk (big blind) folded on the Flop
Seat 3: 2g00d4youu folded before Flop (didn't bet)
Seat 4: AIien Hand collected ($4.66)
Seat 5: BoyLoc0 folded before Flop (didn't bet)
Seat 6: kzoide (button) folded before Flop (didn't bet)



PokerStars Hand #254532092842:  Hold'em No Limit ($0.50/$1.00 USD) - 2025/01/24 18:06:12 WET [2025/01/24 13:06:12 ET]
Table 'Atami IV' 6-max Seat #1 is the button
Seat 1: bugi15 ($207.39 in chips) 
Seat 2: sta$igk ($100 in chips) 
Seat 3: 2g00d4youu ($100 in chips) 
Seat 4: AIien Hand ($102.46 in chips) 
Seat 5: BoyLoc0 ($142.81 in chips) 
Seat 6: kzoide ($103.50 in chips) 
sta$igk: posts small blind $0.50
2g00d4youu: posts big blind $1
*** HOLE CARDS ***
AIien Hand: raises $1.20 to $2.20
BoyLoc0: folds 
kzoide: folds 
bugi15: raises $5.90 to $8.10
sta$igk: folds 
2g00d4youu: folds 
AIien Hand: calls $5.90
*** FLOP *** [5h 4d Jd]
AIien Hand: checks 
bugi15: bets $8.41
AIien Hand: calls $8.41
*** TURN *** [5h 4d Jd] [3c]
AIien Hand: checks 
bugi15: checks 
*** RIVER *** [5h 4d Jd 3c] [8d]
AIien Hand: checks 
bugi15: checks 
*** SHOW DOWN ***
AIien Hand: shows [Kc Jc] (a pair of Jacks)
bugi15: mucks hand 
AIien Hand collected $32.79 from pot
*** SUMMARY ***
Total pot $34.52 | Rake $1.73 
Board [5h 4d Jd 3c 8d]
Seat 1: bugi15 (button) mucked
Seat 2: sta$igk (small blind) folded before Flop
Seat 3: 2g00d4youu (big blind) folded before Flop
Seat 4: AIien Hand showed [Kc Jc] and won ($32.79) with a pair of Jacks
Seat 5: BoyLoc0 folded before Flop (didn't bet)
Seat 6: kzoide folded before Flop (didn't bet)



PokerStars Hand #254532113613:  Hold'em No Limit ($0.50/$1.00 USD) - 2025/01/24 18:07:31 WET [2025/01/24 13:07:31 ET]
Table 'Atami IV' 6-max Seat #2 is the button
Seat 1: bugi15 ($190.88 in chips) 
Seat 2: sta$igk ($100 in chips) 
Seat 3: 2g00d4youu ($100 in chips) 
Seat 4: AIien Hand ($118.74 in chips) 
Seat 5: BoyLoc0 ($142.81 in chips) 
Seat 6: kzoide ($103.50 in chips) 
2g00d4youu: posts small blind $0.50
AIien Hand: posts big blind $1
*** HOLE CARDS ***
BoyLoc0: folds 
kzoide: folds 
bugi15: folds 
sta$igk: raises $1.50 to $2.50
2g00d4youu: folds 
AIien Hand: calls $1.50
*** FLOP *** [Kd 6d 2d]
AIien Hand: checks 
sta$igk: bets $1.72
AIien Hand: calls $1.72
*** TURN *** [Kd 6d 2d] [3d]
AIien Hand: checks 
sta$igk: bets $6.37
AIien Hand: folds 
Uncalled bet ($6.37) returned to sta$igk
sta$igk collected $8.49 from pot
sta$igk: doesn't show hand 
*** SUMMARY ***
Total pot $8.94 | Rake $0.45 
Board [Kd 6d 2d 3d]
Seat 1: bugi15 folded before Flop (didn't bet)
Seat 2: sta$igk (button) collected ($8.49)
Seat 3: 2g00d4youu (small blind) folded before Flop
Seat 4: AIien Hand (big blind) folded on the Turn
Seat 5: BoyLoc0 folded before Flop (didn't bet)
Seat 6: kzoide folded before Flop (didn't bet)



PokerStars Hand #254532130759:  Hold'em No Limit ($0.50/$1.00 USD) - 2025/01/24 18:08:36 WET [2025/01/24 13:08:36 ET]
Table 'Atami IV' 6-max Seat #3 is the button
Seat 1: bugi15 ($190.88 in chips) 
Seat 2: sta$igk ($104.27 in chips) 
Seat 3: 2g00d4youu ($100 in chips) 
Seat 4: AIien Hand ($114.52 in chips) 
Seat 5: BoyLoc0 ($142.81 in chips) 
Seat 6: kzoide ($103.50 in chips) 
AIien Hand: posts small blind $0.50
BoyLoc0: posts big blind $1
*** HOLE CARDS ***
kzoide: raises $1 to $2
bugi15: folds 
sta$igk: folds 
2g00d4youu: folds 
AIien Hand: folds 
BoyLoc0: folds 
Uncalled bet ($1) returned to kzoide
kzoide collected $2.50 from pot
kzoide: doesn't show hand 
*** SUMMARY ***
Total pot $2.50 | Rake $0 
Seat 1: bugi15 folded before Flop (didn't bet)
Seat 2: sta$igk folded before Flop (didn't bet)
Seat 3: 2g00d4youu (button) folded before Flop (didn't bet)
Seat 4: AIien Hand (small blind) folded before Flop
Seat 5: BoyLoc0 (big blind) folded before Flop
Seat 6: kzoide collected ($2.50)



PokerStars Hand #254532135264:  Hold'em No Limit ($0.50/$1.00 USD) - 2025/01/24 18:08:54 WET [2025/01/24 13:08:54 ET]
Table 'Atami IV' 6-max Seat #4 is the button
Seat 1: bugi15 ($190.88 in chips) 
Seat 2: sta$igk ($104.27 in chips) 
Seat 3: 2g00d4youu ($100 in chips) 
Seat 4: AIien Hand ($114.02 in chips) 
Seat 5: BoyLoc0 ($141.81 in chips) 
Seat 6: kzoide ($105 in chips) 
BoyLoc0: posts small blind $0.50
kzoide: posts big blind $1
*** HOLE CARDS ***
bugi15: raises $2 to $3
sta$igk: folds 
2g00d4youu: folds 
AIien Hand: folds 
BoyLoc0: folds 
kzoide: folds 
Uncalled bet ($2) returned to bugi15
bugi15 collected $2.50 from pot
bugi15: doesn't show hand 
*** SUMMARY ***
Total pot $2.50 | Rake $0 
Seat 1: bugi15 collected ($2.50)
Seat 2: sta$igk folded before Flop (didn't bet)
Seat 3: 2g00d4youu folded before Flop (didn't bet)
Seat 4: AIien Hand (button) folded before Flop (didn't bet)
Seat 5: BoyLoc0 (small blind) folded before Flop
Seat 6: kzoide (big blind) folded before Flop



PokerStars Hand #254532143181:  Hold'em No Limit ($0.50/$1.00 USD) - 2025/01/24 18:09:24 WET [2025/01/24 13:09:24 ET]
Table 'Atami IV' 6-max Seat #5 is the button
Seat 1: bugi15 ($192.38 in chips) 
Seat 2: sta$igk ($104.27 in chips) 
Seat 3: 2g00d4youu ($100 in chips) 
Seat 4: AIien Hand ($114.02 in chips) 
Seat 5: BoyLoc0 ($141.31 in chips) 
Seat 6: kzoide ($104 in chips) 
kzoide: posts small blind $0.50
bugi15: posts big blind $1
*** HOLE CARDS ***
sta$igk: folds 
2g00d4youu: folds 
AIien Hand: folds 
BoyLoc0: folds 
kzoide: folds 
Uncalled bet ($0.50) returned to bugi15
bugi15 collected $1 from pot
bugi15: doesn't show hand 
*** SUMMARY ***
Total pot $1 | Rake $0 
Seat 1: bugi15 (big blind) collected ($1)
Seat 2: sta$igk folded before Flop (didn't bet)
Seat 3: 2g00d4youu folded before Flop (didn't bet)
Seat 4: AIien Hand folded before Flop (didn't bet)
Seat 5: BoyLoc0 (button) folded before Flop (didn't bet)
Seat 6: kzoide (small blind) folded before Flop



PokerStars Hand #254532152370:  Hold'em No Limit ($0.50/$1.00 USD) - 2025/01/24 18:09:59 WET [2025/01/24 13:09:59 ET]
Table 'Atami IV' 6-max Seat #6 is the button
Seat 1: bugi15 ($192.88 in chips) 
Seat 2: sta$igk ($104.27 in chips) 
Seat 3: 2g00d4youu ($100 in chips) 
Seat 4: AIien Hand ($114.02 in chips) 
Seat 5: BoyLoc0 ($141.31 in chips) 
Seat 6: kzoide ($103.50 in chips) 
bugi15: posts small blind $0.50
sta$igk: posts big blind $1
*** HOLE CARDS ***
2g00d4youu: folds 
AIien Hand: folds 
BoyLoc0: raises $1.50 to $2.50
kzoide: folds 
bugi15: calls $2
sta$igk: calls $1.50
*** FLOP *** [4d 5d 8d]
bugi15: checks 
sta$igk: bets $1.78
BoyLoc0: folds 
bugi15: calls $1.78
*** TURN *** [4d 5d 8d] [3d]
bugi15: checks 
sta$igk: bets $2.63
bugi15: calls $2.63
*** RIVER *** [4d 5d 8d 3d] [6c]
bugi15: checks 
sta$igk: bets $19.38
bugi15: folds 
Uncalled bet ($19.38) returned to sta$igk
sta$igk collected $15.50 from pot
sta$igk: doesn't show hand 
*** SUMMARY ***
Total pot $16.32 | Rake $0.82 
Board [4d 5d 8d 3d 6c]
Seat 1: bugi15 (small blind) folded on the River
Seat 2: sta$igk (big blind) collected ($15.50)
Seat 3: 2g00d4youu folded before Flop (didn't bet)
Seat 4: AIien Hand folded before Flop (didn't bet)
Seat 5: BoyLoc0 folded on the Flop
Seat 6: kzoide (button) folded before Flop (didn't bet)



PokerStars Hand #254532178116:  Hold'em No Limit ($0.50/$1.00 USD) - 2025/01/24 18:11:37 WET [2025/01/24 13:11:37 ET]
Table 'Atami IV' 6-max Seat #1 is the button
Seat 1: bugi15 ($185.97 in chips) 
Seat 2: sta$igk ($112.86 in chips) 
Seat 3: 2g00d4youu ($100 in chips) 
Seat 4: AIien Hand ($114.02 in chips) 
Seat 5: BoyLoc0 ($138.81 in chips) 
Seat 6: kzoide ($103.50 in chips) 
sta$igk: posts small blind $0.50
2g00d4youu: posts big blind $1
*** HOLE CARDS ***
AIien Hand: folds 
BoyLoc0: folds 
kzoide: folds 
bugi15: folds 
sta$igk: raises $2 to $3
2g00d4youu: calls $2
*** FLOP *** [5s Qs 3d]
sta$igk: bets $1.88
2g00d4youu: raises $5.20 to $7.08
sta$igk: folds 
Uncalled bet ($5.20) returned to 2g00d4youu
2g00d4youu collected $9.27 from pot
2g00d4youu: doesn't show hand 
*** SUMMARY ***
Total pot $9.76 | Rake $0.49 
Board [5s Qs 3d]
Seat 1: bugi15 (button) folded before Flop (didn't bet)
Seat 2: sta$igk (small blind) folded on the Flop
Seat 3: 2g00d4youu (big blind) collected ($9.27)
Seat 4: AIien Hand folded before Flop (didn't bet)
Seat 5: BoyLoc0 folded before Flop (didn't bet)
Seat 6: kzoide folded before Flop (didn't bet)



PokerStars Hand #254532192215:  Hold'em No Limit ($0.50/$1.00 USD) - 2025/01/24 18:12:30 WET [2025/01/24 13:12:30 ET]
Table 'Atami IV' 6-max Seat #2 is the button
Seat 1: bugi15 ($185.97 in chips) 
Seat 2: sta$igk ($107.98 in chips) 
Seat 3: 2g00d4youu ($104.39 in chips) 
Seat 4: AIien Hand ($114.02 in chips) 
Seat 5: BoyLoc0 ($138.81 in chips) 
Seat 6: kzoide ($103.50 in chips) 
2g00d4youu: posts small blind $0.50
AIien Hand: posts big blind $1
*** HOLE CARDS ***
BoyLoc0: raises $1.50 to $2.50
kzoide: folds 
bugi15: folds 
sta$igk: raises $5.50 to $8
2g00d4youu: folds 
AIien Hand: folds 
BoyLoc0: calls $5.50
*** FLOP *** [2d Td Tc]
BoyLoc0: checks 
sta$igk: bets $5.48
BoyLoc0: folds 
Uncalled bet ($5.48) returned to sta$igk
sta$igk collected $16.62 from pot
sta$igk: doesn't show hand 
*** SUMMARY ***
Total pot $17.50 | Rake $0.88 
Board [2d Td Tc]
Seat 1: bugi15 folded before Flop (didn't bet)
Seat 2: sta$igk (button) collected ($16.62)
Seat 3: 2g00d4youu (small blind) folded before Flop
Seat 4: AIien Hand (big blind) folded before Flop
Seat 5: BoyLoc0 folded on the Flop
Seat 6: kzoide folded before Flop (didn't bet)



PokerStars Hand #254532206096:  Hold'em No Limit ($0.50/$1.00 USD) - 2025/01/24 18:13:22 WET [2025/01/24 13:13:22 ET]
Table 'Atami IV' 6-max Seat #3 is the button
Seat 1: bugi15 ($185.97 in chips) 
Seat 2: sta$igk ($116.60 in chips) 
Seat 3: 2g00d4youu ($103.89 in chips) 
Seat 4: AIien Hand ($113.02 in chips) 
Seat 5: BoyLoc0 ($130.81 in chips) 
Seat 6: kzoide ($103.50 in chips) 
AIien Hand: posts small blind $0.50
BoyLoc0: posts big blind $1
*** HOLE CARDS ***
kzoide: folds 
bugi15: folds 
sta$igk: folds 
2g00d4youu: folds 
AIien Hand: folds 
Uncalled bet ($0.50) returned to BoyLoc0
BoyLoc0 collected $1 from pot
BoyLoc0: doesn't show hand 
*** SUMMARY ***
Total pot $1 | Rake $0 
Seat 1: bugi15 folded before Flop (didn't bet)
Seat 2: sta$igk folded before Flop (didn't bet)
Seat 3: 2g00d4youu (button) folded before Flop (didn't bet)
Seat 4: AIien Hand (small blind) folded before Flop
Seat 5: BoyLoc0 (big blind) collected ($1)
Seat 6: kzoide folded before Flop (didn't bet)



PokerStars Hand #254532212044:  Hold'em No Limit ($0.50/$1.00 USD) - 2025/01/24 18:13:44 WET [2025/01/24 13:13:44 ET]
Table 'Atami IV' 6-max Seat #4 is the button
Seat 1: bugi15 ($185.97 in chips) 
Seat 2: sta$igk ($116.60 in chips) 
Seat 3: 2g00d4youu ($103.89 in chips) 
Seat 4: AIien Hand ($112.52 in chips) 
Seat 5: BoyLoc0 ($131.31 in chips) 
Seat 6: kzoide ($103.50 in chips) 
BoyLoc0: posts small blind $0.50
kzoide: posts big blind $1
*** HOLE CARDS ***
bugi15: folds 
sta$igk: folds 
2g00d4youu: folds 
AIien Hand: folds 
BoyLoc0: raises $2 to $3
kzoide: folds 
Uncalled bet ($2) returned to BoyLoc0
BoyLoc0 collected $2 from pot
BoyLoc0: doesn't show hand 
*** SUMMARY ***
Total pot $2 | Rake $0 
Seat 1: bugi15 folded before Flop (didn't bet)
Seat 2: sta$igk folded before Flop (didn't bet)
Seat 3: 2g00d4youu folded before Flop (didn't bet)
Seat 4: AIien Hand (button) folded before Flop (didn't bet)
Seat 5: BoyLoc0 (small blind) collected ($2)
Seat 6: kzoide (big blind) folded before Flop



PokerStars Hand #254532222529:  Hold'em No Limit ($0.50/$1.00 USD) - 2025/01/24 18:14:24 WET [2025/01/24 13:14:24 ET]
Table 'Atami IV' 6-max Seat #5 is the button
Seat 1: bugi15 ($185.97 in chips) 
Seat 2: sta$igk ($116.60 in chips) 
Seat 3: 2g00d4youu ($103.89 in chips) 
Seat 4: AIien Hand ($112.52 in chips) 
Seat 5: BoyLoc0 ($132.31 in chips) 
Seat 6: kzoide ($102.50 in chips) 
kzoide: posts small blind $0.50
bugi15: posts big blind $1
*** HOLE CARDS ***
sta$igk: folds 
2g00d4youu: folds 
AIien Hand: folds 
BoyLoc0: raises $1.50 to $2.50
kzoide: folds 
bugi15: raises $5.50 to $8
BoyLoc0: raises $16.50 to $24.50
bugi15: calls $16.50
*** FLOP *** [2c Js 7s]
bugi15: checks 
BoyLoc0: bets $23.51
bugi15: folds 
Uncalled bet ($23.51) returned to BoyLoc0
BoyLoc0 collected $47.02 from pot
BoyLoc0: doesn't show hand 
*** SUMMARY ***
Total pot $49.50 | Rake $2.48 
Board [2c Js 7s]
Seat 1: bugi15 (big blind) folded on the Flop
Seat 2: sta$igk folded before Flop (didn't bet)
Seat 3: 2g00d4youu folded before Flop (didn't bet)
Seat 4: AIien Hand folded before Flop (didn't bet)
Seat 5: BoyLoc0 (button) collected ($47.02)
Seat 6: kzoide (small blind) folded before Flop



PokerStars Hand #254532239462:  Hold'em No Limit ($0.50/$1.00 USD) - 2025/01/24 18:15:28 WET [2025/01/24 13:15:28 ET]
Table 'Atami IV' 6-max Seat #6 is the button
Seat 1: bugi15 ($161.47 in chips) is sitting out
Seat 2: sta$igk ($116.60 in chips) 
Seat 3: 2g00d4youu ($103.89 in chips) 
Seat 4: AIien Hand ($112.52 in chips) 
Seat 5: BoyLoc0 ($154.83 in chips) 
Seat 6: kzoide ($102 in chips) 
sta$igk: posts small blind $0.50
2g00d4youu: posts big blind $1
*** HOLE CARDS ***
bugi15 leaves the table
AIien Hand: folds 
BoyLoc0: folds 
kzoide: raises $1.25 to $2.25
sta$igk: folds 
2g00d4youu: folds 
Uncalled bet ($1.25) returned to kzoide
kzoide collected $2.50 from pot
kzoide: doesn't show hand 
*** SUMMARY ***
Total pot $2.50 | Rake $0 
Seat 1: bugi15
Seat 2: sta$igk (small blind) folded before Flop
Seat 3: 2g00d4youu (big blind) folded before Flop
Seat 4: AIien Hand folded before Flop (didn't bet)
Seat 5: BoyLoc0 folded before Flop (didn't bet)
Seat 6: kzoide (button) collected ($2.50)



PokerStars Hand #254532243653:  Hold'em No Limit ($0.50/$1.00 USD) - 2025/01/24 18:15:44 WET [2025/01/24 13:15:44 ET]
Table 'Atami IV' 6-max Seat #2 is the button
Seat 2: sta$igk ($116.10 in chips) 
Seat 3: 2g00d4youu ($102.89 in chips) 
Seat 4: AIien Hand ($112.52 in chips) 
Seat 5: BoyLoc0 ($154.83 in chips) 
Seat 6: kzoide ($103.50 in chips) 
2g00d4youu: posts small blind $0.50
AIien Hand: posts big blind $1
*** HOLE CARDS ***
BoyLoc0: folds 
kzoide: folds 
sta$igk: folds 
2g00d4youu: folds 
Uncalled bet ($0.50) returned to AIien Hand
AIien Hand collected $1 from pot
AIien Hand: doesn't show hand 
*** SUMMARY ***
Total pot $1 | Rake $0 
Seat 2: sta$igk (button) folded before Flop (didn't bet)
Seat 3: 2g00d4youu (small blind) folded before Flop
Seat 4: AIien Hand (big blind) collected ($1)
Seat 5: BoyLoc0 folded before Flop (didn't bet)
Seat 6: kzoide folded before Flop (didn't bet)



PokerStars Hand #254532246281:  Hold'em No Limit ($0.50/$1.00 USD) - 2025/01/24 18:15:53 WET [2025/01/24 13:15:53 ET]
Table 'Atami IV' 6-max Seat #3 is the button
Seat 2: sta$igk ($116.10 in chips) 
Seat 3: 2g00d4youu ($102.39 in chips) 
Seat 4: AIien Hand ($113.02 in chips) 
Seat 5: BoyLoc0 ($154.83 in chips) 
Seat 6: kzoide ($103.50 in chips) 
AIien Hand: posts small blind $0.50
BoyLoc0: posts big blind $1
*** HOLE CARDS ***
michasia joins the table at seat #1 
kzoide: raises $1 to $2
sta$igk: folds 
2g00d4youu: folds 
AIien Hand: folds 
BoyLoc0: calls $1
*** FLOP *** [Ah 4c 2d]
BoyLoc0: checks 
kzoide: checks 
*** TURN *** [Ah 4c 2d] [Js]
BoyLoc0: checks 
kzoide: bets $6.42
BoyLoc0: folds 
Uncalled bet ($6.42) returned to kzoide
kzoide collected $4.28 from pot
kzoide: doesn't show hand 
*** SUMMARY ***
Total pot $4.50 | Rake $0.22 
Board [Ah 4c 2d Js]
Seat 2: sta$igk folded before Flop (didn't bet)
Seat 3: 2g00d4youu (button) folded before Flop (didn't bet)
Seat 4: AIien Hand (small blind) folded before Flop
Seat 5: BoyLoc0 (big blind) folded on the Turn
Seat 6: kzoide collected ($4.28)



PokerStars Hand #254532262374:  Hold'em No Limit ($0.50/$1.00 USD) - 2025/01/24 18:16:54 WET [2025/01/24 13:16:54 ET]
Table 'Atami IV' 6-max Seat #4 is the button
Seat 1: michasia ($100 in chips) is sitting out
Seat 2: sta$igk ($116.10 in chips) 
Seat 3: 2g00d4youu ($102.39 in chips) 
Seat 4: AIien Hand ($112.52 in chips) 
Seat 5: BoyLoc0 ($152.83 in chips) 
Seat 6: kzoide ($105.78 in chips) 
BoyLoc0: posts small blind $0.50
kzoide: posts big blind $1
michasia: sits out 
*** HOLE CARDS ***
sta$igk: folds 
2g00d4youu: folds 
AIien Hand: folds 
BoyLoc0: folds 
Uncalled bet ($0.50) returned to kzoide
kzoide collected $1 from pot
kzoide: doesn't show hand 
*** SUMMARY ***
Total pot $1 | Rake $0 
Seat 1: michasia
Seat 2: sta$igk folded before Flop (didn't bet)
Seat 3: 2g00d4youu folded before Flop (didn't bet)
Seat 4: AIien Hand (button) folded before Flop (didn't bet)
Seat 5: BoyLoc0 (small blind) folded before Flop
Seat 6: kzoide (big blind) collected ($1)



PokerStars Hand #254532264470:  Hold'em No Limit ($0.50/$1.00 USD) - 2025/01/24 18:17:02 WET [2025/01/24 13:17:02 ET]
Table 'Atami IV' 6-max Seat #5 is the button
Seat 1: michasia ($100 in chips) 
Seat 2: sta$igk ($116.10 in chips) 
Seat 3: 2g00d4youu ($102.39 in chips) 
Seat 4: AIien Hand ($112.52 in chips) 
Seat 5: BoyLoc0 ($152.33 in chips) 
Seat 6: kzoide ($106.28 in chips) 
kzoide: posts small blind $0.50
michasia: posts big blind $1
*** HOLE CARDS ***
sta$igk: folds 
2g00d4youu: folds 
AIien Hand: folds 
BoyLoc0: raises $1.50 to $2.50
kzoide: folds 
michasia: folds 
Uncalled bet ($1.50) returned to BoyLoc0
BoyLoc0 collected $2.50 from pot
BoyLoc0: doesn't show hand 
*** SUMMARY ***
Total pot $2.50 | Rake $0 
Seat 1: michasia (big blind) folded before Flop
Seat 2: sta$igk folded before Flop (didn't bet)
Seat 3: 2g00d4youu folded before Flop (didn't bet)
Seat 4: AIien Hand folded before Flop (didn't bet)
Seat 5: BoyLoc0 (button) collected ($2.50)
Seat 6: kzoide (small blind) folded before Flop



PokerStars Hand #254532269492:  Hold'em No Limit ($0.50/$1.00 USD) - 2025/01/24 18:17:20 WET [2025/01/24 13:17:20 ET]
Table 'Atami IV' 6-max Seat #6 is the button
Seat 2: sta$igk ($116.10 in chips) is sitting out
Seat 3: 2g00d4youu ($102.39 in chips) is sitting out
Seat 1: michasia ($100 in chips) 
Seat 4: AIien Hand ($112.52 in chips) 
Seat 5: BoyLoc0 ($153.83 in chips) 
Seat 6: kzoide ($105.78 in chips) 
michasia: posts small blind $0.50
sta$igk: is sitting out 
2g00d4youu: is sitting out 
AIien Hand: posts big blind $1
*** HOLE CARDS ***
2g00d4youu leaves the table
sta$igk leaves the table
BoyLoc0: folds 
kzoide: raises $1.30 to $2.30
michasia: folds 
BoyLoc0 leaves the table
AIien Hand: folds 
Uncalled bet ($1.30) returned to kzoide
kzoide collected $2.50 from pot
kzoide: doesn't show hand 
*** SUMMARY ***
Total pot $2.50 | Rake $0 
Seat 2: sta$igk
Seat 3: 2g00d4youu
Seat 1: michasia (small blind) folded before Flop
Seat 4: AIien Hand (big blind) folded before Flop
Seat 5: BoyLoc0 folded before Flop (didn't bet)
Seat 6: kzoide (button) collected ($2.50)



PokerStars Hand #254532275389:  Hold'em No Limit ($0.50/$1.00 USD) - 2025/01/24 18:17:42 WET [2025/01/24 13:17:42 ET]
Table 'Atami IV' 6-max Seat #1 is the button
Seat 1: michasia ($100 in chips) 
Seat 4: AIien Hand ($111.52 in chips) 
Seat 6: kzoide ($107.28 in chips) 
AIien Hand: posts small blind $0.50
kzoide: posts big blind $1
*** HOLE CARDS ***
michasia: folds 
AIien Hand: folds 
Uncalled bet ($0.50) returned to kzoide
kzoide collected $1 from pot
kzoide: doesn't show hand 
*** SUMMARY ***
Total pot $1 | Rake $0 
Seat 1: michasia (button) folded before Flop (didn't bet)
Seat 4: AIien Hand (small blind) folded before Flop
Seat 6: kzoide (big blind) collected ($1)



PokerStars Hand #254532277800:  Hold'em No Limit ($0.50/$1.00 USD) - 2025/01/24 18:17:51 WET [2025/01/24 13:17:51 ET]
Table 'Atami IV' 6-max Seat #6 is the button
Seat 1: michasia ($100 in chips) is sitting out
Seat 4: AIien Hand ($111.02 in chips) 
Seat 6: kzoide ($107.78 in chips) 
kzoide: posts small blind $0.50
michasia: is sitting out 
AIien Hand: posts big blind $1
*** HOLE CARDS ***
michasia leaves the table
kzoide: raises $1 to $2
AIien Hand: calls $1
*** FLOP *** [Ah 3c Tc]
AIien Hand: checks 
michasia joins the table at seat #2 
kzoide: bets $1.25
AIien Hand: calls $1.25
*** TURN *** [Ah 3c Tc] [6c]
AIien Hand: checks 
kzoide: bets $5.56
AIien Hand: folds 
Uncalled bet ($5.56) returned to kzoide
kzoide collected $6.18 from pot
kzoide: doesn't show hand 
*** SUMMARY ***
Total pot $6.50 | Rake $0.32 
Board [Ah 3c Tc 6c]
Seat 1: michasia
Seat 4: AIien Hand (big blind) folded on the Turn
Seat 6: kzoide (button) (small blind) collected ($6.18)



PokerStars Hand #254532291436:  Hold'em No Limit ($0.50/$1.00 USD) - 2025/01/24 18:18:42 WET [2025/01/24 13:18:42 ET]
Table 'Atami IV' 6-max Seat #4 is the button
Seat 2: michasia ($100 in chips) 
Seat 4: AIien Hand ($107.77 in chips) 
Seat 6: kzoide ($110.71 in chips) 
kzoide: posts small blind $0.50
michasia: posts big blind $1
*** HOLE CARDS ***
AIien Hand: raises $1.50 to $2.50
kzoide: folds 
michasia: calls $1.50
*** FLOP *** [2c 5h 6c]
michasia: checks 
AIien Hand: checks 
*** TURN *** [2c 5h 6c] [As]
michasia: checks 
AIien Hand: bets $1.57
michasia: folds 
Uncalled bet ($1.57) returned to AIien Hand
AIien Hand collected $5.22 from pot
AIien Hand: doesn't show hand 
*** SUMMARY ***
Total pot $5.50 | Rake $0.28 
Board [2c 5h 6c As]
Seat 2: michasia (big blind) folded on the Turn
Seat 4: AIien Hand (button) collected ($5.22)
Seat 6: kzoide (small blind) folded before Flop



PokerStars Hand #254532302564:  Hold'em No Limit ($0.50/$1.00 USD) - 2025/01/24 18:19:23 WET [2025/01/24 13:19:23 ET]
Table 'Atami IV' 6-max Seat #6 is the button
Seat 2: michasia ($100 in chips) 
Seat 4: AIien Hand ($110.49 in chips) 
Seat 6: kzoide ($110.21 in chips) 
michasia: posts small blind $0.50
AIien Hand: posts big blind $1
*** HOLE CARDS ***
kzoide: folds 
michasia: folds 
Uncalled bet ($0.50) returned to AIien Hand
AIien Hand collected $1 from pot
AIien Hand: doesn't show hand 
*** SUMMARY ***
Total pot $1 | Rake $0 
Seat 2: michasia (small blind) folded before Flop
Seat 4: AIien Hand (big blind) collected ($1)
Seat 6: kzoide (button) folded before Flop (didn't bet)



PokerStars Hand #254532305233:  Hold'em No Limit ($0.50/$1.00 USD) - 2025/01/24 18:19:33 WET [2025/01/24 13:19:33 ET]
Table 'Atami IV' 6-max Seat #2 is the button
Seat 2: michasia ($100 in chips) 
Seat 4: AIien Hand ($110.99 in chips) 
Seat 6: kzoide ($110.21 in chips) 
AIien Hand: posts small blind $0.50
kzoide: posts big blind $1
*** HOLE CARDS ***
michasia: folds 
AIien Hand: raises $2 to $3
kzoide: calls $2
*** FLOP *** [4h 3s 6h]
AIien Hand: checks 
kzoide: checks 
*** TURN *** [4h 3s 6h] [Kc]
AIien Hand: bets $3.14
kzoide: folds 
Uncalled bet ($3.14) returned to AIien Hand
AIien Hand collected $5.70 from pot
AIien Hand: doesn't show hand 
*** SUMMARY ***
Total pot $6 | Rake $0.30 
Board [4h 3s 6h Kc]
Seat 2: michasia (button) folded before Flop (didn't bet)
Seat 4: AIien Hand (small blind) collected ($5.70)
Seat 6: kzoide (big blind) folded on the Turn



PokerStars Hand #254532320641:  Hold'em No Limit ($0.50/$1.00 USD) - 2025/01/24 18:20:30 WET [2025/01/24 13:20:30 ET]
Table 'Atami IV' 6-max Seat #4 is the button
Seat 2: michasia ($100 in chips) 
Seat 4: AIien Hand ($113.69 in chips) 
Seat 6: kzoide ($107.21 in chips) 
kzoide: posts small blind $0.50
michasia: posts big blind $1
*** HOLE CARDS ***
AIien Hand: raises $1.50 to $2.50
kzoide: folds 
michasia: folds 
Uncalled bet ($1.50) returned to AIien Hand
AIien Hand collected $2.50 from pot
AIien Hand: doesn't show hand 
*** SUMMARY ***
Total pot $2.50 | Rake $0 
Seat 2: michasia (big blind) folded before Flop
Seat 4: AIien Hand (button) collected ($2.50)
Seat 6: kzoide (small blind) folded before Flop



PokerStars Hand #254532324931:  Hold'em No Limit ($0.50/$1.00 USD) - 2025/01/24 18:20:47 WET [2025/01/24 13:20:47 ET]
Table 'Atami IV' 6-max Seat #6 is the button
Seat 2: michasia ($100 in chips) 
Seat 4: AIien Hand ($115.19 in chips) 
Seat 6: kzoide ($106.71 in chips) 
michasia: posts small blind $0.50
AIien Hand: posts big blind $1
*** HOLE CARDS ***
kzoide: raises $1.25 to $2.25
michasia: raises $8.75 to $11
AIien Hand: folds 
kzoide: calls $8.75
*** FLOP *** [3h 5h 6c]
michasia: checks 
kzoide: checks 
*** TURN *** [3h 5h 6c] [7h]
michasia: checks 
kzoide: checks 
*** RIVER *** [3h 5h 6c 7h] [Qh]
michasia: checks 
kzoide: checks 
*** SHOW DOWN ***
michasia: shows [Jd Ad] (high card Ace)
kzoide: shows [7s 8s] (a pair of Sevens)
kzoide collected $22 from pot
*** SUMMARY ***
Total pot $23 | Rake $1 
Board [3h 5h 6c 7h Qh]
Seat 2: michasia (small blind) showed [Jd Ad] and lost with high card Ace
Seat 4: AIien Hand (big blind) folded before Flop
Seat 6: kzoide (button) showed [7s 8s] and won ($22) with a pair of Sevens



PokerStars Hand #254532338552:  Hold'em No Limit ($0.50/$1.00 USD) - 2025/01/24 18:21:37 WET [2025/01/24 13:21:37 ET]
Table 'Atami IV' 6-max Seat #2 is the button
Seat 2: michasia ($100 in chips) 
Seat 4: AIien Hand ($114.19 in chips) 
Seat 6: kzoide ($117.71 in chips) 
AIien Hand: posts small blind $0.50
kzoide: posts big blind $1
*** HOLE CARDS ***
michasia: folds 
AIien Hand: raises $2 to $3
kzoide: folds 
Uncalled bet ($2) returned to AIien Hand
AIien Hand collected $2 from pot
AIien Hand: doesn't show hand 
*** SUMMARY ***
Total pot $2 | Rake $0 
Seat 2: michasia (button) folded before Flop (didn't bet)
Seat 4: AIien Hand (small blind) collected ($2)
Seat 6: kzoide (big blind) folded before Flop



PokerStars Hand #254532343159:  Hold'em No Limit ($0.50/$1.00 USD) - 2025/01/24 18:21:54 WET [2025/01/24 13:21:54 ET]
Table 'Atami IV' 6-max Seat #4 is the button
Seat 2: michasia ($100 in chips) 
Seat 4: AIien Hand ($115.19 in chips) 
Seat 6: kzoide ($116.71 in chips) 
kzoide: posts small blind $0.50
michasia: posts big blind $1
*** HOLE CARDS ***
AIien Hand: raises $1.50 to $2.50
kzoide: folds 
michasia: raises $9.50 to $12
AIien Hand: folds 
Uncalled bet ($9.50) returned to michasia
michasia collected $5.50 from pot
michasia: doesn't show hand 
*** SUMMARY ***
Total pot $5.50 | Rake $0 
Seat 2: michasia (big blind) collected ($5.50)
Seat 4: AIien Hand (button) folded before Flop
Seat 6: kzoide (small blind) folded before Flop



PokerStars Hand #254532349349:  Hold'em No Limit ($0.50/$1.00 USD) - 2025/01/24 18:22:17 WET [2025/01/24 13:22:17 ET]
Table 'Atami IV' 6-max Seat #6 is the button
Seat 2: michasia ($103 in chips) 
Seat 4: AIien Hand ($112.69 in chips) 
Seat 6: kzoide ($116.21 in chips) 
michasia: posts small blind $0.50
AIien Hand: posts big blind $1
*** HOLE CARDS ***
kzoide: folds 
michasia: raises $2 to $3
AIien Hand: raises $6 to $9
michasia: calls $6
*** FLOP *** [Ts Th Qc]
michasia: checks 
AIien Hand: checks 
*** TURN *** [Ts Th Qc] [Kh]
michasia: checks 
AIien Hand: bets $5.13
michasia: calls $5.13
*** RIVER *** [Ts Th Qc Kh] [Js]
michasia: checks 
AIien Hand: checks 
*** SHOW DOWN ***
michasia: shows [Kd Qd] (two pair, Kings and Queens)
AIien Hand: shows [4d Td] (three of a kind, Tens)
AIien Hand collected $27.26 from pot
*** SUMMARY ***
Total pot $28.26 | Rake $1 
Board [Ts Th Qc Kh Js]
Seat 2: michasia (small blind) showed [Kd Qd] and lost with two pair, Kings and Queens
Seat 4: AIien Hand (big blind) showed [4d Td] and won ($27.26) with three of a kind, Tens
Seat 6: kzoide (button) folded before Flop (didn't bet)



PokerStars Hand #254532368234:  Hold'em No Limit ($0.50/$1.00 USD) - 2025/01/24 18:23:25 WET [2025/01/24 13:23:25 ET]
Table 'Atami IV' 6-max Seat #4 is the button
Seat 4: AIien Hand ($125.82 in chips) 
Seat 6: kzoide ($116.21 in chips) 
AIien Hand: posts small blind $0.50
kzoide: posts big blind $1
*** HOLE CARDS ***
AIien Hand: raises $1.50 to $2.50
nastja336 joins the table at seat #2 
kzoide: raises $8.50 to $11
EvilReality joins the table at seat #5 
blackclan7 joins the table at seat #3 
AIien Hand: folds 
Uncalled bet ($8.50) returned to kzoide
kzoide collected $5 from pot
kzoide: doesn't show hand 
*** SUMMARY ***
Total pot $5 | Rake $0 
Seat 4: AIien Hand (button) (small blind) folded before Flop
Seat 6: kzoide (big blind) collected ($5)



PokerStars Hand #254532373613:  Hold'em No Limit ($0.50/$1.00 USD) - 2025/01/24 18:23:45 WET [2025/01/24 13:23:45 ET]
Table 'Atami IV' 6-max Seat #6 is the button
Seat 2: nastja336 ($100 in chips) is sitting out
Seat 3: blackclan7 ($100 in chips) is sitting out
Seat 4: AIien Hand ($123.32 in chips) 
Seat 5: EvilReality ($108 in chips) 
Seat 6: kzoide ($118.71 in chips) 
AIien Hand: posts small blind $0.50
EvilReality: posts big blind $1
*** HOLE CARDS ***
brazvan26605 joins the table at seat #1 
brazvan26605 is disconnected 
kzoide: folds 
AIien Hand: raises $2 to $3
EvilReality: folds 
Uncalled bet ($2) returned to AIien Hand
AIien Hand collected $2 from pot
AIien Hand: doesn't show hand 
*** SUMMARY ***
Total pot $2 | Rake $0 
Seat 2: nastja336
Seat 3: blackclan7
Seat 4: AIien Hand (small blind) collected ($2)
Seat 5: EvilReality (big blind) folded before Flop
Seat 6: kzoide (button) folded before Flop (didn't bet)



PokerStars Hand #254532378613:  Hold'em No Limit ($0.50/$1.00 USD) - 2025/01/24 18:24:03 WET [2025/01/24 13:24:03 ET]
Table 'Atami IV' 6-max Seat #4 is the button
Seat 2: nastja336 ($100 in chips) is sitting out
Seat 3: blackclan7 ($100 in chips) is sitting out
Seat 1: brazvan26605 ($50.70 in chips) 
Seat 4: AIien Hand ($124.32 in chips) 
Seat 5: EvilReality ($107 in chips) 
Seat 6: kzoide ($118.71 in chips) 
EvilReality: posts small blind $0.50
kzoide: posts big blind $1
brazvan26605: posts big blind $1
nastja336: sits out 
blackclan7: sits out 
*** HOLE CARDS ***
brazvan26605: checks 
AIien Hand: folds 
EvilReality: folds 
kzoide: raises $3.50 to $4.50
brazvan26605: folds 
Uncalled bet ($3.50) returned to kzoide
kzoide collected $2.50 from pot
kzoide: doesn't show hand 
*** SUMMARY ***
Total pot $2.50 | Rake $0 
Seat 2: nastja336
Seat 3: blackclan7
Seat 1: brazvan26605 folded before Flop (didn't bet)
Seat 4: AIien Hand (button) folded before Flop (didn't bet)
Seat 5: EvilReality (small blind) folded before Flop
Seat 6: kzoide (big blind) collected ($2.50)



PokerStars Hand #254532388263:  Hold'em No Limit ($0.50/$1.00 USD) - 2025/01/24 18:24:38 WET [2025/01/24 13:24:38 ET]
Table 'Atami IV' 6-max Seat #5 is the button
Seat 2: nastja336 ($100 in chips) is sitting out
Seat 3: blackclan7 ($100 in chips) is sitting out
Seat 1: brazvan26605 ($49.70 in chips) 
Seat 4: AIien Hand ($124.32 in chips) 
Seat 5: EvilReality ($106.50 in chips) 
Seat 6: kzoide ($120.21 in chips) 
kzoide: posts small blind $0.50
brazvan26605: posts big blind $1
nastja336: sits out 
*** HOLE CARDS ***
AIien Hand: folds 
EvilReality: folds 
kzoide: raises $2 to $3
brazvan26605: calls $2
*** FLOP *** [Kd Th 5h]
kzoide: checks 
brazvan26605: bets $3
kzoide: calls $3
*** TURN *** [Kd Th 5h] [4d]
kzoide: checks 
brazvan26605: checks 
*** RIVER *** [Kd Th 5h 4d] [4c]
kzoide: checks 
brazvan26605: checks 
*** SHOW DOWN ***
kzoide: shows [7d 7h] (two pair, Sevens and Fours)
brazvan26605: mucks hand 
kzoide collected $11.40 from pot
*** SUMMARY ***
Total pot $12 | Rake $0.60 
Board [Kd Th 5h 4d 4c]
Seat 2: nastja336
Seat 3: blackclan7
Seat 1: brazvan26605 (big blind) mucked
Seat 4: AIien Hand folded before Flop (didn't bet)
Seat 5: EvilReality (button) folded before Flop (didn't bet)
Seat 6: kzoide (small blind) showed [7d 7h] and won ($11.40) with two pair, Sevens and Fours



PokerStars Hand #254532403947:  Hold'em No Limit ($0.50/$1.00 USD) - 2025/01/24 18:25:36 WET [2025/01/24 13:25:36 ET]
Table 'Atami IV' 6-max Seat #6 is the button
Seat 3: blackclan7 ($100 in chips) is sitting out
Seat 1: brazvan26605 ($43.70 in chips) 
Seat 2: nastja336 ($100 in chips) 
Seat 4: AIien Hand ($124.32 in chips) 
Seat 5: EvilReality ($106.50 in chips) 
Seat 6: kzoide ($125.61 in chips) 
brazvan26605: posts small blind $0.50
nastja336: posts big blind $1
*** HOLE CARDS ***
AIien Hand: folds 
EvilReality: raises $1.50 to $2.50
kzoide: calls $2.50
brazvan26605: folds 
nastja336: folds 
*** FLOP *** [9s 7c 4s]
brazvan26605 leaves the table
EvilReality: checks 
JUANS2 joins the table at seat #1 
JUANS2 leaves the table
kzoide: bets $2.04
michasia joins the table at seat #1 
EvilReality: calls $2.04
*** TURN *** [9s 7c 4s] [3d]
EvilReality: checks 
kzoide: bets $14.56
EvilReality: raises $20.76 to $35.32
kzoide: folds 
Uncalled bet ($20.76) returned to EvilReality
EvilReality collected $37.72 from pot
EvilReality: doesn't show hand 
*** SUMMARY ***
Total pot $39.70 | Rake $1.98 
Board [9s 7c 4s 3d]
Seat 3: blackclan7
Seat 1: brazvan26605 (small blind) folded before Flop
Seat 2: nastja336 (big blind) folded before Flop
Seat 4: AIien Hand folded before Flop (didn't bet)
Seat 5: EvilReality collected ($37.72)
Seat 6: kzoide (button) folded on the Turn



PokerStars Hand #254532425334:  Hold'em No Limit ($0.50/$1.00 USD) - 2025/01/24 18:26:55 WET [2025/01/24 13:26:55 ET]
Table 'Atami IV' 6-max Seat #2 is the button
Seat 1: michasia ($100 in chips) is sitting out
Seat 3: blackclan7 ($100 in chips) is sitting out
Seat 2: nastja336 ($100 in chips) 
Seat 4: AIien Hand ($124.32 in chips) 
Seat 5: EvilReality ($125.12 in chips) 
Seat 6: kzoide ($106.51 in chips) 
AIien Hand: posts small blind $0.50
EvilReality: posts big blind $1
michasia: sits out 
*** HOLE CARDS ***
kzoide: raises $1 to $2
nastja336: folds 
AIien Hand: folds 
EvilReality: folds 
Uncalled bet ($1) returned to kzoide
kzoide collected $2.50 from pot
kzoide: doesn't show hand 
*** SUMMARY ***
Total pot $2.50 | Rake $0 
Seat 1: michasia
Seat 3: blackclan7
Seat 2: nastja336 (button) folded before Flop (didn't bet)
Seat 4: AIien Hand (small blind) folded before Flop
Seat 5: EvilReality (big blind) folded before Flop
Seat 6: kzoide collected ($2.50)



PokerStars Hand #254532431695:  Hold'em No Limit ($0.50/$1.00 USD) - 2025/01/24 18:27:18 WET [2025/01/24 13:27:18 ET]
Table 'Atami IV' 6-max Seat #4 is the button
Seat 1: michasia ($100 in chips) is sitting out
Seat 3: blackclan7 ($100 in chips) is sitting out
Seat 2: nastja336 ($100 in chips) 
Seat 4: AIien Hand ($123.82 in chips) 
Seat 5: EvilReality ($124.12 in chips) 
Seat 6: kzoide ($108.01 in chips) 
EvilReality: posts small blind $0.50
kzoide: posts big blind $1
michasia: sits out 
*** HOLE CARDS ***
nastja336: folds 
AIien Hand: raises $1.50 to $2.50
EvilReality: folds 
kzoide: folds 
Uncalled bet ($1.50) returned to AIien Hand
AIien Hand collected $2.50 from pot
AIien Hand: doesn't show hand 
*** SUMMARY ***
Total pot $2.50 | Rake $0 
Seat 1: michasia
Seat 3: blackclan7
Seat 2: nastja336 folded before Flop (didn't bet)
Seat 4: AIien Hand (button) collected ($2.50)
Seat 5: EvilReality (small blind) folded before Flop
Seat 6: kzoide (big blind) folded before Flop



PokerStars Hand #254532438581:  Hold'em No Limit ($0.50/$1.00 USD) - 2025/01/24 18:27:44 WET [2025/01/24 13:27:44 ET]
Table 'Atami IV' 6-max Seat #5 is the button
Seat 3: blackclan7 ($100 in chips) is sitting out
Seat 1: michasia ($100 in chips) 
Seat 2: nastja336 ($100 in chips) 
Seat 4: AIien Hand ($125.32 in chips) 
Seat 5: EvilReality ($123.62 in chips) 
Seat 6: kzoide ($107.01 in chips) 
kzoide: posts small blind $0.50
michasia: posts big blind $1
*** HOLE CARDS ***
nastja336: folds 
AIien Hand: raises $1.20 to $2.20
EvilReality: folds 
kzoide: folds 
michasia: folds 
Uncalled bet ($1.20) returned to AIien Hand
AIien Hand collected $2.50 from pot
AIien Hand: doesn't show hand 
*** SUMMARY ***
Total pot $2.50 | Rake $0 
Seat 3: blackclan7
Seat 1: michasia (big blind) folded before Flop
Seat 2: nastja336 folded before Flop (didn't bet)
Seat 4: AIien Hand collected ($2.50)
Seat 5: EvilReality (button) folded before Flop (didn't bet)
Seat 6: kzoide (small blind) folded before Flop



PokerStars Hand #254532442607:  Hold'em No Limit ($0.50/$1.00 USD) - 2025/01/24 18:27:59 WET [2025/01/24 13:27:59 ET]
Table 'Atami IV' 6-max Seat #6 is the button
Seat 3: blackclan7 ($100 in chips) is sitting out
Seat 1: michasia ($100 in chips) 
Seat 2: nastja336 ($100 in chips) 
Seat 4: AIien Hand ($126.82 in chips) 
Seat 5: EvilReality ($123.62 in chips) 
Seat 6: kzoide ($106.51 in chips) 
michasia: posts small blind $0.50
nastja336: posts big blind $1
*** HOLE CARDS ***
AIien Hand: folds 
EvilReality: folds 
kzoide: folds 
michasia: raises $2 to $3
nastja336: folds 
Uncalled bet ($2) returned to michasia
michasia collected $2 from pot
michasia: doesn't show hand 
*** SUMMARY ***
Total pot $2 | Rake $0 
Seat 3: blackclan7
Seat 1: michasia (small blind) collected ($2)
Seat 2: nastja336 (big blind) folded before Flop
Seat 4: AIien Hand folded before Flop (didn't bet)
Seat 5: EvilReality folded before Flop (didn't bet)
Seat 6: kzoide (button) folded before Flop (didn't bet)



PokerStars Hand #254532450534:  Hold'em No Limit ($0.50/$1.00 USD) - 2025/01/24 18:28:28 WET [2025/01/24 13:28:28 ET]
Table 'Atami IV' 6-max Seat #1 is the button
Seat 3: blackclan7 ($100 in chips) is sitting out
Seat 4: AIien Hand ($126.82 in chips) is sitting out
Seat 5: EvilReality ($123.62 in chips) is sitting out
Seat 1: michasia ($101 in chips) 
Seat 2: nastja336 ($100 in chips) 
Seat 6: kzoide ($106.51 in chips) 
nastja336: posts small blind $0.50
AIien Hand: is sitting out 
EvilReality: is sitting out 
kzoide: posts big blind $1
*** HOLE CARDS ***
EvilReality leaves the table
michasia: raises $1.80 to $2.80
nastja336: folds 
kzoide: folds 
Uncalled bet ($1.80) returned to michasia
michasia collected $2.50 from pot
michasia: doesn't show hand 
*** SUMMARY ***
Total pot $2.50 | Rake $0 
Seat 3: blackclan7
Seat 4: AIien Hand
Seat 5: EvilReality
Seat 1: michasia (button) collected ($2.50)
Seat 2: nastja336 (small blind) folded before Flop
Seat 6: kzoide (big blind) folded before Flop



PokerStars Hand #254532485143:  Hold'em No Limit ($0.50/$1.00 USD) - 2025/01/24 18:30:35 WET [2025/01/24 13:30:35 ET]
Table 'Atami IV' 6-max Seat #3 is the button
Seat 3: blackclan7 ($100 in chips) 
Seat 4: kuca86 ($100 in chips) 
blackclan7: posts small blind $0.50
kuca86: posts big blind $1
*** HOLE CARDS ***
blackclan7: folds 
Uncalled bet ($0.50) returned to kuca86
kuca86 collected $1 from pot
kuca86: doesn't show hand 
*** SUMMARY ***
Total pot $1 | Rake $0 
Seat 3: blackclan7 (button) (small blind) folded before Flop
Seat 4: kuca86 (big blind) collected ($1)



PokerStars Hand #254532486880:  Hold'em No Limit ($0.50/$1.00 USD) - 2025/01/24 18:30:41 WET [2025/01/24 13:30:41 ET]
Table 'Atami IV' 6-max Seat #4 is the button
Seat 3: blackclan7 ($100 in chips) 
Seat 4: kuca86 ($100.50 in chips) 
kuca86: posts small blind $0.50
blackclan7: posts big blind $1
*** HOLE CARDS ***
kuca86: folds 
Uncalled bet ($0.50) returned to blackclan7
blackclan7 collected $1 from pot
blackclan7: doesn't show hand 
*** SUMMARY ***
Total pot $1 | Rake $0 
Seat 3: blackclan7 (big blind) collected ($1)
Seat 4: kuca86 (button) (small blind) folded before Flop



