PokerStars Hand #254537142609:  Hold'em No Limit ($0.50/$1.00 USD) - 2025/01/24 22:31:06 WET [2025/01/24 17:31:06 ET]
Table 'Lioba IV' 6-max Seat #1 is the button
Seat 1: m0nTTu ($10 in chips) 
Seat 5: Xenicide ($100 in chips) 
Seat 6: Gfoer ($100 in chips) 
Xenicide: posts small blind $0.50
Gfoer: posts big blind $1
*** HOLE CARDS ***
m0nTTu: folds 
Xenicide: folds 
Uncalled bet ($0.50) returned to Gfoer
Gfoer collected $1 from pot
Gfoer: doesn't show hand 
*** SUMMARY ***
Total pot $1 | Rake $0 
Seat 1: m0nTTu (button) folded before Flop (didn't bet)
Seat 5: Xenicide (small blind) folded before Flop
Seat 6: Gfoer (big blind) collected ($1)



PokerStars Hand #254537146477:  Hold'em No Limit ($0.50/$1.00 USD) - 2025/01/24 22:31:20 WET [2025/01/24 17:31:20 ET]
Table 'Lioba IV' 6-max Seat #5 is the button
Seat 1: m0nTTu ($10 in chips) 
Seat 5: Xenicide ($100 in chips) 
Seat 6: Gfoer ($100.50 in chips) 
Gfoer: posts small blind $0.50
m0nTTu: posts big blind $1
*** HOLE CARDS ***
Xenicide: folds 
Gfoer: raises $9 to $10
m0nTTu: calls $9 and is all-in
*** FIRST FLOP *** [2h Jh Ac]
*** FIRST TURN *** [2h Jh Ac] [Qs]
*** FIRST RIVER *** [2h Jh Ac Qs] [Ad]
*** SECOND FLOP *** [7c 6c 8d]
*** SECOND TURN *** [7c 6c 8d] [6h]
*** SECOND RIVER *** [7c 6c 8d 6h] [4d]
*** FIRST SHOW DOWN ***
Gfoer: shows [Jd Qc] (two pair, Aces and Queens)
m0nTTu: shows [8c 8s] (two pair, Aces and Eights)
Gfoer collected $9.50 from pot
*** SECOND SHOW DOWN ***
Gfoer: shows [Jd Qc] (a pair of Sixes)
m0nTTu: shows [8c 8s] (a full house, Eights full of Sixes)
m0nTTu collected $9.50 from pot
*** SUMMARY ***
Total pot $20 | Rake $1 
Hand was run twice
FIRST Board [2h Jh Ac Qs Ad]
SECOND Board [7c 6c 8d 6h 4d]
Seat 1: m0nTTu (big blind) showed [8c 8s] and lost with two pair, Aces and Eights, and won ($9.50) with a full house, Eights full of Sixes
Seat 5: Xenicide (button) folded before Flop (didn't bet)
Seat 6: Gfoer (small blind) showed [Jd Qc] and won ($9.50) with two pair, Aces and Queens, and lost with a pair of Sixes



PokerStars Hand #254537158699:  Hold'em No Limit ($0.50/$1.00 USD) - 2025/01/24 22:32:01 WET [2025/01/24 17:32:01 ET]
Table 'Lioba IV' 6-max Seat #6 is the button
Seat 1: m0nTTu ($10 in chips) 
Seat 5: Xenicide ($100 in chips) 
Seat 6: Gfoer ($100 in chips) 
m0nTTu: posts small blind $0.50
Xenicide: posts big blind $1
*** HOLE CARDS ***
Gfoer: raises $1 to $2
m0nTTu: folds 
Xenicide: folds 
Uncalled bet ($1) returned to Gfoer
Gfoer collected $2.50 from pot
Gfoer: doesn't show hand 
*** SUMMARY ***
Total pot $2.50 | Rake $0 
Seat 1: m0nTTu (small blind) folded before Flop
Seat 5: Xenicide (big blind) folded before Flop
Seat 6: Gfoer (button) collected ($2.50)



PokerStars Hand #254537176958:  Hold'em No Limit ($0.50/$1.00 USD) - 2025/01/24 22:33:04 WET [2025/01/24 17:33:04 ET]
Table 'Lioba IV' 6-max Seat #2 is the button
Seat 2: m0nTTu ($10 in chips) 
Seat 3: Mr_Dick666 ($100 in chips) 
Seat 5: Xenicide ($100 in chips) 
Mr_Dick666: posts small blind $0.50
Xenicide: posts big blind $1
*** HOLE CARDS ***
m0nTTu: raises $9 to $10 and is all-in
Mr_Dick666: folds 
Xenicide: folds 
Uncalled bet ($9) returned to m0nTTu
itaba joins the table at seat #6 
m0nTTu collected $2.50 from pot
m0nTTu: doesn't show hand 
*** SUMMARY ***
Total pot $2.50 | Rake $0 
Seat 2: m0nTTu (button) collected ($2.50)
Seat 3: Mr_Dick666 (small blind) folded before Flop
Seat 5: Xenicide (big blind) folded before Flop



PokerStars Hand #254537182217:  Hold'em No Limit ($0.50/$1.00 USD) - 2025/01/24 22:33:22 WET [2025/01/24 17:33:22 ET]
Table 'Lioba IV' 6-max Seat #3 is the button
Seat 2: m0nTTu ($11.50 in chips) 
Seat 3: Mr_Dick666 ($100 in chips) 
Seat 5: Xenicide ($100 in chips) 
Seat 6: itaba ($10 in chips) 
Xenicide: posts small blind $0.50
itaba: posts big blind $1
*** HOLE CARDS ***
m0nTTu: raises $10.50 to $11.50 and is all-in
Mr_Dick666: folds 
Xenicide: folds 
itaba: folds 
Uncalled bet ($10.50) returned to m0nTTu
m0nTTu collected $2.50 from pot
m0nTTu: doesn't show hand 
*** SUMMARY ***
Total pot $2.50 | Rake $0 
Seat 2: m0nTTu collected ($2.50)
Seat 3: Mr_Dick666 (button) folded before Flop (didn't bet)
Seat 5: Xenicide (small blind) folded before Flop
Seat 6: itaba (big blind) folded before Flop



PokerStars Hand #254537188124:  Hold'em No Limit ($0.50/$1.00 USD) - 2025/01/24 22:33:42 WET [2025/01/24 17:33:42 ET]
Table 'Lioba IV' 6-max Seat #5 is the button
Seat 2: m0nTTu ($13 in chips) 
Seat 3: Mr_Dick666 ($100 in chips) 
Seat 5: Xenicide ($100 in chips) 
Seat 6: itaba ($9 in chips) 
itaba: posts small blind $0.50
m0nTTu: posts big blind $1
*** HOLE CARDS ***
Mr_Dick666: raises $1 to $2
Xenicide: folds 
itaba: folds 
m0nTTu: folds 
Uncalled bet ($1) returned to Mr_Dick666
Mr_Dick666 collected $2.50 from pot
Mr_Dick666: doesn't show hand 
*** SUMMARY ***
Total pot $2.50 | Rake $0 
Seat 2: m0nTTu (big blind) folded before Flop
Seat 3: Mr_Dick666 collected ($2.50)
Seat 5: Xenicide (button) folded before Flop (didn't bet)
Seat 6: itaba (small blind) folded before Flop



PokerStars Hand #254537200085:  Hold'em No Limit ($0.50/$1.00 USD) - 2025/01/24 22:34:23 WET [2025/01/24 17:34:23 ET]
Table 'Lioba IV' 6-max Seat #6 is the button
Seat 2: m0nTTu ($12 in chips) 
Seat 3: Mr_Dick666 ($101.50 in chips) 
Seat 5: Xenicide ($100 in chips) 
Seat 6: itaba ($8.50 in chips) 
m0nTTu: posts small blind $0.50
Mr_Dick666: posts big blind $1
*** HOLE CARDS ***
Xenicide: folds 
itaba: folds 
m0nTTu: folds 
Uncalled bet ($0.50) returned to Mr_Dick666
Mr_Dick666 collected $1 from pot
Mr_Dick666: doesn't show hand 
*** SUMMARY ***
Total pot $1 | Rake $0 
Seat 2: m0nTTu (small blind) folded before Flop
Seat 3: Mr_Dick666 (big blind) collected ($1)
Seat 5: Xenicide folded before Flop (didn't bet)
Seat 6: itaba (button) folded before Flop (didn't bet)



PokerStars Hand #254537206460:  Hold'em No Limit ($0.50/$1.00 USD) - 2025/01/24 22:34:45 WET [2025/01/24 17:34:45 ET]
Table 'Lioba IV' 6-max Seat #2 is the button
Seat 2: m0nTTu ($11.50 in chips) 
Seat 3: Mr_Dick666 ($102 in chips) 
Seat 5: Xenicide ($100 in chips) 
Seat 6: itaba ($8.50 in chips) 
Mr_Dick666: posts small blind $0.50
Xenicide: posts big blind $1
*** HOLE CARDS ***
itaba: folds 
m0nTTu: folds 
Mr_Dick666: folds 
Uncalled bet ($0.50) returned to Xenicide
Xenicide collected $1 from pot
*** SUMMARY ***
Total pot $1 | Rake $0 
Seat 2: m0nTTu (button) folded before Flop (didn't bet)
Seat 3: Mr_Dick666 (small blind) folded before Flop
Seat 5: Xenicide (big blind) collected ($1)
Seat 6: itaba folded before Flop (didn't bet)



PokerStars Hand #254537211624:  Hold'em No Limit ($0.50/$1.00 USD) - 2025/01/24 22:35:03 WET [2025/01/24 17:35:03 ET]
Table 'Lioba IV' 6-max Seat #3 is the button
Seat 2: m0nTTu ($11.50 in chips) 
Seat 3: Mr_Dick666 ($101.50 in chips) 
Seat 5: Xenicide ($100.50 in chips) 
Seat 6: itaba ($8.50 in chips) 
Xenicide: posts small blind $0.50
itaba: posts big blind $1
*** HOLE CARDS ***
m0nTTu: raises $10.50 to $11.50 and is all-in
Mr_Dick666: folds 
Xenicide: folds 
itaba: folds 
Uncalled bet ($10.50) returned to m0nTTu
m0nTTu collected $2.50 from pot
m0nTTu: doesn't show hand 
Iseedora joins the table at seat #4 
*** SUMMARY ***
Total pot $2.50 | Rake $0 
Seat 2: m0nTTu collected ($2.50)
Seat 3: Mr_Dick666 (button) folded before Flop (didn't bet)
Seat 5: Xenicide (small blind) folded before Flop
Seat 6: itaba (big blind) folded before Flop



PokerStars Hand #254537217169:  Hold'em No Limit ($0.50/$1.00 USD) - 2025/01/24 22:35:22 WET [2025/01/24 17:35:22 ET]
Table 'Lioba IV' 6-max Seat #5 is the button
Seat 4: Iseedora ($100 in chips) is sitting out
Seat 2: m0nTTu ($13 in chips) 
Seat 3: Mr_Dick666 ($101.50 in chips) 
Seat 5: Xenicide ($100 in chips) 
Seat 6: itaba ($7.50 in chips) 
itaba: posts small blind $0.50
m0nTTu: posts big blind $1
Iseedora: sits out 
*** HOLE CARDS ***
Mr_Dick666: folds 
Manifestorr joins the table at seat #1 
Xenicide: folds 
itaba: folds 
Uncalled bet ($0.50) returned to m0nTTu
m0nTTu collected $1 from pot
m0nTTu: doesn't show hand 
*** SUMMARY ***
Total pot $1 | Rake $0 
Seat 4: Iseedora
Seat 2: m0nTTu (big blind) collected ($1)
Seat 3: Mr_Dick666 folded before Flop (didn't bet)
Seat 5: Xenicide (button) folded before Flop (didn't bet)
Seat 6: itaba (small blind) folded before Flop



PokerStars Hand #254537224128:  Hold'em No Limit ($0.50/$1.00 USD) - 2025/01/24 22:35:46 WET [2025/01/24 17:35:46 ET]
Table 'Lioba IV' 6-max Seat #6 is the button
Seat 1: Manifestorr ($100 in chips) is sitting out
Seat 3: Mr_Dick666 ($101.50 in chips) is sitting out
Seat 2: m0nTTu ($13.50 in chips) 
Seat 4: Iseedora ($100 in chips) 
Seat 5: Xenicide ($100 in chips) 
Seat 6: itaba ($7 in chips) 
m0nTTu: posts small blind $0.50
Mr_Dick666: is sitting out 
Iseedora: posts big blind $1
*** HOLE CARDS ***
Xenicide: folds 
Mr_Dick666 leaves the table
itaba: folds 
m0nTTu: folds 
Uncalled bet ($0.50) returned to Iseedora
Iseedora collected $1 from pot
Iseedora: doesn't show hand 
*** SUMMARY ***
Total pot $1 | Rake $0 
Seat 1: Manifestorr
Seat 3: Mr_Dick666
Seat 2: m0nTTu (small blind) folded before Flop
Seat 4: Iseedora (big blind) collected ($1)
Seat 5: Xenicide folded before Flop (didn't bet)
Seat 6: itaba (button) folded before Flop (didn't bet)



PokerStars Hand #254537229352:  Hold'em No Limit ($0.50/$1.00 USD) - 2025/01/24 22:36:03 WET [2025/01/24 17:36:03 ET]
Table 'Lioba IV' 6-max Seat #2 is the button
Seat 1: Manifestorr ($100 in chips) is sitting out
Seat 2: m0nTTu ($13 in chips) 
Seat 4: Iseedora ($100.50 in chips) 
Seat 5: Xenicide ($100 in chips) 
Seat 6: itaba ($7 in chips) 
Iseedora: posts small blind $0.50
Xenicide: posts big blind $1
Manifestorr: sits out 
*** HOLE CARDS ***
itaba: raises $6 to $7 and is all-in
m0nTTu: raises $6 to $13 and is all-in
Iseedora: folds 
Xenicide: folds 
Uncalled bet ($6) returned to m0nTTu
*** FLOP *** [8h 6s Qs]
*** TURN *** [8h 6s Qs] [3d]
*** RIVER *** [8h 6s Qs 3d] [2s]
*** SHOW DOWN ***
itaba: shows [Td As] (high card Ace)
m0nTTu: shows [Ad Qh] (a pair of Queens)
m0nTTu collected $14.72 from pot
*** SUMMARY ***
Total pot $15.50 | Rake $0.78 
Board [8h 6s Qs 3d 2s]
Seat 1: Manifestorr
Seat 2: m0nTTu (button) showed [Ad Qh] and won ($14.72) with a pair of Queens
Seat 4: Iseedora (small blind) folded before Flop
Seat 5: Xenicide (big blind) folded before Flop
Seat 6: itaba showed [Td As] and lost with high card Ace



PokerStars Hand #254537236612:  Hold'em No Limit ($0.50/$1.00 USD) - 2025/01/24 22:36:28 WET [2025/01/24 17:36:28 ET]
Table 'Lioba IV' 6-max Seat #4 is the button
Seat 1: Manifestorr ($100 in chips) is sitting out
Seat 2: m0nTTu ($20.72 in chips) 
Seat 4: Iseedora ($100 in chips) 
Seat 5: Xenicide ($100 in chips) 
Seat 6: itaba ($10 in chips) 
Xenicide: posts small blind $0.50
itaba: posts big blind $1
Manifestorr: sits out 
*** HOLE CARDS ***
m0nTTu: folds 
Iseedora: folds 
Xenicide: raises $2.50 to $3.50
itaba: folds 
Uncalled bet ($2.50) returned to Xenicide
Xenicide collected $2 from pot
*** SUMMARY ***
Total pot $2 | Rake $0 
Seat 1: Manifestorr
Seat 2: m0nTTu folded before Flop (didn't bet)
Seat 4: Iseedora (button) folded before Flop (didn't bet)
Seat 5: Xenicide (small blind) collected ($2)
Seat 6: itaba (big blind) folded before Flop



PokerStars Hand #254537242776:  Hold'em No Limit ($0.50/$1.00 USD) - 2025/01/24 22:36:49 WET [2025/01/24 17:36:49 ET]
Table 'Lioba IV' 6-max Seat #5 is the button
Seat 1: Manifestorr ($100 in chips) 
Seat 2: m0nTTu ($20.72 in chips) 
Seat 4: Iseedora ($100 in chips) 
Seat 5: Xenicide ($101 in chips) 
Seat 6: itaba ($9 in chips) 
itaba: posts small blind $0.50
Manifestorr: posts big blind $1
*** HOLE CARDS ***
m0nTTu: folds 
Iseedora: folds 
Xenicide: raises $1.25 to $2.25
itaba: folds 
Manifestorr: calls $1.25
*** FLOP *** [Td Qs 3h]
Manifestorr: checks 
Xenicide: bets $1.19
Manifestorr: calls $1.19
*** TURN *** [Td Qs 3h] [Qd]
Manifestorr: checks 
Xenicide: checks 
*** RIVER *** [Td Qs 3h Qd] [2d]
Manifestorr: checks 
Xenicide: checks 
*** SHOW DOWN ***
Manifestorr: shows [5d 5c] (two pair, Queens and Fives)
Xenicide: shows [5s Ts] (two pair, Queens and Tens)
Xenicide collected $7.01 from pot
*** SUMMARY ***
Total pot $7.38 | Rake $0.37 
Board [Td Qs 3h Qd 2d]
Seat 1: Manifestorr (big blind) showed [5d 5c] and lost with two pair, Queens and Fives
Seat 2: m0nTTu folded before Flop (didn't bet)
Seat 4: Iseedora folded before Flop (didn't bet)
Seat 5: Xenicide (button) showed [5s Ts] and won ($7.01) with two pair, Queens and Tens
Seat 6: itaba (small blind) folded before Flop



PokerStars Hand #254537265985:  Hold'em No Limit ($0.50/$1.00 USD) - 2025/01/24 22:38:10 WET [2025/01/24 17:38:10 ET]
Table 'Lioba IV' 6-max Seat #1 is the button
Seat 2: m0nTTu ($20.72 in chips) is sitting out
Seat 4: Iseedora ($100 in chips) is sitting out
Seat 5: Xenicide ($104.57 in chips) is sitting out
Seat 1: Manifestorr ($100 in chips) 
Seat 6: itaba ($8.50 in chips) 
Manifestorr: posts small blind $0.50
m0nTTu: is sitting out 
Iseedora: is sitting out 
Xenicide: is sitting out 
itaba: posts big blind $1
*** HOLE CARDS ***
Xenicide leaves the table
Iseedora leaves the table
m0nTTu leaves the table
Manifestorr: folds 
Uncalled bet ($0.50) returned to itaba
itaba collected $1 from pot
itaba: doesn't show hand 
*** SUMMARY ***
Total pot $1 | Rake $0 
Seat 2: m0nTTu
Seat 4: Iseedora
Seat 5: Xenicide
Seat 1: Manifestorr (button) (small blind) folded before Flop
Seat 6: itaba (big blind) collected ($1)



PokerStars Hand #254537268703:  Hold'em No Limit ($0.50/$1.00 USD) - 2025/01/24 22:38:19 WET [2025/01/24 17:38:19 ET]
Table 'Lioba IV' 6-max Seat #6 is the button
Seat 1: Manifestorr ($100 in chips) 
Seat 6: itaba ($9 in chips) 
itaba: posts small blind $0.50
Manifestorr: posts big blind $1
*** HOLE CARDS ***
itaba: raises $8 to $9 and is all-in
Manifestorr: folds 
Uncalled bet ($8) returned to itaba
itaba collected $2 from pot
itaba: doesn't show hand 
*** SUMMARY ***
Total pot $2 | Rake $0 
Seat 1: Manifestorr (big blind) folded before Flop
Seat 6: itaba (button) (small blind) collected ($2)



