PokerStars Hand #254527559257:  Hold'em No Limit ($0.50/$1.00 USD) - 2025/01/24 11:24:12 WET [2025/01/24 6:24:12 ET]
Table 'Zulu IV' 6-max Seat #2 is the button
Seat 1: Saralah ($75.83 in chips) 
Seat 2: Pippa83 ($110.62 in chips) 
Seat 3: B1GBankroll ($111.30 in chips) 
Seat 4: Consig|iori ($121.80 in chips) 
Seat 5: Kreayshawn ($102.70 in chips) 
Seat 6: Burlica2013 ($100.40 in chips) 
B1GBankroll: posts small blind $0.50
Consig|iori: posts big blind $1
*** HOLE CARDS ***
Kreayshawn: folds 
Burlica2013: folds 
Saralah: calls $1
Pippa83: folds 
B1GBankroll: calls $0.50
Consig|iori: raises $4 to $5
Saralah: calls $4
B1GBankroll: calls $4
*** FLOP *** [3s 5s 6d]
B1GBankroll: bets $6.98
Consig|iori: folds 
Saralah: calls $6.98
*** TURN *** [3s 5s 6d] [Tc]
B1GBankroll: bets $9.35
Saralah: calls $9.35
*** RIVER *** [3s 5s 6d Tc] [9c]
B1GBankroll: checks 
Saralah: bets $22.64
B1GBankroll: folds 
Uncalled bet ($22.64) returned to Saralah
Saralah collected $45.28 from pot
*** SUMMARY ***
Total pot $47.66 | Rake $2.38 
Board [3s 5s 6d Tc 9c]
Seat 1: Saralah collected ($45.28)
Seat 2: Pippa83 (button) folded before Flop (didn't bet)
Seat 3: B1GBankroll (small blind) folded on the River
Seat 4: Consig|iori (big blind) folded on the Flop
Seat 5: Kreayshawn folded before Flop (didn't bet)
Seat 6: Burlica2013 folded before Flop (didn't bet)



PokerStars Hand #254527571028:  Hold'em No Limit ($0.50/$1.00 USD) - 2025/01/24 11:25:47 WET [2025/01/24 6:25:47 ET]
Table 'Zulu IV' 6-max Seat #3 is the button
Seat 1: Saralah ($99.78 in chips) 
Seat 2: Pippa83 ($110.62 in chips) 
Seat 3: B1GBankroll ($100 in chips) 
Seat 4: Consig|iori ($116.80 in chips) 
Seat 5: Kreayshawn ($102.70 in chips) 
Seat 6: Burlica2013 ($100.40 in chips) 
Consig|iori: posts small blind $0.50
Kreayshawn: posts big blind $1
*** HOLE CARDS ***
Burlica2013: raises $1.20 to $2.20
Saralah: calls $2.20
Pippa83: folds 
B1GBankroll: folds 
Consig|iori: folds 
Kreayshawn: folds 
*** FLOP *** [5s 9c 3s]
Burlica2013: checks 
Saralah: checks 
*** TURN *** [5s 9c 3s] [7s]
Burlica2013: checks 
Saralah: checks 
*** RIVER *** [5s 9c 3s 7s] [7h]
Burlica2013: checks 
Saralah: checks 
*** SHOW DOWN ***
Burlica2013: shows [Ad 8d] (a pair of Sevens)
Saralah: mucks hand 
Burlica2013 collected $5.60 from pot
*** SUMMARY ***
Total pot $5.90 | Rake $0.30 
Board [5s 9c 3s 7s 7h]
Seat 1: Saralah mucked
Seat 2: Pippa83 folded before Flop (didn't bet)
Seat 3: B1GBankroll (button) folded before Flop (didn't bet)
Seat 4: Consig|iori (small blind) folded before Flop
Seat 5: Kreayshawn (big blind) folded before Flop
Seat 6: Burlica2013 showed [Ad 8d] and won ($5.60) with a pair of Sevens



PokerStars Hand #254527575106:  Hold'em No Limit ($0.50/$1.00 USD) - 2025/01/24 11:26:19 WET [2025/01/24 6:26:19 ET]
Table 'Zulu IV' 6-max Seat #4 is the button
Seat 1: Saralah ($97.58 in chips) 
Seat 2: Pippa83 ($110.62 in chips) 
Seat 3: B1GBankroll ($100 in chips) 
Seat 4: Consig|iori ($116.30 in chips) 
Seat 5: Kreayshawn ($101.70 in chips) 
Seat 6: Burlica2013 ($103.80 in chips) 
Kreayshawn: posts small blind $0.50
Burlica2013: posts big blind $1
*** HOLE CARDS ***
Saralah: raises $1 to $2
Pippa83: folds 
B1GBankroll: raises $4 to $6
Consig|iori: folds 
Kreayshawn: folds 
Burlica2013: folds 
Saralah: calls $4
*** FLOP *** [8s Ah 8d]
Saralah: checks 
B1GBankroll: bets $4.36
Saralah: folds 
Uncalled bet ($4.36) returned to B1GBankroll
B1GBankroll collected $12.82 from pot
B1GBankroll: doesn't show hand 
*** SUMMARY ***
Total pot $13.50 | Rake $0.68 
Board [8s Ah 8d]
Seat 1: Saralah folded on the Flop
Seat 2: Pippa83 folded before Flop (didn't bet)
Seat 3: B1GBankroll collected ($12.82)
Seat 4: Consig|iori (button) folded before Flop (didn't bet)
Seat 5: Kreayshawn (small blind) folded before Flop
Seat 6: Burlica2013 (big blind) folded before Flop



PokerStars Hand #254527581583:  Hold'em No Limit ($0.50/$1.00 USD) - 2025/01/24 11:27:11 WET [2025/01/24 6:27:11 ET]
Table 'Zulu IV' 6-max Seat #5 is the button
Seat 1: Saralah ($91.58 in chips) 
Seat 2: Pippa83 ($110.62 in chips) 
Seat 3: B1GBankroll ($106.82 in chips) 
Seat 4: Consig|iori ($116.30 in chips) 
Seat 5: Kreayshawn ($101.20 in chips) 
Seat 6: Burlica2013 ($102.80 in chips) 
Burlica2013: posts small blind $0.50
Saralah: posts big blind $1
*** HOLE CARDS ***
Pippa83: raises $1.20 to $2.20
B1GBankroll: calls $2.20
Consig|iori: folds 
Kreayshawn: folds 
Burlica2013: folds 
Saralah: raises $1.20 to $3.40
Pippa83: calls $1.20
B1GBankroll: calls $1.20
*** FLOP *** [Js 4d 7s]
Saralah: bets $5.08
Pippa83: folds 
B1GBankroll: calls $5.08
*** TURN *** [Js 4d 7s] [Td]
Saralah: bets $9.91
B1GBankroll: calls $9.91
*** RIVER *** [Js 4d 7s Td] [Jh]
Saralah: bets $38.65
B1GBankroll: folds 
Uncalled bet ($38.65) returned to Saralah
Saralah collected $38.65 from pot
*** SUMMARY ***
Total pot $40.68 | Rake $2.03 
Board [Js 4d 7s Td Jh]
Seat 1: Saralah (big blind) collected ($38.65)
Seat 2: Pippa83 folded on the Flop
Seat 3: B1GBankroll folded on the River
Seat 4: Consig|iori folded before Flop (didn't bet)
Seat 5: Kreayshawn (button) folded before Flop (didn't bet)
Seat 6: Burlica2013 (small blind) folded before Flop



PokerStars Hand #254527593625:  Hold'em No Limit ($0.50/$1.00 USD) - 2025/01/24 11:28:44 WET [2025/01/24 6:28:44 ET]
Table 'Zulu IV' 6-max Seat #6 is the button
Seat 4: Consig|iori ($116.30 in chips) is sitting out
Seat 1: Saralah ($111.84 in chips) 
Seat 2: Pippa83 ($107.22 in chips) 
Seat 3: B1GBankroll ($100 in chips) 
Seat 5: Kreayshawn ($101.20 in chips) 
Seat 6: Burlica2013 ($102.30 in chips) 
Saralah: posts small blind $0.50
Pippa83: posts big blind $1
*** HOLE CARDS ***
B1GBankroll: raises $2 to $3
Kreayshawn: folds 
Burlica2013: folds 
Saralah: calls $2.50
Pippa83: calls $2
*** FLOP *** [6h 2h 9s]
Saralah: checks 
Pippa83: checks 
B1GBankroll: bets $7.61
Saralah: folds 
Pippa83: folds 
Uncalled bet ($7.61) returned to B1GBankroll
B1GBankroll collected $8.55 from pot
B1GBankroll: doesn't show hand 
*** SUMMARY ***
Total pot $9 | Rake $0.45 
Board [6h 2h 9s]
Seat 4: Consig|iori
Seat 1: Saralah (small blind) folded on the Flop
Seat 2: Pippa83 (big blind) folded on the Flop
Seat 3: B1GBankroll collected ($8.55)
Seat 5: Kreayshawn folded before Flop (didn't bet)
Seat 6: Burlica2013 (button) folded before Flop (didn't bet)



PokerStars Hand #254527598626:  Hold'em No Limit ($0.50/$1.00 USD) - 2025/01/24 11:29:23 WET [2025/01/24 6:29:23 ET]
Table 'Zulu IV' 6-max Seat #1 is the button
Seat 4: Consig|iori ($116.30 in chips) is sitting out
Seat 1: Saralah ($108.84 in chips) 
Seat 2: Pippa83 ($104.22 in chips) 
Seat 3: B1GBankroll ($105.55 in chips) 
Seat 5: Kreayshawn ($101.20 in chips) 
Seat 6: Burlica2013 ($102.30 in chips) 
Pippa83: posts small blind $0.50
B1GBankroll: posts big blind $1
*** HOLE CARDS ***
Kreayshawn: folds 
Burlica2013: raises $1.25 to $2.25
Saralah: calls $2.25
Pippa83: calls $1.75
B1GBankroll: folds 
*** FLOP *** [5c 6h Tc]
Pippa83: checks 
Burlica2013: checks 
Saralah: bets $7.36
Pippa83: folds 
Burlica2013: folds 
Uncalled bet ($7.36) returned to Saralah
Saralah collected $7.36 from pot
*** SUMMARY ***
Total pot $7.75 | Rake $0.39 
Board [5c 6h Tc]
Seat 4: Consig|iori
Seat 1: Saralah (button) collected ($7.36)
Seat 2: Pippa83 (small blind) folded on the Flop
Seat 3: B1GBankroll (big blind) folded before Flop
Seat 5: Kreayshawn folded before Flop (didn't bet)
Seat 6: Burlica2013 folded on the Flop



PokerStars Hand #254527603233:  Hold'em No Limit ($0.50/$1.00 USD) - 2025/01/24 11:29:59 WET [2025/01/24 6:29:59 ET]
Table 'Zulu IV' 6-max Seat #2 is the button
Seat 1: Saralah ($113.95 in chips) 
Seat 2: Pippa83 ($101.97 in chips) 
Seat 3: B1GBankroll ($104.55 in chips) 
Seat 4: Consig|iori ($116.30 in chips) 
Seat 5: Kreayshawn ($101.20 in chips) 
Seat 6: Burlica2013 ($100.05 in chips) 
B1GBankroll: posts small blind $0.50
Consig|iori: posts big blind $1
*** HOLE CARDS ***
Kreayshawn: folds 
Burlica2013: raises $1.20 to $2.20
Saralah: calls $2.20
Pippa83: folds 
B1GBankroll: folds 
Consig|iori: calls $1.20
*** FLOP *** [2d 6d 2c]
Consig|iori: checks 
Burlica2013: checks 
Saralah: checks 
*** TURN *** [2d 6d 2c] [9s]
Consig|iori: checks 
Burlica2013: bets $3.37
Saralah: folds 
Consig|iori: folds 
Uncalled bet ($3.37) returned to Burlica2013
Burlica2013 collected $6.74 from pot
Burlica2013: doesn't show hand 
*** SUMMARY ***
Total pot $7.10 | Rake $0.36 
Board [2d 6d 2c 9s]
Seat 1: Saralah folded on the Turn
Seat 2: Pippa83 (button) folded before Flop (didn't bet)
Seat 3: B1GBankroll (small blind) folded before Flop
Seat 4: Consig|iori (big blind) folded on the Turn
Seat 5: Kreayshawn folded before Flop (didn't bet)
Seat 6: Burlica2013 collected ($6.74)



PokerStars Hand #254527609891:  Hold'em No Limit ($0.50/$1.00 USD) - 2025/01/24 11:30:53 WET [2025/01/24 6:30:53 ET]
Table 'Zulu IV' 6-max Seat #3 is the button
Seat 1: Saralah ($111.75 in chips) 
Seat 2: Pippa83 ($101.97 in chips) 
Seat 3: B1GBankroll ($104.05 in chips) 
Seat 4: Consig|iori ($114.10 in chips) 
Seat 5: Kreayshawn ($101.20 in chips) 
Seat 6: Burlica2013 ($104.59 in chips) 
Consig|iori: posts small blind $0.50
Kreayshawn: posts big blind $1
*** HOLE CARDS ***
Burlica2013: raises $1.20 to $2.20
Saralah: folds 
Pippa83: folds 
B1GBankroll: folds 
Consig|iori: folds 
Saralah leaves the table
Kreayshawn: calls $1.20
*** FLOP *** [7h 8d 8c]
Kreayshawn: checks 
Burlica2013: bets $1.54
Evelexy1 joins the table at seat #1 
Kreayshawn: calls $1.54
*** TURN *** [7h 8d 8c] [5h]
Kreayshawn: checks 
Burlica2013: checks 
*** RIVER *** [7h 8d 8c 5h] [Qc]
Kreayshawn: checks 
Burlica2013: checks 
*** SHOW DOWN ***
Kreayshawn: shows [9c Jc] (a pair of Eights)
Burlica2013: shows [Ts Ac] (a pair of Eights - Ace kicker)
Burlica2013 collected $7.58 from pot
*** SUMMARY ***
Total pot $7.98 | Rake $0.40 
Board [7h 8d 8c 5h Qc]
Seat 1: Saralah folded before Flop (didn't bet)
Seat 2: Pippa83 folded before Flop (didn't bet)
Seat 3: B1GBankroll (button) folded before Flop (didn't bet)
Seat 4: Consig|iori (small blind) folded before Flop
Seat 5: Kreayshawn (big blind) showed [9c Jc] and lost with a pair of Eights
Seat 6: Burlica2013 showed [Ts Ac] and won ($7.58) with a pair of Eights



PokerStars Hand #254527615400:  Hold'em No Limit ($0.50/$1.00 USD) - 2025/01/24 11:31:36 WET [2025/01/24 6:31:36 ET]
Table 'Zulu IV' 6-max Seat #4 is the button
Seat 1: Evelexy1 ($100 in chips) is sitting out
Seat 2: Pippa83 ($101.97 in chips) 
Seat 3: B1GBankroll ($104.05 in chips) 
Seat 4: Consig|iori ($113.60 in chips) 
Seat 5: Kreayshawn ($100 in chips) 
Seat 6: Burlica2013 ($108.43 in chips) 
Kreayshawn: posts small blind $0.50
Burlica2013: posts big blind $1
Evelexy1: sits out 
*** HOLE CARDS ***
Evelexy1 leaves the table
Pippa83: raises $1.20 to $2.20
B1GBankroll: folds 
Consig|iori: folds 
Kreayshawn: calls $1.70
Burlica2013: calls $1.20
*** FLOP *** [Qc 3d 4d]
Kreayshawn: checks 
Burlica2013: checks 
Pippa83: bets $4.70
Kreayshawn: folds 
Burlica2013: folds 
Uncalled bet ($4.70) returned to Pippa83
Burlica2013 leaves the table
Pippa83 collected $6.27 from pot
Pippa83: doesn't show hand 
*** SUMMARY ***
Total pot $6.60 | Rake $0.33 
Board [Qc 3d 4d]
Seat 1: Evelexy1
Seat 2: Pippa83 collected ($6.27)
Seat 3: B1GBankroll folded before Flop (didn't bet)
Seat 4: Consig|iori (button) folded before Flop (didn't bet)
Seat 5: Kreayshawn (small blind) folded on the Flop
Seat 6: Burlica2013 (big blind) folded on the Flop



PokerStars Hand #254527661961:  Hold'em No Limit ($0.50/$1.00 USD) - 2025/01/24 11:37:34 WET [2025/01/24 6:37:34 ET]
Table 'Zulu IV' 6-max Seat #5 is the button
Seat 3: B1GBankroll ($104.05 in chips) 
Seat 4: Chinamaster89 ($50.25 in chips) 
Seat 5: Pigumelis ($100 in chips) 
B1GBankroll: posts small blind $0.50
Chinamaster89: posts big blind $1
*** HOLE CARDS ***
Pigumelis: folds 
B1GBankroll: raises $2 to $3
Chinamaster89: calls $2
*** FLOP *** [Ks 7c 9c]
B1GBankroll: bets $5.07
Chinamaster89: calls $5.07
*** TURN *** [Ks 7c 9c] [6s]
Burlica2013 joins the table at seat #6 
B1GBankroll: bets $13.64
Chinamaster89: folds 
Uncalled bet ($13.64) returned to B1GBankroll
B1GBankroll collected $15.33 from pot
B1GBankroll: doesn't show hand 
*** SUMMARY ***
Total pot $16.14 | Rake $0.81 
Board [Ks 7c 9c 6s]
Seat 3: B1GBankroll (small blind) collected ($15.33)
Seat 4: Chinamaster89 (big blind) folded on the Turn
Seat 5: Pigumelis (button) folded before Flop (didn't bet)



PokerStars Hand #254527672572:  Hold'em No Limit ($0.50/$1.00 USD) - 2025/01/24 11:38:54 WET [2025/01/24 6:38:54 ET]
Table 'Zulu IV' 6-max Seat #3 is the button
Seat 6: Burlica2013 ($106.23 in chips) is sitting out
Seat 3: B1GBankroll ($111.31 in chips) 
Seat 4: Chinamaster89 ($42.18 in chips) 
Seat 5: Pigumelis ($100 in chips) 
Chinamaster89: posts small blind $0.50
Pigumelis: posts big blind $1
Burlica2013: sits out 
*** HOLE CARDS ***
B1GBankroll: folds 
Chinamaster89: raises $2 to $3
Pigumelis: calls $2
*** FLOP *** [Js 9c 5h]
Chinamaster89: checks 
Pigumelis: checks 
*** TURN *** [Js 9c 5h] [7s]
Chinamaster89: checks 
Pigumelis: checks 
*** RIVER *** [Js 9c 5h 7s] [5s]
Chinamaster89: checks 
Pigumelis: bets $7.58
Chinamaster89: folds 
Uncalled bet ($7.58) returned to Pigumelis
Pigumelis collected $5.70 from pot
Pigumelis: doesn't show hand 
*** SUMMARY ***
Total pot $6 | Rake $0.30 
Board [Js 9c 5h 7s 5s]
Seat 6: Burlica2013
Seat 3: B1GBankroll (button) folded before Flop (didn't bet)
Seat 4: Chinamaster89 (small blind) folded on the River
Seat 5: Pigumelis (big blind) collected ($5.70)



PokerStars Hand #254527678450:  Hold'em No Limit ($0.50/$1.00 USD) - 2025/01/24 11:39:39 WET [2025/01/24 6:39:39 ET]
Table 'Zulu IV' 6-max Seat #4 is the button
Seat 3: B1GBankroll ($111.31 in chips) 
Seat 4: Chinamaster89 ($39.18 in chips) 
Seat 5: Pigumelis ($102.70 in chips) 
Seat 6: Burlica2013 ($106.23 in chips) 
Pigumelis: posts small blind $0.50
Burlica2013: posts big blind $1
*** HOLE CARDS ***
B1GBankroll: folds 
Chinamaster89: folds 
Pigumelis: folds 
Uncalled bet ($0.50) returned to Burlica2013
Burlica2013 collected $1 from pot
Burlica2013: doesn't show hand 
*** SUMMARY ***
Total pot $1 | Rake $0 
Seat 3: B1GBankroll folded before Flop (didn't bet)
Seat 4: Chinamaster89 (button) folded before Flop (didn't bet)
Seat 5: Pigumelis (small blind) folded before Flop
Seat 6: Burlica2013 (big blind) collected ($1)



PokerStars Hand #254527679443:  Hold'em No Limit ($0.50/$1.00 USD) - 2025/01/24 11:39:46 WET [2025/01/24 6:39:46 ET]
Table 'Zulu IV' 6-max Seat #5 is the button
Seat 3: B1GBankroll ($111.31 in chips) 
Seat 4: Chinamaster89 ($39.18 in chips) 
Seat 5: Pigumelis ($102.20 in chips) 
Seat 6: Burlica2013 ($106.73 in chips) 
Burlica2013: posts small blind $0.50
B1GBankroll: posts big blind $1
*** HOLE CARDS ***
Chinamaster89: folds 
Pigumelis: raises $1.50 to $2.50
Mr_Dick666 joins the table at seat #1 
Burlica2013: raises $9.50 to $12
B1GBankroll: folds 
Pigumelis: folds 
Uncalled bet ($9.50) returned to Burlica2013
Burlica2013 collected $6 from pot
Burlica2013: doesn't show hand 
*** SUMMARY ***
Total pot $6 | Rake $0 
Seat 3: B1GBankroll (big blind) folded before Flop
Seat 4: Chinamaster89 folded before Flop (didn't bet)
Seat 5: Pigumelis (button) folded before Flop
Seat 6: Burlica2013 (small blind) collected ($6)



PokerStars Hand #254527684271:  Hold'em No Limit ($0.50/$1.00 USD) - 2025/01/24 11:40:24 WET [2025/01/24 6:40:24 ET]
Table 'Zulu IV' 6-max Seat #6 is the button
Seat 1: Mr_Dick666 ($100 in chips) is sitting out
Seat 3: B1GBankroll ($110.31 in chips) 
Seat 4: Chinamaster89 ($39.18 in chips) 
Seat 5: Pigumelis ($100 in chips) 
Seat 6: Burlica2013 ($110.23 in chips) 
B1GBankroll: posts small blind $0.50
Chinamaster89: posts big blind $1
*** HOLE CARDS ***
Pigumelis: raises $1.50 to $2.50
Burlica2013: raises $5.53 to $8.03
B1GBankroll: folds 
Chinamaster89: folds 
Pigumelis: calls $5.53
*** FLOP *** [Tc Ad 6d]
Pigumelis: checks 
Burlica2013: bets $5.50
Pigumelis: raises $16.40 to $21.90
Burlica2013: calls $16.40
*** TURN *** [Tc Ad 6d] [Qc]
Pigumelis: checks 
Burlica2013: bets $30.18
Pigumelis: raises $39.89 to $70.07 and is all-in
Burlica2013: calls $39.89
*** RIVER *** [Tc Ad 6d Qc] [9s]
*** SHOW DOWN ***
Pigumelis: shows [Th Ah] (two pair, Aces and Tens)
Burlica2013: shows [As Kc] (a pair of Aces)
Pigumelis collected $200.50 from pot
*** SUMMARY ***
Total pot $201.50 | Rake $1 
Board [Tc Ad 6d Qc 9s]
Seat 1: Mr_Dick666
Seat 3: B1GBankroll (small blind) folded before Flop
Seat 4: Chinamaster89 (big blind) folded before Flop
Seat 5: Pigumelis showed [Th Ah] and won ($200.50) with two pair, Aces and Tens
Seat 6: Burlica2013 (button) showed [As Kc] and lost with a pair of Aces



PokerStars Hand #254527696860:  Hold'em No Limit ($0.50/$1.00 USD) - 2025/01/24 11:41:59 WET [2025/01/24 6:41:59 ET]
Table 'Zulu IV' 6-max Seat #3 is the button
Seat 1: Mr_Dick666 ($100 in chips) is sitting out
Seat 3: B1GBankroll ($109.81 in chips) 
Seat 4: Chinamaster89 ($38.18 in chips) 
Seat 5: Pigumelis ($200.50 in chips) 
Seat 6: Burlica2013 ($100 in chips) 
Chinamaster89: posts small blind $0.50
Pigumelis: posts big blind $1
Mr_Dick666: sits out 
*** HOLE CARDS ***
Burlica2013: folds 
B1GBankroll: folds 
Chinamaster89: folds 
Uncalled bet ($0.50) returned to Pigumelis
Pigumelis collected $1 from pot
Pigumelis: doesn't show hand 
*** SUMMARY ***
Total pot $1 | Rake $0 
Seat 1: Mr_Dick666
Seat 3: B1GBankroll (button) folded before Flop (didn't bet)
Seat 4: Chinamaster89 (small blind) folded before Flop
Seat 5: Pigumelis (big blind) collected ($1)
Seat 6: Burlica2013 folded before Flop (didn't bet)



PokerStars Hand #254527697925:  Hold'em No Limit ($0.50/$1.00 USD) - 2025/01/24 11:42:07 WET [2025/01/24 6:42:07 ET]
Table 'Zulu IV' 6-max Seat #4 is the button
Seat 1: Mr_Dick666 ($100 in chips) is sitting out
Seat 3: B1GBankroll ($109.81 in chips) 
Seat 4: Chinamaster89 ($37.68 in chips) 
Seat 5: Pigumelis ($201 in chips) 
Seat 6: Burlica2013 ($100 in chips) 
Pigumelis: posts small blind $0.50
Burlica2013: posts big blind $1
Mr_Dick666: sits out 
*** HOLE CARDS ***
B1GBankroll: raises $1.50 to $2.50
Chinamaster89: folds 
Pigumelis: folds 
Burlica2013: calls $1.50
*** FLOP *** [9d 9h 5d]
Burlica2013: checks 
B1GBankroll: checks 
*** TURN *** [9d 9h 5d] [Kd]
Burlica2013: checks 
B1GBankroll: checks 
*** RIVER *** [9d 9h 5d Kd] [6h]
gig.gyty joins the table at seat #2 
Burlica2013: bets $1.72
B1GBankroll: calls $1.72
*** SHOW DOWN ***
Burlica2013: shows [5c 6c] (two pair, Nines and Sixes)
B1GBankroll: mucks hand 
Burlica2013 collected $8.49 from pot
*** SUMMARY ***
Total pot $8.94 | Rake $0.45 
Board [9d 9h 5d Kd 6h]
Seat 1: Mr_Dick666
Seat 3: B1GBankroll mucked
Seat 4: Chinamaster89 (button) folded before Flop (didn't bet)
Seat 5: Pigumelis (small blind) folded before Flop
Seat 6: Burlica2013 (big blind) showed [5c 6c] and won ($8.49) with two pair, Nines and Sixes



PokerStars Hand #254527708013:  Hold'em No Limit ($0.50/$1.00 USD) - 2025/01/24 11:43:23 WET [2025/01/24 6:43:23 ET]
Table 'Zulu IV' 6-max Seat #5 is the button
Seat 2: gig.gyty ($100 in chips) is sitting out
Seat 1: Mr_Dick666 ($100 in chips) 
Seat 3: B1GBankroll ($105.59 in chips) 
Seat 4: Chinamaster89 ($37.68 in chips) 
Seat 5: Pigumelis ($200.50 in chips) 
Seat 6: Burlica2013 ($104.27 in chips) 
Burlica2013: posts small blind $0.50
Mr_Dick666: posts big blind $1
gig.gyty: sits out 
*** HOLE CARDS ***
B1GBankroll: folds 
Chinamaster89: raises $2 to $3
Pigumelis: calls $3
Burlica2013: folds 
Mr_Dick666: folds 
*** FLOP *** [6c Jc 9d]
Chinamaster89: bets $3
Pigumelis: calls $3
*** TURN *** [6c Jc 9d] [8h]
Chinamaster89: checks 
Pigumelis: bets $6.50
Chinamaster89: folds 
Uncalled bet ($6.50) returned to Pigumelis
Pigumelis collected $12.82 from pot
Pigumelis: doesn't show hand 
*** SUMMARY ***
Total pot $13.50 | Rake $0.68 
Board [6c Jc 9d 8h]
Seat 2: gig.gyty
Seat 1: Mr_Dick666 (big blind) folded before Flop
Seat 3: B1GBankroll folded before Flop (didn't bet)
Seat 4: Chinamaster89 folded on the Turn
Seat 5: Pigumelis (button) collected ($12.82)
Seat 6: Burlica2013 (small blind) folded before Flop



PokerStars Hand #254527715238:  Hold'em No Limit ($0.50/$1.00 USD) - 2025/01/24 11:44:18 WET [2025/01/24 6:44:18 ET]
Table 'Zulu IV' 6-max Seat #6 is the button
Seat 1: Mr_Dick666 ($100 in chips) 
Seat 2: gig.gyty ($100 in chips) 
Seat 3: B1GBankroll ($105.59 in chips) 
Seat 4: Chinamaster89 ($31.68 in chips) 
Seat 5: Pigumelis ($207.32 in chips) 
Seat 6: Burlica2013 ($103.77 in chips) 
Mr_Dick666: posts small blind $0.50
gig.gyty: posts big blind $1
*** HOLE CARDS ***
B1GBankroll: folds 
Chinamaster89: raises $2 to $3
Pigumelis: folds 
Burlica2013: folds 
Mr_Dick666: folds 
B1GBankroll leaves the table
gig.gyty: folds 
Uncalled bet ($2) returned to Chinamaster89
Chinamaster89 collected $2.50 from pot
*** SUMMARY ***
Total pot $2.50 | Rake $0 
Seat 1: Mr_Dick666 (small blind) folded before Flop
Seat 2: gig.gyty (big blind) folded before Flop
Seat 3: B1GBankroll folded before Flop (didn't bet)
Seat 4: Chinamaster89 collected ($2.50)
Seat 5: Pigumelis folded before Flop (didn't bet)
Seat 6: Burlica2013 (button) folded before Flop (didn't bet)



PokerStars Hand #254527718144:  Hold'em No Limit ($0.50/$1.00 USD) - 2025/01/24 11:44:40 WET [2025/01/24 6:44:40 ET]
Table 'Zulu IV' 6-max Seat #1 is the button
Seat 1: Mr_Dick666 ($100 in chips) 
Seat 2: gig.gyty ($100 in chips) 
Seat 4: Chinamaster89 ($33.18 in chips) 
Seat 5: Pigumelis ($207.32 in chips) 
Seat 6: Burlica2013 ($103.77 in chips) 
gig.gyty: posts small blind $0.50
Chinamaster89: posts big blind $1
*** HOLE CARDS ***
Pigumelis: raises $1.10 to $2.10
Burlica2013: folds 
Mr_Dick666: folds 
gig.gyty: folds 
Chinamaster89: calls $1.10
*** FLOP *** [4d 5d Tc]
Chinamaster89: checks 
Pigumelis: checks 
*** TURN *** [4d 5d Tc] [2h]
Chinamaster89: bets $3
Pigumelis: calls $3
*** RIVER *** [4d 5d Tc 2h] [5h]
Chinamaster89: bets $5
Pigumelis: calls $5
*** SHOW DOWN ***
Chinamaster89: shows [8c 6d] (a pair of Fives)
Pigumelis: shows [Ah Qh] (a pair of Fives - Ace kicker)
Pigumelis collected $19.66 from pot
*** SUMMARY ***
Total pot $20.70 | Rake $1.04 
Board [4d 5d Tc 2h 5h]
Seat 1: Mr_Dick666 (button) folded before Flop (didn't bet)
Seat 2: gig.gyty (small blind) folded before Flop
Seat 4: Chinamaster89 (big blind) showed [8c 6d] and lost with a pair of Fives
Seat 5: Pigumelis showed [Ah Qh] and won ($19.66) with a pair of Fives
Seat 6: Burlica2013 folded before Flop (didn't bet)



PokerStars Hand #254527476265:  Hold'em No Limit ($0.50/$1.00 USD) - 2025/01/24 11:13:07 WET [2025/01/24 6:13:07 ET]
Table 'Zulu IV' 6-max Seat #5 is the button
Seat 1: Saralah ($100 in chips) 
Seat 2: Pippa83 ($100 in chips) 
Seat 3: B1GBankroll ($100 in chips) 
Seat 4: Consig|iori ($100 in chips) 
Seat 5: Kreayshawn ($100 in chips) 
Saralah: posts small blind $0.50
Pippa83: posts big blind $1
*** HOLE CARDS ***
Burlica2013 joins the table at seat #6 
B1GBankroll: folds 
Consig|iori: folds 
Kreayshawn: folds 
Saralah: raises $2 to $3
Pippa83: calls $2
*** FLOP *** [9c Ah As]
Saralah: bets $5.70
Pippa83: calls $5.70
*** TURN *** [9c Ah As] [Js]
Saralah: bets $16.53
Pippa83: folds 
Uncalled bet ($16.53) returned to Saralah
Saralah collected $16.53 from pot
*** SUMMARY ***
Total pot $17.40 | Rake $0.87 
Board [9c Ah As Js]
Seat 1: Saralah (small blind) collected ($16.53)
Seat 2: Pippa83 (big blind) folded on the Turn
Seat 3: B1GBankroll folded before Flop (didn't bet)
Seat 4: Consig|iori folded before Flop (didn't bet)
Seat 5: Kreayshawn (button) folded before Flop (didn't bet)



PokerStars Hand #254527482995:  Hold'em No Limit ($0.50/$1.00 USD) - 2025/01/24 11:14:02 WET [2025/01/24 6:14:02 ET]
Table 'Zulu IV' 6-max Seat #1 is the button
Seat 6: Burlica2013 ($100 in chips) is sitting out
Seat 1: Saralah ($107.83 in chips) 
Seat 2: Pippa83 ($100 in chips) 
Seat 3: B1GBankroll ($100 in chips) 
Seat 4: Consig|iori ($100 in chips) 
Seat 5: Kreayshawn ($100 in chips) 
Pippa83: posts small blind $0.50
B1GBankroll: posts big blind $1
Burlica2013: sits out 
*** HOLE CARDS ***
Consig|iori: raises $1.40 to $2.40
Kreayshawn: folds 
Saralah: folds 
Pippa83: folds 
B1GBankroll: folds 
Uncalled bet ($1.40) returned to Consig|iori
Consig|iori collected $2.50 from pot
Consig|iori: doesn't show hand 
*** SUMMARY ***
Total pot $2.50 | Rake $0 
Seat 6: Burlica2013
Seat 1: Saralah (button) folded before Flop (didn't bet)
Seat 2: Pippa83 (small blind) folded before Flop
Seat 3: B1GBankroll (big blind) folded before Flop
Seat 4: Consig|iori collected ($2.50)
Seat 5: Kreayshawn folded before Flop (didn't bet)



PokerStars Hand #254527485540:  Hold'em No Limit ($0.50/$1.00 USD) - 2025/01/24 11:14:23 WET [2025/01/24 6:14:23 ET]
Table 'Zulu IV' 6-max Seat #2 is the button
Seat 6: Burlica2013 ($100 in chips) is sitting out
Seat 1: Saralah ($107.83 in chips) 
Seat 2: Pippa83 ($100 in chips) 
Seat 3: B1GBankroll ($100 in chips) 
Seat 4: Consig|iori ($101.50 in chips) 
Seat 5: Kreayshawn ($100 in chips) 
B1GBankroll: posts small blind $0.50
Consig|iori: posts big blind $1
Burlica2013: sits out 
*** HOLE CARDS ***
Kreayshawn: raises $1.50 to $2.50
Saralah: folds 
Pippa83: folds 
B1GBankroll: folds 
Consig|iori: folds 
Uncalled bet ($1.50) returned to Kreayshawn
Kreayshawn collected $2.50 from pot
*** SUMMARY ***
Total pot $2.50 | Rake $0 
Seat 6: Burlica2013
Seat 1: Saralah folded before Flop (didn't bet)
Seat 2: Pippa83 (button) folded before Flop (didn't bet)
Seat 3: B1GBankroll (small blind) folded before Flop
Seat 4: Consig|iori (big blind) folded before Flop
Seat 5: Kreayshawn collected ($2.50)



PokerStars Hand #254527487841:  Hold'em No Limit ($0.50/$1.00 USD) - 2025/01/24 11:14:41 WET [2025/01/24 6:14:41 ET]
Table 'Zulu IV' 6-max Seat #3 is the button
Seat 6: Burlica2013 ($100 in chips) is sitting out
Seat 1: Saralah ($107.83 in chips) 
Seat 2: Pippa83 ($100 in chips) 
Seat 3: B1GBankroll ($100 in chips) 
Seat 4: Consig|iori ($100.50 in chips) 
Seat 5: Kreayshawn ($101.50 in chips) 
Consig|iori: posts small blind $0.50
Kreayshawn: posts big blind $1
Burlica2013: sits out 
*** HOLE CARDS ***
Saralah: calls $1
Pippa83: raises $2.50 to $3.50
B1GBankroll: raises $7 to $10.50
Consig|iori: folds 
Kreayshawn: folds 
Saralah: folds 
Pippa83: folds 
Uncalled bet ($7) returned to B1GBankroll
B1GBankroll collected $9.50 from pot
B1GBankroll: doesn't show hand 
*** SUMMARY ***
Total pot $9.50 | Rake $0 
Seat 6: Burlica2013
Seat 1: Saralah folded before Flop
Seat 2: Pippa83 folded before Flop
Seat 3: B1GBankroll (button) collected ($9.50)
Seat 4: Consig|iori (small blind) folded before Flop
Seat 5: Kreayshawn (big blind) folded before Flop



PokerStars Hand #254527492181:  Hold'em No Limit ($0.50/$1.00 USD) - 2025/01/24 11:15:16 WET [2025/01/24 6:15:16 ET]
Table 'Zulu IV' 6-max Seat #4 is the button
Seat 1: Saralah ($106.83 in chips) 
Seat 2: Pippa83 ($100 in chips) 
Seat 3: B1GBankroll ($106 in chips) 
Seat 4: Consig|iori ($100 in chips) 
Seat 5: Kreayshawn ($100.50 in chips) 
Seat 6: Burlica2013 ($100 in chips) 
Kreayshawn: posts small blind $0.50
Burlica2013: posts big blind $1
*** HOLE CARDS ***
Saralah: calls $1
Pippa83: folds 
B1GBankroll: folds 
Consig|iori: raises $3 to $4
Kreayshawn: folds 
Burlica2013: calls $3
Saralah: calls $3
*** FLOP *** [Jc 3s 4h]
Burlica2013: checks 
Saralah: checks 
Consig|iori: checks 
*** TURN *** [Jc 3s 4h] [6s]
Burlica2013: bets $5.94
Saralah: calls $5.94
Consig|iori: raises $20.56 to $26.50
Burlica2013: folds 
Saralah: folds 
Uncalled bet ($20.56) returned to Consig|iori
Consig|iori collected $28.80 from pot
Consig|iori: doesn't show hand 
*** SUMMARY ***
Total pot $30.32 | Rake $1.52 
Board [Jc 3s 4h 6s]
Seat 1: Saralah folded on the Turn
Seat 2: Pippa83 folded before Flop (didn't bet)
Seat 3: B1GBankroll folded before Flop (didn't bet)
Seat 4: Consig|iori (button) collected ($28.80)
Seat 5: Kreayshawn (small blind) folded before Flop
Seat 6: Burlica2013 (big blind) folded on the Turn



PokerStars Hand #254527499151:  Hold'em No Limit ($0.50/$1.00 USD) - 2025/01/24 11:16:13 WET [2025/01/24 6:16:13 ET]
Table 'Zulu IV' 6-max Seat #5 is the button
Seat 1: Saralah ($96.89 in chips) 
Seat 2: Pippa83 ($100 in chips) 
Seat 3: B1GBankroll ($106 in chips) 
Seat 4: Consig|iori ($118.86 in chips) 
Seat 5: Kreayshawn ($100 in chips) 
Seat 6: Burlica2013 ($100 in chips) 
Burlica2013: posts small blind $0.50
Saralah: posts big blind $1
*** HOLE CARDS ***
Pippa83: folds 
B1GBankroll: raises $1.50 to $2.50
Consig|iori: raises $5 to $7.50
Kreayshawn: folds 
Burlica2013: folds 
Saralah: folds 
B1GBankroll: folds 
Uncalled bet ($5) returned to Consig|iori
Consig|iori collected $6.50 from pot
Consig|iori: doesn't show hand 
*** SUMMARY ***
Total pot $6.50 | Rake $0 
Seat 1: Saralah (big blind) folded before Flop
Seat 2: Pippa83 folded before Flop (didn't bet)
Seat 3: B1GBankroll folded before Flop
Seat 4: Consig|iori collected ($6.50)
Seat 5: Kreayshawn (button) folded before Flop (didn't bet)
Seat 6: Burlica2013 (small blind) folded before Flop



PokerStars Hand #254527501539:  Hold'em No Limit ($0.50/$1.00 USD) - 2025/01/24 11:16:32 WET [2025/01/24 6:16:32 ET]
Table 'Zulu IV' 6-max Seat #6 is the button
Seat 1: Saralah ($95.89 in chips) 
Seat 2: Pippa83 ($100 in chips) 
Seat 3: B1GBankroll ($103.50 in chips) 
Seat 4: Consig|iori ($122.86 in chips) 
Seat 5: Kreayshawn ($100 in chips) 
Seat 6: Burlica2013 ($100 in chips) 
Saralah: posts small blind $0.50
Pippa83: posts big blind $1
*** HOLE CARDS ***
B1GBankroll: folds 
Consig|iori: raises $1.40 to $2.40
Kreayshawn: folds 
Burlica2013: folds 
Saralah: calls $1.90
Pippa83: calls $1.40
*** FLOP *** [9s Qd Ac]
Saralah: checks 
Pippa83: checks 
Consig|iori: bets $4.45
Saralah: folds 
Pippa83: folds 
Uncalled bet ($4.45) returned to Consig|iori
Consig|iori collected $6.84 from pot
Consig|iori: doesn't show hand 
*** SUMMARY ***
Total pot $7.20 | Rake $0.36 
Board [9s Qd Ac]
Seat 1: Saralah (small blind) folded on the Flop
Seat 2: Pippa83 (big blind) folded on the Flop
Seat 3: B1GBankroll folded before Flop (didn't bet)
Seat 4: Consig|iori collected ($6.84)
Seat 5: Kreayshawn folded before Flop (didn't bet)
Seat 6: Burlica2013 (button) folded before Flop (didn't bet)



PokerStars Hand #254527506132:  Hold'em No Limit ($0.50/$1.00 USD) - 2025/01/24 11:17:10 WET [2025/01/24 6:17:10 ET]
Table 'Zulu IV' 6-max Seat #1 is the button
Seat 1: Saralah ($93.49 in chips) 
Seat 2: Pippa83 ($100 in chips) 
Seat 3: B1GBankroll ($103.50 in chips) 
Seat 4: Consig|iori ($127.30 in chips) 
Seat 5: Kreayshawn ($100 in chips) 
Seat 6: Burlica2013 ($100 in chips) 
Pippa83: posts small blind $0.50
B1GBankroll: posts big blind $1
*** HOLE CARDS ***
Consig|iori: folds 
Kreayshawn: folds 
Burlica2013: raises $1.25 to $2.25
Saralah: folds 
Pippa83: folds 
B1GBankroll: raises $8.88 to $11.13
Burlica2013: folds 
Uncalled bet ($8.88) returned to B1GBankroll
B1GBankroll collected $5 from pot
B1GBankroll: doesn't show hand 
*** SUMMARY ***
Total pot $5 | Rake $0 
Seat 1: Saralah (button) folded before Flop (didn't bet)
Seat 2: Pippa83 (small blind) folded before Flop
Seat 3: B1GBankroll (big blind) collected ($5)
Seat 4: Consig|iori folded before Flop (didn't bet)
Seat 5: Kreayshawn folded before Flop (didn't bet)
Seat 6: Burlica2013 folded before Flop



PokerStars Hand #254527510073:  Hold'em No Limit ($0.50/$1.00 USD) - 2025/01/24 11:17:41 WET [2025/01/24 6:17:41 ET]
Table 'Zulu IV' 6-max Seat #2 is the button
Seat 1: Saralah ($93.49 in chips) 
Seat 2: Pippa83 ($100 in chips) 
Seat 3: B1GBankroll ($106.25 in chips) 
Seat 4: Consig|iori ($127.30 in chips) 
Seat 5: Kreayshawn ($100 in chips) 
Seat 6: Burlica2013 ($100 in chips) 
B1GBankroll: posts small blind $0.50
Consig|iori: posts big blind $1
*** HOLE CARDS ***
Kreayshawn: folds 
Burlica2013: raises $1.20 to $2.20
Saralah: calls $2.20
Pippa83: folds 
B1GBankroll: folds 
Consig|iori: folds 
*** FLOP *** [6h Ac Th]
Burlica2013: bets $2.80
Saralah: folds 
Uncalled bet ($2.80) returned to Burlica2013
Burlica2013 collected $5.60 from pot
Burlica2013: doesn't show hand 
*** SUMMARY ***
Total pot $5.90 | Rake $0.30 
Board [6h Ac Th]
Seat 1: Saralah folded on the Flop
Seat 2: Pippa83 (button) folded before Flop (didn't bet)
Seat 3: B1GBankroll (small blind) folded before Flop
Seat 4: Consig|iori (big blind) folded before Flop
Seat 5: Kreayshawn folded before Flop (didn't bet)
Seat 6: Burlica2013 collected ($5.60)



PokerStars Hand #254527512994:  Hold'em No Limit ($0.50/$1.00 USD) - 2025/01/24 11:18:05 WET [2025/01/24 6:18:05 ET]
Table 'Zulu IV' 6-max Seat #3 is the button
Seat 1: Saralah ($91.29 in chips) 
Seat 2: Pippa83 ($100 in chips) 
Seat 3: B1GBankroll ($105.75 in chips) 
Seat 4: Consig|iori ($126.30 in chips) 
Seat 5: Kreayshawn ($100 in chips) 
Seat 6: Burlica2013 ($103.40 in chips) 
Consig|iori: posts small blind $0.50
Kreayshawn: posts big blind $1
*** HOLE CARDS ***
Burlica2013: folds 
Saralah: calls $1
Pippa83: folds 
B1GBankroll: folds 
Consig|iori: folds 
Kreayshawn: raises $4 to $5
Saralah: folds 
Uncalled bet ($4) returned to Kreayshawn
Kreayshawn collected $2.50 from pot
*** SUMMARY ***
Total pot $2.50 | Rake $0 
Seat 1: Saralah folded before Flop
Seat 2: Pippa83 folded before Flop (didn't bet)
Seat 3: B1GBankroll (button) folded before Flop (didn't bet)
Seat 4: Consig|iori (small blind) folded before Flop
Seat 5: Kreayshawn (big blind) collected ($2.50)
Seat 6: Burlica2013 folded before Flop (didn't bet)



PokerStars Hand #254527516162:  Hold'em No Limit ($0.50/$1.00 USD) - 2025/01/24 11:18:30 WET [2025/01/24 6:18:30 ET]
Table 'Zulu IV' 6-max Seat #4 is the button
Seat 1: Saralah ($90.29 in chips) 
Seat 2: Pippa83 ($100 in chips) 
Seat 3: B1GBankroll ($105.75 in chips) 
Seat 4: Consig|iori ($125.80 in chips) 
Seat 5: Kreayshawn ($101.50 in chips) 
Seat 6: Burlica2013 ($103.40 in chips) 
Kreayshawn: posts small blind $0.50
Burlica2013: posts big blind $1
*** HOLE CARDS ***
Saralah: raises $2.50 to $3.50
Pippa83: raises $6.50 to $10
B1GBankroll: folds 
Consig|iori: folds 
Kreayshawn: folds 
Burlica2013: folds 
Saralah: calls $6.50
*** FLOP *** [Ac 9s 2s]
Saralah: checks 
Pippa83: bets $5.11
Saralah: calls $5.11
*** TURN *** [Ac 9s 2s] [7c]
Saralah: checks 
Pippa83: bets $22.60
Saralah: folds 
Uncalled bet ($22.60) returned to Pippa83
Pippa83 collected $30.13 from pot
Pippa83: doesn't show hand 
*** SUMMARY ***
Total pot $31.72 | Rake $1.59 
Board [Ac 9s 2s 7c]
Seat 1: Saralah folded on the Turn
Seat 2: Pippa83 collected ($30.13)
Seat 3: B1GBankroll folded before Flop (didn't bet)
Seat 4: Consig|iori (button) folded before Flop (didn't bet)
Seat 5: Kreayshawn (small blind) folded before Flop
Seat 6: Burlica2013 (big blind) folded before Flop



PokerStars Hand #254527523444:  Hold'em No Limit ($0.50/$1.00 USD) - 2025/01/24 11:19:28 WET [2025/01/24 6:19:28 ET]
Table 'Zulu IV' 6-max Seat #5 is the button
Seat 1: Saralah ($75.18 in chips) 
Seat 2: Pippa83 ($115.02 in chips) 
Seat 3: B1GBankroll ($105.75 in chips) 
Seat 4: Consig|iori ($125.80 in chips) 
Seat 5: Kreayshawn ($101 in chips) 
Seat 6: Burlica2013 ($102.40 in chips) 
Burlica2013: posts small blind $0.50
Saralah: posts big blind $1
*** HOLE CARDS ***
Pippa83: folds 
B1GBankroll: raises $1.50 to $2.50
Consig|iori: folds 
Kreayshawn: folds 
Burlica2013: folds 
Saralah: raises $1.50 to $4
B1GBankroll: calls $1.50
*** FLOP *** [8d 5s Ah]
Saralah: bets $4.04
B1GBankroll: folds 
Uncalled bet ($4.04) returned to Saralah
Saralah collected $8.08 from pot
*** SUMMARY ***
Total pot $8.50 | Rake $0.42 
Board [8d 5s Ah]
Seat 1: Saralah (big blind) collected ($8.08)
Seat 2: Pippa83 folded before Flop (didn't bet)
Seat 3: B1GBankroll folded on the Flop
Seat 4: Consig|iori folded before Flop (didn't bet)
Seat 5: Kreayshawn (button) folded before Flop (didn't bet)
Seat 6: Burlica2013 (small blind) folded before Flop



PokerStars Hand #254527527606:  Hold'em No Limit ($0.50/$1.00 USD) - 2025/01/24 11:20:01 WET [2025/01/24 6:20:01 ET]
Table 'Zulu IV' 6-max Seat #6 is the button
Seat 1: Saralah ($79.26 in chips) 
Seat 2: Pippa83 ($115.02 in chips) 
Seat 3: B1GBankroll ($101.75 in chips) 
Seat 4: Consig|iori ($125.80 in chips) 
Seat 5: Kreayshawn ($101 in chips) 
Seat 6: Burlica2013 ($101.90 in chips) 
Saralah: posts small blind $0.50
Pippa83: posts big blind $1
*** HOLE CARDS ***
B1GBankroll: folds 
Consig|iori: folds 
Kreayshawn: raises $1.50 to $2.50
Burlica2013: folds 
Saralah: calls $2
Pippa83: folds 
*** FLOP *** [Jd 7h 3s]
Saralah: checks 
Kreayshawn: checks 
*** TURN *** [Jd 7h 3s] [Kc]
Saralah: checks 
Kreayshawn: bets $4.39
Saralah: folds 
Uncalled bet ($4.39) returned to Kreayshawn
Kreayshawn collected $5.70 from pot
*** SUMMARY ***
Total pot $6 | Rake $0.30 
Board [Jd 7h 3s Kc]
Seat 1: Saralah (small blind) folded on the Turn
Seat 2: Pippa83 (big blind) folded before Flop
Seat 3: B1GBankroll folded before Flop (didn't bet)
Seat 4: Consig|iori folded before Flop (didn't bet)
Seat 5: Kreayshawn collected ($5.70)
Seat 6: Burlica2013 (button) folded before Flop (didn't bet)



PokerStars Hand #254527531447:  Hold'em No Limit ($0.50/$1.00 USD) - 2025/01/24 11:20:31 WET [2025/01/24 6:20:31 ET]
Table 'Zulu IV' 6-max Seat #1 is the button
Seat 1: Saralah ($76.76 in chips) 
Seat 2: Pippa83 ($114.02 in chips) 
Seat 3: B1GBankroll ($101.75 in chips) 
Seat 4: Consig|iori ($125.80 in chips) 
Seat 5: Kreayshawn ($104.20 in chips) 
Seat 6: Burlica2013 ($101.90 in chips) 
Pippa83: posts small blind $0.50
B1GBankroll: posts big blind $1
*** HOLE CARDS ***
Consig|iori: folds 
Kreayshawn: folds 
Burlica2013: folds 
Saralah: raises $2.50 to $3.50
Pippa83: folds 
B1GBankroll: calls $2.50
*** FLOP *** [4h 4s 6h]
B1GBankroll: checks 
Saralah: checks 
*** TURN *** [4h 4s 6h] [4d]
B1GBankroll: checks 
Saralah: bets $3.56
B1GBankroll: calls $3.56
*** RIVER *** [4h 4s 6h 4d] [2c]
B1GBankroll: checks 
Saralah: checks 
*** SHOW DOWN ***
B1GBankroll: shows [Qs Ad] (three of a kind, Fours)
Saralah: mucks hand 
B1GBankroll collected $13.89 from pot
*** SUMMARY ***
Total pot $14.62 | Rake $0.73 
Board [4h 4s 6h 4d 2c]
Seat 1: Saralah (button) mucked
Seat 2: Pippa83 (small blind) folded before Flop
Seat 3: B1GBankroll (big blind) showed [Qs Ad] and won ($13.89) with three of a kind, Fours
Seat 4: Consig|iori folded before Flop (didn't bet)
Seat 5: Kreayshawn folded before Flop (didn't bet)
Seat 6: Burlica2013 folded before Flop (didn't bet)



PokerStars Hand #254527538895:  Hold'em No Limit ($0.50/$1.00 USD) - 2025/01/24 11:21:29 WET [2025/01/24 6:21:29 ET]
Table 'Zulu IV' 6-max Seat #2 is the button
Seat 1: Saralah ($69.70 in chips) 
Seat 2: Pippa83 ($113.52 in chips) 
Seat 3: B1GBankroll ($108.58 in chips) 
Seat 4: Consig|iori ($125.80 in chips) 
Seat 5: Kreayshawn ($104.20 in chips) 
Seat 6: Burlica2013 ($101.90 in chips) 
B1GBankroll: posts small blind $0.50
Consig|iori: posts big blind $1
*** HOLE CARDS ***
Kreayshawn: folds 
Burlica2013: folds 
Saralah: raises $2.50 to $3.50
Pippa83: folds 
B1GBankroll: folds 
Consig|iori: calls $2.50
*** FLOP *** [6s Qs 4c]
Consig|iori: checks 
Saralah: bets $7.12
Consig|iori: folds 
Uncalled bet ($7.12) returned to Saralah
Saralah collected $7.12 from pot
*** SUMMARY ***
Total pot $7.50 | Rake $0.38 
Board [6s Qs 4c]
Seat 1: Saralah collected ($7.12)
Seat 2: Pippa83 (button) folded before Flop (didn't bet)
Seat 3: B1GBankroll (small blind) folded before Flop
Seat 4: Consig|iori (big blind) folded on the Flop
Seat 5: Kreayshawn folded before Flop (didn't bet)
Seat 6: Burlica2013 folded before Flop (didn't bet)



PokerStars Hand #254527543734:  Hold'em No Limit ($0.50/$1.00 USD) - 2025/01/24 11:22:08 WET [2025/01/24 6:22:08 ET]
Table 'Zulu IV' 6-max Seat #3 is the button
Seat 1: Saralah ($73.32 in chips) 
Seat 2: Pippa83 ($113.52 in chips) 
Seat 3: B1GBankroll ($108.08 in chips) 
Seat 4: Consig|iori ($122.30 in chips) 
Seat 5: Kreayshawn ($104.20 in chips) 
Seat 6: Burlica2013 ($101.90 in chips) 
Consig|iori: posts small blind $0.50
Kreayshawn: posts big blind $1
*** HOLE CARDS ***
Burlica2013: folds 
Saralah: folds 
Pippa83: folds 
B1GBankroll: raises $1.50 to $2.50
Consig|iori: folds 
Kreayshawn: folds 
Uncalled bet ($1.50) returned to B1GBankroll
B1GBankroll collected $2.50 from pot
B1GBankroll: doesn't show hand 
*** SUMMARY ***
Total pot $2.50 | Rake $0 
Seat 1: Saralah folded before Flop (didn't bet)
Seat 2: Pippa83 folded before Flop (didn't bet)
Seat 3: B1GBankroll (button) collected ($2.50)
Seat 4: Consig|iori (small blind) folded before Flop
Seat 5: Kreayshawn (big blind) folded before Flop
Seat 6: Burlica2013 folded before Flop (didn't bet)



PokerStars Hand #254527545976:  Hold'em No Limit ($0.50/$1.00 USD) - 2025/01/24 11:22:26 WET [2025/01/24 6:22:26 ET]
Table 'Zulu IV' 6-max Seat #4 is the button
Seat 1: Saralah ($73.32 in chips) 
Seat 2: Pippa83 ($113.52 in chips) 
Seat 3: B1GBankroll ($109.58 in chips) 
Seat 4: Consig|iori ($121.80 in chips) 
Seat 5: Kreayshawn ($103.20 in chips) 
Seat 6: Burlica2013 ($101.90 in chips) 
Kreayshawn: posts small blind $0.50
Burlica2013: posts big blind $1
*** HOLE CARDS ***
Saralah: raises $2.50 to $3.50
Pippa83: folds 
B1GBankroll: folds 
Consig|iori: folds 
Kreayshawn: folds 
Burlica2013: folds 
Uncalled bet ($2.50) returned to Saralah
Saralah collected $2.50 from pot
*** SUMMARY ***
Total pot $2.50 | Rake $0 
Seat 1: Saralah collected ($2.50)
Seat 2: Pippa83 folded before Flop (didn't bet)
Seat 3: B1GBankroll folded before Flop (didn't bet)
Seat 4: Consig|iori (button) folded before Flop (didn't bet)
Seat 5: Kreayshawn (small blind) folded before Flop
Seat 6: Burlica2013 (big blind) folded before Flop



PokerStars Hand #254527548077:  Hold'em No Limit ($0.50/$1.00 USD) - 2025/01/24 11:22:43 WET [2025/01/24 6:22:43 ET]
Table 'Zulu IV' 6-max Seat #5 is the button
Seat 1: Saralah ($74.82 in chips) 
Seat 2: Pippa83 ($113.52 in chips) 
Seat 3: B1GBankroll ($109.58 in chips) 
Seat 4: Consig|iori ($121.80 in chips) 
Seat 5: Kreayshawn ($102.70 in chips) 
Seat 6: Burlica2013 ($100.90 in chips) 
Burlica2013: posts small blind $0.50
Saralah: posts big blind $1
*** HOLE CARDS ***
Pippa83: folds 
B1GBankroll: raises $1.50 to $2.50
Consig|iori: folds 
Kreayshawn: folds 
Burlica2013: folds 
Saralah: calls $1.50
*** FLOP *** [8c Kc 6s]
Saralah: checks 
B1GBankroll: bets $2.56
Saralah: folds 
Uncalled bet ($2.56) returned to B1GBankroll
B1GBankroll collected $5.22 from pot
B1GBankroll: doesn't show hand 
*** SUMMARY ***
Total pot $5.50 | Rake $0.28 
Board [8c Kc 6s]
Seat 1: Saralah (big blind) folded on the Flop
Seat 2: Pippa83 folded before Flop (didn't bet)
Seat 3: B1GBankroll collected ($5.22)
Seat 4: Consig|iori folded before Flop (didn't bet)
Seat 5: Kreayshawn (button) folded before Flop (didn't bet)
Seat 6: Burlica2013 (small blind) folded before Flop



PokerStars Hand #254527551578:  Hold'em No Limit ($0.50/$1.00 USD) - 2025/01/24 11:23:11 WET [2025/01/24 6:23:11 ET]
Table 'Zulu IV' 6-max Seat #6 is the button
Seat 1: Saralah ($72.32 in chips) 
Seat 2: Pippa83 ($113.52 in chips) 
Seat 3: B1GBankroll ($112.30 in chips) 
Seat 4: Consig|iori ($121.80 in chips) 
Seat 5: Kreayshawn ($102.70 in chips) 
Seat 6: Burlica2013 ($100.40 in chips) 
Saralah: posts small blind $0.50
Pippa83: posts big blind $1
*** HOLE CARDS ***
B1GBankroll: folds 
Consig|iori: folds 
Kreayshawn: folds 
Burlica2013: folds 
Saralah: raises $1 to $2
Pippa83: calls $1
*** FLOP *** [5c Kc 7s]
Saralah: bets $1.90
Pippa83: calls $1.90
*** TURN *** [5c Kc 7s] [9c]
Saralah: bets $7.41
Pippa83: folds 
Uncalled bet ($7.41) returned to Saralah
Saralah collected $7.41 from pot
*** SUMMARY ***
Total pot $7.80 | Rake $0.39 
Board [5c Kc 7s 9c]
Seat 1: Saralah (small blind) collected ($7.41)
Seat 2: Pippa83 (big blind) folded on the Turn
Seat 3: B1GBankroll folded before Flop (didn't bet)
Seat 4: Consig|iori folded before Flop (didn't bet)
Seat 5: Kreayshawn folded before Flop (didn't bet)
Seat 6: Burlica2013 (button) folded before Flop (didn't bet)



PokerStars Hand #254527556786:  Hold'em No Limit ($0.50/$1.00 USD) - 2025/01/24 11:23:52 WET [2025/01/24 6:23:52 ET]
Table 'Zulu IV' 6-max Seat #1 is the button
Seat 1: Saralah ($75.83 in chips) 
Seat 2: Pippa83 ($109.62 in chips) 
Seat 3: B1GBankroll ($112.30 in chips) 
Seat 4: Consig|iori ($121.80 in chips) 
Seat 5: Kreayshawn ($102.70 in chips) 
Seat 6: Burlica2013 ($100.40 in chips) 
Pippa83: posts small blind $0.50
B1GBankroll: posts big blind $1
*** HOLE CARDS ***
Consig|iori: folds 
Kreayshawn: folds 
Burlica2013: folds 
Saralah: folds 
Pippa83: raises $2 to $3
B1GBankroll: folds 
Uncalled bet ($2) returned to Pippa83
Pippa83 collected $2 from pot
Pippa83: doesn't show hand 
*** SUMMARY ***
Total pot $2 | Rake $0 
Seat 1: Saralah (button) folded before Flop (didn't bet)
Seat 2: Pippa83 (small blind) collected ($2)
Seat 3: B1GBankroll (big blind) folded before Flop
Seat 4: Consig|iori folded before Flop (didn't bet)
Seat 5: Kreayshawn folded before Flop (didn't bet)
Seat 6: Burlica2013 folded before Flop (didn't bet)



