PokerStars Hand #254531362511:  Hold'em No Limit ($0.50/$1.00 USD) - 2025/01/24 17:18:02 WET [2025/01/24 12:18:02 ET]
Table 'Rudra III' 6-max Seat #2 is the button
Seat 2: poker_soul11 ($100 in chips) 
Seat 4: jeffy27dt1 ($100 in chips) 
Seat 6: Supermegopro ($100 in chips) 
jeffy27dt1: posts small blind $0.50
Supermegopro: posts big blind $1
*** HOLE CARDS ***
poker_soul11: raises $1.20 to $2.20
jeffy27dt1: folds 
Supermegopro: folds 
Uncalled bet ($1.20) returned to poker_soul11
poker_soul11 collected $2.50 from pot
poker_soul11: doesn't show hand 
*** SUMMARY ***
Total pot $2.50 | Rake $0 
Seat 2: poker_soul11 (button) collected ($2.50)
Seat 4: jeffy27dt1 (small blind) folded before Flop
Seat 6: Supermegopro (big blind) folded before Flop



PokerStars Hand #254531366370:  Hold'em No Limit ($0.50/$1.00 USD) - 2025/01/24 17:18:17 WET [2025/01/24 12:18:17 ET]
Table 'Rudra III' 6-max Seat #4 is the button
Seat 2: poker_soul11 ($101.50 in chips) 
Seat 4: jeffy27dt1 ($100 in chips) 
Seat 6: Supermegopro ($100 in chips) 
Supermegopro: posts small blind $0.50
poker_soul11: posts big blind $1
*** HOLE CARDS ***
jeffy27dt1: folds 
Supermegopro: raises $2 to $3
poker_soul11: calls $2
*** FLOP *** [5c Ks 9c]
Supermegopro: checks 
Potato333333 joins the table at seat #5 
Potato333333 is disconnected 
sta$igk joins the table at seat #1 
poker_soul11: checks 
*** TURN *** [5c Ks 9c] [5s]
Supermegopro: checks 
EasyGamerrr joins the table at seat #3 
poker_soul11: bets $4.28
Supermegopro: folds 
Uncalled bet ($4.28) returned to poker_soul11
poker_soul11 collected $5.70 from pot
poker_soul11: doesn't show hand 
*** SUMMARY ***
Total pot $6 | Rake $0.30 
Board [5c Ks 9c 5s]
Seat 2: poker_soul11 (big blind) collected ($5.70)
Seat 4: jeffy27dt1 (button) folded before Flop (didn't bet)
Seat 6: Supermegopro (small blind) folded on the Turn



PokerStars Hand #254531383967:  Hold'em No Limit ($0.50/$1.00 USD) - 2025/01/24 17:19:26 WET [2025/01/24 12:19:26 ET]
Table 'Rudra III' 6-max Seat #6 is the button
Seat 1: sta$igk ($100 in chips) is sitting out
Seat 2: poker_soul11 ($104.20 in chips) 
Seat 3: EasyGamerrr ($100 in chips) 
Seat 4: jeffy27dt1 ($100 in chips) 
Seat 5: Potato333333 ($60.86 in chips) 
Seat 6: Supermegopro ($100 in chips) 
poker_soul11: posts small blind $0.50
EasyGamerrr: posts big blind $1
Potato333333: posts big blind $1
*** HOLE CARDS ***
jeffy27dt1: folds 
Potato333333: checks 
Supermegopro: raises $2.50 to $3.50
poker_soul11: folds 
EasyGamerrr: folds 
Potato333333: calls $2.50
*** FLOP *** [Qh Tc 3h]
Potato333333: bets $2
Supermegopro: calls $2
*** TURN *** [Qh Tc 3h] [6d]
Potato333333: bets $4
Supermegopro: calls $4
*** RIVER *** [Qh Tc 3h 6d] [Ad]
Potato333333: bets $3
Supermegopro: calls $3
*** SHOW DOWN ***
Potato333333: shows [8s Ts] (a pair of Tens)
Supermegopro: shows [Td Kc] (a pair of Tens - Ace+King kicker)
Supermegopro collected $25.18 from pot
*** SUMMARY ***
Total pot $26.50 | Rake $1.32 
Board [Qh Tc 3h 6d Ad]
Seat 1: sta$igk
Seat 2: poker_soul11 (small blind) folded before Flop
Seat 3: EasyGamerrr (big blind) folded before Flop
Seat 4: jeffy27dt1 folded before Flop (didn't bet)
Seat 5: Potato333333 showed [8s Ts] and lost with a pair of Tens
Seat 6: Supermegopro (button) showed [Td Kc] and won ($25.18) with a pair of Tens



PokerStars Hand #254531401468:  Hold'em No Limit ($0.50/$1.00 USD) - 2025/01/24 17:20:34 WET [2025/01/24 12:20:34 ET]
Table 'Rudra III' 6-max Seat #2 is the button
Seat 1: sta$igk ($100 in chips) is sitting out
Seat 2: poker_soul11 ($103.70 in chips) 
Seat 3: EasyGamerrr ($100 in chips) 
Seat 4: jeffy27dt1 ($100 in chips) 
Seat 5: Potato333333 ($48.36 in chips) 
Seat 6: Supermegopro ($112.68 in chips) 
EasyGamerrr: posts small blind $0.50
jeffy27dt1: posts big blind $1
sta$igk: sits out 
*** HOLE CARDS ***
Potato333333: folds 
Supermegopro: folds 
poker_soul11: folds 
EasyGamerrr: folds 
Uncalled bet ($0.50) returned to jeffy27dt1
jeffy27dt1 collected $1 from pot
jeffy27dt1: doesn't show hand 
*** SUMMARY ***
Total pot $1 | Rake $0 
Seat 1: sta$igk
Seat 2: poker_soul11 (button) folded before Flop (didn't bet)
Seat 3: EasyGamerrr (small blind) folded before Flop
Seat 4: jeffy27dt1 (big blind) collected ($1)
Seat 5: Potato333333 folded before Flop (didn't bet)
Seat 6: Supermegopro folded before Flop (didn't bet)



PokerStars Hand #254531405285:  Hold'em No Limit ($0.50/$1.00 USD) - 2025/01/24 17:20:49 WET [2025/01/24 12:20:49 ET]
Table 'Rudra III' 6-max Seat #3 is the button
Seat 1: sta$igk ($100 in chips) is sitting out
Seat 2: poker_soul11 ($103.70 in chips) 
Seat 3: EasyGamerrr ($100 in chips) 
Seat 4: jeffy27dt1 ($100.50 in chips) 
Seat 5: Potato333333 ($48.36 in chips) 
Seat 6: Supermegopro ($112.68 in chips) 
jeffy27dt1: posts small blind $0.50
Potato333333: posts big blind $1
sta$igk: sits out 
*** HOLE CARDS ***
Supermegopro: raises $1.50 to $2.50
poker_soul11: folds 
EasyGamerrr: folds 
jeffy27dt1: folds 
Potato333333: folds 
Uncalled bet ($1.50) returned to Supermegopro
Supermegopro collected $2.50 from pot
Supermegopro: doesn't show hand 
*** SUMMARY ***
Total pot $2.50 | Rake $0 
Seat 1: sta$igk
Seat 2: poker_soul11 folded before Flop (didn't bet)
Seat 3: EasyGamerrr (button) folded before Flop (didn't bet)
Seat 4: jeffy27dt1 (small blind) folded before Flop
Seat 5: Potato333333 (big blind) folded before Flop
Seat 6: Supermegopro collected ($2.50)



PokerStars Hand #254531410004:  Hold'em No Limit ($0.50/$1.00 USD) - 2025/01/24 17:21:07 WET [2025/01/24 12:21:07 ET]
Table 'Rudra III' 6-max Seat #4 is the button
Seat 1: sta$igk ($100 in chips) is sitting out
Seat 2: poker_soul11 ($103.70 in chips) 
Seat 3: EasyGamerrr ($100 in chips) 
Seat 4: jeffy27dt1 ($100 in chips) 
Seat 5: Potato333333 ($47.36 in chips) 
Seat 6: Supermegopro ($114.18 in chips) 
Potato333333: posts small blind $0.50
Supermegopro: posts big blind $1
sta$igk: sits out 
*** HOLE CARDS ***
poker_soul11: folds 
EasyGamerrr: folds 
jeffy27dt1: raises $1.50 to $2.50
Potato333333: folds 
Supermegopro: folds 
Uncalled bet ($1.50) returned to jeffy27dt1
jeffy27dt1 collected $2.50 from pot
jeffy27dt1: doesn't show hand 
*** SUMMARY ***
Total pot $2.50 | Rake $0 
Seat 1: sta$igk
Seat 2: poker_soul11 folded before Flop (didn't bet)
Seat 3: EasyGamerrr folded before Flop (didn't bet)
Seat 4: jeffy27dt1 (button) collected ($2.50)
Seat 5: Potato333333 (small blind) folded before Flop
Seat 6: Supermegopro (big blind) folded before Flop



PokerStars Hand #254531415891:  Hold'em No Limit ($0.50/$1.00 USD) - 2025/01/24 17:21:30 WET [2025/01/24 12:21:30 ET]
Table 'Rudra III' 6-max Seat #5 is the button
Seat 1: sta$igk ($100 in chips) 
Seat 2: poker_soul11 ($103.70 in chips) 
Seat 3: EasyGamerrr ($100 in chips) 
Seat 4: jeffy27dt1 ($101.50 in chips) 
Seat 5: Potato333333 ($46.86 in chips) 
Seat 6: Supermegopro ($113.18 in chips) 
Supermegopro: posts small blind $0.50
sta$igk: posts big blind $1
*** HOLE CARDS ***
poker_soul11: folds 
EasyGamerrr: raises $1 to $2
jeffy27dt1: folds 
Potato333333: folds 
Supermegopro: folds 
sta$igk: folds 
Uncalled bet ($1) returned to EasyGamerrr
EasyGamerrr collected $2.50 from pot
EasyGamerrr: doesn't show hand 
*** SUMMARY ***
Total pot $2.50 | Rake $0 
Seat 1: sta$igk (big blind) folded before Flop
Seat 2: poker_soul11 folded before Flop (didn't bet)
Seat 3: EasyGamerrr collected ($2.50)
Seat 4: jeffy27dt1 folded before Flop (didn't bet)
Seat 5: Potato333333 (button) folded before Flop (didn't bet)
Seat 6: Supermegopro (small blind) folded before Flop



PokerStars Hand #254531419056:  Hold'em No Limit ($0.50/$1.00 USD) - 2025/01/24 17:21:42 WET [2025/01/24 12:21:42 ET]
Table 'Rudra III' 6-max Seat #6 is the button
Seat 1: sta$igk ($100 in chips) 
Seat 2: poker_soul11 ($103.70 in chips) 
Seat 3: EasyGamerrr ($101.50 in chips) 
Seat 4: jeffy27dt1 ($101.50 in chips) 
Seat 5: Potato333333 ($46.86 in chips) 
Seat 6: Supermegopro ($112.68 in chips) 
sta$igk: posts small blind $0.50
poker_soul11: posts big blind $1
*** HOLE CARDS ***
EasyGamerrr: folds 
jeffy27dt1: folds 
Potato333333: calls $1
Supermegopro: folds 
sta$igk: folds 
poker_soul11: checks 
*** FLOP *** [Jc 7d 9d]
poker_soul11: checks 
Potato333333: bets $2.19
poker_soul11: folds 
Uncalled bet ($2.19) returned to Potato333333
Potato333333 collected $2.38 from pot
*** SUMMARY ***
Total pot $2.50 | Rake $0.12 
Board [Jc 7d 9d]
Seat 1: sta$igk (small blind) folded before Flop
Seat 2: poker_soul11 (big blind) folded on the Flop
Seat 3: EasyGamerrr folded before Flop (didn't bet)
Seat 4: jeffy27dt1 folded before Flop (didn't bet)
Seat 5: Potato333333 collected ($2.38)
Seat 6: Supermegopro (button) folded before Flop (didn't bet)



PokerStars Hand #254531425423:  Hold'em No Limit ($0.50/$1.00 USD) - 2025/01/24 17:22:07 WET [2025/01/24 12:22:07 ET]
Table 'Rudra III' 6-max Seat #1 is the button
Seat 1: sta$igk ($100 in chips) 
Seat 2: poker_soul11 ($102.70 in chips) 
Seat 3: EasyGamerrr ($101.50 in chips) 
Seat 4: jeffy27dt1 ($101.50 in chips) 
Seat 5: Potato333333 ($48.24 in chips) 
Seat 6: Supermegopro ($112.68 in chips) 
poker_soul11: posts small blind $0.50
EasyGamerrr: posts big blind $1
*** HOLE CARDS ***
jeffy27dt1: raises $1.50 to $2.50
Potato333333: folds 
Supermegopro: folds 
sta$igk: folds 
poker_soul11: folds 
EasyGamerrr: folds 
Uncalled bet ($1.50) returned to jeffy27dt1
jeffy27dt1 collected $2.50 from pot
jeffy27dt1: doesn't show hand 
*** SUMMARY ***
Total pot $2.50 | Rake $0 
Seat 1: sta$igk (button) folded before Flop (didn't bet)
Seat 2: poker_soul11 (small blind) folded before Flop
Seat 3: EasyGamerrr (big blind) folded before Flop
Seat 4: jeffy27dt1 collected ($2.50)
Seat 5: Potato333333 folded before Flop (didn't bet)
Seat 6: Supermegopro folded before Flop (didn't bet)



PokerStars Hand #254531429599:  Hold'em No Limit ($0.50/$1.00 USD) - 2025/01/24 17:22:23 WET [2025/01/24 12:22:23 ET]
Table 'Rudra III' 6-max Seat #2 is the button
Seat 1: sta$igk ($100 in chips) 
Seat 2: poker_soul11 ($102.20 in chips) 
Seat 3: EasyGamerrr ($100.50 in chips) 
Seat 4: jeffy27dt1 ($103 in chips) 
Seat 5: Potato333333 ($48.24 in chips) 
Seat 6: Supermegopro ($112.68 in chips) 
EasyGamerrr: posts small blind $0.50
jeffy27dt1: posts big blind $1
*** HOLE CARDS ***
Potato333333: folds 
Supermegopro: folds 
sta$igk: folds 
poker_soul11: raises $1.20 to $2.20
EasyGamerrr: folds 
jeffy27dt1: calls $1.20
*** FLOP *** [Kd Ad 4c]
jeffy27dt1: checks 
poker_soul11: checks 
*** TURN *** [Kd Ad 4c] [Th]
jeffy27dt1: bets $5.83
poker_soul11: folds 
Uncalled bet ($5.83) returned to jeffy27dt1
jeffy27dt1 collected $4.66 from pot
jeffy27dt1: doesn't show hand 
*** SUMMARY ***
Total pot $4.90 | Rake $0.24 
Board [Kd Ad 4c Th]
Seat 1: sta$igk folded before Flop (didn't bet)
Seat 2: poker_soul11 (button) folded on the Turn
Seat 3: EasyGamerrr (small blind) folded before Flop
Seat 4: jeffy27dt1 (big blind) collected ($4.66)
Seat 5: Potato333333 folded before Flop (didn't bet)
Seat 6: Supermegopro folded before Flop (didn't bet)



PokerStars Hand #254531448488:  Hold'em No Limit ($0.50/$1.00 USD) - 2025/01/24 17:23:36 WET [2025/01/24 12:23:36 ET]
Table 'Rudra III' 6-max Seat #3 is the button
Seat 1: sta$igk ($100 in chips) 
Seat 2: poker_soul11 ($100 in chips) 
Seat 3: EasyGamerrr ($100 in chips) 
Seat 4: jeffy27dt1 ($105.46 in chips) 
Seat 5: Potato333333 ($48.24 in chips) 
Seat 6: Supermegopro ($112.68 in chips) 
jeffy27dt1: posts small blind $0.50
Potato333333: posts big blind $1
*** HOLE CARDS ***
Supermegopro: raises $1.50 to $2.50
sta$igk: folds 
poker_soul11: folds 
EasyGamerrr: folds 
jeffy27dt1: folds 
Potato333333: folds 
Uncalled bet ($1.50) returned to Supermegopro
Supermegopro collected $2.50 from pot
Supermegopro: doesn't show hand 
*** SUMMARY ***
Total pot $2.50 | Rake $0 
Seat 1: sta$igk folded before Flop (didn't bet)
Seat 2: poker_soul11 folded before Flop (didn't bet)
Seat 3: EasyGamerrr (button) folded before Flop (didn't bet)
Seat 4: jeffy27dt1 (small blind) folded before Flop
Seat 5: Potato333333 (big blind) folded before Flop
Seat 6: Supermegopro collected ($2.50)



PokerStars Hand #254531452083:  Hold'em No Limit ($0.50/$1.00 USD) - 2025/01/24 17:23:50 WET [2025/01/24 12:23:50 ET]
Table 'Rudra III' 6-max Seat #4 is the button
Seat 1: sta$igk ($100 in chips) 
Seat 2: poker_soul11 ($100 in chips) 
Seat 3: EasyGamerrr ($100 in chips) 
Seat 4: jeffy27dt1 ($104.96 in chips) 
Seat 5: Potato333333 ($47.24 in chips) 
Seat 6: Supermegopro ($114.18 in chips) 
Potato333333: posts small blind $0.50
Supermegopro: posts big blind $1
*** HOLE CARDS ***
sta$igk: folds 
poker_soul11: folds 
EasyGamerrr: raises $1.50 to $2.50
jeffy27dt1: folds 
Potato333333: folds 
Supermegopro: folds 
Uncalled bet ($1.50) returned to EasyGamerrr
EasyGamerrr collected $2.50 from pot
EasyGamerrr: doesn't show hand 
*** SUMMARY ***
Total pot $2.50 | Rake $0 
Seat 1: sta$igk folded before Flop (didn't bet)
Seat 2: poker_soul11 folded before Flop (didn't bet)
Seat 3: EasyGamerrr collected ($2.50)
Seat 4: jeffy27dt1 (button) folded before Flop (didn't bet)
Seat 5: Potato333333 (small blind) folded before Flop
Seat 6: Supermegopro (big blind) folded before Flop



PokerStars Hand #254531456815:  Hold'em No Limit ($0.50/$1.00 USD) - 2025/01/24 17:24:08 WET [2025/01/24 12:24:08 ET]
Table 'Rudra III' 6-max Seat #5 is the button
Seat 1: sta$igk ($100 in chips) 
Seat 2: poker_soul11 ($100 in chips) 
Seat 3: EasyGamerrr ($101.50 in chips) 
Seat 4: jeffy27dt1 ($104.96 in chips) 
Seat 5: Potato333333 ($46.74 in chips) 
Seat 6: Supermegopro ($113.18 in chips) 
Supermegopro: posts small blind $0.50
sta$igk: posts big blind $1
*** HOLE CARDS ***
poker_soul11: raises $1.20 to $2.20
EasyGamerrr: folds 
jeffy27dt1: raises $5.30 to $7.50
Potato333333: folds 
Supermegopro: folds 
sta$igk: folds 
poker_soul11: raises $12.50 to $20
jeffy27dt1: folds 
Uncalled bet ($12.50) returned to poker_soul11
poker_soul11 collected $16.50 from pot
poker_soul11: doesn't show hand 
*** SUMMARY ***
Total pot $16.50 | Rake $0 
Seat 1: sta$igk (big blind) folded before Flop
Seat 2: poker_soul11 collected ($16.50)
Seat 3: EasyGamerrr folded before Flop (didn't bet)
Seat 4: jeffy27dt1 folded before Flop
Seat 5: Potato333333 (button) folded before Flop (didn't bet)
Seat 6: Supermegopro (small blind) folded before Flop



PokerStars Hand #254531471540:  Hold'em No Limit ($0.50/$1.00 USD) - 2025/01/24 17:25:06 WET [2025/01/24 12:25:06 ET]
Table 'Rudra III' 6-max Seat #6 is the button
Seat 1: sta$igk ($100 in chips) 
Seat 2: poker_soul11 ($109 in chips) 
Seat 3: EasyGamerrr ($101.50 in chips) 
Seat 4: jeffy27dt1 ($100 in chips) 
Seat 5: Potato333333 ($46.74 in chips) 
Seat 6: Supermegopro ($112.68 in chips) 
sta$igk: posts small blind $0.50
poker_soul11: posts big blind $1
*** HOLE CARDS ***
EasyGamerrr: raises $1 to $2
jeffy27dt1: folds 
Potato333333: folds 
Supermegopro: folds 
sta$igk: folds 
poker_soul11: folds 
Uncalled bet ($1) returned to EasyGamerrr
EasyGamerrr collected $2.50 from pot
EasyGamerrr: doesn't show hand 
*** SUMMARY ***
Total pot $2.50 | Rake $0 
Seat 1: sta$igk (small blind) folded before Flop
Seat 2: poker_soul11 (big blind) folded before Flop
Seat 3: EasyGamerrr collected ($2.50)
Seat 4: jeffy27dt1 folded before Flop (didn't bet)
Seat 5: Potato333333 folded before Flop (didn't bet)
Seat 6: Supermegopro (button) folded before Flop (didn't bet)



PokerStars Hand #254531478101:  Hold'em No Limit ($0.50/$1.00 USD) - 2025/01/24 17:25:31 WET [2025/01/24 12:25:31 ET]
Table 'Rudra III' 6-max Seat #1 is the button
Seat 1: sta$igk ($100 in chips) 
Seat 2: poker_soul11 ($108 in chips) 
Seat 3: EasyGamerrr ($103 in chips) 
Seat 4: jeffy27dt1 ($100 in chips) 
Seat 5: Potato333333 ($46.74 in chips) 
Seat 6: Supermegopro ($112.68 in chips) 
poker_soul11: posts small blind $0.50
EasyGamerrr: posts big blind $1
*** HOLE CARDS ***
jeffy27dt1: folds 
Potato333333: folds 
Supermegopro: folds 
sta$igk: raises $1.50 to $2.50
poker_soul11: folds 
EasyGamerrr: calls $1.50
*** FLOP *** [9s 5s Jh]
EasyGamerrr: checks 
sta$igk: bets $3.92
EasyGamerrr: folds 
Uncalled bet ($3.92) returned to sta$igk
sta$igk collected $5.22 from pot
sta$igk: doesn't show hand 
*** SUMMARY ***
Total pot $5.50 | Rake $0.28 
Board [9s 5s Jh]
Seat 1: sta$igk (button) collected ($5.22)
Seat 2: poker_soul11 (small blind) folded before Flop
Seat 3: EasyGamerrr (big blind) folded on the Flop
Seat 4: jeffy27dt1 folded before Flop (didn't bet)
Seat 5: Potato333333 folded before Flop (didn't bet)
Seat 6: Supermegopro folded before Flop (didn't bet)



PokerStars Hand #254531487368:  Hold'em No Limit ($0.50/$1.00 USD) - 2025/01/24 17:26:07 WET [2025/01/24 12:26:07 ET]
Table 'Rudra III' 6-max Seat #2 is the button
Seat 1: sta$igk ($102.72 in chips) 
Seat 2: poker_soul11 ($107.50 in chips) 
Seat 3: EasyGamerrr ($100.50 in chips) 
Seat 4: jeffy27dt1 ($100 in chips) 
Seat 5: Potato333333 ($46.74 in chips) 
Seat 6: Supermegopro ($112.68 in chips) 
EasyGamerrr: posts small blind $0.50
jeffy27dt1: posts big blind $1
*** HOLE CARDS ***
Potato333333: folds 
Supermegopro: folds 
sta$igk: folds 
poker_soul11: raises $1.20 to $2.20
EasyGamerrr: raises $8.80 to $11
jeffy27dt1: folds 
poker_soul11: folds 
Uncalled bet ($8.80) returned to EasyGamerrr
EasyGamerrr collected $5.40 from pot
EasyGamerrr: doesn't show hand 
*** SUMMARY ***
Total pot $5.40 | Rake $0 
Seat 1: sta$igk folded before Flop (didn't bet)
Seat 2: poker_soul11 (button) folded before Flop
Seat 3: EasyGamerrr (small blind) collected ($5.40)
Seat 4: jeffy27dt1 (big blind) folded before Flop
Seat 5: Potato333333 folded before Flop (didn't bet)
Seat 6: Supermegopro folded before Flop (didn't bet)



PokerStars Hand #254531496052:  Hold'em No Limit ($0.50/$1.00 USD) - 2025/01/24 17:26:41 WET [2025/01/24 12:26:41 ET]
Table 'Rudra III' 6-max Seat #3 is the button
Seat 1: sta$igk ($102.72 in chips) 
Seat 2: poker_soul11 ($105.30 in chips) 
Seat 3: EasyGamerrr ($103.70 in chips) 
Seat 4: jeffy27dt1 ($100 in chips) 
Seat 5: Potato333333 ($46.74 in chips) 
Seat 6: Supermegopro ($112.68 in chips) 
jeffy27dt1: posts small blind $0.50
Potato333333: posts big blind $1
*** HOLE CARDS ***
Supermegopro: folds 
Supermegopro leaves the table
sta$igk: raises $1.50 to $2.50
poker_soul11: folds 
EasyGamerrr: folds 
jeffy27dt1: folds 
paramourx joins the table at seat #6 
Potato333333: calls $1.50
*** FLOP *** [3h Kc 7h]
Potato333333: checks 
sta$igk: checks 
*** TURN *** [3h Kc 7h] [9c]
Potato333333: bets $3
sta$igk: raises $6.11 to $9.11
Potato333333: folds 
Uncalled bet ($6.11) returned to sta$igk
sta$igk collected $10.92 from pot
sta$igk: doesn't show hand 
*** SUMMARY ***
Total pot $11.50 | Rake $0.58 
Board [3h Kc 7h 9c]
Seat 1: sta$igk collected ($10.92)
Seat 2: poker_soul11 folded before Flop (didn't bet)
Seat 3: EasyGamerrr (button) folded before Flop (didn't bet)
Seat 4: jeffy27dt1 (small blind) folded before Flop
Seat 5: Potato333333 (big blind) folded on the Turn
Seat 6: Supermegopro folded before Flop (didn't bet)



PokerStars Hand #254531508487:  Hold'em No Limit ($0.50/$1.00 USD) - 2025/01/24 17:27:30 WET [2025/01/24 12:27:30 ET]
Table 'Rudra III' 6-max Seat #4 is the button
Seat 1: sta$igk ($108.14 in chips) 
Seat 2: poker_soul11 ($105.30 in chips) 
Seat 3: EasyGamerrr ($103.70 in chips) 
Seat 4: jeffy27dt1 ($100 in chips) 
Seat 5: Potato333333 ($41.24 in chips) 
Seat 6: paramourx ($100 in chips) 
Potato333333: posts small blind $0.50
paramourx: posts big blind $1
*** HOLE CARDS ***
sta$igk: folds 
poker_soul11: raises $1.20 to $2.20
EasyGamerrr: folds 
jeffy27dt1: folds 
Potato333333: calls $1.70
paramourx: calls $1.20
*** FLOP *** [Kc 6d 9d]
Potato333333: checks 
paramourx: checks 
poker_soul11: bets $4.14
Potato333333: calls $4.14
paramourx: calls $4.14
*** TURN *** [Kc 6d 9d] [4c]
Potato333333: checks 
paramourx: checks 
poker_soul11: checks 
*** RIVER *** [Kc 6d 9d 4c] [8h]
Potato333333: bets $18.07
paramourx: folds 
poker_soul11: calls $18.07
*** SHOW DOWN ***
Potato333333: shows [7h 5h] (a straight, Five to Nine)
poker_soul11: mucks hand 
Potato333333 collected $52.66 from pot
*** SUMMARY ***
Total pot $55.16 | Rake $2.50 
Board [Kc 6d 9d 4c 8h]
Seat 1: sta$igk folded before Flop (didn't bet)
Seat 2: poker_soul11 mucked
Seat 3: EasyGamerrr folded before Flop (didn't bet)
Seat 4: jeffy27dt1 (button) folded before Flop (didn't bet)
Seat 5: Potato333333 (small blind) showed [7h 5h] and won ($52.66) with a straight, Five to Nine
Seat 6: paramourx (big blind) folded on the River



PokerStars Hand #254531536694:  Hold'em No Limit ($0.50/$1.00 USD) - 2025/01/24 17:29:22 WET [2025/01/24 12:29:22 ET]
Table 'Rudra III' 6-max Seat #5 is the button
Seat 1: sta$igk ($108.14 in chips) 
Seat 2: poker_soul11 ($100 in chips) 
Seat 3: EasyGamerrr ($103.70 in chips) 
Seat 4: jeffy27dt1 ($100 in chips) 
Seat 5: Potato333333 ($69.49 in chips) 
Seat 6: paramourx ($100 in chips) 
paramourx: posts small blind $0.50
sta$igk: posts big blind $1
*** HOLE CARDS ***
poker_soul11: folds 
EasyGamerrr: folds 
jeffy27dt1: folds 
Potato333333: folds 
paramourx: raises $2 to $3
sta$igk: calls $2
*** FLOP *** [6d Qh 2h]
paramourx: checks 
sta$igk: checks 
*** TURN *** [6d Qh 2h] [Ad]
paramourx: checks 
sta$igk: bets $4.28
paramourx: calls $4.28
*** RIVER *** [6d Qh 2h Ad] [2s]
paramourx: checks 
sta$igk: checks 
*** SHOW DOWN ***
paramourx: shows [Jh 6h] (two pair, Sixes and Deuces)
sta$igk: mucks hand 
paramourx collected $13.83 from pot
*** SUMMARY ***
Total pot $14.56 | Rake $0.73 
Board [6d Qh 2h Ad 2s]
Seat 1: sta$igk (big blind) mucked
Seat 2: poker_soul11 folded before Flop (didn't bet)
Seat 3: EasyGamerrr folded before Flop (didn't bet)
Seat 4: jeffy27dt1 folded before Flop (didn't bet)
Seat 5: Potato333333 (button) folded before Flop (didn't bet)
Seat 6: paramourx (small blind) showed [Jh 6h] and won ($13.83) with two pair, Sixes and Deuces



PokerStars Hand #254531553891:  Hold'em No Limit ($0.50/$1.00 USD) - 2025/01/24 17:30:28 WET [2025/01/24 12:30:28 ET]
Table 'Rudra III' 6-max Seat #6 is the button
Seat 1: sta$igk ($100.86 in chips) 
Seat 2: poker_soul11 ($100 in chips) 
Seat 3: EasyGamerrr ($103.70 in chips) 
Seat 4: jeffy27dt1 ($100 in chips) 
Seat 5: Potato333333 ($69.49 in chips) 
Seat 6: paramourx ($106.55 in chips) 
sta$igk: posts small blind $0.50
poker_soul11: posts big blind $1
*** HOLE CARDS ***
EasyGamerrr: folds 
jeffy27dt1: folds 
Potato333333: raises $1 to $2
paramourx: folds 
sta$igk: folds 
poker_soul11: folds 
Uncalled bet ($1) returned to Potato333333
Potato333333 collected $2.50 from pot
*** SUMMARY ***
Total pot $2.50 | Rake $0 
Seat 1: sta$igk (small blind) folded before Flop
Seat 2: poker_soul11 (big blind) folded before Flop
Seat 3: EasyGamerrr folded before Flop (didn't bet)
Seat 4: jeffy27dt1 folded before Flop (didn't bet)
Seat 5: Potato333333 collected ($2.50)
Seat 6: paramourx (button) folded before Flop (didn't bet)



PokerStars Hand #254531559669:  Hold'em No Limit ($0.50/$1.00 USD) - 2025/01/24 17:30:51 WET [2025/01/24 12:30:51 ET]
Table 'Rudra III' 6-max Seat #1 is the button
Seat 3: EasyGamerrr ($103.70 in chips) is sitting out
Seat 4: jeffy27dt1 ($100 in chips) is sitting out
Seat 1: sta$igk ($100.36 in chips) 
Seat 2: poker_soul11 ($100 in chips) 
Seat 5: Potato333333 ($70.99 in chips) 
Seat 6: paramourx ($106.55 in chips) 
poker_soul11: posts small blind $0.50
EasyGamerrr: is sitting out 
jeffy27dt1: is sitting out 
Potato333333: posts big blind $1
*** HOLE CARDS ***
paramourx: raises $2 to $3
sta$igk: raises $6 to $9
EasyGamerrr leaves the table
poker_soul11: raises $14 to $23
Potato333333: folds 
paramourx: folds 
sta$igk: calls $14
*** FLOP *** [8h 6s 9h]
KarP93 joins the table at seat #3 
poker_soul11: bets $36.75
sta$igk: raises $40.61 to $77.36 and is all-in
poker_soul11: calls $40.25 and is all-in
Uncalled bet ($0.36) returned to sta$igk
jeffy27dt1 leaves the table
*** TURN *** [8h 6s 9h] [2h]
*** RIVER *** [8h 6s 9h 2h] [6c]
*** SHOW DOWN ***
poker_soul11: shows [As Ah] (two pair, Aces and Sixes)
sta$igk: shows [Qh Kh] (a flush, King high)
sta$igk collected $203 from pot
*** SUMMARY ***
Total pot $204 | Rake $1 
Board [8h 6s 9h 2h 6c]
Seat 3: EasyGamerrr
Seat 4: jeffy27dt1
Seat 1: sta$igk (button) showed [Qh Kh] and won ($203) with a flush, King high
Seat 2: poker_soul11 (small blind) showed [As Ah] and lost with two pair, Aces and Sixes
Seat 5: Potato333333 (big blind) folded before Flop
Seat 6: paramourx folded before Flop



PokerStars Hand #254531576642:  Hold'em No Limit ($0.50/$1.00 USD) - 2025/01/24 17:31:55 WET [2025/01/24 12:31:55 ET]
Table 'Rudra III' 6-max Seat #2 is the button
Seat 3: KarP93 ($100 in chips) is sitting out
Seat 1: sta$igk ($203.36 in chips) 
Seat 2: poker_soul11 ($100 in chips) 
Seat 5: Potato333333 ($69.99 in chips) 
Seat 6: paramourx ($103.55 in chips) 
Potato333333: posts small blind $0.50
paramourx: posts big blind $1
*** HOLE CARDS ***
yzuk joins the table at seat #4 
sta$igk: folds 
poker_soul11: raises $1.20 to $2.20
Potato333333: calls $1.70
paramourx: folds 
*** FLOP *** [As Kd 6c]
Potato333333: bets $2.57
poker_soul11: calls $2.57
*** TURN *** [As Kd 6c] [Qh]
Potato333333: bets $5.01
poker_soul11: calls $5.01
*** RIVER *** [As Kd 6c Qh] [4d]
Potato333333: bets $9.78
poker_soul11: folds 
Uncalled bet ($9.78) returned to Potato333333
Potato333333 collected $19.56 from pot
*** SUMMARY ***
Total pot $20.56 | Rake $1 
Board [As Kd 6c Qh 4d]
Seat 3: KarP93
Seat 1: sta$igk folded before Flop (didn't bet)
Seat 2: poker_soul11 (button) folded on the River
Seat 5: Potato333333 (small blind) collected ($19.56)
Seat 6: paramourx (big blind) folded before Flop



PokerStars Hand #254531591407:  Hold'em No Limit ($0.50/$1.00 USD) - 2025/01/24 17:32:52 WET [2025/01/24 12:32:52 ET]
Table 'Rudra III' 6-max Seat #5 is the button
Seat 3: KarP93 ($100 in chips) is sitting out
Seat 4: yzuk ($100 in chips) is sitting out
Seat 1: sta$igk ($203.36 in chips) 
Seat 2: poker_soul11 ($100 in chips) 
Seat 5: Potato333333 ($79.77 in chips) 
Seat 6: paramourx ($102.55 in chips) 
paramourx: posts small blind $0.50
sta$igk: posts big blind $1
KarP93: sits out 
yzuk: sits out 
*** HOLE CARDS ***
poker_soul11: folds 
Potato333333: calls $1
paramourx: folds 
sta$igk: checks 
*** FLOP *** [2h 7s Ac]
sta$igk: checks 
Potato333333: bets $2
sta$igk: calls $2
*** TURN *** [2h 7s Ac] [3h]
sta$igk: checks 
Potato333333: bets $3
sta$igk: calls $3
*** RIVER *** [2h 7s Ac 3h] [7c]
sta$igk: checks 
Potato333333: bets $6
sta$igk: calls $6
*** SHOW DOWN ***
Potato333333: shows [6d Qd] (a pair of Sevens)
sta$igk: shows [4h 3c] (two pair, Sevens and Threes)
sta$igk collected $23.50 from pot
*** SUMMARY ***
Total pot $24.50 | Rake $1 
Board [2h 7s Ac 3h 7c]
Seat 3: KarP93
Seat 4: yzuk
Seat 1: sta$igk (big blind) showed [4h 3c] and won ($23.50) with two pair, Sevens and Threes
Seat 2: poker_soul11 folded before Flop (didn't bet)
Seat 5: Potato333333 (button) showed [6d Qd] and lost with a pair of Sevens
Seat 6: paramourx (small blind) folded before Flop



PokerStars Hand #254531611570:  Hold'em No Limit ($0.50/$1.00 USD) - 2025/01/24 17:34:09 WET [2025/01/24 12:34:09 ET]
Table 'Rudra III' 6-max Seat #6 is the button
Seat 3: KarP93 ($100 in chips) is sitting out
Seat 4: yzuk ($100 in chips) is sitting out
Seat 1: sta$igk ($214.86 in chips) 
Seat 2: poker_soul11 ($100 in chips) 
Seat 5: Potato333333 ($67.77 in chips) 
Seat 6: paramourx ($102.05 in chips) 
sta$igk: posts small blind $0.50
poker_soul11: posts big blind $1
KarP93: sits out 
yzuk: sits out 
*** HOLE CARDS ***
Potato333333: calls $1
paramourx: folds 
sta$igk: raises $4 to $5
poker_soul11: folds 
Potato333333: calls $4
*** FLOP *** [9s 3s Tc]
sta$igk: bets $5.23
Potato333333: calls $5.23
*** TURN *** [9s 3s Tc] [5c]
sta$igk: bets $10.23
Potato333333: calls $10.23
*** RIVER *** [9s 3s Tc 5c] [Jc]
sta$igk: bets $20.46
Potato333333: raises $26.85 to $47.31 and is all-in
sta$igk: calls $26.85
*** SHOW DOWN ***
Potato333333: shows [8c Qc] (a flush, Queen high)
sta$igk: shows [Jh Qh] (a pair of Jacks)
Potato333333 collected $135.54 from pot
*** SUMMARY ***
Total pot $136.54 | Rake $1 
Board [9s 3s Tc 5c Jc]
Seat 3: KarP93
Seat 4: yzuk
Seat 1: sta$igk (small blind) showed [Jh Qh] and lost with a pair of Jacks
Seat 2: poker_soul11 (big blind) folded before Flop
Seat 5: Potato333333 showed [8c Qc] and won ($135.54) with a flush, Queen high
Seat 6: paramourx (button) folded before Flop (didn't bet)



PokerStars Hand #254531636940:  Hold'em No Limit ($0.50/$1.00 USD) - 2025/01/24 17:35:47 WET [2025/01/24 12:35:47 ET]
Table 'Rudra III' 6-max Seat #1 is the button
Seat 4: yzuk ($100 in chips) is sitting out
Seat 1: sta$igk ($147.09 in chips) 
Seat 2: poker_soul11 ($100 in chips) 
Seat 3: KarP93 ($100 in chips) 
Seat 5: Potato333333 ($135.54 in chips) 
Seat 6: paramourx ($102.05 in chips) 
poker_soul11: posts small blind $0.50
KarP93: posts big blind $1
yzuk: sits out 
*** HOLE CARDS ***
Potato333333: calls $1
paramourx: folds 
sta$igk: folds 
poker_soul11: folds 
KarP93: raises $4 to $5
Potato333333: folds 
Uncalled bet ($4) returned to KarP93
KarP93 collected $2.50 from pot
KarP93: doesn't show hand 
*** SUMMARY ***
Total pot $2.50 | Rake $0 
Seat 4: yzuk
Seat 1: sta$igk (button) folded before Flop (didn't bet)
Seat 2: poker_soul11 (small blind) folded before Flop
Seat 3: KarP93 (big blind) collected ($2.50)
Seat 5: Potato333333 folded before Flop
Seat 6: paramourx folded before Flop (didn't bet)



PokerStars Hand #254531644792:  Hold'em No Limit ($0.50/$1.00 USD) - 2025/01/24 17:36:18 WET [2025/01/24 12:36:18 ET]
Table 'Rudra III' 6-max Seat #2 is the button
Seat 1: sta$igk ($147.09 in chips) 
Seat 2: poker_soul11 ($100 in chips) 
Seat 3: KarP93 ($101.50 in chips) 
Seat 4: yzuk ($100 in chips) 
Seat 5: Potato333333 ($134.54 in chips) 
Seat 6: paramourx ($102.05 in chips) 
KarP93: posts small blind $0.50
yzuk: posts big blind $1
*** HOLE CARDS ***
Potato333333: folds 
paramourx: folds 
sta$igk: folds 
poker_soul11: folds 
KarP93: folds 
Uncalled bet ($0.50) returned to yzuk
yzuk collected $1 from pot
yzuk: doesn't show hand 
*** SUMMARY ***
Total pot $1 | Rake $0 
Seat 1: sta$igk folded before Flop (didn't bet)
Seat 2: poker_soul11 (button) folded before Flop (didn't bet)
Seat 3: KarP93 (small blind) folded before Flop
Seat 4: yzuk (big blind) collected ($1)
Seat 5: Potato333333 folded before Flop (didn't bet)
Seat 6: paramourx folded before Flop (didn't bet)



PokerStars Hand #254531648436:  Hold'em No Limit ($0.50/$1.00 USD) - 2025/01/24 17:36:32 WET [2025/01/24 12:36:32 ET]
Table 'Rudra III' 6-max Seat #3 is the button
Seat 1: sta$igk ($147.09 in chips) 
Seat 2: poker_soul11 ($100 in chips) 
Seat 3: KarP93 ($101 in chips) 
Seat 4: yzuk ($100.50 in chips) 
Seat 5: Potato333333 ($134.54 in chips) 
Seat 6: paramourx ($102.05 in chips) 
yzuk: posts small blind $0.50
Potato333333: posts big blind $1
*** HOLE CARDS ***
paramourx: folds 
sta$igk: raises $1.50 to $2.50
poker_soul11: folds 
KarP93: folds 
yzuk: folds 
Potato333333: calls $1.50
*** FLOP *** [5h 8c 4s]
Potato333333: checks 
sta$igk: checks 
*** TURN *** [5h 8c 4s] [9s]
Potato333333: checks 
sta$igk: bets $1.72
Potato333333: folds 
Uncalled bet ($1.72) returned to sta$igk
sta$igk collected $5.22 from pot
sta$igk: doesn't show hand 
*** SUMMARY ***
Total pot $5.50 | Rake $0.28 
Board [5h 8c 4s 9s]
Seat 1: sta$igk collected ($5.22)
Seat 2: poker_soul11 folded before Flop (didn't bet)
Seat 3: KarP93 (button) folded before Flop (didn't bet)
Seat 4: yzuk (small blind) folded before Flop
Seat 5: Potato333333 (big blind) folded on the Turn
Seat 6: paramourx folded before Flop (didn't bet)



PokerStars Hand #254531658955:  Hold'em No Limit ($0.50/$1.00 USD) - 2025/01/24 17:37:12 WET [2025/01/24 12:37:12 ET]
Table 'Rudra III' 6-max Seat #4 is the button
Seat 1: sta$igk ($149.81 in chips) 
Seat 2: poker_soul11 ($100 in chips) 
Seat 3: KarP93 ($101 in chips) 
Seat 4: yzuk ($100 in chips) 
Seat 5: Potato333333 ($132.04 in chips) 
Seat 6: paramourx ($102.05 in chips) 
Potato333333: posts small blind $0.50
paramourx: posts big blind $1
*** HOLE CARDS ***
sta$igk: folds 
poker_soul11: raises $1.20 to $2.20
KarP93: raises $6.30 to $8.50
yzuk: folds 
Potato333333: folds 
paramourx: folds 
poker_soul11: folds 
Uncalled bet ($6.30) returned to KarP93
KarP93 collected $5.90 from pot
KarP93: doesn't show hand 
*** SUMMARY ***
Total pot $5.90 | Rake $0 
Seat 1: sta$igk folded before Flop (didn't bet)
Seat 2: poker_soul11 folded before Flop
Seat 3: KarP93 collected ($5.90)
Seat 4: yzuk (button) folded before Flop (didn't bet)
Seat 5: Potato333333 (small blind) folded before Flop
Seat 6: paramourx (big blind) folded before Flop



PokerStars Hand #254531666306:  Hold'em No Limit ($0.50/$1.00 USD) - 2025/01/24 17:37:40 WET [2025/01/24 12:37:40 ET]
Table 'Rudra III' 6-max Seat #5 is the button
Seat 1: sta$igk ($149.81 in chips) 
Seat 2: poker_soul11 ($100 in chips) 
Seat 3: KarP93 ($104.70 in chips) 
Seat 4: yzuk ($100 in chips) 
Seat 5: Potato333333 ($131.54 in chips) 
Seat 6: paramourx ($101.05 in chips) 
paramourx: posts small blind $0.50
sta$igk: posts big blind $1
*** HOLE CARDS ***
poker_soul11: folds 
KarP93: raises $1.50 to $2.50
yzuk: folds 
Potato333333: folds 
paramourx: folds 
sta$igk: folds 
Uncalled bet ($1.50) returned to KarP93
KarP93 collected $2.50 from pot
KarP93: doesn't show hand 
*** SUMMARY ***
Total pot $2.50 | Rake $0 
Seat 1: sta$igk (big blind) folded before Flop
Seat 2: poker_soul11 folded before Flop (didn't bet)
Seat 3: KarP93 collected ($2.50)
Seat 4: yzuk folded before Flop (didn't bet)
Seat 5: Potato333333 (button) folded before Flop (didn't bet)
Seat 6: paramourx (small blind) folded before Flop



PokerStars Hand #254531670237:  Hold'em No Limit ($0.50/$1.00 USD) - 2025/01/24 17:37:56 WET [2025/01/24 12:37:56 ET]
Table 'Rudra III' 6-max Seat #6 is the button
Seat 1: sta$igk ($148.81 in chips) 
Seat 2: poker_soul11 ($100 in chips) 
Seat 3: KarP93 ($106.20 in chips) 
Seat 4: yzuk ($100 in chips) 
Seat 5: Potato333333 ($131.54 in chips) 
Seat 6: paramourx ($100.55 in chips) 
sta$igk: posts small blind $0.50
poker_soul11: posts big blind $1
*** HOLE CARDS ***
KarP93: folds 
yzuk: folds 
Potato333333: calls $1
paramourx: folds 
sta$igk: folds 
poker_soul11: raises $4 to $5
Potato333333: calls $4
*** FLOP *** [Qs 2s 4c]
poker_soul11: bets $2.50
Potato333333: calls $2.50
*** TURN *** [Qs 2s 4c] [Kc]
poker_soul11: bets $11.04
Potato333333: calls $11.04
*** RIVER *** [Qs 2s 4c Kc] [2c]
poker_soul11: checks 
Potato333333: bets $113 and is all-in
poker_soul11: folds 
Uncalled bet ($113) returned to Potato333333
Potato333333 collected $35.70 from pot
*** SUMMARY ***
Total pot $37.58 | Rake $1.88 
Board [Qs 2s 4c Kc 2c]
Seat 1: sta$igk (small blind) folded before Flop
Seat 2: poker_soul11 (big blind) folded on the River
Seat 3: KarP93 folded before Flop (didn't bet)
Seat 4: yzuk folded before Flop (didn't bet)
Seat 5: Potato333333 collected ($35.70)
Seat 6: paramourx (button) folded before Flop (didn't bet)



PokerStars Hand #254531684169:  Hold'em No Limit ($0.50/$1.00 USD) - 2025/01/24 17:38:50 WET [2025/01/24 12:38:50 ET]
Table 'Rudra III' 6-max Seat #1 is the button
Seat 1: sta$igk ($148.31 in chips) 
Seat 2: poker_soul11 ($100 in chips) 
Seat 3: KarP93 ($106.20 in chips) 
Seat 4: yzuk ($100 in chips) 
Seat 5: Potato333333 ($148.70 in chips) 
Seat 6: paramourx ($100.55 in chips) 
poker_soul11: posts small blind $0.50
KarP93: posts big blind $1
*** HOLE CARDS ***
yzuk: folds 
Potato333333: calls $1
paramourx: folds 
sta$igk: folds 
poker_soul11: folds 
KarP93: checks 
*** FLOP *** [Qd Ts Jh]
KarP93: checks 
Potato333333: bets $2
KarP93: folds 
Uncalled bet ($2) returned to Potato333333
Potato333333 collected $2.38 from pot
*** SUMMARY ***
Total pot $2.50 | Rake $0.12 
Board [Qd Ts Jh]
Seat 1: sta$igk (button) folded before Flop (didn't bet)
Seat 2: poker_soul11 (small blind) folded before Flop
Seat 3: KarP93 (big blind) folded on the Flop
Seat 4: yzuk folded before Flop (didn't bet)
Seat 5: Potato333333 collected ($2.38)
Seat 6: paramourx folded before Flop (didn't bet)



PokerStars Hand #254531693966:  Hold'em No Limit ($0.50/$1.00 USD) - 2025/01/24 17:39:28 WET [2025/01/24 12:39:28 ET]
Table 'Rudra III' 6-max Seat #2 is the button
Seat 1: sta$igk ($148.31 in chips) 
Seat 2: poker_soul11 ($100 in chips) 
Seat 3: KarP93 ($105.20 in chips) 
Seat 4: yzuk ($100 in chips) 
Seat 5: Potato333333 ($150.08 in chips) 
Seat 6: paramourx ($100.55 in chips) 
KarP93: posts small blind $0.50
yzuk: posts big blind $1
*** HOLE CARDS ***
Potato333333: folds 
paramourx: folds 
sta$igk: folds 
poker_soul11: folds 
KarP93: folds 
Uncalled bet ($0.50) returned to yzuk
Potato333333 leaves the table
yzuk collected $1 from pot
yzuk: doesn't show hand 
*** SUMMARY ***
Total pot $1 | Rake $0 
Seat 1: sta$igk folded before Flop (didn't bet)
Seat 2: poker_soul11 (button) folded before Flop (didn't bet)
Seat 3: KarP93 (small blind) folded before Flop
Seat 4: yzuk (big blind) collected ($1)
Seat 5: Potato333333 folded before Flop (didn't bet)
Seat 6: paramourx folded before Flop (didn't bet)



PokerStars Hand #254531696982:  Hold'em No Limit ($0.50/$1.00 USD) - 2025/01/24 17:39:39 WET [2025/01/24 12:39:39 ET]
Table 'Rudra III' 6-max Seat #3 is the button
Seat 1: sta$igk ($148.31 in chips) 
Seat 2: poker_soul11 ($100 in chips) 
Seat 3: KarP93 ($104.70 in chips) 
Seat 4: yzuk ($100.50 in chips) 
Seat 6: paramourx ($100.55 in chips) 
yzuk: posts small blind $0.50
paramourx: posts big blind $1
*** HOLE CARDS ***
sta$igk: folds 
poker_soul11: folds 
KarP93: raises $1.50 to $2.50
sta$igk leaves the table
yzuk: folds 
paramourx: raises $9.50 to $12
KarP93: folds 
Uncalled bet ($9.50) returned to paramourx
Ysiven joins the table at seat #1 
paramourx collected $5.50 from pot
paramourx: doesn't show hand 
*** SUMMARY ***
Total pot $5.50 | Rake $0 
Seat 1: sta$igk folded before Flop (didn't bet)
Seat 2: poker_soul11 folded before Flop (didn't bet)
Seat 3: KarP93 (button) folded before Flop
Seat 4: yzuk (small blind) folded before Flop
Seat 6: paramourx (big blind) collected ($5.50)



PokerStars Hand #254531705296:  Hold'em No Limit ($0.50/$1.00 USD) - 2025/01/24 17:40:11 WET [2025/01/24 12:40:11 ET]
Table 'Rudra III' 6-max Seat #4 is the button
Seat 1: Ysiven ($100 in chips) 
Seat 2: poker_soul11 ($100 in chips) 
Seat 3: KarP93 ($102.20 in chips) 
Seat 4: yzuk ($100 in chips) 
Seat 6: paramourx ($103.55 in chips) 
paramourx: posts small blind $0.50
Ysiven: posts big blind $1
*** HOLE CARDS ***
poker_soul11: folds 
KarP93: folds 
yzuk: folds 
paramourx: folds 
Uncalled bet ($0.50) returned to Ysiven
Ysiven collected $1 from pot
Ysiven: doesn't show hand 
*** SUMMARY ***
Total pot $1 | Rake $0 
Seat 1: Ysiven (big blind) collected ($1)
Seat 2: poker_soul11 folded before Flop (didn't bet)
Seat 3: KarP93 folded before Flop (didn't bet)
Seat 4: yzuk (button) folded before Flop (didn't bet)
Seat 6: paramourx (small blind) folded before Flop



PokerStars Hand #254531707590:  Hold'em No Limit ($0.50/$1.00 USD) - 2025/01/24 17:40:20 WET [2025/01/24 12:40:20 ET]
Table 'Rudra III' 6-max Seat #6 is the button
Seat 1: Ysiven ($100.50 in chips) 
Seat 2: poker_soul11 ($100 in chips) 
Seat 3: KarP93 ($102.20 in chips) 
Seat 4: yzuk ($100 in chips) 
Seat 6: paramourx ($103.05 in chips) 
Ysiven: posts small blind $0.50
poker_soul11: posts big blind $1
*** HOLE CARDS ***
KarP93: folds 
yzuk: folds 
paramourx: raises $2 to $3
Ysiven: folds 
poker_soul11: folds 
Uncalled bet ($2) returned to paramourx
paramourx collected $2.50 from pot
paramourx: doesn't show hand 
*** SUMMARY ***
Total pot $2.50 | Rake $0 
Seat 1: Ysiven (small blind) folded before Flop
Seat 2: poker_soul11 (big blind) folded before Flop
Seat 3: KarP93 folded before Flop (didn't bet)
Seat 4: yzuk folded before Flop (didn't bet)
Seat 6: paramourx (button) collected ($2.50)



PokerStars Hand #254531714302:  Hold'em No Limit ($0.50/$1.00 USD) - 2025/01/24 17:40:46 WET [2025/01/24 12:40:46 ET]
Table 'Rudra III' 6-max Seat #1 is the button
Seat 3: KarP93 ($102.20 in chips) is sitting out
Seat 4: yzuk ($100 in chips) is sitting out
Seat 1: Ysiven ($100 in chips) 
Seat 2: poker_soul11 ($100 in chips) 
Seat 6: paramourx ($104.55 in chips) 
poker_soul11: posts small blind $0.50
KarP93: is sitting out 
yzuk: is sitting out 
paramourx: posts big blind $1
*** HOLE CARDS ***
Ysiven: folds 
poker_soul11: folds 
Uncalled bet ($0.50) returned to paramourx
yzuk leaves the table
paramourx collected $1 from pot
paramourx: doesn't show hand 
*** SUMMARY ***
Total pot $1 | Rake $0 
Seat 3: KarP93
Seat 4: yzuk
Seat 1: Ysiven (button) folded before Flop (didn't bet)
Seat 2: poker_soul11 (small blind) folded before Flop
Seat 6: paramourx (big blind) collected ($1)



PokerStars Hand #254531716001:  Hold'em No Limit ($0.50/$1.00 USD) - 2025/01/24 17:40:52 WET [2025/01/24 12:40:52 ET]
Table 'Rudra III' 6-max Seat #2 is the button
Seat 3: KarP93 ($102.20 in chips) is sitting out
Seat 1: Ysiven ($100 in chips) 
Seat 2: poker_soul11 ($100 in chips) 
Seat 6: paramourx ($105.05 in chips) 
paramourx: posts small blind $0.50
Ysiven: posts big blind $1
*** HOLE CARDS ***
poker_soul11: raises $1.20 to $2.20
paramourx: folds 
KarP93 leaves the table
Ysiven: folds 
Uncalled bet ($1.20) returned to poker_soul11
poker_soul11 collected $2.50 from pot
poker_soul11: doesn't show hand 
*** SUMMARY ***
Total pot $2.50 | Rake $0 
Seat 3: KarP93
Seat 1: Ysiven (big blind) folded before Flop
Seat 2: poker_soul11 (button) collected ($2.50)
Seat 6: paramourx (small blind) folded before Flop



PokerStars Hand #254531718866:  Hold'em No Limit ($0.50/$1.00 USD) - 2025/01/24 17:41:03 WET [2025/01/24 12:41:03 ET]
Table 'Rudra III' 6-max Seat #6 is the button
Seat 1: Ysiven ($100 in chips) 
Seat 2: poker_soul11 ($101.50 in chips) 
Seat 6: paramourx ($104.55 in chips) 
Ysiven: posts small blind $0.50
poker_soul11: posts big blind $1
*** HOLE CARDS ***
paramourx: raises $2 to $3
Ysiven: folds 
poker_soul11: folds 
Uncalled bet ($2) returned to paramourx
paramourx collected $2.50 from pot
paramourx: doesn't show hand 
*** SUMMARY ***
Total pot $2.50 | Rake $0 
Seat 1: Ysiven (small blind) folded before Flop
Seat 2: poker_soul11 (big blind) folded before Flop
Seat 6: paramourx (button) collected ($2.50)



PokerStars Hand #254531720982:  Hold'em No Limit ($0.50/$1.00 USD) - 2025/01/24 17:41:12 WET [2025/01/24 12:41:12 ET]
Table 'Rudra III' 6-max Seat #1 is the button
Seat 1: Ysiven ($100 in chips) 
Seat 2: poker_soul11 ($100.50 in chips) 
Seat 6: paramourx ($106.05 in chips) 
poker_soul11: posts small blind $0.50
paramourx: posts big blind $1
*** HOLE CARDS ***
Ysiven: raises $1.50 to $2.50
poker_soul11: folds 
paramourx: folds 
Uncalled bet ($1.50) returned to Ysiven
Ysiven collected $2.50 from pot
Ysiven: doesn't show hand 
*** SUMMARY ***
Total pot $2.50 | Rake $0 
Seat 1: Ysiven (button) collected ($2.50)
Seat 2: poker_soul11 (small blind) folded before Flop
Seat 6: paramourx (big blind) folded before Flop



PokerStars Hand #254531724391:  Hold'em No Limit ($0.50/$1.00 USD) - 2025/01/24 17:41:25 WET [2025/01/24 12:41:25 ET]
Table 'Rudra III' 6-max Seat #2 is the button
Seat 1: Ysiven ($101.50 in chips) 
Seat 2: poker_soul11 ($100 in chips) 
Seat 6: paramourx ($105.05 in chips) 
paramourx: posts small blind $0.50
Ysiven: posts big blind $1
*** HOLE CARDS ***
poker_soul11: raises $1.20 to $2.20
paramourx: folds 
Ysiven: folds 
Uncalled bet ($1.20) returned to poker_soul11
poker_soul11 collected $2.50 from pot
poker_soul11: doesn't show hand 
*** SUMMARY ***
Total pot $2.50 | Rake $0 
Seat 1: Ysiven (big blind) folded before Flop
Seat 2: poker_soul11 (button) collected ($2.50)
Seat 6: paramourx (small blind) folded before Flop



PokerStars Hand #254531728092:  Hold'em No Limit ($0.50/$1.00 USD) - 2025/01/24 17:41:39 WET [2025/01/24 12:41:39 ET]
Table 'Rudra III' 6-max Seat #1 is the button
Seat 2: poker_soul11 ($101.50 in chips) is sitting out
Seat 1: Ysiven ($100.50 in chips) 
Seat 6: paramourx ($104.55 in chips) 
Ysiven: posts small blind $0.50
poker_soul11: is sitting out 
paramourx: posts big blind $1
*** HOLE CARDS ***
poker_soul11 leaves the table
Ysiven: raises $1.50 to $2.50
poker_soul11 joins the table at seat #3 
paramourx: calls $1.50
*** FLOP *** [2h 6c 4h]
paramourx: checks 
Ysiven: bets $2.85
paramourx: calls $2.85
*** TURN *** [2h 6c 4h] [3h]
paramourx: checks 
Ysiven: bets $6.10
paramourx: folds 
Uncalled bet ($6.10) returned to Ysiven
Ysiven collected $10.16 from pot
Ysiven: doesn't show hand 
*** SUMMARY ***
Total pot $10.70 | Rake $0.54 
Board [2h 6c 4h 3h]
Seat 2: poker_soul11
Seat 1: Ysiven (button) (small blind) collected ($10.16)
Seat 6: paramourx (big blind) folded on the Turn



PokerStars Hand #254531741273:  Hold'em No Limit ($0.50/$1.00 USD) - 2025/01/24 17:42:30 WET [2025/01/24 12:42:30 ET]
Table 'Rudra III' 6-max Seat #6 is the button
Seat 1: Ysiven ($105.31 in chips) 
Seat 3: poker_soul11 ($101.50 in chips) 
Seat 6: paramourx ($100 in chips) 
Ysiven: posts small blind $0.50
poker_soul11: posts big blind $1
*** HOLE CARDS ***
paramourx: folds 
Ysiven: folds 
Uncalled bet ($0.50) returned to poker_soul11
poker_soul11 collected $1 from pot
poker_soul11: doesn't show hand 
*** SUMMARY ***
Total pot $1 | Rake $0 
Seat 1: Ysiven (small blind) folded before Flop
Seat 3: poker_soul11 (big blind) collected ($1)
Seat 6: paramourx (button) folded before Flop (didn't bet)



PokerStars Hand #254531744346:  Hold'em No Limit ($0.50/$1.00 USD) - 2025/01/24 17:42:41 WET [2025/01/24 12:42:41 ET]
Table 'Rudra III' 6-max Seat #3 is the button
Seat 6: paramourx ($100 in chips) is sitting out
Seat 1: Ysiven ($104.81 in chips) 
Seat 3: poker_soul11 ($102 in chips) 
poker_soul11: posts small blind $0.50
paramourx: is sitting out 
Ysiven: posts big blind $1
*** HOLE CARDS ***
poker_soul11: raises $1.50 to $2.50
Ysiven: folds 
Uncalled bet ($1.50) returned to poker_soul11
poker_soul11 collected $2 from pot
poker_soul11: doesn't show hand 
*** SUMMARY ***
Total pot $2 | Rake $0 
Seat 6: paramourx
Seat 1: Ysiven (big blind) folded before Flop
Seat 3: poker_soul11 (button) (small blind) collected ($2)



PokerStars Hand #254531746837:  Hold'em No Limit ($0.50/$1.00 USD) - 2025/01/24 17:42:51 WET [2025/01/24 12:42:51 ET]
Table 'Rudra III' 6-max Seat #1 is the button
Seat 6: paramourx ($100 in chips) is sitting out
Seat 1: Ysiven ($103.81 in chips) 
Seat 3: poker_soul11 ($103 in chips) 
Ysiven: posts small blind $0.50
poker_soul11: posts big blind $1
*** HOLE CARDS ***
Ysiven: raises $1.50 to $2.50
paramourx leaves the table
poker_soul11: calls $1.50
*** FLOP *** [5d Kd Ac]
poker_soul11: checks 
Ysiven: bets $2.85
Izaya1x joins the table at seat #4 
EvilReality joins the table at seat #6 
Izaya1x is disconnected 
poker_soul11: calls $2.85
*** TURN *** [5d Kd Ac] [6s]
kuhclemO joins the table at seat #5 
poker_soul11: checks 
yzuk joins the table at seat #2 
Ysiven: checks 
*** RIVER *** [5d Kd Ac 6s] [2s]
poker_soul11: bets $7.62
Ysiven: calls $7.62
*** SHOW DOWN ***
poker_soul11: shows [Qh Js] (high card Ace)
Ysiven: shows [6h 7s] (a pair of Sixes)
Ysiven collected $24.94 from pot
*** SUMMARY ***
Total pot $25.94 | Rake $1 
Board [5d Kd Ac 6s 2s]
Seat 6: paramourx
Seat 1: Ysiven (button) (small blind) showed [6h 7s] and won ($24.94) with a pair of Sixes
Seat 3: poker_soul11 (big blind) showed [Qh Js] and lost with high card Ace



PokerStars Hand #254531767175:  Hold'em No Limit ($0.50/$1.00 USD) - 2025/01/24 17:44:08 WET [2025/01/24 12:44:08 ET]
Table 'Rudra III' 6-max Seat #2 is the button
Seat 1: Ysiven ($115.78 in chips) 
Seat 2: yzuk ($100 in chips) 
Seat 3: poker_soul11 ($100 in chips) 
Seat 4: Izaya1x ($71.91 in chips) 
Seat 5: kuhclemO ($100 in chips) 
Seat 6: EvilReality ($100 in chips) 
poker_soul11: posts small blind $0.50
Izaya1x: posts big blind $1
*** HOLE CARDS ***
kuhclemO: folds 
EvilReality: folds 
Ysiven: folds 
yzuk: folds 
poker_soul11: folds 
Uncalled bet ($0.50) returned to Izaya1x
Izaya1x collected $1 from pot
*** SUMMARY ***
Total pot $1 | Rake $0 
Seat 1: Ysiven folded before Flop (didn't bet)
Seat 2: yzuk (button) folded before Flop (didn't bet)
Seat 3: poker_soul11 (small blind) folded before Flop
Seat 4: Izaya1x (big blind) collected ($1)
Seat 5: kuhclemO folded before Flop (didn't bet)
Seat 6: EvilReality folded before Flop (didn't bet)



PokerStars Hand #254531770794:  Hold'em No Limit ($0.50/$1.00 USD) - 2025/01/24 17:44:22 WET [2025/01/24 12:44:22 ET]
Table 'Rudra III' 6-max Seat #3 is the button
Seat 1: Ysiven ($115.78 in chips) 
Seat 2: yzuk ($100 in chips) 
Seat 3: poker_soul11 ($100 in chips) 
Seat 4: Izaya1x ($72.41 in chips) 
Seat 5: kuhclemO ($100 in chips) 
Seat 6: EvilReality ($100 in chips) 
Izaya1x: posts small blind $0.50
kuhclemO: posts big blind $1
*** HOLE CARDS ***
EvilReality: folds 
Ysiven: folds 
yzuk: folds 
poker_soul11: folds 
Izaya1x: calls $0.50
kuhclemO: checks 
*** FLOP *** [9h 4c Ts]
Izaya1x: bets $1.90
kuhclemO: calls $1.90
*** TURN *** [9h 4c Ts] [Ks]
Izaya1x: checks 
kuhclemO: checks 
*** RIVER *** [9h 4c Ts Ks] [3h]
Izaya1x: bets $5.51
kuhclemO: folds 
Uncalled bet ($5.51) returned to Izaya1x
Izaya1x collected $5.51 from pot
*** SUMMARY ***
Total pot $5.80 | Rake $0.29 
Board [9h 4c Ts Ks 3h]
Seat 1: Ysiven folded before Flop (didn't bet)
Seat 2: yzuk folded before Flop (didn't bet)
Seat 3: poker_soul11 (button) folded before Flop (didn't bet)
Seat 4: Izaya1x (small blind) collected ($5.51)
Seat 5: kuhclemO (big blind) folded on the River
Seat 6: EvilReality folded before Flop (didn't bet)



PokerStars Hand #254531784348:  Hold'em No Limit ($0.50/$1.00 USD) - 2025/01/24 17:45:13 WET [2025/01/24 12:45:13 ET]
Table 'Rudra III' 6-max Seat #4 is the button
Seat 1: Ysiven ($115.78 in chips) 
Seat 2: yzuk ($100 in chips) 
Seat 3: poker_soul11 ($100 in chips) 
Seat 4: Izaya1x ($75.02 in chips) 
Seat 5: kuhclemO ($100 in chips) 
Seat 6: EvilReality ($100 in chips) 
kuhclemO: posts small blind $0.50
EvilReality: posts big blind $1
*** HOLE CARDS ***
Ysiven: folds 
yzuk: folds 
poker_soul11: folds 
Izaya1x: folds 
kuhclemO: raises $2 to $3
EvilReality: folds 
Uncalled bet ($2) returned to kuhclemO
kuhclemO collected $2 from pot
kuhclemO: doesn't show hand 
*** SUMMARY ***
Total pot $2 | Rake $0 
Seat 1: Ysiven folded before Flop (didn't bet)
Seat 2: yzuk folded before Flop (didn't bet)
Seat 3: poker_soul11 folded before Flop (didn't bet)
Seat 4: Izaya1x (button) folded before Flop (didn't bet)
Seat 5: kuhclemO (small blind) collected ($2)
Seat 6: EvilReality (big blind) folded before Flop



PokerStars Hand #254531787885:  Hold'em No Limit ($0.50/$1.00 USD) - 2025/01/24 17:45:27 WET [2025/01/24 12:45:27 ET]
Table 'Rudra III' 6-max Seat #5 is the button
Seat 1: Ysiven ($115.78 in chips) 
Seat 2: yzuk ($100 in chips) 
Seat 3: poker_soul11 ($100 in chips) 
Seat 4: Izaya1x ($75.02 in chips) 
Seat 5: kuhclemO ($101 in chips) 
Seat 6: EvilReality ($100 in chips) 
EvilReality: posts small blind $0.50
Ysiven: posts big blind $1
*** HOLE CARDS ***
yzuk: folds 
poker_soul11: raises $1.20 to $2.20
Izaya1x: folds 
kuhclemO: raises $5.30 to $7.50
EvilReality: folds 
Ysiven: folds 
poker_soul11: folds 
Uncalled bet ($5.30) returned to kuhclemO
kuhclemO collected $5.90 from pot
kuhclemO: doesn't show hand 
*** SUMMARY ***
Total pot $5.90 | Rake $0 
Seat 1: Ysiven (big blind) folded before Flop
Seat 2: yzuk folded before Flop (didn't bet)
Seat 3: poker_soul11 folded before Flop
Seat 4: Izaya1x folded before Flop (didn't bet)
Seat 5: kuhclemO (button) collected ($5.90)
Seat 6: EvilReality (small blind) folded before Flop



PokerStars Hand #254531795115:  Hold'em No Limit ($0.50/$1.00 USD) - 2025/01/24 17:45:54 WET [2025/01/24 12:45:54 ET]
Table 'Rudra III' 6-max Seat #6 is the button
Seat 1: Ysiven ($114.78 in chips) 
Seat 2: yzuk ($100 in chips) 
Seat 3: poker_soul11 ($100 in chips) 
Seat 4: Izaya1x ($75.02 in chips) 
Seat 5: kuhclemO ($104.70 in chips) 
Seat 6: EvilReality ($100 in chips) 
Ysiven: posts small blind $0.50
yzuk: posts big blind $1
*** HOLE CARDS ***
poker_soul11: folds 
Izaya1x: calls $1
kuhclemO: folds 
EvilReality: folds 
Ysiven: folds 
yzuk: raises $3 to $4
Izaya1x: calls $3
*** FLOP *** [Td 6s Js]
yzuk: bets $2.75
Izaya1x: calls $2.75
*** TURN *** [Td 6s Js] [8h]
yzuk: bets $3.46
Izaya1x: folds 
Uncalled bet ($3.46) returned to yzuk
yzuk collected $13.30 from pot
yzuk: doesn't show hand 
*** SUMMARY ***
Total pot $14 | Rake $0.70 
Board [Td 6s Js 8h]
Seat 1: Ysiven (small blind) folded before Flop
Seat 2: yzuk (big blind) collected ($13.30)
Seat 3: poker_soul11 folded before Flop (didn't bet)
Seat 4: Izaya1x folded on the Turn
Seat 5: kuhclemO folded before Flop (didn't bet)
Seat 6: EvilReality (button) folded before Flop (didn't bet)



PokerStars Hand #254531804544:  Hold'em No Limit ($0.50/$1.00 USD) - 2025/01/24 17:46:29 WET [2025/01/24 12:46:29 ET]
Table 'Rudra III' 6-max Seat #1 is the button
Seat 1: Ysiven ($114.28 in chips) 
Seat 2: yzuk ($106.55 in chips) 
Seat 3: poker_soul11 ($100 in chips) 
Seat 4: Izaya1x ($68.27 in chips) 
Seat 5: kuhclemO ($104.70 in chips) 
Seat 6: EvilReality ($100 in chips) 
yzuk: posts small blind $0.50
poker_soul11: posts big blind $1
*** HOLE CARDS ***
Izaya1x: folds 
kuhclemO: folds 
EvilReality: folds 
Ysiven: raises $1.50 to $2.50
yzuk: raises $10 to $12.50
poker_soul11: raises $12.50 to $25
Ysiven: folds 
yzuk: folds 
Uncalled bet ($12.50) returned to poker_soul11
poker_soul11 collected $27.50 from pot
poker_soul11: doesn't show hand 
*** SUMMARY ***
Total pot $27.50 | Rake $0 
Seat 1: Ysiven (button) folded before Flop
Seat 2: yzuk (small blind) folded before Flop
Seat 3: poker_soul11 (big blind) collected ($27.50)
Seat 4: Izaya1x folded before Flop (didn't bet)
Seat 5: kuhclemO folded before Flop (didn't bet)
Seat 6: EvilReality folded before Flop (didn't bet)



PokerStars Hand #254531811722:  Hold'em No Limit ($0.50/$1.00 USD) - 2025/01/24 17:46:57 WET [2025/01/24 12:46:57 ET]
Table 'Rudra III' 6-max Seat #2 is the button
Seat 1: Ysiven ($111.78 in chips) 
Seat 2: yzuk ($100 in chips) 
Seat 3: poker_soul11 ($115 in chips) 
Seat 4: Izaya1x ($68.27 in chips) 
Seat 5: kuhclemO ($104.70 in chips) 
Seat 6: EvilReality ($100 in chips) 
poker_soul11: posts small blind $0.50
Izaya1x: posts big blind $1
*** HOLE CARDS ***
kuhclemO: folds 
EvilReality: folds 
Ysiven: raises $1.30 to $2.30
yzuk: raises $5.20 to $7.50
poker_soul11: raises $13.50 to $21
Izaya1x: folds 
Ysiven: folds 
yzuk: folds 
Uncalled bet ($13.50) returned to poker_soul11
poker_soul11 collected $18.30 from pot
poker_soul11: doesn't show hand 
*** SUMMARY ***
Total pot $18.30 | Rake $0 
Seat 1: Ysiven folded before Flop
Seat 2: yzuk (button) folded before Flop
Seat 3: poker_soul11 (small blind) collected ($18.30)
Seat 4: Izaya1x (big blind) folded before Flop
Seat 5: kuhclemO folded before Flop (didn't bet)
Seat 6: EvilReality folded before Flop (didn't bet)



PokerStars Hand #254531821221:  Hold'em No Limit ($0.50/$1.00 USD) - 2025/01/24 17:47:32 WET [2025/01/24 12:47:32 ET]
Table 'Rudra III' 6-max Seat #3 is the button
Seat 1: Ysiven ($109.48 in chips) 
Seat 2: yzuk ($100 in chips) 
Seat 3: poker_soul11 ($125.80 in chips) 
Seat 4: Izaya1x ($67.27 in chips) 
Seat 5: kuhclemO ($104.70 in chips) 
Seat 6: EvilReality ($100 in chips) 
Izaya1x: posts small blind $0.50
kuhclemO: posts big blind $1
*** HOLE CARDS ***
EvilReality: raises $1.50 to $2.50
Ysiven: raises $5 to $7.50
yzuk: folds 
poker_soul11: folds 
Izaya1x: calls $7
kuhclemO: folds 
EvilReality: folds 
*** FLOP *** [Ks 4d 5c]
Izaya1x: bets $8.79
Ysiven: folds 
Uncalled bet ($8.79) returned to Izaya1x
Izaya1x collected $17.58 from pot
*** SUMMARY ***
Total pot $18.50 | Rake $0.92 
Board [Ks 4d 5c]
Seat 1: Ysiven folded on the Flop
Seat 2: yzuk folded before Flop (didn't bet)
Seat 3: poker_soul11 (button) folded before Flop (didn't bet)
Seat 4: Izaya1x (small blind) collected ($17.58)
Seat 5: kuhclemO (big blind) folded before Flop
Seat 6: EvilReality folded before Flop



PokerStars Hand #254531834268:  Hold'em No Limit ($0.50/$1.00 USD) - 2025/01/24 17:48:22 WET [2025/01/24 12:48:22 ET]
Table 'Rudra III' 6-max Seat #4 is the button
Seat 1: Ysiven ($101.98 in chips) 
Seat 2: yzuk ($100 in chips) 
Seat 3: poker_soul11 ($125.80 in chips) 
Seat 4: Izaya1x ($77.35 in chips) 
Seat 5: kuhclemO ($103.70 in chips) 
Seat 6: EvilReality ($100 in chips) 
kuhclemO: posts small blind $0.50
EvilReality: posts big blind $1
*** HOLE CARDS ***
Ysiven: raises $1 to $2
yzuk: folds 
poker_soul11: folds 
Izaya1x: calls $2
kuhclemO: folds 
EvilReality: calls $1
*** FLOP *** [9d 2c Qs]
EvilReality: checks 
Ysiven: checks 
Izaya1x: checks 
*** TURN *** [9d 2c Qs] [4h]
EvilReality: checks 
Ysiven: bets $9.50
Izaya1x: calls $9.50
EvilReality: folds 
*** RIVER *** [9d 2c Qs 4h] [3c]
Ysiven: checks 
Izaya1x: checks 
*** SHOW DOWN ***
Ysiven: shows [7d Ad] (high card Ace)
Izaya1x: mucks hand 
Ysiven collected $24.22 from pot
*** SUMMARY ***
Total pot $25.50 | Rake $1.28 
Board [9d 2c Qs 4h 3c]
Seat 1: Ysiven showed [7d Ad] and won ($24.22) with high card Ace
Seat 2: yzuk folded before Flop (didn't bet)
Seat 3: poker_soul11 folded before Flop (didn't bet)
Seat 4: Izaya1x (button) mucked
Seat 5: kuhclemO (small blind) folded before Flop
Seat 6: EvilReality (big blind) folded on the Turn



PokerStars Hand #254531849046:  Hold'em No Limit ($0.50/$1.00 USD) - 2025/01/24 17:49:18 WET [2025/01/24 12:49:18 ET]
Table 'Rudra III' 6-max Seat #5 is the button
Seat 1: Ysiven ($114.70 in chips) 
Seat 2: yzuk ($100 in chips) 
Seat 3: poker_soul11 ($125.80 in chips) 
Seat 4: Izaya1x ($65.85 in chips) 
Seat 5: kuhclemO ($103.20 in chips) 
Seat 6: EvilReality ($100 in chips) 
EvilReality: posts small blind $0.50
Ysiven: posts big blind $1
*** HOLE CARDS ***
yzuk: folds 
yzuk leaves the table
poker_soul11: folds 
Izaya1x: raises $2 to $3
kuhclemO: folds 
EvilReality: folds 
Ysiven: folds 
Uncalled bet ($2) returned to Izaya1x
Izaya1x collected $2.50 from pot
*** SUMMARY ***
Total pot $2.50 | Rake $0 
Seat 1: Ysiven (big blind) folded before Flop
Seat 2: yzuk folded before Flop (didn't bet)
Seat 3: poker_soul11 folded before Flop (didn't bet)
Seat 4: Izaya1x collected ($2.50)
Seat 5: kuhclemO (button) folded before Flop (didn't bet)
Seat 6: EvilReality (small blind) folded before Flop



PokerStars Hand #254531852469:  Hold'em No Limit ($0.50/$1.00 USD) - 2025/01/24 17:49:31 WET [2025/01/24 12:49:31 ET]
Table 'Rudra III' 6-max Seat #6 is the button
Seat 1: Ysiven ($113.70 in chips) 
Seat 3: poker_soul11 ($125.80 in chips) 
Seat 4: Izaya1x ($67.35 in chips) 
Seat 5: kuhclemO ($103.20 in chips) 
Seat 6: EvilReality ($100 in chips) 
Ysiven: posts small blind $0.50
poker_soul11: posts big blind $1
*** HOLE CARDS ***
Izaya1x: calls $1
kuhclemO: folds 
paramourx joins the table at seat #2 
EvilReality: raises $3 to $4
Ysiven: folds 
poker_soul11: folds 
Izaya1x: calls $3
*** FLOP *** [5d 4c 9s]
Izaya1x: bets $9.02
EvilReality: calls $9.02
*** TURN *** [5d 4c 9s] [Ac]
Izaya1x: bets $13.08
EvilReality: folds 
Uncalled bet ($13.08) returned to Izaya1x
Izaya1x collected $26.16 from pot
*** SUMMARY ***
Total pot $27.54 | Rake $1.38 
Board [5d 4c 9s Ac]
Seat 1: Ysiven (small blind) folded before Flop
Seat 3: poker_soul11 (big blind) folded before Flop
Seat 4: Izaya1x collected ($26.16)
Seat 5: kuhclemO folded before Flop (didn't bet)
Seat 6: EvilReality (button) folded on the Turn



PokerStars Hand #254531864345:  Hold'em No Limit ($0.50/$1.00 USD) - 2025/01/24 17:50:17 WET [2025/01/24 12:50:17 ET]
Table 'Rudra III' 6-max Seat #1 is the button
Seat 2: paramourx ($100 in chips) is sitting out
Seat 1: Ysiven ($113.20 in chips) 
Seat 3: poker_soul11 ($124.80 in chips) 
Seat 4: Izaya1x ($80.49 in chips) 
Seat 5: kuhclemO ($103.20 in chips) 
Seat 6: EvilReality ($100 in chips) 
poker_soul11: posts small blind $0.50
Izaya1x: posts big blind $1
*** HOLE CARDS ***
kuhclemO: raises $1.50 to $2.50
EvilReality: folds 
Ysiven: folds 
poker_soul11: folds 
Izaya1x: folds 
Uncalled bet ($1.50) returned to kuhclemO
kuhclemO collected $2.50 from pot
kuhclemO: doesn't show hand 
*** SUMMARY ***
Total pot $2.50 | Rake $0 
Seat 2: paramourx
Seat 1: Ysiven (button) folded before Flop (didn't bet)
Seat 3: poker_soul11 (small blind) folded before Flop
Seat 4: Izaya1x (big blind) folded before Flop
Seat 5: kuhclemO collected ($2.50)
Seat 6: EvilReality folded before Flop (didn't bet)



PokerStars Hand #254531869830:  Hold'em No Limit ($0.50/$1.00 USD) - 2025/01/24 17:50:37 WET [2025/01/24 12:50:37 ET]
Table 'Rudra III' 6-max Seat #3 is the button
Seat 2: paramourx ($100 in chips) is sitting out
Seat 1: Ysiven ($113.20 in chips) 
Seat 3: poker_soul11 ($124.30 in chips) 
Seat 4: Izaya1x ($79.49 in chips) 
Seat 5: kuhclemO ($104.70 in chips) 
Seat 6: EvilReality ($100 in chips) 
Izaya1x: posts small blind $0.50
kuhclemO: posts big blind $1
paramourx: sits out 
*** HOLE CARDS ***
EvilReality: raises $1.50 to $2.50
Ysiven: folds 
poker_soul11: folds 
Izaya1x: folds 
kuhclemO: folds 
Uncalled bet ($1.50) returned to EvilReality
EvilReality collected $2.50 from pot
EvilReality: doesn't show hand 
*** SUMMARY ***
Total pot $2.50 | Rake $0 
Seat 2: paramourx
Seat 1: Ysiven folded before Flop (didn't bet)
Seat 3: poker_soul11 (button) folded before Flop (didn't bet)
Seat 4: Izaya1x (small blind) folded before Flop
Seat 5: kuhclemO (big blind) folded before Flop
Seat 6: EvilReality collected ($2.50)



PokerStars Hand #254531876352:  Hold'em No Limit ($0.50/$1.00 USD) - 2025/01/24 17:51:02 WET [2025/01/24 12:51:02 ET]
Table 'Rudra III' 6-max Seat #4 is the button
Seat 2: paramourx ($100 in chips) is sitting out
Seat 1: Ysiven ($113.20 in chips) 
Seat 3: poker_soul11 ($124.30 in chips) 
Seat 4: Izaya1x ($78.99 in chips) 
Seat 5: kuhclemO ($103.70 in chips) 
Seat 6: EvilReality ($101.50 in chips) 
kuhclemO: posts small blind $0.50
EvilReality: posts big blind $1
paramourx: sits out 
*** HOLE CARDS ***
Ysiven: folds 
poker_soul11: folds 
Izaya1x: calls $1
kuhclemO: raises $3 to $4
EvilReality: folds 
Izaya1x: calls $3
*** FLOP *** [Jh Td 6s]
kuhclemO: checks 
Izaya1x: bets $4.28
kuhclemO: calls $4.28
*** TURN *** [Jh Td 6s] [3c]
kuhclemO: checks 
Izaya1x: checks 
*** RIVER *** [Jh Td 6s 3c] [7s]
kuhclemO: checks 
Izaya1x: bets $8.34
kuhclemO: folds 
Uncalled bet ($8.34) returned to Izaya1x
Izaya1x collected $16.68 from pot
*** SUMMARY ***
Total pot $17.56 | Rake $0.88 
Board [Jh Td 6s 3c 7s]
Seat 2: paramourx
Seat 1: Ysiven folded before Flop (didn't bet)
Seat 3: poker_soul11 folded before Flop (didn't bet)
Seat 4: Izaya1x (button) collected ($16.68)
Seat 5: kuhclemO (small blind) folded on the River
Seat 6: EvilReality (big blind) folded before Flop



PokerStars Hand #254531888795:  Hold'em No Limit ($0.50/$1.00 USD) - 2025/01/24 17:51:49 WET [2025/01/24 12:51:49 ET]
Table 'Rudra III' 6-max Seat #5 is the button
Seat 2: paramourx ($100 in chips) is sitting out
Seat 1: Ysiven ($113.20 in chips) 
Seat 3: poker_soul11 ($124.30 in chips) 
Seat 4: Izaya1x ($87.39 in chips) 
Seat 5: kuhclemO ($100 in chips) 
Seat 6: EvilReality ($100.50 in chips) 
EvilReality: posts small blind $0.50
Ysiven: posts big blind $1
paramourx: sits out 
*** HOLE CARDS ***
poker_soul11: folds 
Izaya1x: folds 
kuhclemO: folds 
EvilReality: folds 
Uncalled bet ($0.50) returned to Ysiven
Ysiven collected $1 from pot
Ysiven: doesn't show hand 
*** SUMMARY ***
Total pot $1 | Rake $0 
Seat 2: paramourx
Seat 1: Ysiven (big blind) collected ($1)
Seat 3: poker_soul11 folded before Flop (didn't bet)
Seat 4: Izaya1x folded before Flop (didn't bet)
Seat 5: kuhclemO (button) folded before Flop (didn't bet)
Seat 6: EvilReality (small blind) folded before Flop



PokerStars Hand #254531891628:  Hold'em No Limit ($0.50/$1.00 USD) - 2025/01/24 17:52:00 WET [2025/01/24 12:52:00 ET]
Table 'Rudra III' 6-max Seat #6 is the button
Seat 1: Ysiven ($113.70 in chips) 
Seat 2: paramourx ($100 in chips) 
Seat 3: poker_soul11 ($124.30 in chips) 
Seat 4: Izaya1x ($87.39 in chips) 
Seat 5: kuhclemO ($100 in chips) 
Seat 6: EvilReality ($100 in chips) 
Ysiven: posts small blind $0.50
paramourx: posts big blind $1
*** HOLE CARDS ***
poker_soul11: folds 
Izaya1x: raises $1 to $2
kuhclemO: folds 
EvilReality: raises $5.50 to $7.50
Ysiven: folds 
paramourx: folds 
Izaya1x: calls $5.50
*** FLOP *** [7s As Qc]
Izaya1x: checks 
EvilReality: bets $8.31
Izaya1x: calls $8.31
*** TURN *** [7s As Qc] [9d]
Izaya1x: bets $15.73
EvilReality: calls $15.73
*** RIVER *** [7s As Qc 9d] [Td]
Izaya1x: checks 
EvilReality: bets $68.46 and is all-in
Izaya1x: calls $55.85 and is all-in
Uncalled bet ($12.61) returned to EvilReality
*** SHOW DOWN ***
EvilReality: shows [Ac Ks] (a pair of Aces)
Izaya1x: shows [Kc 9c] (a pair of Nines)
EvilReality collected $173.78 from pot
*** SUMMARY ***
Total pot $176.28 | Rake $2.50 
Board [7s As Qc 9d Td]
Seat 1: Ysiven (small blind) folded before Flop
Seat 2: paramourx (big blind) folded before Flop
Seat 3: poker_soul11 folded before Flop (didn't bet)
Seat 4: Izaya1x showed [Kc 9c] and lost with a pair of Nines
Seat 5: kuhclemO folded before Flop (didn't bet)
Seat 6: EvilReality (button) showed [Ac Ks] and won ($173.78) with a pair of Aces



PokerStars Hand #254531913095:  Hold'em No Limit ($0.50/$1.00 USD) - 2025/01/24 17:53:20 WET [2025/01/24 12:53:20 ET]
Table 'Rudra III' 6-max Seat #1 is the button
Seat 4: Izaya1x ($0 in chips) is sitting out
Seat 1: Ysiven ($113.20 in chips) 
Seat 2: paramourx ($100 in chips) 
Seat 3: poker_soul11 ($124.30 in chips) 
Seat 5: kuhclemO ($100 in chips) 
Seat 6: EvilReality ($186.39 in chips) 
paramourx: posts small blind $0.50
poker_soul11: posts big blind $1
*** HOLE CARDS ***
kuhclemO: folds 
EvilReality: folds 
Ysiven: folds 
paramourx: raises $2 to $3
poker_soul11: calls $2
*** FLOP *** [4c 2s 6d]
paramourx: checks 
poker_soul11: checks 
*** TURN *** [4c 2s 6d] [8c]
Izaya1x is disconnected 
paramourx: bets $8.84
poker_soul11: folds 
Uncalled bet ($8.84) returned to paramourx
paramourx collected $5.70 from pot
paramourx: doesn't show hand 
*** SUMMARY ***
Total pot $6 | Rake $0.30 
Board [4c 2s 6d 8c]
Seat 4: Izaya1x
Seat 1: Ysiven (button) folded before Flop (didn't bet)
Seat 2: paramourx (small blind) collected ($5.70)
Seat 3: poker_soul11 (big blind) folded on the Turn
Seat 5: kuhclemO folded before Flop (didn't bet)
Seat 6: EvilReality folded before Flop (didn't bet)



PokerStars Hand #254531928696:  Hold'em No Limit ($0.50/$1.00 USD) - 2025/01/24 17:54:20 WET [2025/01/24 12:54:20 ET]
Table 'Rudra III' 6-max Seat #2 is the button
Seat 4: Izaya1x ($0 in chips) is sitting out
Seat 5: kuhclemO ($100 in chips) is sitting out
Seat 1: Ysiven ($113.20 in chips) 
Seat 2: paramourx ($102.70 in chips) 
Seat 3: poker_soul11 ($121.30 in chips) 
Seat 6: EvilReality ($186.39 in chips) 
poker_soul11: posts small blind $0.50
kuhclemO: is sitting out 
EvilReality: posts big blind $1
*** HOLE CARDS ***
kuhclemO leaves the table
Ysiven: raises $1.30 to $2.30
paramourx: folds 
poker_soul11: folds 
EvilReality: folds 
Uncalled bet ($1.30) returned to Ysiven
Ysiven collected $2.50 from pot
Ysiven: doesn't show hand 
*** SUMMARY ***
Total pot $2.50 | Rake $0 
Seat 4: Izaya1x
Seat 5: kuhclemO
Seat 1: Ysiven collected ($2.50)
Seat 2: paramourx (button) folded before Flop (didn't bet)
Seat 3: poker_soul11 (small blind) folded before Flop
Seat 6: EvilReality (big blind) folded before Flop



PokerStars Hand #254531933249:  Hold'em No Limit ($0.50/$1.00 USD) - 2025/01/24 17:54:37 WET [2025/01/24 12:54:37 ET]
Table 'Rudra III' 6-max Seat #3 is the button
Seat 4: Izaya1x ($0 in chips) is sitting out
Seat 1: Ysiven ($114.70 in chips) 
Seat 2: paramourx ($102.70 in chips) 
Seat 3: poker_soul11 ($120.80 in chips) 
Seat 6: EvilReality ($185.39 in chips) 
EvilReality: posts small blind $0.50
Ysiven: posts big blind $1
*** HOLE CARDS ***
paramourx: folds 
poker_soul11: folds 
EvilReality: folds 
Uncalled bet ($0.50) returned to Ysiven
Ysiven collected $1 from pot
Ysiven: doesn't show hand 
*** SUMMARY ***
Total pot $1 | Rake $0 
Seat 4: Izaya1x
Seat 1: Ysiven (big blind) collected ($1)
Seat 2: paramourx folded before Flop (didn't bet)
Seat 3: poker_soul11 (button) folded before Flop (didn't bet)
Seat 6: EvilReality (small blind) folded before Flop



PokerStars Hand #254531935607:  Hold'em No Limit ($0.50/$1.00 USD) - 2025/01/24 17:54:46 WET [2025/01/24 12:54:46 ET]
Table 'Rudra III' 6-max Seat #6 is the button
Seat 4: Izaya1x ($0 in chips) is sitting out
Seat 1: Ysiven ($115.20 in chips) 
Seat 2: paramourx ($102.70 in chips) 
Seat 3: poker_soul11 ($120.80 in chips) 
Seat 6: EvilReality ($184.89 in chips) 
Ysiven: posts small blind $0.50
paramourx: posts big blind $1
*** HOLE CARDS ***
poker_soul11: folds 
EvilReality: raises $1.50 to $2.50
Ysiven: folds 
paramourx: calls $1.50
*** FLOP *** [5d 8h 3d]
paramourx: checks 
EvilReality: checks 
*** TURN *** [5d 8h 3d] [3c]
BronsonJC joins the table at seat #5 
paramourx: bets $4.07
EvilReality: folds 
Uncalled bet ($4.07) returned to paramourx
paramourx collected $5.22 from pot
paramourx: doesn't show hand 
*** SUMMARY ***
Total pot $5.50 | Rake $0.28 
Board [5d 8h 3d 3c]
Seat 4: Izaya1x
Seat 1: Ysiven (small blind) folded before Flop
Seat 2: paramourx (big blind) collected ($5.22)
Seat 3: poker_soul11 folded before Flop (didn't bet)
Seat 6: EvilReality (button) folded on the Turn



PokerStars Hand #254531946451:  Hold'em No Limit ($0.50/$1.00 USD) - 2025/01/24 17:55:32 WET [2025/01/24 12:55:32 ET]
Table 'Rudra III' 6-max Seat #1 is the button
Seat 4: Izaya1x ($0 in chips) is sitting out
Seat 5: BronsonJC ($100 in chips) is sitting out
Seat 1: Ysiven ($114.70 in chips) 
Seat 2: paramourx ($105.42 in chips) 
Seat 3: poker_soul11 ($120.80 in chips) 
Seat 6: EvilReality ($182.39 in chips) 
paramourx: posts small blind $0.50
poker_soul11: posts big blind $1
BronsonJC: sits out 
*** HOLE CARDS ***
EvilReality: folds 
Ysiven: folds 
paramourx: folds 
Uncalled bet ($0.50) returned to poker_soul11
poker_soul11 collected $1 from pot
poker_soul11: doesn't show hand 
*** SUMMARY ***
Total pot $1 | Rake $0 
Seat 4: Izaya1x
Seat 5: BronsonJC
Seat 1: Ysiven (button) folded before Flop (didn't bet)
Seat 2: paramourx (small blind) folded before Flop
Seat 3: poker_soul11 (big blind) collected ($1)
Seat 6: EvilReality folded before Flop (didn't bet)



PokerStars Hand #254531948237:  Hold'em No Limit ($0.50/$1.00 USD) - 2025/01/24 17:55:41 WET [2025/01/24 12:55:41 ET]
Table 'Rudra III' 6-max Seat #2 is the button
Seat 4: Izaya1x ($0 in chips) is sitting out
Seat 1: Ysiven ($114.70 in chips) 
Seat 2: paramourx ($104.92 in chips) 
Seat 3: poker_soul11 ($121.30 in chips) 
Seat 5: BronsonJC ($100 in chips) 
Seat 6: EvilReality ($182.39 in chips) 
poker_soul11: posts small blind $0.50
BronsonJC: posts big blind $1
*** HOLE CARDS ***
EvilReality: folds 
Ysiven: folds 
paramourx: folds 
poker_soul11: folds 
Uncalled bet ($0.50) returned to BronsonJC
BronsonJC collected $1 from pot
BronsonJC: doesn't show hand 
*** SUMMARY ***
Total pot $1 | Rake $0 
Seat 4: Izaya1x
Seat 1: Ysiven folded before Flop (didn't bet)
Seat 2: paramourx (button) folded before Flop (didn't bet)
Seat 3: poker_soul11 (small blind) folded before Flop
Seat 5: BronsonJC (big blind) collected ($1)
Seat 6: EvilReality folded before Flop (didn't bet)



PokerStars Hand #254531949821:  Hold'em No Limit ($0.50/$1.00 USD) - 2025/01/24 17:55:50 WET [2025/01/24 12:55:50 ET]
Table 'Rudra III' 6-max Seat #3 is the button
Seat 4: Izaya1x ($0 in chips) is sitting out
Seat 1: Ysiven ($114.70 in chips) 
Seat 2: paramourx ($104.92 in chips) 
Seat 3: poker_soul11 ($120.80 in chips) 
Seat 5: BronsonJC ($100.50 in chips) 
Seat 6: EvilReality ($182.39 in chips) 
BronsonJC: posts small blind $0.50
EvilReality: posts big blind $1
*** HOLE CARDS ***
Ysiven: folds 
paramourx: folds 
poker_soul11: folds 
BronsonJC: folds 
Uncalled bet ($0.50) returned to EvilReality
EvilReality collected $1 from pot
EvilReality: doesn't show hand 
*** SUMMARY ***
Total pot $1 | Rake $0 
Seat 4: Izaya1x
Seat 1: Ysiven folded before Flop (didn't bet)
Seat 2: paramourx folded before Flop (didn't bet)
Seat 3: poker_soul11 (button) folded before Flop (didn't bet)
Seat 5: BronsonJC (small blind) folded before Flop
Seat 6: EvilReality (big blind) collected ($1)



PokerStars Hand #254531951906:  Hold'em No Limit ($0.50/$1.00 USD) - 2025/01/24 17:56:00 WET [2025/01/24 12:56:00 ET]
Table 'Rudra III' 6-max Seat #5 is the button
Seat 4: Izaya1x ($0 in chips) is sitting out
Seat 1: Ysiven ($114.70 in chips) 
Seat 2: paramourx ($104.92 in chips) 
Seat 3: poker_soul11 ($120.80 in chips) 
Seat 5: BronsonJC ($100 in chips) 
Seat 6: EvilReality ($182.89 in chips) 
EvilReality: posts small blind $0.50
Ysiven: posts big blind $1
*** HOLE CARDS ***
paramourx: folds 
poker_soul11: folds 
BronsonJC: folds 
EvilReality: raises $2 to $3
Ysiven: raises $7 to $10
EvilReality: folds 
Uncalled bet ($7) returned to Ysiven
Ysiven collected $6 from pot
Ysiven: doesn't show hand 
*** SUMMARY ***
Total pot $6 | Rake $0 
Seat 4: Izaya1x
Seat 1: Ysiven (big blind) collected ($6)
Seat 2: paramourx folded before Flop (didn't bet)
Seat 3: poker_soul11 folded before Flop (didn't bet)
Seat 5: BronsonJC (button) folded before Flop (didn't bet)
Seat 6: EvilReality (small blind) folded before Flop



PokerStars Hand #254531958790:  Hold'em No Limit ($0.50/$1.00 USD) - 2025/01/24 17:56:35 WET [2025/01/24 12:56:35 ET]
Table 'Rudra III' 6-max Seat #6 is the button
Seat 4: Izaya1x ($0 in chips) is sitting out
Seat 1: Ysiven ($117.70 in chips) 
Seat 2: paramourx ($104.92 in chips) 
Seat 3: poker_soul11 ($120.80 in chips) 
Seat 5: BronsonJC ($100 in chips) 
Seat 6: EvilReality ($179.89 in chips) 
Ysiven: posts small blind $0.50
paramourx: posts big blind $1
*** HOLE CARDS ***
poker_soul11: folds 
BronsonJC: folds 
EvilReality: folds 
Ysiven: raises $2 to $3
paramourx: folds 
Uncalled bet ($2) returned to Ysiven
Ysiven collected $2 from pot
Ysiven: doesn't show hand 
*** SUMMARY ***
Total pot $2 | Rake $0 
Seat 4: Izaya1x
Seat 1: Ysiven (small blind) collected ($2)
Seat 2: paramourx (big blind) folded before Flop
Seat 3: poker_soul11 folded before Flop (didn't bet)
Seat 5: BronsonJC folded before Flop (didn't bet)
Seat 6: EvilReality (button) folded before Flop (didn't bet)



PokerStars Hand #254531962602:  Hold'em No Limit ($0.50/$1.00 USD) - 2025/01/24 17:56:55 WET [2025/01/24 12:56:55 ET]
Table 'Rudra III' 6-max Seat #1 is the button
Seat 4: Izaya1x ($0 in chips) is sitting out
Seat 1: Ysiven ($118.70 in chips) 
Seat 2: paramourx ($103.92 in chips) 
Seat 3: poker_soul11 ($120.80 in chips) 
Seat 5: BronsonJC ($100 in chips) 
Seat 6: EvilReality ($179.89 in chips) 
paramourx: posts small blind $0.50
poker_soul11: posts big blind $1
*** HOLE CARDS ***
BronsonJC: folds 
EvilReality: folds 
Ysiven: raises $1.50 to $2.50
paramourx: folds 
poker_soul11: folds 
Uncalled bet ($1.50) returned to Ysiven
Ysiven collected $2.50 from pot
Ysiven: doesn't show hand 
*** SUMMARY ***
Total pot $2.50 | Rake $0 
Seat 4: Izaya1x
Seat 1: Ysiven (button) collected ($2.50)
Seat 2: paramourx (small blind) folded before Flop
Seat 3: poker_soul11 (big blind) folded before Flop
Seat 5: BronsonJC folded before Flop (didn't bet)
Seat 6: EvilReality folded before Flop (didn't bet)



PokerStars Hand #254531966149:  Hold'em No Limit ($0.50/$1.00 USD) - 2025/01/24 17:57:12 WET [2025/01/24 12:57:12 ET]
Table 'Rudra III' 6-max Seat #2 is the button
Seat 4: Izaya1x ($0 in chips) is sitting out
Seat 1: Ysiven ($120.20 in chips) 
Seat 2: paramourx ($103.42 in chips) 
Seat 3: poker_soul11 ($119.80 in chips) 
Seat 5: BronsonJC ($100 in chips) 
Seat 6: EvilReality ($179.89 in chips) 
poker_soul11: posts small blind $0.50
BronsonJC: posts big blind $1
*** HOLE CARDS ***
EvilReality: folds 
Ysiven: folds 
paramourx: raises $2 to $3
poker_soul11: raises $9 to $12
BronsonJC: folds 
paramourx: folds 
Uncalled bet ($9) returned to poker_soul11
poker_soul11 collected $7 from pot
poker_soul11: doesn't show hand 
*** SUMMARY ***
Total pot $7 | Rake $0 
Seat 4: Izaya1x
Seat 1: Ysiven folded before Flop (didn't bet)
Seat 2: paramourx (button) folded before Flop
Seat 3: poker_soul11 (small blind) collected ($7)
Seat 5: BronsonJC (big blind) folded before Flop
Seat 6: EvilReality folded before Flop (didn't bet)



PokerStars Hand #254531970597:  Hold'em No Limit ($0.50/$1.00 USD) - 2025/01/24 17:57:34 WET [2025/01/24 12:57:34 ET]
Table 'Rudra III' 6-max Seat #3 is the button
Seat 4: Izaya1x ($0 in chips) is sitting out
Seat 1: Ysiven ($120.20 in chips) 
Seat 2: paramourx ($100.42 in chips) 
Seat 3: poker_soul11 ($123.80 in chips) 
Seat 5: BronsonJC ($100 in chips) 
Seat 6: EvilReality ($179.89 in chips) 
BronsonJC: posts small blind $0.50
EvilReality: posts big blind $1
*** HOLE CARDS ***
Ysiven: folds 
paramourx: folds 
poker_soul11: folds 
BronsonJC: raises $2 to $3
EvilReality: folds 
Uncalled bet ($2) returned to BronsonJC
BronsonJC collected $2 from pot
BronsonJC: doesn't show hand 
*** SUMMARY ***
Total pot $2 | Rake $0 
Seat 4: Izaya1x
Seat 1: Ysiven folded before Flop (didn't bet)
Seat 2: paramourx folded before Flop (didn't bet)
Seat 3: poker_soul11 (button) folded before Flop (didn't bet)
Seat 5: BronsonJC (small blind) collected ($2)
Seat 6: EvilReality (big blind) folded before Flop



PokerStars Hand #254531975200:  Hold'em No Limit ($0.50/$1.00 USD) - 2025/01/24 17:57:57 WET [2025/01/24 12:57:57 ET]
Table 'Rudra III' 6-max Seat #5 is the button
Seat 4: Izaya1x ($0 in chips) is sitting out
Seat 1: Ysiven ($120.20 in chips) 
Seat 2: paramourx ($100.42 in chips) 
Seat 3: poker_soul11 ($123.80 in chips) 
Seat 5: BronsonJC ($101 in chips) 
Seat 6: EvilReality ($178.89 in chips) 
EvilReality: posts small blind $0.50
Ysiven: posts big blind $1
*** HOLE CARDS ***
paramourx: folds 
poker_soul11: folds 
BronsonJC: folds 
EvilReality: raises $2 to $3
Ysiven: calls $2
*** FLOP *** [Jc Qh Jh]
EvilReality: bets $1.88
Ysiven: calls $1.88
*** TURN *** [Jc Qh Jh] [Kd]
EvilReality: bets $6.95
Ysiven: folds 
Uncalled bet ($6.95) returned to EvilReality
EvilReality collected $9.27 from pot
EvilReality: doesn't show hand 
*** SUMMARY ***
Total pot $9.76 | Rake $0.49 
Board [Jc Qh Jh Kd]
Seat 4: Izaya1x
Seat 1: Ysiven (big blind) folded on the Turn
Seat 2: paramourx folded before Flop (didn't bet)
Seat 3: poker_soul11 folded before Flop (didn't bet)
Seat 5: BronsonJC (button) folded before Flop (didn't bet)
Seat 6: EvilReality (small blind) collected ($9.27)



PokerStars Hand #254531987180:  Hold'em No Limit ($0.50/$1.00 USD) - 2025/01/24 17:58:57 WET [2025/01/24 12:58:57 ET]
Table 'Rudra III' 6-max Seat #6 is the button
Seat 4: Izaya1x ($0 in chips) is sitting out
Seat 1: Ysiven ($115.32 in chips) 
Seat 2: paramourx ($100.42 in chips) 
Seat 3: poker_soul11 ($123.80 in chips) 
Seat 5: BronsonJC ($101 in chips) 
Seat 6: EvilReality ($183.28 in chips) 
Ysiven: posts small blind $0.50
paramourx: posts big blind $1
*** HOLE CARDS ***
poker_soul11: raises $1.20 to $2.20
BronsonJC: folds 
EvilReality: folds 
Ysiven: folds 
paramourx: folds 
Uncalled bet ($1.20) returned to poker_soul11
poker_soul11 collected $2.50 from pot
poker_soul11: doesn't show hand 
*** SUMMARY ***
Total pot $2.50 | Rake $0 
Seat 4: Izaya1x
Seat 1: Ysiven (small blind) folded before Flop
Seat 2: paramourx (big blind) folded before Flop
Seat 3: poker_soul11 collected ($2.50)
Seat 5: BronsonJC folded before Flop (didn't bet)
Seat 6: EvilReality (button) folded before Flop (didn't bet)



PokerStars Hand #254531989597:  Hold'em No Limit ($0.50/$1.00 USD) - 2025/01/24 17:59:09 WET [2025/01/24 12:59:09 ET]
Table 'Rudra III' 6-max Seat #1 is the button
Seat 4: Izaya1x ($0 in chips) is sitting out
Seat 1: Ysiven ($114.82 in chips) 
Seat 2: paramourx ($100 in chips) 
Seat 3: poker_soul11 ($125.30 in chips) 
Seat 5: BronsonJC ($101 in chips) 
Seat 6: EvilReality ($183.28 in chips) 
paramourx: posts small blind $0.50
poker_soul11: posts big blind $1
*** HOLE CARDS ***
BronsonJC: folds 
EvilReality: folds 
Ysiven: folds 
paramourx: raises $2 to $3
poker_soul11: calls $2
*** FLOP *** [Kc 9d As]
paramourx: checks 
poker_soul11: bets $2.85
paramourx: calls $2.85
*** TURN *** [Kc 9d As] [3s]
paramourx: checks 
poker_soul11: bets $5.56
paramourx: folds 
Uncalled bet ($5.56) returned to poker_soul11
poker_soul11 collected $11.12 from pot
poker_soul11: doesn't show hand 
*** SUMMARY ***
Total pot $11.70 | Rake $0.58 
Board [Kc 9d As 3s]
Seat 4: Izaya1x
Seat 1: Ysiven (button) folded before Flop (didn't bet)
Seat 2: paramourx (small blind) folded on the Turn
Seat 3: poker_soul11 (big blind) collected ($11.12)
Seat 5: BronsonJC folded before Flop (didn't bet)
Seat 6: EvilReality folded before Flop (didn't bet)



PokerStars Hand #254531999728:  Hold'em No Limit ($0.50/$1.00 USD) - 2025/01/24 17:59:59 WET [2025/01/24 12:59:59 ET]
Table 'Rudra III' 6-max Seat #2 is the button
Seat 4: Izaya1x ($0 in chips) is sitting out
Seat 1: Ysiven ($114.82 in chips) 
Seat 2: paramourx ($100 in chips) 
Seat 3: poker_soul11 ($130.57 in chips) 
Seat 5: BronsonJC ($101 in chips) 
Seat 6: EvilReality ($183.28 in chips) 
poker_soul11: posts small blind $0.50
BronsonJC: posts big blind $1
*** HOLE CARDS ***
EvilReality: raises $1.50 to $2.50
Ysiven: folds 
paramourx: folds 
poker_soul11: folds 
BronsonJC: folds 
Uncalled bet ($1.50) returned to EvilReality
EvilReality collected $2.50 from pot
Izaya1x leaves the table
EvilReality: doesn't show hand 
*** SUMMARY ***
Total pot $2.50 | Rake $0 
Seat 4: Izaya1x
Seat 1: Ysiven folded before Flop (didn't bet)
Seat 2: paramourx (button) folded before Flop (didn't bet)
Seat 3: poker_soul11 (small blind) folded before Flop
Seat 5: BronsonJC (big blind) folded before Flop
Seat 6: EvilReality collected ($2.50)



PokerStars Hand #254532001615:  Hold'em No Limit ($0.50/$1.00 USD) - 2025/01/24 18:00:08 WET [2025/01/24 13:00:08 ET]
Table 'Rudra III' 6-max Seat #3 is the button
Seat 1: Ysiven ($114.82 in chips) 
Seat 2: paramourx ($100 in chips) 
Seat 3: poker_soul11 ($130.07 in chips) 
Seat 5: BronsonJC ($100 in chips) 
Seat 6: EvilReality ($184.78 in chips) 
BronsonJC: posts small blind $0.50
EvilReality: posts big blind $1
*** HOLE CARDS ***
Ysiven: folds 
paramourx: folds 
poker_soul11: raises $1.20 to $2.20
BronsonJC: folds 
EvilReality: calls $1.20
*** FLOP *** [9s 2c 9d]
EvilReality: checks 
poker_soul11: bets $1.54
EvilReality: folds 
Uncalled bet ($1.54) returned to poker_soul11
poker_soul11 collected $4.66 from pot
poker_soul11: doesn't show hand 
*** SUMMARY ***
Total pot $4.90 | Rake $0.24 
Board [9s 2c 9d]
Seat 1: Ysiven folded before Flop (didn't bet)
Seat 2: paramourx folded before Flop (didn't bet)
Seat 3: poker_soul11 (button) collected ($4.66)
Seat 5: BronsonJC (small blind) folded before Flop
Seat 6: EvilReality (big blind) folded on the Flop



PokerStars Hand #254532026411:  Hold'em No Limit ($0.50/$1.00 USD) - 2025/01/24 18:01:59 WET [2025/01/24 13:01:59 ET]
Table 'Rudra III' 6-max Seat #1 is the button
Seat 1: Ysiven ($100.50 in chips) 
Seat 4: michasia ($100 in chips) 
Seat 5: BronsonJC ($101.50 in chips) 
michasia: posts small blind $0.50
BronsonJC: posts big blind $1
*** HOLE CARDS ***
Ysiven: folds 
michasia: raises $2 to $3
BronsonJC: folds 
Uncalled bet ($2) returned to michasia
michasia collected $2 from pot
michasia: doesn't show hand 
*** SUMMARY ***
Total pot $2 | Rake $0 
Seat 1: Ysiven (button) folded before Flop (didn't bet)
Seat 4: michasia (small blind) collected ($2)
Seat 5: BronsonJC (big blind) folded before Flop



PokerStars Hand #254532032739:  Hold'em No Limit ($0.50/$1.00 USD) - 2025/01/24 18:02:24 WET [2025/01/24 13:02:24 ET]
Table 'Rudra III' 6-max Seat #5 is the button
Seat 1: Ysiven ($100.50 in chips) 
Seat 5: BronsonJC ($100.50 in chips) 
BronsonJC: posts small blind $0.50
Ysiven: posts big blind $1
*** HOLE CARDS ***
BronsonJC: raises $1.50 to $2.50
Ysiven: raises $8 to $10.50
BronsonJC: calls $8
*** FLOP *** [5s 8c 8s]
Ysiven: bets $12
BronsonJC: folds 
Uncalled bet ($12) returned to Ysiven
Ysiven collected $20 from pot
Ysiven: doesn't show hand 
*** SUMMARY ***
Total pot $21 | Rake $1 
Board [5s 8c 8s]
Seat 1: Ysiven (big blind) collected ($20)
Seat 5: BronsonJC (button) (small blind) folded on the Flop



PokerStars Hand #254532041010:  Hold'em No Limit ($0.50/$1.00 USD) - 2025/01/24 18:02:56 WET [2025/01/24 13:02:56 ET]
Table 'Rudra III' 6-max Seat #1 is the button
Seat 1: Ysiven ($110 in chips) 
Seat 5: BronsonJC ($100 in chips) 
Ysiven: posts small blind $0.50
BronsonJC: posts big blind $1
*** HOLE CARDS ***
Ysiven: raises $1.50 to $2.50
BronsonJC: folds 
Uncalled bet ($1.50) returned to Ysiven
Ysiven collected $2 from pot
Ysiven: doesn't show hand 
*** SUMMARY ***
Total pot $2 | Rake $0 
Seat 1: Ysiven (button) (small blind) collected ($2)
Seat 5: BronsonJC (big blind) folded before Flop



PokerStars Hand #254532044211:  Hold'em No Limit ($0.50/$1.00 USD) - 2025/01/24 18:03:08 WET [2025/01/24 13:03:08 ET]
Table 'Rudra III' 6-max Seat #5 is the button
Seat 1: Ysiven ($111 in chips) 
Seat 5: BronsonJC ($100 in chips) 
BronsonJC: posts small blind $0.50
Ysiven: posts big blind $1
*** HOLE CARDS ***
BronsonJC: raises $1.50 to $2.50
Ysiven: folds 
Uncalled bet ($1.50) returned to BronsonJC
BronsonJC collected $2 from pot
BronsonJC: doesn't show hand 
*** SUMMARY ***
Total pot $2 | Rake $0 
Seat 1: Ysiven (big blind) folded before Flop
Seat 5: BronsonJC (button) (small blind) collected ($2)



PokerStars Hand #254532054589:  Hold'em No Limit ($0.50/$1.00 USD) - 2025/01/24 18:03:47 WET [2025/01/24 13:03:47 ET]
Table 'Rudra III' 6-max Seat #5 is the button
Seat 1: Ysiven ($113.66 in chips) 
Seat 5: BronsonJC ($100 in chips) 
BronsonJC: posts small blind $0.50
Ysiven: posts big blind $1
*** HOLE CARDS ***
BronsonJC: folds 
Uncalled bet ($0.50) returned to Ysiven
Ysiven collected $1 from pot
Ysiven: doesn't show hand 
*** SUMMARY ***
Total pot $1 | Rake $0 
Seat 1: Ysiven (big blind) collected ($1)
Seat 5: BronsonJC (button) (small blind) folded before Flop



