PokerStars Hand #254527780689:  Hold'em No Limit ($0.50/$1.00 USD) - 2025/01/24 11:52:36 WET [2025/01/24 6:52:36 ET]
Table 'Biarmia IV' 6-max Seat #5 is the button
Seat 2: KarP93 ($100 in chips) is sitting out
Seat 4: fedevalle ($38.13 in chips) 
Seat 5: Emily_GetMan ($100.50 in chips) 
Emily_GetMan: posts small blind $0.50
KarP93: is sitting out 
fedevalle: posts big blind $1
*** HOLE CARDS ***
Emily_GetMan: raises $2 to $3
KarP93 leaves the table
fedevalle: calls $2
*** FLOP *** [Jd 5d Ks]
fedevalle: checks 
Emily_GetMan: bets $3.76
fedevalle: calls $3.76
*** TURN *** [Jd 5d Ks] [3c]
fedevalle: checks 
Emily_GetMan: bets $16.69
fedevalle: folds 
Uncalled bet ($16.69) returned to Emily_GetMan
Emily_GetMan collected $12.84 from pot
Emily_GetMan: doesn't show hand 
*** SUMMARY ***
Total pot $13.52 | Rake $0.68 
Board [Jd 5d Ks 3c]
Seat 2: KarP93
Seat 4: fedevalle (big blind) folded on the Turn
Seat 5: Emily_GetMan (button) (small blind) collected ($12.84)



PokerStars Hand #254527903350:  Hold'em No Limit ($0.50/$1.00 USD) - 2025/01/24 12:08:59 WET [2025/01/24 7:08:59 ET]
Table 'Biarmia IV' 6-max Seat #1 is the button
Seat 1: Spartansmike ($100 in chips) 
Seat 2: Gfoer ($100 in chips) 
Seat 3: mr.Jckpot ($100 in chips) 
Seat 4: Rysiff ($100 in chips) 
Seat 5: MauriFierro27 ($100 in chips) 
Gfoer: posts small blind $0.50
mr.Jckpot: posts big blind $1
*** HOLE CARDS ***
Evelexy1 joins the table at seat #6 
Rysiff: folds 
MauriFierro27: folds 
Spartansmike: raises $2 to $3
Gfoer: folds 
mr.Jckpot: calls $2
*** FLOP *** [Kh Qs Jc]
mr.Jckpot: checks 
Spartansmike: bets $3.09
mr.Jckpot: calls $3.09
*** TURN *** [Kh Qs Jc] [5h]
mr.Jckpot: checks 
Spartansmike: checks 
*** RIVER *** [Kh Qs Jc 5h] [Kd]
mr.Jckpot: checks 
Spartansmike: checks 
*** SHOW DOWN ***
mr.Jckpot: shows [4d Qd] (two pair, Kings and Queens)
Spartansmike: mucks hand 
mr.Jckpot collected $12.05 from pot
*** SUMMARY ***
Total pot $12.68 | Rake $0.63 
Board [Kh Qs Jc 5h Kd]
Seat 1: Spartansmike (button) mucked
Seat 2: Gfoer (small blind) folded before Flop
Seat 3: mr.Jckpot (big blind) showed [4d Qd] and won ($12.05) with two pair, Kings and Queens
Seat 4: Rysiff folded before Flop (didn't bet)
Seat 5: MauriFierro27 folded before Flop (didn't bet)



PokerStars Hand #254527908538:  Hold'em No Limit ($0.50/$1.00 USD) - 2025/01/24 12:09:36 WET [2025/01/24 7:09:36 ET]
Table 'Biarmia IV' 6-max Seat #2 is the button
Seat 6: Evelexy1 ($103 in chips) is sitting out
Seat 1: Spartansmike ($93.91 in chips) 
Seat 2: Gfoer ($100 in chips) 
Seat 3: mr.Jckpot ($105.96 in chips) 
Seat 4: Rysiff ($100 in chips) 
Seat 5: MauriFierro27 ($100 in chips) 
mr.Jckpot: posts small blind $0.50
Rysiff: posts big blind $1
Evelexy1: sits out 
*** HOLE CARDS ***
MauriFierro27: folds 
Spartansmike: raises $2 to $3
Gfoer: raises $10 to $13
mr.Jckpot: folds 
Rysiff: folds 
Spartansmike: calls $10
*** FLOP *** [Qc Kd Qd]
Spartansmike: checks 
Gfoer: bets $8.27
Spartansmike: calls $8.27
*** TURN *** [Qc Kd Qd] [4c]
Spartansmike: checks 
Gfoer: checks 
*** RIVER *** [Qc Kd Qd 4c] [7h]
Spartansmike: checks 
Gfoer: bets $35.38
Spartansmike: folds 
Uncalled bet ($35.38) returned to Gfoer
Gfoer collected $41.84 from pot
Gfoer: doesn't show hand 
*** SUMMARY ***
Total pot $44.04 | Rake $2.20 
Board [Qc Kd Qd 4c 7h]
Seat 6: Evelexy1
Seat 1: Spartansmike folded on the River
Seat 2: Gfoer (button) collected ($41.84)
Seat 3: mr.Jckpot (small blind) folded before Flop
Seat 4: Rysiff (big blind) folded before Flop
Seat 5: MauriFierro27 folded before Flop (didn't bet)



PokerStars Hand #254527917700:  Hold'em No Limit ($0.50/$1.00 USD) - 2025/01/24 12:10:45 WET [2025/01/24 7:10:45 ET]
Table 'Biarmia IV' 6-max Seat #3 is the button
Seat 6: Evelexy1 ($103 in chips) is sitting out
Seat 1: Spartansmike ($72.64 in chips) 
Seat 2: Gfoer ($120.57 in chips) 
Seat 3: mr.Jckpot ($105.46 in chips) 
Seat 4: Rysiff ($100 in chips) 
Seat 5: MauriFierro27 ($100 in chips) 
Rysiff: posts small blind $0.50
MauriFierro27: posts big blind $1
Evelexy1: sits out 
*** HOLE CARDS ***
Spartansmike: calls $1
Gfoer: folds 
mr.Jckpot: folds 
Rysiff: folds 
MauriFierro27: checks 
*** FLOP *** [Tc Td Th]
MauriFierro27: checks 
Spartansmike: bets $1.19
MauriFierro27: calls $1.19
*** TURN *** [Tc Td Th] [Jd]
MauriFierro27: checks 
Spartansmike: checks 
*** RIVER *** [Tc Td Th Jd] [As]
MauriFierro27: bets $1
Spartansmike: calls $1
*** SHOW DOWN ***
MauriFierro27: shows [3s Ac] (a full house, Tens full of Aces)
Spartansmike: shows [4h Ad] (a full house, Tens full of Aces)
MauriFierro27 collected $3.27 from pot
Spartansmike collected $3.27 from pot
*** SUMMARY ***
Total pot $6.88 | Rake $0.34 
Board [Tc Td Th Jd As]
Seat 6: Evelexy1
Seat 1: Spartansmike showed [4h Ad] and won ($3.27) with a full house, Tens full of Aces
Seat 2: Gfoer folded before Flop (didn't bet)
Seat 3: mr.Jckpot (button) folded before Flop (didn't bet)
Seat 4: Rysiff (small blind) folded before Flop
Seat 5: MauriFierro27 (big blind) showed [3s Ac] and won ($3.27) with a full house, Tens full of Aces



PokerStars Hand #254527922046:  Hold'em No Limit ($0.50/$1.00 USD) - 2025/01/24 12:11:17 WET [2025/01/24 7:11:17 ET]
Table 'Biarmia IV' 6-max Seat #4 is the button
Seat 1: Spartansmike ($72.72 in chips) 
Seat 2: Gfoer ($120.57 in chips) 
Seat 3: mr.Jckpot ($105.46 in chips) 
Seat 4: Rysiff ($100 in chips) 
Seat 5: MauriFierro27 ($100.08 in chips) 
Seat 6: Evelexy1 ($103 in chips) 
MauriFierro27: posts small blind $0.50
Evelexy1: posts big blind $1
*** HOLE CARDS ***
Spartansmike: folds 
Gfoer: folds 
mr.Jckpot: folds 
Rysiff: folds 
MauriFierro27: folds 
Uncalled bet ($0.50) returned to Evelexy1
Evelexy1 collected $1 from pot
Evelexy1: doesn't show hand 
*** SUMMARY ***
Total pot $1 | Rake $0 
Seat 1: Spartansmike folded before Flop (didn't bet)
Seat 2: Gfoer folded before Flop (didn't bet)
Seat 3: mr.Jckpot folded before Flop (didn't bet)
Seat 4: Rysiff (button) folded before Flop (didn't bet)
Seat 5: MauriFierro27 (small blind) folded before Flop
Seat 6: Evelexy1 (big blind) collected ($1)



PokerStars Hand #254527924032:  Hold'em No Limit ($0.50/$1.00 USD) - 2025/01/24 12:11:32 WET [2025/01/24 7:11:32 ET]
Table 'Biarmia IV' 6-max Seat #5 is the button
Seat 1: Spartansmike ($72.72 in chips) 
Seat 2: Gfoer ($120.57 in chips) 
Seat 3: mr.Jckpot ($105.46 in chips) 
Seat 4: Rysiff ($100 in chips) 
Seat 5: MauriFierro27 ($100 in chips) 
Seat 6: Evelexy1 ($103.50 in chips) 
Evelexy1: posts small blind $0.50
Spartansmike: posts big blind $1
*** HOLE CARDS ***
Gfoer: folds 
mr.Jckpot: raises $1.50 to $2.50
Rysiff: folds 
MauriFierro27: folds 
Evelexy1: folds 
Spartansmike: calls $1.50
*** FLOP *** [6d Ah Tc]
Spartansmike: checks 
mr.Jckpot: bets $1.72
Spartansmike: calls $1.72
*** TURN *** [6d Ah Tc] [Kc]
Spartansmike: checks 
mr.Jckpot: checks 
*** RIVER *** [6d Ah Tc Kc] [3c]
Spartansmike: checks 
mr.Jckpot: checks 
*** SHOW DOWN ***
Spartansmike: shows [9c Td] (a pair of Tens)
mr.Jckpot: shows [Kh Qd] (a pair of Kings)
mr.Jckpot collected $8.49 from pot
*** SUMMARY ***
Total pot $8.94 | Rake $0.45 
Board [6d Ah Tc Kc 3c]
Seat 1: Spartansmike (big blind) showed [9c Td] and lost with a pair of Tens
Seat 2: Gfoer folded before Flop (didn't bet)
Seat 3: mr.Jckpot showed [Kh Qd] and won ($8.49) with a pair of Kings
Seat 4: Rysiff folded before Flop (didn't bet)
Seat 5: MauriFierro27 (button) folded before Flop (didn't bet)
Seat 6: Evelexy1 (small blind) folded before Flop



PokerStars Hand #254527927659:  Hold'em No Limit ($0.50/$1.00 USD) - 2025/01/24 12:11:59 WET [2025/01/24 7:11:59 ET]
Table 'Biarmia IV' 6-max Seat #6 is the button
Seat 1: Spartansmike ($68.50 in chips) 
Seat 2: Gfoer ($120.57 in chips) 
Seat 3: mr.Jckpot ($109.73 in chips) 
Seat 4: Rysiff ($100 in chips) 
Seat 5: MauriFierro27 ($100 in chips) 
Seat 6: Evelexy1 ($103 in chips) 
Spartansmike: posts small blind $0.50
Gfoer: posts big blind $1
*** HOLE CARDS ***
mr.Jckpot: folds 
Rysiff: folds 
MauriFierro27: folds 
Evelexy1: folds 
Spartansmike: calls $0.50
Gfoer: checks 
*** FLOP *** [7h 5s 3d]
Spartansmike: checks 
Gfoer: checks 
*** TURN *** [7h 5s 3d] [3s]
Spartansmike: checks 
Gfoer: checks 
*** RIVER *** [7h 5s 3d 3s] [9c]
Spartansmike: checks 
Gfoer: bets $3.44
Spartansmike: folds 
Uncalled bet ($3.44) returned to Gfoer
Gfoer collected $1.90 from pot
Gfoer: doesn't show hand 
*** SUMMARY ***
Total pot $2 | Rake $0.10 
Board [7h 5s 3d 3s 9c]
Seat 1: Spartansmike (small blind) folded on the River
Seat 2: Gfoer (big blind) collected ($1.90)
Seat 3: mr.Jckpot folded before Flop (didn't bet)
Seat 4: Rysiff folded before Flop (didn't bet)
Seat 5: MauriFierro27 folded before Flop (didn't bet)
Seat 6: Evelexy1 (button) folded before Flop (didn't bet)



PokerStars Hand #254527933534:  Hold'em No Limit ($0.50/$1.00 USD) - 2025/01/24 12:12:43 WET [2025/01/24 7:12:43 ET]
Table 'Biarmia IV' 6-max Seat #1 is the button
Seat 1: Spartansmike ($67.50 in chips) 
Seat 2: Gfoer ($121.47 in chips) 
Seat 3: mr.Jckpot ($109.73 in chips) 
Seat 4: Rysiff ($100 in chips) 
Seat 5: MauriFierro27 ($100 in chips) 
Seat 6: Evelexy1 ($103 in chips) 
Gfoer: posts small blind $0.50
mr.Jckpot: posts big blind $1
*** HOLE CARDS ***
Rysiff: folds 
MauriFierro27: raises $1.20 to $2.20
Evelexy1: folds 
Spartansmike: folds 
Gfoer: folds 
mr.Jckpot: calls $1.20
*** FLOP *** [8h 3h 8s]
mr.Jckpot: checks 
MauriFierro27: bets $1.54
mr.Jckpot: calls $1.54
*** TURN *** [8h 3h 8s] [2d]
mr.Jckpot: checks 
MauriFierro27: checks 
*** RIVER *** [8h 3h 8s 2d] [8c]
mr.Jckpot: checks 
MauriFierro27: checks 
*** SHOW DOWN ***
mr.Jckpot: shows [Js Ks] (three of a kind, Eights)
MauriFierro27: shows [Td Ad] (three of a kind, Eights - Ace kicker)
MauriFierro27 collected $7.58 from pot
*** SUMMARY ***
Total pot $7.98 | Rake $0.40 
Board [8h 3h 8s 2d 8c]
Seat 1: Spartansmike (button) folded before Flop (didn't bet)
Seat 2: Gfoer (small blind) folded before Flop
Seat 3: mr.Jckpot (big blind) showed [Js Ks] and lost with three of a kind, Eights
Seat 4: Rysiff folded before Flop (didn't bet)
Seat 5: MauriFierro27 showed [Td Ad] and won ($7.58) with three of a kind, Eights
Seat 6: Evelexy1 folded before Flop (didn't bet)



PokerStars Hand #254527939370:  Hold'em No Limit ($0.50/$1.00 USD) - 2025/01/24 12:13:26 WET [2025/01/24 7:13:26 ET]
Table 'Biarmia IV' 6-max Seat #2 is the button
Seat 1: Spartansmike ($93.39 in chips) 
Seat 2: Gfoer ($120.97 in chips) 
Seat 3: mr.Jckpot ($105.99 in chips) 
Seat 4: Rysiff ($100 in chips) 
Seat 5: MauriFierro27 ($103.84 in chips) 
Seat 6: Evelexy1 ($103 in chips) 
mr.Jckpot: posts small blind $0.50
Rysiff: posts big blind $1
*** HOLE CARDS ***
MauriFierro27: raises $1.20 to $2.20
Evelexy1: folds 
Spartansmike: folds 
Gfoer: folds 
mr.Jckpot: folds 
Rysiff: folds 
Uncalled bet ($1.20) returned to MauriFierro27
MauriFierro27 collected $2.50 from pot
MauriFierro27: doesn't show hand 
*** SUMMARY ***
Total pot $2.50 | Rake $0 
Seat 1: Spartansmike folded before Flop (didn't bet)
Seat 2: Gfoer (button) folded before Flop (didn't bet)
Seat 3: mr.Jckpot (small blind) folded before Flop
Seat 4: Rysiff (big blind) folded before Flop
Seat 5: MauriFierro27 collected ($2.50)
Seat 6: Evelexy1 folded before Flop (didn't bet)



PokerStars Hand #254527940819:  Hold'em No Limit ($0.50/$1.00 USD) - 2025/01/24 12:13:37 WET [2025/01/24 7:13:37 ET]
Table 'Biarmia IV' 6-max Seat #3 is the button
Seat 1: Spartansmike ($93.39 in chips) 
Seat 2: Gfoer ($120.97 in chips) 
Seat 3: mr.Jckpot ($105.49 in chips) 
Seat 4: Rysiff ($100 in chips) 
Seat 5: MauriFierro27 ($105.34 in chips) 
Seat 6: Evelexy1 ($103 in chips) 
Rysiff: posts small blind $0.50
MauriFierro27: posts big blind $1
*** HOLE CARDS ***
Evelexy1: folds 
Spartansmike: folds 
Gfoer: folds 
mr.Jckpot: raises $1.50 to $2.50
Rysiff: folds 
MauriFierro27: raises $9 to $11.50
mr.Jckpot: folds 
Uncalled bet ($9) returned to MauriFierro27
MauriFierro27 collected $5.50 from pot
MauriFierro27: doesn't show hand 
*** SUMMARY ***
Total pot $5.50 | Rake $0 
Seat 1: Spartansmike folded before Flop (didn't bet)
Seat 2: Gfoer folded before Flop (didn't bet)
Seat 3: mr.Jckpot (button) folded before Flop
Seat 4: Rysiff (small blind) folded before Flop
Seat 5: MauriFierro27 (big blind) collected ($5.50)
Seat 6: Evelexy1 folded before Flop (didn't bet)



PokerStars Hand #254527944234:  Hold'em No Limit ($0.50/$1.00 USD) - 2025/01/24 12:14:03 WET [2025/01/24 7:14:03 ET]
Table 'Biarmia IV' 6-max Seat #4 is the button
Seat 1: Spartansmike ($93.39 in chips) 
Seat 2: Gfoer ($120.97 in chips) 
Seat 3: mr.Jckpot ($102.99 in chips) 
Seat 4: Rysiff ($100 in chips) 
Seat 5: MauriFierro27 ($108.34 in chips) 
Seat 6: Evelexy1 ($103 in chips) 
MauriFierro27: posts small blind $0.50
Evelexy1: posts big blind $1
*** HOLE CARDS ***
Spartansmike: raises $2 to $3
Gfoer: folds 
mr.Jckpot: folds 
Rysiff: raises $6 to $9
MauriFierro27: folds 
Evelexy1: folds 
Spartansmike: raises $19.50 to $28.50
Rysiff: folds 
Uncalled bet ($19.50) returned to Spartansmike
Spartansmike collected $19.50 from pot
*** SUMMARY ***
Total pot $19.50 | Rake $0 
Seat 1: Spartansmike collected ($19.50)
Seat 2: Gfoer folded before Flop (didn't bet)
Seat 3: mr.Jckpot folded before Flop (didn't bet)
Seat 4: Rysiff (button) folded before Flop
Seat 5: MauriFierro27 (small blind) folded before Flop
Seat 6: Evelexy1 (big blind) folded before Flop



PokerStars Hand #254527947110:  Hold'em No Limit ($0.50/$1.00 USD) - 2025/01/24 12:14:25 WET [2025/01/24 7:14:25 ET]
Table 'Biarmia IV' 6-max Seat #5 is the button
Seat 1: Spartansmike ($103.89 in chips) 
Seat 2: Gfoer ($120.97 in chips) 
Seat 3: mr.Jckpot ($102.99 in chips) 
Seat 4: Rysiff ($100 in chips) 
Seat 5: MauriFierro27 ($107.84 in chips) 
Seat 6: Evelexy1 ($102 in chips) 
Evelexy1: posts small blind $0.50
Spartansmike: posts big blind $1
*** HOLE CARDS ***
Gfoer: folds 
mr.Jckpot: folds 
Rysiff: raises $1.50 to $2.50
MauriFierro27: folds 
Evelexy1: calls $2
Spartansmike: calls $1.50
*** FLOP *** [5h Ts Qs]
Evelexy1: checks 
Spartansmike: checks 
Rysiff: checks 
*** TURN *** [5h Ts Qs] [Jh]
Evelexy1: checks 
Spartansmike: checks 
Rysiff: checks 
*** RIVER *** [5h Ts Qs Jh] [2c]
Evelexy1: checks 
Spartansmike: checks 
Rysiff: checks 
*** SHOW DOWN ***
Evelexy1: shows [Ac 3c] (high card Ace)
Spartansmike: shows [9h Tc] (a pair of Tens)
Rysiff: mucks hand 
Spartansmike collected $7.12 from pot
*** SUMMARY ***
Total pot $7.50 | Rake $0.38 
Board [5h Ts Qs Jh 2c]
Seat 1: Spartansmike (big blind) showed [9h Tc] and won ($7.12) with a pair of Tens
Seat 2: Gfoer folded before Flop (didn't bet)
Seat 3: mr.Jckpot folded before Flop (didn't bet)
Seat 4: Rysiff mucked
Seat 5: MauriFierro27 (button) folded before Flop (didn't bet)
Seat 6: Evelexy1 (small blind) showed [Ac 3c] and lost with high card Ace



PokerStars Hand #254527952543:  Hold'em No Limit ($0.50/$1.00 USD) - 2025/01/24 12:15:04 WET [2025/01/24 7:15:04 ET]
Table 'Biarmia IV' 6-max Seat #6 is the button
Seat 1: Spartansmike ($108.51 in chips) 
Seat 2: Gfoer ($120.97 in chips) 
Seat 3: mr.Jckpot ($102.99 in chips) 
Seat 4: Rysiff ($100 in chips) 
Seat 5: MauriFierro27 ($107.84 in chips) 
Seat 6: Evelexy1 ($100 in chips) 
Spartansmike: posts small blind $0.50
Gfoer: posts big blind $1
*** HOLE CARDS ***
mr.Jckpot: folds 
Rysiff: folds 
MauriFierro27: raises $1.20 to $2.20
Evelexy1: folds 
Spartansmike: calls $1.70
Gfoer: folds 
*** FLOP *** [Qs 9d 6h]
Spartansmike: checks 
MauriFierro27: bets $1.69
Spartansmike: calls $1.69
*** TURN *** [Qs 9d 6h] [As]
Spartansmike: checks 
MauriFierro27: checks 
*** RIVER *** [Qs 9d 6h As] [8d]
Spartansmike: bets $8.34
MauriFierro27: calls $8.34
*** SHOW DOWN ***
Spartansmike: shows [Jc Td] (a straight, Eight to Queen)
MauriFierro27: mucks hand 
Spartansmike collected $24.19 from pot
*** SUMMARY ***
Total pot $25.46 | Rake $1.27 
Board [Qs 9d 6h As 8d]
Seat 1: Spartansmike (small blind) showed [Jc Td] and won ($24.19) with a straight, Eight to Queen
Seat 2: Gfoer (big blind) folded before Flop
Seat 3: mr.Jckpot folded before Flop (didn't bet)
Seat 4: Rysiff folded before Flop (didn't bet)
Seat 5: MauriFierro27 mucked
Seat 6: Evelexy1 (button) folded before Flop (didn't bet)



PokerStars Hand #254527959275:  Hold'em No Limit ($0.50/$1.00 USD) - 2025/01/24 12:15:55 WET [2025/01/24 7:15:55 ET]
Table 'Biarmia IV' 6-max Seat #1 is the button
Seat 1: Spartansmike ($120.47 in chips) 
Seat 2: Gfoer ($119.97 in chips) 
Seat 3: mr.Jckpot ($102.99 in chips) 
Seat 4: Rysiff ($100 in chips) 
Seat 5: MauriFierro27 ($100 in chips) 
Seat 6: Evelexy1 ($100 in chips) 
Gfoer: posts small blind $0.50
mr.Jckpot: posts big blind $1
*** HOLE CARDS ***
Rysiff: folds 
MauriFierro27: folds 
Evelexy1: folds 
Spartansmike: raises $1 to $2
Gfoer: folds 
mr.Jckpot: calls $1
*** FLOP *** [3d 7h Ac]
mr.Jckpot: checks 
Spartansmike: bets $2.14
mr.Jckpot: calls $2.14
*** TURN *** [3d 7h Ac] [4h]
mr.Jckpot: checks 
Spartansmike: checks 
*** RIVER *** [3d 7h Ac 4h] [6d]
mr.Jckpot: checks 
Spartansmike: checks 
*** SHOW DOWN ***
mr.Jckpot: shows [8s 8d] (a pair of Eights)
Spartansmike: shows [Ah 2s] (a pair of Aces)
Spartansmike collected $8.34 from pot
*** SUMMARY ***
Total pot $8.78 | Rake $0.44 
Board [3d 7h Ac 4h 6d]
Seat 1: Spartansmike (button) showed [Ah 2s] and won ($8.34) with a pair of Aces
Seat 2: Gfoer (small blind) folded before Flop
Seat 3: mr.Jckpot (big blind) showed [8s 8d] and lost with a pair of Eights
Seat 4: Rysiff folded before Flop (didn't bet)
Seat 5: MauriFierro27 folded before Flop (didn't bet)
Seat 6: Evelexy1 folded before Flop (didn't bet)



PokerStars Hand #254527963421:  Hold'em No Limit ($0.50/$1.00 USD) - 2025/01/24 12:16:25 WET [2025/01/24 7:16:25 ET]
Table 'Biarmia IV' 6-max Seat #2 is the button
Seat 1: Spartansmike ($124.67 in chips) 
Seat 2: Gfoer ($119.47 in chips) 
Seat 3: mr.Jckpot ($100 in chips) 
Seat 4: Rysiff ($100 in chips) 
Seat 5: MauriFierro27 ($100 in chips) 
Seat 6: Evelexy1 ($100 in chips) 
mr.Jckpot: posts small blind $0.50
Rysiff: posts big blind $1
*** HOLE CARDS ***
MauriFierro27: folds 
Evelexy1: folds 
Spartansmike: folds 
Gfoer: raises $1 to $2
mr.Jckpot: folds 
Rysiff: calls $1
*** FLOP *** [Ts 4s 3h]
Rysiff: checks 
Gfoer: bets $3.21
Rysiff: raises $8.56 to $11.77
Gfoer: calls $8.56
*** TURN *** [Ts 4s 3h] [Kh]
Rysiff: bets $21.31
Gfoer: calls $21.31
*** RIVER *** [Ts 4s 3h Kh] [7h]
Rysiff: checks 
Gfoer: checks 
*** SHOW DOWN ***
Rysiff: shows [9s Js] (high card King)
Gfoer: shows [Kd As] (a pair of Kings)
Gfoer collected $68.16 from pot
*** SUMMARY ***
Total pot $70.66 | Rake $2.50 
Board [Ts 4s 3h Kh 7h]
Seat 1: Spartansmike folded before Flop (didn't bet)
Seat 2: Gfoer (button) showed [Kd As] and won ($68.16) with a pair of Kings
Seat 3: mr.Jckpot (small blind) folded before Flop
Seat 4: Rysiff (big blind) showed [9s Js] and lost with high card King
Seat 5: MauriFierro27 folded before Flop (didn't bet)
Seat 6: Evelexy1 folded before Flop (didn't bet)



PokerStars Hand #254527976410:  Hold'em No Limit ($0.50/$1.00 USD) - 2025/01/24 12:18:03 WET [2025/01/24 7:18:03 ET]
Table 'Biarmia IV' 6-max Seat #3 is the button
Seat 1: Spartansmike ($124.67 in chips) 
Seat 2: Gfoer ($152.55 in chips) 
Seat 3: mr.Jckpot ($100 in chips) 
Seat 4: Rysiff ($100 in chips) 
Seat 5: MauriFierro27 ($100 in chips) 
Seat 6: Evelexy1 ($100 in chips) 
Rysiff: posts small blind $0.50
MauriFierro27: posts big blind $1
*** HOLE CARDS ***
Evelexy1: raises $1 to $2
Spartansmike: folds 
Gfoer: folds 
mr.Jckpot: folds 
Rysiff: folds 
MauriFierro27: folds 
Uncalled bet ($1) returned to Evelexy1
Evelexy1 collected $2.50 from pot
Evelexy1: doesn't show hand 
*** SUMMARY ***
Total pot $2.50 | Rake $0 
Seat 1: Spartansmike folded before Flop (didn't bet)
Seat 2: Gfoer folded before Flop (didn't bet)
Seat 3: mr.Jckpot (button) folded before Flop (didn't bet)
Seat 4: Rysiff (small blind) folded before Flop
Seat 5: MauriFierro27 (big blind) folded before Flop
Seat 6: Evelexy1 collected ($2.50)



PokerStars Hand #254527979474:  Hold'em No Limit ($0.50/$1.00 USD) - 2025/01/24 12:18:26 WET [2025/01/24 7:18:26 ET]
Table 'Biarmia IV' 6-max Seat #4 is the button
Seat 1: Spartansmike ($124.67 in chips) 
Seat 2: Gfoer ($152.55 in chips) 
Seat 3: mr.Jckpot ($100 in chips) 
Seat 4: Rysiff ($100 in chips) 
Seat 5: MauriFierro27 ($100 in chips) 
Seat 6: Evelexy1 ($101.50 in chips) 
MauriFierro27: posts small blind $0.50
Evelexy1: posts big blind $1
*** HOLE CARDS ***
Spartansmike: folds 
Gfoer: folds 
mr.Jckpot: folds 
Rysiff: folds 
MauriFierro27: raises $1.50 to $2.50
Evelexy1: raises $5 to $7.50
MauriFierro27: folds 
Uncalled bet ($5) returned to Evelexy1
Evelexy1 collected $5 from pot
Evelexy1: doesn't show hand 
*** SUMMARY ***
Total pot $5 | Rake $0 
Seat 1: Spartansmike folded before Flop (didn't bet)
Seat 2: Gfoer folded before Flop (didn't bet)
Seat 3: mr.Jckpot folded before Flop (didn't bet)
Seat 4: Rysiff (button) folded before Flop (didn't bet)
Seat 5: MauriFierro27 (small blind) folded before Flop
Seat 6: Evelexy1 (big blind) collected ($5)



PokerStars Hand #254527984815:  Hold'em No Limit ($0.50/$1.00 USD) - 2025/01/24 12:19:06 WET [2025/01/24 7:19:06 ET]
Table 'Biarmia IV' 6-max Seat #5 is the button
Seat 1: Spartansmike ($124.67 in chips) 
Seat 2: Gfoer ($152.55 in chips) 
Seat 3: mr.Jckpot ($100 in chips) 
Seat 4: Rysiff ($100 in chips) 
Seat 5: MauriFierro27 ($100 in chips) 
Seat 6: Evelexy1 ($104 in chips) 
Evelexy1: posts small blind $0.50
Spartansmike: posts big blind $1
*** HOLE CARDS ***
Gfoer: folds 
mr.Jckpot: folds 
Rysiff: raises $1.50 to $2.50
MauriFierro27: folds 
Evelexy1: folds 
Spartansmike: folds 
Uncalled bet ($1.50) returned to Rysiff
Rysiff collected $2.50 from pot
Rysiff: doesn't show hand 
*** SUMMARY ***
Total pot $2.50 | Rake $0 
Seat 1: Spartansmike (big blind) folded before Flop
Seat 2: Gfoer folded before Flop (didn't bet)
Seat 3: mr.Jckpot folded before Flop (didn't bet)
Seat 4: Rysiff collected ($2.50)
Seat 5: MauriFierro27 (button) folded before Flop (didn't bet)
Seat 6: Evelexy1 (small blind) folded before Flop



PokerStars Hand #254527987434:  Hold'em No Limit ($0.50/$1.00 USD) - 2025/01/24 12:19:25 WET [2025/01/24 7:19:25 ET]
Table 'Biarmia IV' 6-max Seat #6 is the button
Seat 1: Spartansmike ($123.67 in chips) 
Seat 2: Gfoer ($152.55 in chips) 
Seat 3: mr.Jckpot ($100 in chips) 
Seat 4: Rysiff ($101.50 in chips) 
Seat 5: MauriFierro27 ($100 in chips) 
Seat 6: Evelexy1 ($103.50 in chips) 
Spartansmike: posts small blind $0.50
Gfoer: posts big blind $1
*** HOLE CARDS ***
mr.Jckpot: folds 
Rysiff: raises $1.50 to $2.50
MauriFierro27: folds 
Evelexy1: folds 
Spartansmike: folds 
Gfoer: folds 
Uncalled bet ($1.50) returned to Rysiff
Rysiff collected $2.50 from pot
Rysiff: doesn't show hand 
*** SUMMARY ***
Total pot $2.50 | Rake $0 
Seat 1: Spartansmike (small blind) folded before Flop
Seat 2: Gfoer (big blind) folded before Flop
Seat 3: mr.Jckpot folded before Flop (didn't bet)
Seat 4: Rysiff collected ($2.50)
Seat 5: MauriFierro27 folded before Flop (didn't bet)
Seat 6: Evelexy1 (button) folded before Flop (didn't bet)



PokerStars Hand #254527989293:  Hold'em No Limit ($0.50/$1.00 USD) - 2025/01/24 12:19:39 WET [2025/01/24 7:19:39 ET]
Table 'Biarmia IV' 6-max Seat #1 is the button
Seat 1: Spartansmike ($123.17 in chips) 
Seat 2: Gfoer ($151.55 in chips) 
Seat 3: mr.Jckpot ($100 in chips) 
Seat 4: Rysiff ($103 in chips) 
Seat 5: MauriFierro27 ($100 in chips) 
Seat 6: Evelexy1 ($103.50 in chips) 
Gfoer: posts small blind $0.50
mr.Jckpot: posts big blind $1
*** HOLE CARDS ***
Rysiff: raises $1.50 to $2.50
MauriFierro27: folds 
Evelexy1: folds 
Spartansmike: folds 
Gfoer: folds 
mr.Jckpot: folds 
Uncalled bet ($1.50) returned to Rysiff
Rysiff collected $2.50 from pot
Rysiff: doesn't show hand 
*** SUMMARY ***
Total pot $2.50 | Rake $0 
Seat 1: Spartansmike (button) folded before Flop (didn't bet)
Seat 2: Gfoer (small blind) folded before Flop
Seat 3: mr.Jckpot (big blind) folded before Flop
Seat 4: Rysiff collected ($2.50)
Seat 5: MauriFierro27 folded before Flop (didn't bet)
Seat 6: Evelexy1 folded before Flop (didn't bet)



PokerStars Hand #254527990686:  Hold'em No Limit ($0.50/$1.00 USD) - 2025/01/24 12:19:50 WET [2025/01/24 7:19:50 ET]
Table 'Biarmia IV' 6-max Seat #2 is the button
Seat 1: Spartansmike ($123.17 in chips) 
Seat 2: Gfoer ($151.05 in chips) 
Seat 3: mr.Jckpot ($100 in chips) 
Seat 4: Rysiff ($104.50 in chips) 
Seat 5: MauriFierro27 ($100 in chips) 
Seat 6: Evelexy1 ($103.50 in chips) 
mr.Jckpot: posts small blind $0.50
Rysiff: posts big blind $1
*** HOLE CARDS ***
MauriFierro27: raises $1.20 to $2.20
Evelexy1: folds 
Spartansmike: folds 
Gfoer: folds 
mr.Jckpot: folds 
Rysiff: folds 
Uncalled bet ($1.20) returned to MauriFierro27
MauriFierro27 collected $2.50 from pot
MauriFierro27: doesn't show hand 
*** SUMMARY ***
Total pot $2.50 | Rake $0 
Seat 1: Spartansmike folded before Flop (didn't bet)
Seat 2: Gfoer (button) folded before Flop (didn't bet)
Seat 3: mr.Jckpot (small blind) folded before Flop
Seat 4: Rysiff (big blind) folded before Flop
Seat 5: MauriFierro27 collected ($2.50)
Seat 6: Evelexy1 folded before Flop (didn't bet)



PokerStars Hand #254527992061:  Hold'em No Limit ($0.50/$1.00 USD) - 2025/01/24 12:20:00 WET [2025/01/24 7:20:00 ET]
Table 'Biarmia IV' 6-max Seat #3 is the button
Seat 1: Spartansmike ($123.17 in chips) 
Seat 2: Gfoer ($151.05 in chips) 
Seat 3: mr.Jckpot ($100 in chips) 
Seat 4: Rysiff ($103.50 in chips) 
Seat 5: MauriFierro27 ($101.50 in chips) 
Seat 6: Evelexy1 ($103.50 in chips) 
Rysiff: posts small blind $0.50
MauriFierro27: posts big blind $1
*** HOLE CARDS ***
Evelexy1: folds 
Spartansmike: folds 
Gfoer: folds 
mr.Jckpot: folds 
Rysiff: folds 
Uncalled bet ($0.50) returned to MauriFierro27
MauriFierro27 collected $1 from pot
MauriFierro27: doesn't show hand 
*** SUMMARY ***
Total pot $1 | Rake $0 
Seat 1: Spartansmike folded before Flop (didn't bet)
Seat 2: Gfoer folded before Flop (didn't bet)
Seat 3: mr.Jckpot (button) folded before Flop (didn't bet)
Seat 4: Rysiff (small blind) folded before Flop
Seat 5: MauriFierro27 (big blind) collected ($1)
Seat 6: Evelexy1 folded before Flop (didn't bet)



PokerStars Hand #254527994683:  Hold'em No Limit ($0.50/$1.00 USD) - 2025/01/24 12:20:20 WET [2025/01/24 7:20:20 ET]
Table 'Biarmia IV' 6-max Seat #4 is the button
Seat 1: Spartansmike ($123.17 in chips) 
Seat 2: Gfoer ($151.05 in chips) 
Seat 3: mr.Jckpot ($100 in chips) 
Seat 4: Rysiff ($103 in chips) 
Seat 5: MauriFierro27 ($102 in chips) 
Seat 6: Evelexy1 ($103.50 in chips) 
MauriFierro27: posts small blind $0.50
Evelexy1: posts big blind $1
*** HOLE CARDS ***
Spartansmike: folds 
Gfoer: folds 
mr.Jckpot: raises $1.50 to $2.50
Rysiff: folds 
MauriFierro27: folds 
Evelexy1: folds 
Uncalled bet ($1.50) returned to mr.Jckpot
mr.Jckpot collected $2.50 from pot
mr.Jckpot: doesn't show hand 
*** SUMMARY ***
Total pot $2.50 | Rake $0 
Seat 1: Spartansmike folded before Flop (didn't bet)
Seat 2: Gfoer folded before Flop (didn't bet)
Seat 3: mr.Jckpot collected ($2.50)
Seat 4: Rysiff (button) folded before Flop (didn't bet)
Seat 5: MauriFierro27 (small blind) folded before Flop
Seat 6: Evelexy1 (big blind) folded before Flop



PokerStars Hand #254527997008:  Hold'em No Limit ($0.50/$1.00 USD) - 2025/01/24 12:20:37 WET [2025/01/24 7:20:37 ET]
Table 'Biarmia IV' 6-max Seat #5 is the button
Seat 1: Spartansmike ($123.17 in chips) 
Seat 2: Gfoer ($151.05 in chips) 
Seat 3: mr.Jckpot ($101.50 in chips) 
Seat 4: Rysiff ($103 in chips) 
Seat 5: MauriFierro27 ($101.50 in chips) 
Seat 6: Evelexy1 ($102.50 in chips) 
Evelexy1: posts small blind $0.50
Spartansmike: posts big blind $1
*** HOLE CARDS ***
Gfoer: raises $1.20 to $2.20
mr.Jckpot: folds 
Rysiff: folds 
MauriFierro27: folds 
Evelexy1: calls $1.70
Spartansmike: calls $1.20
*** FLOP *** [4d 3c Kd]
Evelexy1: checks 
Spartansmike: checks 
Gfoer: checks 
*** TURN *** [4d 3c Kd] [As]
Evelexy1: checks 
Spartansmike: checks 
Gfoer: bets $2
Evelexy1: calls $2
Spartansmike: folds 
*** RIVER *** [4d 3c Kd As] [Ah]
Evelexy1: checks 
Gfoer: bets $16.10
Evelexy1: calls $16.10
*** SHOW DOWN ***
Gfoer: shows [Qd Ac] (three of a kind, Aces)
Evelexy1: shows [3d 3h] (a full house, Threes full of Aces)
Evelexy1 collected $40.66 from pot
*** SUMMARY ***
Total pot $42.80 | Rake $2.14 
Board [4d 3c Kd As Ah]
Seat 1: Spartansmike (big blind) folded on the Turn
Seat 2: Gfoer showed [Qd Ac] and lost with three of a kind, Aces
Seat 3: mr.Jckpot folded before Flop (didn't bet)
Seat 4: Rysiff folded before Flop (didn't bet)
Seat 5: MauriFierro27 (button) folded before Flop (didn't bet)
Seat 6: Evelexy1 (small blind) showed [3d 3h] and won ($40.66) with a full house, Threes full of Aces



PokerStars Hand #254528006063:  Hold'em No Limit ($0.50/$1.00 USD) - 2025/01/24 12:21:43 WET [2025/01/24 7:21:43 ET]
Table 'Biarmia IV' 6-max Seat #6 is the button
Seat 1: Spartansmike ($120.97 in chips) 
Seat 2: Gfoer ($130.75 in chips) 
Seat 3: mr.Jckpot ($101.50 in chips) 
Seat 4: Rysiff ($103 in chips) 
Seat 5: MauriFierro27 ($101.50 in chips) 
Seat 6: Evelexy1 ($122.86 in chips) 
Spartansmike: posts small blind $0.50
Gfoer: posts big blind $1
*** HOLE CARDS ***
mr.Jckpot: folds 
Rysiff: folds 
MauriFierro27: raises $1.20 to $2.20
Evelexy1: folds 
Spartansmike: folds 
Gfoer: folds 
Uncalled bet ($1.20) returned to MauriFierro27
MauriFierro27 collected $2.50 from pot
MauriFierro27: doesn't show hand 
*** SUMMARY ***
Total pot $2.50 | Rake $0 
Seat 1: Spartansmike (small blind) folded before Flop
Seat 2: Gfoer (big blind) folded before Flop
Seat 3: mr.Jckpot folded before Flop (didn't bet)
Seat 4: Rysiff folded before Flop (didn't bet)
Seat 5: MauriFierro27 collected ($2.50)
Seat 6: Evelexy1 (button) folded before Flop (didn't bet)



PokerStars Hand #254528007885:  Hold'em No Limit ($0.50/$1.00 USD) - 2025/01/24 12:21:56 WET [2025/01/24 7:21:56 ET]
Table 'Biarmia IV' 6-max Seat #1 is the button
Seat 1: Spartansmike ($120.47 in chips) 
Seat 2: Gfoer ($129.75 in chips) 
Seat 3: mr.Jckpot ($101.50 in chips) 
Seat 4: Rysiff ($103 in chips) 
Seat 5: MauriFierro27 ($103 in chips) 
Seat 6: Evelexy1 ($122.86 in chips) 
Gfoer: posts small blind $0.50
mr.Jckpot: posts big blind $1
*** HOLE CARDS ***
Rysiff: raises $1.50 to $2.50
MauriFierro27: folds 
Evelexy1: folds 
Spartansmike: calls $2.50
Gfoer: folds 
mr.Jckpot: folds 
*** FLOP *** [Js Td 6c]
Rysiff: checks 
Spartansmike: bets $2
Rysiff: calls $2
*** TURN *** [Js Td 6c] [4d]
Rysiff: checks 
Spartansmike: bets $6.98
Rysiff: calls $6.98
*** RIVER *** [Js Td 6c 4d] [2h]
Rysiff: checks 
Spartansmike: checks 
*** SHOW DOWN ***
Rysiff: shows [Qc Jc] (a pair of Jacks)
Spartansmike: shows [Jh Ah] (a pair of Jacks - Ace kicker)
Spartansmike collected $23.24 from pot
*** SUMMARY ***
Total pot $24.46 | Rake $1.22 
Board [Js Td 6c 4d 2h]
Seat 1: Spartansmike (button) showed [Jh Ah] and won ($23.24) with a pair of Jacks
Seat 2: Gfoer (small blind) folded before Flop
Seat 3: mr.Jckpot (big blind) folded before Flop
Seat 4: Rysiff showed [Qc Jc] and lost with a pair of Jacks
Seat 5: MauriFierro27 folded before Flop (didn't bet)
Seat 6: Evelexy1 folded before Flop (didn't bet)



PokerStars Hand #254528015059:  Hold'em No Limit ($0.50/$1.00 USD) - 2025/01/24 12:22:49 WET [2025/01/24 7:22:49 ET]
Table 'Biarmia IV' 6-max Seat #2 is the button
Seat 1: Spartansmike ($132.23 in chips) 
Seat 2: Gfoer ($129.25 in chips) 
Seat 3: mr.Jckpot ($100.50 in chips) 
Seat 4: Rysiff ($100 in chips) 
Seat 5: MauriFierro27 ($103 in chips) 
Seat 6: Evelexy1 ($122.86 in chips) 
mr.Jckpot: posts small blind $0.50
Rysiff: posts big blind $1
*** HOLE CARDS ***
MauriFierro27: raises $1.20 to $2.20
Evelexy1: folds 
Spartansmike: folds 
Gfoer: folds 
mr.Jckpot: folds 
Rysiff: folds 
Uncalled bet ($1.20) returned to MauriFierro27
MauriFierro27 collected $2.50 from pot
MauriFierro27: doesn't show hand 
*** SUMMARY ***
Total pot $2.50 | Rake $0 
Seat 1: Spartansmike folded before Flop (didn't bet)
Seat 2: Gfoer (button) folded before Flop (didn't bet)
Seat 3: mr.Jckpot (small blind) folded before Flop
Seat 4: Rysiff (big blind) folded before Flop
Seat 5: MauriFierro27 collected ($2.50)
Seat 6: Evelexy1 folded before Flop (didn't bet)



PokerStars Hand #254528017137:  Hold'em No Limit ($0.50/$1.00 USD) - 2025/01/24 12:23:04 WET [2025/01/24 7:23:04 ET]
Table 'Biarmia IV' 6-max Seat #3 is the button
Seat 1: Spartansmike ($132.23 in chips) 
Seat 2: Gfoer ($129.25 in chips) 
Seat 3: mr.Jckpot ($100 in chips) 
Seat 4: Rysiff ($100 in chips) 
Seat 5: MauriFierro27 ($104.50 in chips) 
Seat 6: Evelexy1 ($122.86 in chips) 
Rysiff: posts small blind $0.50
MauriFierro27: posts big blind $1
*** HOLE CARDS ***
Evelexy1: folds 
Spartansmike: raises $1 to $2
Gfoer: folds 
mr.Jckpot: folds 
Rysiff: folds 
MauriFierro27: folds 
Uncalled bet ($1) returned to Spartansmike
Spartansmike collected $2.50 from pot
*** SUMMARY ***
Total pot $2.50 | Rake $0 
Seat 1: Spartansmike collected ($2.50)
Seat 2: Gfoer folded before Flop (didn't bet)
Seat 3: mr.Jckpot (button) folded before Flop (didn't bet)
Seat 4: Rysiff (small blind) folded before Flop
Seat 5: MauriFierro27 (big blind) folded before Flop
Seat 6: Evelexy1 folded before Flop (didn't bet)



PokerStars Hand #254528019508:  Hold'em No Limit ($0.50/$1.00 USD) - 2025/01/24 12:23:21 WET [2025/01/24 7:23:21 ET]
Table 'Biarmia IV' 6-max Seat #4 is the button
Seat 1: Spartansmike ($133.73 in chips) 
Seat 2: Gfoer ($129.25 in chips) 
Seat 3: mr.Jckpot ($100 in chips) 
Seat 4: Rysiff ($100 in chips) 
Seat 5: MauriFierro27 ($103.50 in chips) 
Seat 6: Evelexy1 ($122.86 in chips) 
MauriFierro27: posts small blind $0.50
Evelexy1: posts big blind $1
*** HOLE CARDS ***
Spartansmike: raises $2 to $3
Gfoer: folds 
mr.Jckpot: folds 
Rysiff: folds 
MauriFierro27: folds 
Evelexy1: folds 
Uncalled bet ($2) returned to Spartansmike
Spartansmike collected $2.50 from pot
*** SUMMARY ***
Total pot $2.50 | Rake $0 
Seat 1: Spartansmike collected ($2.50)
Seat 2: Gfoer folded before Flop (didn't bet)
Seat 3: mr.Jckpot folded before Flop (didn't bet)
Seat 4: Rysiff (button) folded before Flop (didn't bet)
Seat 5: MauriFierro27 (small blind) folded before Flop
Seat 6: Evelexy1 (big blind) folded before Flop



PokerStars Hand #254528021171:  Hold'em No Limit ($0.50/$1.00 USD) - 2025/01/24 12:23:33 WET [2025/01/24 7:23:33 ET]
Table 'Biarmia IV' 6-max Seat #5 is the button
Seat 1: Spartansmike ($135.23 in chips) 
Seat 2: Gfoer ($129.25 in chips) 
Seat 3: mr.Jckpot ($100 in chips) 
Seat 4: Rysiff ($100 in chips) 
Seat 5: MauriFierro27 ($103 in chips) 
Seat 6: Evelexy1 ($121.86 in chips) 
Evelexy1: posts small blind $0.50
Spartansmike: posts big blind $1
*** HOLE CARDS ***
Gfoer: folds 
mr.Jckpot: folds 
Rysiff: folds 
MauriFierro27: raises $1.20 to $2.20
Evelexy1: folds 
Spartansmike: calls $1.20
*** FLOP *** [6s 3d 2d]
Spartansmike: checks 
MauriFierro27: checks 
*** TURN *** [6s 3d 2d] [Ac]
Spartansmike: checks 
MauriFierro27: bets $3.50
Spartansmike: folds 
Uncalled bet ($3.50) returned to MauriFierro27
MauriFierro27 collected $4.66 from pot
MauriFierro27: doesn't show hand 
*** SUMMARY ***
Total pot $4.90 | Rake $0.24 
Board [6s 3d 2d Ac]
Seat 1: Spartansmike (big blind) folded on the Turn
Seat 2: Gfoer folded before Flop (didn't bet)
Seat 3: mr.Jckpot folded before Flop (didn't bet)
Seat 4: Rysiff folded before Flop (didn't bet)
Seat 5: MauriFierro27 (button) collected ($4.66)
Seat 6: Evelexy1 (small blind) folded before Flop



PokerStars Hand #254528027723:  Hold'em No Limit ($0.50/$1.00 USD) - 2025/01/24 12:24:22 WET [2025/01/24 7:24:22 ET]
Table 'Biarmia IV' 6-max Seat #6 is the button
Seat 1: Spartansmike ($133.03 in chips) 
Seat 2: Gfoer ($129.25 in chips) 
Seat 3: mr.Jckpot ($100 in chips) 
Seat 4: Rysiff ($100 in chips) 
Seat 5: MauriFierro27 ($105.46 in chips) 
Seat 6: Evelexy1 ($121.36 in chips) 
Spartansmike: posts small blind $0.50
Gfoer: posts big blind $1
*** HOLE CARDS ***
mr.Jckpot: folds 
Rysiff: raises $1.50 to $2.50
MauriFierro27: folds 
Evelexy1: calls $2.50
Spartansmike: folds 
Gfoer: folds 
*** FLOP *** [3d Kh 2s]
Rysiff: bets $2.04
Evelexy1: calls $2.04
*** TURN *** [3d Kh 2s] [5d]
Rysiff: checks 
Evelexy1: checks 
*** RIVER *** [3d Kh 2s 5d] [8h]
Rysiff: bets $8.04
Evelexy1: folds 
Uncalled bet ($8.04) returned to Rysiff
Rysiff collected $10.05 from pot
Rysiff: doesn't show hand 
*** SUMMARY ***
Total pot $10.58 | Rake $0.53 
Board [3d Kh 2s 5d 8h]
Seat 1: Spartansmike (small blind) folded before Flop
Seat 2: Gfoer (big blind) folded before Flop
Seat 3: mr.Jckpot folded before Flop (didn't bet)
Seat 4: Rysiff collected ($10.05)
Seat 5: MauriFierro27 folded before Flop (didn't bet)
Seat 6: Evelexy1 (button) folded on the River



PokerStars Hand #254528033536:  Hold'em No Limit ($0.50/$1.00 USD) - 2025/01/24 12:25:04 WET [2025/01/24 7:25:04 ET]
Table 'Biarmia IV' 6-max Seat #1 is the button
Seat 1: Spartansmike ($132.53 in chips) 
Seat 2: Gfoer ($128.25 in chips) 
Seat 3: mr.Jckpot ($100 in chips) 
Seat 4: Rysiff ($105.51 in chips) 
Seat 5: MauriFierro27 ($105.46 in chips) 
Seat 6: Evelexy1 ($116.82 in chips) 
Gfoer: posts small blind $0.50
mr.Jckpot: posts big blind $1
*** HOLE CARDS ***
Rysiff: raises $1.50 to $2.50
MauriFierro27: folds 
Evelexy1: folds 
Spartansmike: calls $2.50
Gfoer: folds 
mr.Jckpot: calls $1.50
*** FLOP *** [6h 5h 3d]
mr.Jckpot: checks 
Rysiff: checks 
Spartansmike: checks 
*** TURN *** [6h 5h 3d] [6d]
mr.Jckpot: checks 
Rysiff: bets $10
Spartansmike: calls $10
mr.Jckpot: calls $10
*** RIVER *** [6h 5h 3d 6d] [9c]
mr.Jckpot: checks 
Rysiff: checks 
Spartansmike: bets $18.05
mr.Jckpot: raises $23.95 to $42
Rysiff: folds 
Spartansmike: folds 
Uncalled bet ($23.95) returned to mr.Jckpot
mr.Jckpot collected $71.60 from pot
mr.Jckpot: doesn't show hand 
*** SUMMARY ***
Total pot $74.10 | Rake $2.50 
Board [6h 5h 3d 6d 9c]
Seat 1: Spartansmike (button) folded on the River
Seat 2: Gfoer (small blind) folded before Flop
Seat 3: mr.Jckpot (big blind) collected ($71.60)
Seat 4: Rysiff folded on the River
Seat 5: MauriFierro27 folded before Flop (didn't bet)
Seat 6: Evelexy1 folded before Flop (didn't bet)



PokerStars Hand #254528044801:  Hold'em No Limit ($0.50/$1.00 USD) - 2025/01/24 12:26:25 WET [2025/01/24 7:26:25 ET]
Table 'Biarmia IV' 6-max Seat #2 is the button
Seat 1: Spartansmike ($101.98 in chips) 
Seat 2: Gfoer ($127.75 in chips) 
Seat 3: mr.Jckpot ($141.05 in chips) 
Seat 4: Rysiff ($100 in chips) 
Seat 5: MauriFierro27 ($105.46 in chips) 
Seat 6: Evelexy1 ($116.82 in chips) 
mr.Jckpot: posts small blind $0.50
Rysiff: posts big blind $1
*** HOLE CARDS ***
MauriFierro27: folds 
Evelexy1: folds 
Spartansmike: raises $2 to $3
Gfoer: folds 
mr.Jckpot: folds 
Rysiff: folds 
Uncalled bet ($2) returned to Spartansmike
Spartansmike collected $2.50 from pot
*** SUMMARY ***
Total pot $2.50 | Rake $0 
Seat 1: Spartansmike collected ($2.50)
Seat 2: Gfoer (button) folded before Flop (didn't bet)
Seat 3: mr.Jckpot (small blind) folded before Flop
Seat 4: Rysiff (big blind) folded before Flop
Seat 5: MauriFierro27 folded before Flop (didn't bet)
Seat 6: Evelexy1 folded before Flop (didn't bet)



PokerStars Hand #254528046253:  Hold'em No Limit ($0.50/$1.00 USD) - 2025/01/24 12:26:36 WET [2025/01/24 7:26:36 ET]
Table 'Biarmia IV' 6-max Seat #3 is the button
Seat 1: Spartansmike ($103.48 in chips) 
Seat 2: Gfoer ($127.75 in chips) 
Seat 3: mr.Jckpot ($140.55 in chips) 
Seat 4: Rysiff ($100 in chips) 
Seat 5: MauriFierro27 ($105.46 in chips) 
Seat 6: Evelexy1 ($116.82 in chips) 
Rysiff: posts small blind $0.50
MauriFierro27: posts big blind $1
*** HOLE CARDS ***
Evelexy1: folds 
Spartansmike: raises $2 to $3
Gfoer: folds 
mr.Jckpot: folds 
Rysiff: folds 
MauriFierro27: folds 
Uncalled bet ($2) returned to Spartansmike
Spartansmike collected $2.50 from pot
*** SUMMARY ***
Total pot $2.50 | Rake $0 
Seat 1: Spartansmike collected ($2.50)
Seat 2: Gfoer folded before Flop (didn't bet)
Seat 3: mr.Jckpot (button) folded before Flop (didn't bet)
Seat 4: Rysiff (small blind) folded before Flop
Seat 5: MauriFierro27 (big blind) folded before Flop
Seat 6: Evelexy1 folded before Flop (didn't bet)



PokerStars Hand #254528048451:  Hold'em No Limit ($0.50/$1.00 USD) - 2025/01/24 12:26:51 WET [2025/01/24 7:26:51 ET]
Table 'Biarmia IV' 6-max Seat #4 is the button
Seat 1: Spartansmike ($104.98 in chips) 
Seat 2: Gfoer ($127.75 in chips) 
Seat 3: mr.Jckpot ($140.55 in chips) 
Seat 4: Rysiff ($100 in chips) 
Seat 5: MauriFierro27 ($104.46 in chips) 
Seat 6: Evelexy1 ($116.82 in chips) 
MauriFierro27: posts small blind $0.50
Evelexy1: posts big blind $1
*** HOLE CARDS ***
Spartansmike: folds 
Gfoer: folds 
mr.Jckpot: folds 
Rysiff: folds 
MauriFierro27: folds 
Uncalled bet ($0.50) returned to Evelexy1
Evelexy1 collected $1 from pot
Evelexy1: doesn't show hand 
*** SUMMARY ***
Total pot $1 | Rake $0 
Seat 1: Spartansmike folded before Flop (didn't bet)
Seat 2: Gfoer folded before Flop (didn't bet)
Seat 3: mr.Jckpot folded before Flop (didn't bet)
Seat 4: Rysiff (button) folded before Flop (didn't bet)
Seat 5: MauriFierro27 (small blind) folded before Flop
Seat 6: Evelexy1 (big blind) collected ($1)



PokerStars Hand #254528049903:  Hold'em No Limit ($0.50/$1.00 USD) - 2025/01/24 12:27:01 WET [2025/01/24 7:27:01 ET]
Table 'Biarmia IV' 6-max Seat #5 is the button
Seat 1: Spartansmike ($104.98 in chips) 
Seat 2: Gfoer ($127.75 in chips) 
Seat 3: mr.Jckpot ($140.55 in chips) 
Seat 4: Rysiff ($100 in chips) 
Seat 5: MauriFierro27 ($103.96 in chips) 
Seat 6: Evelexy1 ($117.32 in chips) 
Evelexy1: posts small blind $0.50
Spartansmike: posts big blind $1
*** HOLE CARDS ***
Gfoer: folds 
mr.Jckpot: raises $1.50 to $2.50
Rysiff: folds 
MauriFierro27: folds 
Evelexy1: folds 
Spartansmike: folds 
Uncalled bet ($1.50) returned to mr.Jckpot
mr.Jckpot collected $2.50 from pot
mr.Jckpot: doesn't show hand 
*** SUMMARY ***
Total pot $2.50 | Rake $0 
Seat 1: Spartansmike (big blind) folded before Flop
Seat 2: Gfoer folded before Flop (didn't bet)
Seat 3: mr.Jckpot collected ($2.50)
Seat 4: Rysiff folded before Flop (didn't bet)
Seat 5: MauriFierro27 (button) folded before Flop (didn't bet)
Seat 6: Evelexy1 (small blind) folded before Flop



PokerStars Hand #254528051511:  Hold'em No Limit ($0.50/$1.00 USD) - 2025/01/24 12:27:13 WET [2025/01/24 7:27:13 ET]
Table 'Biarmia IV' 6-max Seat #6 is the button
Seat 1: Spartansmike ($103.98 in chips) 
Seat 2: Gfoer ($127.75 in chips) 
Seat 3: mr.Jckpot ($142.05 in chips) 
Seat 4: Rysiff ($100 in chips) 
Seat 5: MauriFierro27 ($103.96 in chips) 
Seat 6: Evelexy1 ($116.82 in chips) 
Spartansmike: posts small blind $0.50
Gfoer: posts big blind $1
*** HOLE CARDS ***
mr.Jckpot: raises $1.50 to $2.50
Rysiff: folds 
MauriFierro27: folds 
Evelexy1: calls $2.50
Spartansmike: raises $8.50 to $11
Gfoer: folds 
mr.Jckpot: raises $16 to $27
Evelexy1: folds 
Spartansmike: calls $16
*** FLOP *** [2d 6h 7h]
Spartansmike: bets $27.50
mr.Jckpot: raises $72.60 to $100.10
Spartansmike: calls $49.48 and is all-in
Uncalled bet ($23.12) returned to mr.Jckpot
*** TURN *** [2d 6h 7h] [Ac]
*** RIVER *** [2d 6h 7h Ac] [4s]
*** SHOW DOWN ***
Spartansmike: shows [7c Qs] (a pair of Sevens)
mr.Jckpot: shows [Qd Qh] (a pair of Queens)
mr.Jckpot collected $208.96 from pot
*** SUMMARY ***
Total pot $211.46 | Rake $2.50 
Board [2d 6h 7h Ac 4s]
Seat 1: Spartansmike (small blind) showed [7c Qs] and lost with a pair of Sevens
Seat 2: Gfoer (big blind) folded before Flop
Seat 3: mr.Jckpot showed [Qd Qh] and won ($208.96) with a pair of Queens
Seat 4: Rysiff folded before Flop (didn't bet)
Seat 5: MauriFierro27 folded before Flop (didn't bet)
Seat 6: Evelexy1 (button) folded before Flop



PokerStars Hand #254528056903:  Hold'em No Limit ($0.50/$1.00 USD) - 2025/01/24 12:27:51 WET [2025/01/24 7:27:51 ET]
Table 'Biarmia IV' 6-max Seat #2 is the button
Seat 2: Gfoer ($126.75 in chips) 
Seat 3: mr.Jckpot ($247.03 in chips) 
Seat 4: Rysiff ($100 in chips) 
Seat 5: MauriFierro27 ($103.96 in chips) 
Seat 6: Evelexy1 ($114.32 in chips) 
mr.Jckpot: posts small blind $0.50
Rysiff: posts big blind $1
*** HOLE CARDS ***
MauriFierro27: folds 
Evelexy1: folds 
Gfoer: raises $1 to $2
mr.Jckpot: raises $10 to $12
Rysiff: folds 
Gfoer: folds 
Uncalled bet ($10) returned to mr.Jckpot
mr.Jckpot collected $5 from pot
mr.Jckpot: doesn't show hand 
*** SUMMARY ***
Total pot $5 | Rake $0 
Seat 2: Gfoer (button) folded before Flop
Seat 3: mr.Jckpot (small blind) collected ($5)
Seat 4: Rysiff (big blind) folded before Flop
Seat 5: MauriFierro27 folded before Flop (didn't bet)
Seat 6: Evelexy1 folded before Flop (didn't bet)



PokerStars Hand #254528059578:  Hold'em No Limit ($0.50/$1.00 USD) - 2025/01/24 12:28:11 WET [2025/01/24 7:28:11 ET]
Table 'Biarmia IV' 6-max Seat #3 is the button
Seat 5: MauriFierro27 ($103.96 in chips) is sitting out
Seat 2: Gfoer ($124.75 in chips) 
Seat 3: mr.Jckpot ($250.03 in chips) 
Seat 4: Rysiff ($100 in chips) 
Seat 6: Evelexy1 ($114.32 in chips) 
Rysiff: posts small blind $0.50
MauriFierro27: is sitting out 
Evelexy1: posts big blind $1
*** HOLE CARDS ***
Gfoer: folds 
MauriFierro27 leaves the table
mr.Jckpot: raises $1.50 to $2.50
Rysiff: folds 
Evelexy1: folds 
Uncalled bet ($1.50) returned to mr.Jckpot
mr.Jckpot collected $2.50 from pot
mr.Jckpot: doesn't show hand 
*** SUMMARY ***
Total pot $2.50 | Rake $0 
Seat 5: MauriFierro27
Seat 2: Gfoer folded before Flop (didn't bet)
Seat 3: mr.Jckpot (button) collected ($2.50)
Seat 4: Rysiff (small blind) folded before Flop
Seat 6: Evelexy1 (big blind) folded before Flop



PokerStars Hand #254528061309:  Hold'em No Limit ($0.50/$1.00 USD) - 2025/01/24 12:28:23 WET [2025/01/24 7:28:23 ET]
Table 'Biarmia IV' 6-max Seat #6 is the button
Seat 2: Gfoer ($124.75 in chips) is sitting out
Seat 3: mr.Jckpot ($251.53 in chips) is sitting out
Seat 4: Rysiff ($100 in chips) 
Seat 6: Evelexy1 ($113.32 in chips) 
Evelexy1: posts small blind $0.50
Gfoer: is sitting out 
mr.Jckpot: is sitting out 
Rysiff: posts big blind $1
*** HOLE CARDS ***
Gfoer leaves the table
Evelexy1: raises $1.50 to $2.50
mr.Jckpot leaves the table
Rysiff: folds 
Uncalled bet ($1.50) returned to Evelexy1
Evelexy1 collected $2 from pot
Evelexy1: doesn't show hand 
*** SUMMARY ***
Total pot $2 | Rake $0 
Seat 2: Gfoer
Seat 3: mr.Jckpot
Seat 4: Rysiff (big blind) folded before Flop
Seat 6: Evelexy1 (button) (small blind) collected ($2)



PokerStars Hand #254528062879:  Hold'em No Limit ($0.50/$1.00 USD) - 2025/01/24 12:28:34 WET [2025/01/24 7:28:34 ET]
Table 'Biarmia IV' 6-max Seat #4 is the button
Seat 4: Rysiff ($100 in chips) 
Seat 6: Evelexy1 ($114.32 in chips) 
Rysiff: posts small blind $0.50
Evelexy1: posts big blind $1
*** HOLE CARDS ***
Rysiff: raises $1.50 to $2.50
Evelexy1: calls $1.50
*** FLOP *** [9d Jd 2h]
Evelexy1: checks 
Rysiff: bets $1.57
Evelexy1: folds 
Uncalled bet ($1.57) returned to Rysiff
Rysiff collected $4.75 from pot
Rysiff: doesn't show hand 
*** SUMMARY ***
Total pot $5 | Rake $0.25 
Board [9d Jd 2h]
Seat 4: Rysiff (button) (small blind) collected ($4.75)
Seat 6: Evelexy1 (big blind) folded on the Flop



