PokerStars Hand #254532727448:  Hold'em No Limit ($0.50/$1.00 USD) - 2025/01/24 18:45:08 WET [2025/01/24 13:45:08 ET]
Table 'Cuitlahuac IV' 6-max Seat #1 is the button
Seat 5: tukeiron ($100 in chips) is sitting out
Seat 1: laloo246 ($100 in chips) 
Seat 3: michasia ($100 in chips) 
laloo246: posts small blind $0.50
michasia: posts big blind $1
*** HOLE CARDS ***
laloo246: raises $1.50 to $2.50
michasia: folds 
Uncalled bet ($1.50) returned to laloo246
laloo246 collected $2 from pot
laloo246: doesn't show hand 
*** SUMMARY ***
Total pot $2 | Rake $0 
Seat 5: tukeiron
Seat 1: laloo246 (button) (small blind) collected ($2)
Seat 3: michasia (big blind) folded before Flop



PokerStars Hand #254532903972:  Hold'em No Limit ($0.50/$1.00 USD) - 2025/01/24 18:56:05 WET [2025/01/24 13:56:05 ET]
Table 'Cuitlahuac IV' 6-max Seat #2 is the button
Seat 1: laloo246 ($157.99 in chips) 
Seat 2: Aescul@pius ($101 in chips) 
Seat 3: michasia ($100 in chips) 
Seat 4: BoyLoc0 ($100 in chips) 
Seat 5: tukeiron ($100 in chips) 
Seat 6: Karolin77 ($68.81 in chips) 
michasia: posts small blind $0.50
BoyLoc0: posts big blind $1
*** HOLE CARDS ***
tukeiron: folds 
Karolin77: folds 
laloo246: folds 
Aescul@pius: folds 
michasia: folds 
Uncalled bet ($0.50) returned to BoyLoc0
BoyLoc0 collected $1 from pot
BoyLoc0: doesn't show hand 
*** SUMMARY ***
Total pot $1 | Rake $0 
Seat 1: laloo246 folded before Flop (didn't bet)
Seat 2: Aescul@pius (button) folded before Flop (didn't bet)
Seat 3: michasia (small blind) folded before Flop
Seat 4: BoyLoc0 (big blind) collected ($1)
Seat 5: tukeiron folded before Flop (didn't bet)
Seat 6: Karolin77 folded before Flop (didn't bet)



PokerStars Hand #254532905844:  Hold'em No Limit ($0.50/$1.00 USD) - 2025/01/24 18:56:15 WET [2025/01/24 13:56:15 ET]
Table 'Cuitlahuac IV' 6-max Seat #3 is the button
Seat 1: laloo246 ($157.99 in chips) 
Seat 2: Aescul@pius ($101 in chips) 
Seat 3: michasia ($100 in chips) 
Seat 4: BoyLoc0 ($100.50 in chips) 
Seat 5: tukeiron ($100 in chips) 
Seat 6: Karolin77 ($68.81 in chips) 
BoyLoc0: posts small blind $0.50
tukeiron: posts big blind $1
*** HOLE CARDS ***
Karolin77: folds 
laloo246: folds 
Aescul@pius: raises $1.20 to $2.20
michasia: folds 
BoyLoc0: raises $7.80 to $10
tukeiron: folds 
Aescul@pius: folds 
Uncalled bet ($7.80) returned to BoyLoc0
BoyLoc0 collected $5.40 from pot
BoyLoc0: doesn't show hand 
*** SUMMARY ***
Total pot $5.40 | Rake $0 
Seat 1: laloo246 folded before Flop (didn't bet)
Seat 2: Aescul@pius folded before Flop
Seat 3: michasia (button) folded before Flop (didn't bet)
Seat 4: BoyLoc0 (small blind) collected ($5.40)
Seat 5: tukeiron (big blind) folded before Flop
Seat 6: Karolin77 folded before Flop (didn't bet)



PokerStars Hand #254532912909:  Hold'em No Limit ($0.50/$1.00 USD) - 2025/01/24 18:56:50 WET [2025/01/24 13:56:50 ET]
Table 'Cuitlahuac IV' 6-max Seat #4 is the button
Seat 1: laloo246 ($157.99 in chips) 
Seat 2: Aescul@pius ($100 in chips) 
Seat 3: michasia ($100 in chips) 
Seat 4: BoyLoc0 ($103.70 in chips) 
Seat 5: tukeiron ($100 in chips) 
Seat 6: Karolin77 ($68.81 in chips) 
tukeiron: posts small blind $0.50
Karolin77: posts big blind $1
*** HOLE CARDS ***
laloo246: raises $1.20 to $2.20
Aescul@pius: folds 
michasia: folds 
BoyLoc0: folds 
tukeiron: folds 
Karolin77: calls $1.20
*** FLOP *** [Kc 5d 5c]
Karolin77: checks 
laloo246: bets $1.54
Karolin77: calls $1.54
*** TURN *** [Kc 5d 5c] [3d]
Karolin77: checks 
laloo246: bets $7.58
Karolin77: folds 
Uncalled bet ($7.58) returned to laloo246
laloo246 collected $7.58 from pot
laloo246: doesn't show hand 
*** SUMMARY ***
Total pot $7.98 | Rake $0.40 
Board [Kc 5d 5c 3d]
Seat 1: laloo246 collected ($7.58)
Seat 2: Aescul@pius folded before Flop (didn't bet)
Seat 3: michasia folded before Flop (didn't bet)
Seat 4: BoyLoc0 (button) folded before Flop (didn't bet)
Seat 5: tukeiron (small blind) folded before Flop
Seat 6: Karolin77 (big blind) folded on the Turn



PokerStars Hand #254532928389:  Hold'em No Limit ($0.50/$1.00 USD) - 2025/01/24 18:58:08 WET [2025/01/24 13:58:08 ET]
Table 'Cuitlahuac IV' 6-max Seat #5 is the button
Seat 1: laloo246 ($161.83 in chips) 
Seat 2: Aescul@pius ($100 in chips) 
Seat 3: michasia ($100 in chips) 
Seat 4: BoyLoc0 ($103.70 in chips) 
Seat 5: tukeiron ($100 in chips) 
Seat 6: Karolin77 ($65.07 in chips) 
Karolin77: posts small blind $0.50
laloo246: posts big blind $1
*** HOLE CARDS ***
Aescul@pius: raises $1 to $2
michasia: folds 
BoyLoc0: folds 
tukeiron: folds 
Karolin77: calls $1.50
laloo246: folds 
*** FLOP *** [Jh As Kc]
Karolin77: checks 
Aescul@pius: bets $3.52
Karolin77: calls $3.52
*** TURN *** [Jh As Kc] [Ah]
Karolin77: checks 
Aescul@pius: checks 
*** RIVER *** [Jh As Kc Ah] [Qc]
Karolin77: bets $5
Aescul@pius: folds 
Uncalled bet ($5) returned to Karolin77
Karolin77 collected $11.44 from pot
Karolin77: doesn't show hand 
*** SUMMARY ***
Total pot $12.04 | Rake $0.60 
Board [Jh As Kc Ah Qc]
Seat 1: laloo246 (big blind) folded before Flop
Seat 2: Aescul@pius folded on the River
Seat 3: michasia folded before Flop (didn't bet)
Seat 4: BoyLoc0 folded before Flop (didn't bet)
Seat 5: tukeiron (button) folded before Flop (didn't bet)
Seat 6: Karolin77 (small blind) collected ($11.44)



PokerStars Hand #254532942036:  Hold'em No Limit ($0.50/$1.00 USD) - 2025/01/24 18:59:17 WET [2025/01/24 13:59:17 ET]
Table 'Cuitlahuac IV' 6-max Seat #6 is the button
Seat 1: laloo246 ($160.83 in chips) 
Seat 2: Aescul@pius ($100 in chips) 
Seat 3: michasia ($100 in chips) 
Seat 4: BoyLoc0 ($103.70 in chips) 
Seat 5: tukeiron ($100 in chips) 
Seat 6: Karolin77 ($70.99 in chips) 
laloo246: posts small blind $0.50
Aescul@pius: posts big blind $1
*** HOLE CARDS ***
michasia: raises $1.60 to $2.60
BoyLoc0: folds 
tukeiron: folds 
Karolin77: folds 
laloo246: folds 
Aescul@pius: folds 
Uncalled bet ($1.60) returned to michasia
michasia collected $2.50 from pot
michasia: doesn't show hand 
*** SUMMARY ***
Total pot $2.50 | Rake $0 
Seat 1: laloo246 (small blind) folded before Flop
Seat 2: Aescul@pius (big blind) folded before Flop
Seat 3: michasia collected ($2.50)
Seat 4: BoyLoc0 folded before Flop (didn't bet)
Seat 5: tukeiron folded before Flop (didn't bet)
Seat 6: Karolin77 (button) folded before Flop (didn't bet)



PokerStars Hand #254532948742:  Hold'em No Limit ($0.50/$1.00 USD) - 2025/01/24 18:59:50 WET [2025/01/24 13:59:50 ET]
Table 'Cuitlahuac IV' 6-max Seat #1 is the button
Seat 1: laloo246 ($160.33 in chips) 
Seat 2: Aescul@pius ($100 in chips) 
Seat 3: michasia ($101.50 in chips) 
Seat 4: BoyLoc0 ($103.70 in chips) 
Seat 5: tukeiron ($100 in chips) 
Seat 6: Karolin77 ($70.99 in chips) 
Aescul@pius: posts small blind $0.50
michasia: posts big blind $1
*** HOLE CARDS ***
BoyLoc0: folds 
tukeiron: folds 
Karolin77: folds 
laloo246: folds 
Aescul@pius: raises $1.50 to $2.50
michasia: raises $6.50 to $9
Aescul@pius: folds 
Uncalled bet ($6.50) returned to michasia
michasia collected $5 from pot
michasia: doesn't show hand 
*** SUMMARY ***
Total pot $5 | Rake $0 
Seat 1: laloo246 (button) folded before Flop (didn't bet)
Seat 2: Aescul@pius (small blind) folded before Flop
Seat 3: michasia (big blind) collected ($5)
Seat 4: BoyLoc0 folded before Flop (didn't bet)
Seat 5: tukeiron folded before Flop (didn't bet)
Seat 6: Karolin77 folded before Flop (didn't bet)



PokerStars Hand #254532959716:  Hold'em No Limit ($0.50/$1.00 USD) - 2025/01/24 19:00:44 WET [2025/01/24 14:00:44 ET]
Table 'Cuitlahuac IV' 6-max Seat #2 is the button
Seat 1: laloo246 ($160.33 in chips) 
Seat 2: Aescul@pius ($100 in chips) 
Seat 3: michasia ($104 in chips) 
Seat 4: BoyLoc0 ($103.70 in chips) 
Seat 5: tukeiron ($100 in chips) 
Seat 6: Karolin77 ($70.99 in chips) 
michasia: posts small blind $0.50
BoyLoc0: posts big blind $1
*** HOLE CARDS ***
tukeiron: folds 
Karolin77: calls $1
laloo246: folds 
Aescul@pius: folds 
michasia: folds 
BoyLoc0: raises $4 to $5
Karolin77: folds 
Uncalled bet ($4) returned to BoyLoc0
BoyLoc0 collected $2.50 from pot
BoyLoc0: doesn't show hand 
*** SUMMARY ***
Total pot $2.50 | Rake $0 
Seat 1: laloo246 folded before Flop (didn't bet)
Seat 2: Aescul@pius (button) folded before Flop (didn't bet)
Seat 3: michasia (small blind) folded before Flop
Seat 4: BoyLoc0 (big blind) collected ($2.50)
Seat 5: tukeiron folded before Flop (didn't bet)
Seat 6: Karolin77 folded before Flop



PokerStars Hand #254532968310:  Hold'em No Limit ($0.50/$1.00 USD) - 2025/01/24 19:01:22 WET [2025/01/24 14:01:22 ET]
Table 'Cuitlahuac IV' 6-max Seat #3 is the button
Seat 1: laloo246 ($160.33 in chips) 
Seat 2: Aescul@pius ($100 in chips) 
Seat 3: michasia ($103.50 in chips) 
Seat 4: BoyLoc0 ($105.20 in chips) 
Seat 5: tukeiron ($100 in chips) 
Seat 6: Karolin77 ($69.99 in chips) 
BoyLoc0: posts small blind $0.50
tukeiron: posts big blind $1
*** HOLE CARDS ***
Karolin77: folds 
laloo246: raises $1.20 to $2.20
Aescul@pius: folds 
michasia: folds 
BoyLoc0: folds 
tukeiron: folds 
Uncalled bet ($1.20) returned to laloo246
laloo246 collected $2.50 from pot
laloo246: doesn't show hand 
*** SUMMARY ***
Total pot $2.50 | Rake $0 
Seat 1: laloo246 collected ($2.50)
Seat 2: Aescul@pius folded before Flop (didn't bet)
Seat 3: michasia (button) folded before Flop (didn't bet)
Seat 4: BoyLoc0 (small blind) folded before Flop
Seat 5: tukeiron (big blind) folded before Flop
Seat 6: Karolin77 folded before Flop (didn't bet)



PokerStars Hand #254532975575:  Hold'em No Limit ($0.50/$1.00 USD) - 2025/01/24 19:01:50 WET [2025/01/24 14:01:50 ET]
Table 'Cuitlahuac IV' 6-max Seat #4 is the button
Seat 1: laloo246 ($161.83 in chips) 
Seat 2: Aescul@pius ($100 in chips) 
Seat 3: michasia ($103.50 in chips) 
Seat 4: BoyLoc0 ($104.70 in chips) 
Seat 5: tukeiron ($100 in chips) 
Seat 6: Karolin77 ($69.99 in chips) 
tukeiron: posts small blind $0.50
Karolin77: posts big blind $1
*** HOLE CARDS ***
laloo246: folds 
Aescul@pius: folds 
michasia: folds 
BoyLoc0: raises $1.50 to $2.50
tukeiron: folds 
Karolin77: calls $1.50
*** FLOP *** [8d 6d 2s]
Karolin77: bets $4
BoyLoc0: raises $4.36 to $8.36
Karolin77: raises $4.36 to $12.72
BoyLoc0: folds 
Uncalled bet ($4.36) returned to Karolin77
Karolin77 collected $21.11 from pot
Karolin77: doesn't show hand 
*** SUMMARY ***
Total pot $22.22 | Rake $1.11 
Board [8d 6d 2s]
Seat 1: laloo246 folded before Flop (didn't bet)
Seat 2: Aescul@pius folded before Flop (didn't bet)
Seat 3: michasia folded before Flop (didn't bet)
Seat 4: BoyLoc0 (button) folded on the Flop
Seat 5: tukeiron (small blind) folded before Flop
Seat 6: Karolin77 (big blind) collected ($21.11)



PokerStars Hand #254532985606:  Hold'em No Limit ($0.50/$1.00 USD) - 2025/01/24 19:02:28 WET [2025/01/24 14:02:28 ET]
Table 'Cuitlahuac IV' 6-max Seat #5 is the button
Seat 1: laloo246 ($161.83 in chips) 
Seat 2: Aescul@pius ($100 in chips) 
Seat 3: michasia ($103.50 in chips) 
Seat 4: BoyLoc0 ($100 in chips) 
Seat 5: tukeiron ($100 in chips) 
Seat 6: Karolin77 ($80.24 in chips) 
Karolin77: posts small blind $0.50
laloo246: posts big blind $1
*** HOLE CARDS ***
Aescul@pius: folds 
michasia: folds 
BoyLoc0: raises $1.50 to $2.50
tukeiron: raises $5 to $7.50
Karolin77: folds 
laloo246: folds 
BoyLoc0: folds 
Uncalled bet ($5) returned to tukeiron
tukeiron collected $6.50 from pot
*** SUMMARY ***
Total pot $6.50 | Rake $0 
Seat 1: laloo246 (big blind) folded before Flop
Seat 2: Aescul@pius folded before Flop (didn't bet)
Seat 3: michasia folded before Flop (didn't bet)
Seat 4: BoyLoc0 folded before Flop
Seat 5: tukeiron (button) collected ($6.50)
Seat 6: Karolin77 (small blind) folded before Flop



PokerStars Hand #254532992350:  Hold'em No Limit ($0.50/$1.00 USD) - 2025/01/24 19:02:52 WET [2025/01/24 14:02:52 ET]
Table 'Cuitlahuac IV' 6-max Seat #6 is the button
Seat 1: laloo246 ($160.83 in chips) 
Seat 2: Aescul@pius ($100 in chips) 
Seat 3: michasia ($103.50 in chips) 
Seat 4: BoyLoc0 ($100 in chips) 
Seat 5: tukeiron ($104 in chips) 
Seat 6: Karolin77 ($79.74 in chips) 
laloo246: posts small blind $0.50
Aescul@pius: posts big blind $1
*** HOLE CARDS ***
michasia: folds 
BoyLoc0: folds 
tukeiron: folds 
Karolin77: folds 
laloo246: folds 
Uncalled bet ($0.50) returned to Aescul@pius
Aescul@pius collected $1 from pot
Aescul@pius: doesn't show hand 
*** SUMMARY ***
Total pot $1 | Rake $0 
Seat 1: laloo246 (small blind) folded before Flop
Seat 2: Aescul@pius (big blind) collected ($1)
Seat 3: michasia folded before Flop (didn't bet)
Seat 4: BoyLoc0 folded before Flop (didn't bet)
Seat 5: tukeiron folded before Flop (didn't bet)
Seat 6: Karolin77 (button) folded before Flop (didn't bet)



PokerStars Hand #254532997561:  Hold'em No Limit ($0.50/$1.00 USD) - 2025/01/24 19:03:11 WET [2025/01/24 14:03:11 ET]
Table 'Cuitlahuac IV' 6-max Seat #1 is the button
Seat 1: laloo246 ($160.33 in chips) 
Seat 2: Aescul@pius ($100.50 in chips) 
Seat 3: michasia ($103.50 in chips) 
Seat 4: BoyLoc0 ($100 in chips) 
Seat 5: tukeiron ($104 in chips) 
Seat 6: Karolin77 ($79.74 in chips) 
Aescul@pius: posts small blind $0.50
michasia: posts big blind $1
*** HOLE CARDS ***
BoyLoc0: folds 
tukeiron: folds 
Karolin77: calls $1
laloo246: folds 
Aescul@pius: folds 
michasia: checks 
*** FLOP *** [9s Ts Ks]
michasia: checks 
Karolin77: checks 
*** TURN *** [9s Ts Ks] [Qc]
michasia: checks 
Karolin77: checks 
*** RIVER *** [9s Ts Ks Qc] [7h]
michasia: checks 
Karolin77: checks 
*** SHOW DOWN ***
michasia: shows [3d 5c] (high card King)
Karolin77: shows [9c Js] (a straight, Nine to King)
Karolin77 collected $2.38 from pot
*** SUMMARY ***
Total pot $2.50 | Rake $0.12 
Board [9s Ts Ks Qc 7h]
Seat 1: laloo246 (button) folded before Flop (didn't bet)
Seat 2: Aescul@pius (small blind) folded before Flop
Seat 3: michasia (big blind) showed [3d 5c] and lost with high card King
Seat 4: BoyLoc0 folded before Flop (didn't bet)
Seat 5: tukeiron folded before Flop (didn't bet)
Seat 6: Karolin77 showed [9c Js] and won ($2.38) with a straight, Nine to King



PokerStars Hand #254533010488:  Hold'em No Limit ($0.50/$1.00 USD) - 2025/01/24 19:03:58 WET [2025/01/24 14:03:58 ET]
Table 'Cuitlahuac IV' 6-max Seat #2 is the button
Seat 1: laloo246 ($160.33 in chips) 
Seat 2: Aescul@pius ($100 in chips) 
Seat 3: michasia ($102.50 in chips) 
Seat 4: BoyLoc0 ($100 in chips) 
Seat 5: tukeiron ($104 in chips) 
Seat 6: Karolin77 ($81.12 in chips) 
michasia: posts small blind $0.50
BoyLoc0: posts big blind $1
*** HOLE CARDS ***
tukeiron: raises $1.50 to $2.50
Karolin77: folds 
laloo246: raises $5 to $7.50
Aescul@pius: folds 
michasia: folds 
BoyLoc0: folds 
tukeiron: calls $5
*** FLOP *** [2s Qc Qd]
tukeiron: checks 
laloo246: bets $5.17
tukeiron: calls $5.17
*** TURN *** [2s Qc Qd] [2d]
tukeiron: checks 
laloo246: bets $19.13
tukeiron: folds 
Uncalled bet ($19.13) returned to laloo246
laloo246 collected $25.50 from pot
laloo246: doesn't show hand 
*** SUMMARY ***
Total pot $26.84 | Rake $1.34 
Board [2s Qc Qd 2d]
Seat 1: laloo246 collected ($25.50)
Seat 2: Aescul@pius (button) folded before Flop (didn't bet)
Seat 3: michasia (small blind) folded before Flop
Seat 4: BoyLoc0 (big blind) folded before Flop
Seat 5: tukeiron folded on the Turn
Seat 6: Karolin77 folded before Flop (didn't bet)



PokerStars Hand #254533031434:  Hold'em No Limit ($0.50/$1.00 USD) - 2025/01/24 19:05:13 WET [2025/01/24 14:05:13 ET]
Table 'Cuitlahuac IV' 6-max Seat #3 is the button
Seat 1: laloo246 ($173.16 in chips) 
Seat 2: Aescul@pius ($100 in chips) 
Seat 3: michasia ($102 in chips) 
Seat 4: BoyLoc0 ($100 in chips) 
Seat 5: tukeiron ($100 in chips) 
Seat 6: Karolin77 ($81.12 in chips) 
BoyLoc0: posts small blind $0.50
tukeiron: posts big blind $1
*** HOLE CARDS ***
Karolin77: folds 
laloo246: folds 
Aescul@pius: raises $1.20 to $2.20
michasia: folds 
BoyLoc0: folds 
tukeiron: calls $1.20
*** FLOP *** [Ts 9c 7h]
tukeiron: checks 
Aescul@pius: checks 
*** TURN *** [Ts 9c 7h] [Kd]
tukeiron: checks 
Aescul@pius: bets $3.42
tukeiron: calls $3.42
*** RIVER *** [Ts 9c 7h Kd] [7d]
tukeiron: checks 
Aescul@pius: checks 
*** SHOW DOWN ***
tukeiron: shows [Td Js] (two pair, Tens and Sevens)
Aescul@pius: mucks hand 
tukeiron collected $11.15 from pot
*** SUMMARY ***
Total pot $11.74 | Rake $0.59 
Board [Ts 9c 7h Kd 7d]
Seat 1: laloo246 folded before Flop (didn't bet)
Seat 2: Aescul@pius mucked
Seat 3: michasia (button) folded before Flop (didn't bet)
Seat 4: BoyLoc0 (small blind) folded before Flop
Seat 5: tukeiron (big blind) showed [Td Js] and won ($11.15) with two pair, Tens and Sevens
Seat 6: Karolin77 folded before Flop (didn't bet)



PokerStars Hand #254533050889:  Hold'em No Limit ($0.50/$1.00 USD) - 2025/01/24 19:06:23 WET [2025/01/24 14:06:23 ET]
Table 'Cuitlahuac IV' 6-max Seat #4 is the button
Seat 1: laloo246 ($173.16 in chips) 
Seat 2: Aescul@pius ($100 in chips) 
Seat 3: michasia ($102 in chips) 
Seat 4: BoyLoc0 ($100 in chips) 
Seat 5: tukeiron ($105.53 in chips) 
Seat 6: Karolin77 ($81.12 in chips) 
tukeiron: posts small blind $0.50
Karolin77: posts big blind $1
*** HOLE CARDS ***
laloo246: folds 
Aescul@pius: folds 
michasia: folds 
BoyLoc0: folds 
tukeiron: folds 
Uncalled bet ($0.50) returned to Karolin77
Karolin77 collected $1 from pot
Karolin77: doesn't show hand 
*** SUMMARY ***
Total pot $1 | Rake $0 
Seat 1: laloo246 folded before Flop (didn't bet)
Seat 2: Aescul@pius folded before Flop (didn't bet)
Seat 3: michasia folded before Flop (didn't bet)
Seat 4: BoyLoc0 (button) folded before Flop (didn't bet)
Seat 5: tukeiron (small blind) folded before Flop
Seat 6: Karolin77 (big blind) collected ($1)



PokerStars Hand #254533058265:  Hold'em No Limit ($0.50/$1.00 USD) - 2025/01/24 19:06:49 WET [2025/01/24 14:06:49 ET]
Table 'Cuitlahuac IV' 6-max Seat #5 is the button
Seat 1: laloo246 ($173.16 in chips) 
Seat 2: Aescul@pius ($100 in chips) 
Seat 3: michasia ($102 in chips) 
Seat 4: BoyLoc0 ($100 in chips) 
Seat 5: tukeiron ($105.03 in chips) 
Seat 6: Karolin77 ($81.62 in chips) 
Karolin77: posts small blind $0.50
laloo246: posts big blind $1
*** HOLE CARDS ***
Aescul@pius: raises $1 to $2
michasia: folds 
BoyLoc0: raises $5 to $7
tukeiron: folds 
Karolin77: folds 
laloo246: folds 
Aescul@pius: calls $5
*** FLOP *** [Ad 3s Ac]
Aescul@pius: checks 
BoyLoc0: bets $4.86
Aescul@pius: folds 
Uncalled bet ($4.86) returned to BoyLoc0
BoyLoc0 collected $14.72 from pot
BoyLoc0: doesn't show hand 
*** SUMMARY ***
Total pot $15.50 | Rake $0.78 
Board [Ad 3s Ac]
Seat 1: laloo246 (big blind) folded before Flop
Seat 2: Aescul@pius folded on the Flop
Seat 3: michasia folded before Flop (didn't bet)
Seat 4: BoyLoc0 collected ($14.72)
Seat 5: tukeiron (button) folded before Flop (didn't bet)
Seat 6: Karolin77 (small blind) folded before Flop



PokerStars Hand #254533071727:  Hold'em No Limit ($0.50/$1.00 USD) - 2025/01/24 19:07:38 WET [2025/01/24 14:07:38 ET]
Table 'Cuitlahuac IV' 6-max Seat #6 is the button
Seat 1: laloo246 ($172.16 in chips) 
Seat 2: Aescul@pius ($100 in chips) 
Seat 3: michasia ($102 in chips) 
Seat 4: BoyLoc0 ($107.72 in chips) 
Seat 5: tukeiron ($105.03 in chips) 
Seat 6: Karolin77 ($81.12 in chips) 
laloo246: posts small blind $0.50
Aescul@pius: posts big blind $1
*** HOLE CARDS ***
michasia: raises $1.60 to $2.60
BoyLoc0: raises $4.90 to $7.50
tukeiron: raises $12.50 to $20
Karolin77: folds 
laloo246: folds 
Aescul@pius: folds 
michasia: raises $82 to $102 and is all-in
BoyLoc0: raises $5.72 to $107.72 and is all-in
tukeiron: folds 
Uncalled bet ($5.72) returned to BoyLoc0
*** FLOP *** [Kd 6s Jd]
*** TURN *** [Kd 6s Jd] [7c]
*** RIVER *** [Kd 6s Jd 7c] [Ts]
*** SHOW DOWN ***
michasia: shows [Qc Qh] (a pair of Queens)
BoyLoc0: shows [Ac As] (a pair of Aces)
BoyLoc0 collected $223 from pot
*** SUMMARY ***
Total pot $225.50 | Rake $2.50 
Board [Kd 6s Jd 7c Ts]
Seat 1: laloo246 (small blind) folded before Flop
Seat 2: Aescul@pius (big blind) folded before Flop
Seat 3: michasia showed [Qc Qh] and lost with a pair of Queens
Seat 4: BoyLoc0 showed [Ac As] and won ($223) with a pair of Aces
Seat 5: tukeiron folded before Flop
Seat 6: Karolin77 (button) folded before Flop (didn't bet)



PokerStars Hand #254533082824:  Hold'em No Limit ($0.50/$1.00 USD) - 2025/01/24 19:08:19 WET [2025/01/24 14:08:19 ET]
Table 'Cuitlahuac IV' 6-max Seat #1 is the button
Seat 1: laloo246 ($171.66 in chips) 
Seat 2: Aescul@pius ($100 in chips) 
Seat 3: michasia ($100 in chips) 
Seat 4: BoyLoc0 ($228.72 in chips) 
Seat 5: tukeiron ($100 in chips) 
Seat 6: Karolin77 ($81.12 in chips) 
Aescul@pius: posts small blind $0.50
michasia: posts big blind $1
*** HOLE CARDS ***
BoyLoc0: folds 
tukeiron: raises $1.50 to $2.50
Karolin77: folds 
laloo246: raises $5 to $7.50
Aescul@pius: folds 
michasia: folds 
tukeiron: folds 
Uncalled bet ($5) returned to laloo246
laloo246 collected $6.50 from pot
laloo246: doesn't show hand 
*** SUMMARY ***
Total pot $6.50 | Rake $0 
Seat 1: laloo246 (button) collected ($6.50)
Seat 2: Aescul@pius (small blind) folded before Flop
Seat 3: michasia (big blind) folded before Flop
Seat 4: BoyLoc0 folded before Flop (didn't bet)
Seat 5: tukeiron folded before Flop
Seat 6: Karolin77 folded before Flop (didn't bet)



PokerStars Hand #254533091287:  Hold'em No Limit ($0.50/$1.00 USD) - 2025/01/24 19:08:49 WET [2025/01/24 14:08:49 ET]
Table 'Cuitlahuac IV' 6-max Seat #2 is the button
Seat 1: laloo246 ($175.66 in chips) 
Seat 2: Aescul@pius ($100 in chips) 
Seat 3: michasia ($100 in chips) 
Seat 4: BoyLoc0 ($228.72 in chips) 
Seat 5: tukeiron ($100 in chips) 
Seat 6: Karolin77 ($81.12 in chips) 
michasia: posts small blind $0.50
BoyLoc0: posts big blind $1
*** HOLE CARDS ***
tukeiron: folds 
Karolin77: folds 
laloo246: raises $1.20 to $2.20
Aescul@pius: folds 
michasia: raises $8.80 to $11
BoyLoc0: raises $10 to $21
laloo246: folds 
michasia: calls $10
*** FLOP *** [As 3s 8h]
tukeiron leaves the table
michasia: checks 
sta$igk joins the table at seat #5 
BoyLoc0: bets $10.50
michasia: calls $10.50
*** TURN *** [As 3s 8h] [5c]
michasia: checks 
BoyLoc0: bets $20.69
michasia: calls $20.69
*** RIVER *** [As 3s 8h 5c] [8s]
michasia: checks 
BoyLoc0: checks 
*** SHOW DOWN ***
michasia: shows [Js Ks] (a flush, Ace high)
BoyLoc0: mucks hand 
michasia collected $104.08 from pot
*** SUMMARY ***
Total pot $106.58 | Rake $2.50 
Board [As 3s 8h 5c 8s]
Seat 1: laloo246 folded before Flop
Seat 2: Aescul@pius (button) folded before Flop (didn't bet)
Seat 3: michasia (small blind) showed [Js Ks] and won ($104.08) with a flush, Ace high
Seat 4: BoyLoc0 (big blind) mucked
Seat 5: tukeiron folded before Flop (didn't bet)
Seat 6: Karolin77 folded before Flop (didn't bet)



PokerStars Hand #254533107521:  Hold'em No Limit ($0.50/$1.00 USD) - 2025/01/24 19:09:48 WET [2025/01/24 14:09:48 ET]
Table 'Cuitlahuac IV' 6-max Seat #3 is the button
Seat 1: laloo246 ($173.46 in chips) 
Seat 2: Aescul@pius ($100 in chips) 
Seat 3: michasia ($151.89 in chips) 
Seat 4: BoyLoc0 ($176.53 in chips) 
Seat 5: sta$igk ($100 in chips) 
Seat 6: Karolin77 ($81.12 in chips) 
BoyLoc0: posts small blind $0.50
sta$igk: posts big blind $1
*** HOLE CARDS ***
Karolin77: folds 
laloo246: folds 
Aescul@pius: folds 
michasia: raises $1.80 to $2.80
BoyLoc0: folds 
sta$igk: folds 
Uncalled bet ($1.80) returned to michasia
michasia collected $2.50 from pot
michasia: doesn't show hand 
*** SUMMARY ***
Total pot $2.50 | Rake $0 
Seat 1: laloo246 folded before Flop (didn't bet)
Seat 2: Aescul@pius folded before Flop (didn't bet)
Seat 3: michasia (button) collected ($2.50)
Seat 4: BoyLoc0 (small blind) folded before Flop
Seat 5: sta$igk (big blind) folded before Flop
Seat 6: Karolin77 folded before Flop (didn't bet)



PokerStars Hand #254533115331:  Hold'em No Limit ($0.50/$1.00 USD) - 2025/01/24 19:10:16 WET [2025/01/24 14:10:16 ET]
Table 'Cuitlahuac IV' 6-max Seat #4 is the button
Seat 1: laloo246 ($173.46 in chips) 
Seat 2: Aescul@pius ($100 in chips) 
Seat 3: michasia ($153.39 in chips) 
Seat 4: BoyLoc0 ($176.03 in chips) 
Seat 5: sta$igk ($100 in chips) 
Seat 6: Karolin77 ($81.12 in chips) 
sta$igk: posts small blind $0.50
Karolin77: posts big blind $1
*** HOLE CARDS ***
laloo246: folds 
Aescul@pius: folds 
michasia: folds 
BoyLoc0: folds 
sta$igk: folds 
Uncalled bet ($0.50) returned to Karolin77
Karolin77 collected $1 from pot
Karolin77: doesn't show hand 
*** SUMMARY ***
Total pot $1 | Rake $0 
Seat 1: laloo246 folded before Flop (didn't bet)
Seat 2: Aescul@pius folded before Flop (didn't bet)
Seat 3: michasia folded before Flop (didn't bet)
Seat 4: BoyLoc0 (button) folded before Flop (didn't bet)
Seat 5: sta$igk (small blind) folded before Flop
Seat 6: Karolin77 (big blind) collected ($1)



PokerStars Hand #254533122751:  Hold'em No Limit ($0.50/$1.00 USD) - 2025/01/24 19:10:42 WET [2025/01/24 14:10:42 ET]
Table 'Cuitlahuac IV' 6-max Seat #5 is the button
Seat 1: laloo246 ($173.46 in chips) 
Seat 2: Aescul@pius ($100 in chips) 
Seat 3: michasia ($153.39 in chips) 
Seat 4: BoyLoc0 ($176.03 in chips) 
Seat 5: sta$igk ($100 in chips) 
Seat 6: Karolin77 ($81.62 in chips) 
Karolin77: posts small blind $0.50
laloo246: posts big blind $1
*** HOLE CARDS ***
Aescul@pius: folds 
michasia: folds 
BoyLoc0: folds 
sta$igk: folds 
Karolin77: raises $2 to $3
laloo246: folds 
Uncalled bet ($2) returned to Karolin77
Karolin77 collected $2 from pot
Karolin77: doesn't show hand 
*** SUMMARY ***
Total pot $2 | Rake $0 
Seat 1: laloo246 (big blind) folded before Flop
Seat 2: Aescul@pius folded before Flop (didn't bet)
Seat 3: michasia folded before Flop (didn't bet)
Seat 4: BoyLoc0 folded before Flop (didn't bet)
Seat 5: sta$igk (button) folded before Flop (didn't bet)
Seat 6: Karolin77 (small blind) collected ($2)



PokerStars Hand #254533134220:  Hold'em No Limit ($0.50/$1.00 USD) - 2025/01/24 19:11:23 WET [2025/01/24 14:11:23 ET]
Table 'Cuitlahuac IV' 6-max Seat #6 is the button
Seat 1: laloo246 ($172.46 in chips) 
Seat 2: Aescul@pius ($100 in chips) 
Seat 3: michasia ($153.39 in chips) 
Seat 4: BoyLoc0 ($176.03 in chips) 
Seat 5: sta$igk ($100 in chips) 
Seat 6: Karolin77 ($82.62 in chips) 
laloo246: posts small blind $0.50
Aescul@pius: posts big blind $1
*** HOLE CARDS ***
michasia: folds 
BoyLoc0: raises $1.50 to $2.50
sta$igk: folds 
Karolin77: folds 
laloo246: folds 
Aescul@pius: folds 
Uncalled bet ($1.50) returned to BoyLoc0
BoyLoc0 collected $2.50 from pot
BoyLoc0: doesn't show hand 
*** SUMMARY ***
Total pot $2.50 | Rake $0 
Seat 1: laloo246 (small blind) folded before Flop
Seat 2: Aescul@pius (big blind) folded before Flop
Seat 3: michasia folded before Flop (didn't bet)
Seat 4: BoyLoc0 collected ($2.50)
Seat 5: sta$igk folded before Flop (didn't bet)
Seat 6: Karolin77 (button) folded before Flop (didn't bet)



PokerStars Hand #254533139983:  Hold'em No Limit ($0.50/$1.00 USD) - 2025/01/24 19:11:44 WET [2025/01/24 14:11:44 ET]
Table 'Cuitlahuac IV' 6-max Seat #1 is the button
Seat 1: laloo246 ($171.96 in chips) 
Seat 2: Aescul@pius ($100 in chips) 
Seat 3: michasia ($153.39 in chips) 
Seat 4: BoyLoc0 ($177.53 in chips) 
Seat 5: sta$igk ($100 in chips) 
Seat 6: Karolin77 ($82.62 in chips) 
Aescul@pius: posts small blind $0.50
michasia: posts big blind $1
*** HOLE CARDS ***
BoyLoc0: folds 
sta$igk: folds 
Karolin77: folds 
laloo246: raises $1.50 to $2.50
Aescul@pius: folds 
michasia: raises $9.50 to $12
laloo246: folds 
Uncalled bet ($9.50) returned to michasia
michasia collected $5.50 from pot
michasia: doesn't show hand 
*** SUMMARY ***
Total pot $5.50 | Rake $0 
Seat 1: laloo246 (button) folded before Flop
Seat 2: Aescul@pius (small blind) folded before Flop
Seat 3: michasia (big blind) collected ($5.50)
Seat 4: BoyLoc0 folded before Flop (didn't bet)
Seat 5: sta$igk folded before Flop (didn't bet)
Seat 6: Karolin77 folded before Flop (didn't bet)



PokerStars Hand #254533149601:  Hold'em No Limit ($0.50/$1.00 USD) - 2025/01/24 19:12:18 WET [2025/01/24 14:12:18 ET]
Table 'Cuitlahuac IV' 6-max Seat #2 is the button
Seat 1: laloo246 ($169.46 in chips) 
Seat 2: Aescul@pius ($100 in chips) 
Seat 3: michasia ($156.39 in chips) 
Seat 4: BoyLoc0 ($177.53 in chips) 
Seat 5: sta$igk ($100 in chips) 
Seat 6: Karolin77 ($82.62 in chips) 
michasia: posts small blind $0.50
BoyLoc0: posts big blind $1
*** HOLE CARDS ***
sta$igk: folds 
Karolin77: folds 
laloo246: folds 
Aescul@pius: raises $1.50 to $2.50
michasia: folds 
BoyLoc0: calls $1.50
*** FLOP *** [Tc Qc Qh]
BoyLoc0: checks 
Aescul@pius: checks 
*** TURN *** [Tc Qc Qh] [5h]
BoyLoc0: checks 
Aescul@pius: bets $3.56
BoyLoc0: calls $3.56
*** RIVER *** [Tc Qc Qh 5h] [8d]
BoyLoc0: checks 
Aescul@pius: checks 
*** SHOW DOWN ***
BoyLoc0: shows [Ac 7c] (a pair of Queens)
Aescul@pius: shows [4s 4d] (two pair, Queens and Fours)
Aescul@pius collected $11.99 from pot
*** SUMMARY ***
Total pot $12.62 | Rake $0.63 
Board [Tc Qc Qh 5h 8d]
Seat 1: laloo246 folded before Flop (didn't bet)
Seat 2: Aescul@pius (button) showed [4s 4d] and won ($11.99) with two pair, Queens and Fours
Seat 3: michasia (small blind) folded before Flop
Seat 4: BoyLoc0 (big blind) showed [Ac 7c] and lost with a pair of Queens
Seat 5: sta$igk folded before Flop (didn't bet)
Seat 6: Karolin77 folded before Flop (didn't bet)



PokerStars Hand #254533169234:  Hold'em No Limit ($0.50/$1.00 USD) - 2025/01/24 19:13:27 WET [2025/01/24 14:13:27 ET]
Table 'Cuitlahuac IV' 6-max Seat #4 is the button
Seat 3: michasia ($155.89 in chips) is sitting out
Seat 1: laloo246 ($169.46 in chips) 
Seat 2: Aescul@pius ($105.93 in chips) 
Seat 4: BoyLoc0 ($171.47 in chips) 
Seat 5: sta$igk ($100 in chips) 
Seat 6: Karolin77 ($82.62 in chips) 
sta$igk: posts small blind $0.50
Karolin77: posts big blind $1
*** HOLE CARDS ***
laloo246 has timed out
laloo246: folds 
Aescul@pius: folds 
BoyLoc0: raises $1.50 to $2.50
sta$igk: folds 
Karolin77: calls $1.50
*** FLOP *** [9s 8d 3d]
Karolin77: bets $2
BoyLoc0: folds 
Uncalled bet ($2) returned to Karolin77
Karolin77 collected $5.22 from pot
Karolin77: doesn't show hand 
*** SUMMARY ***
Total pot $5.50 | Rake $0.28 
Board [9s 8d 3d]
Seat 3: michasia
Seat 1: laloo246 folded before Flop (didn't bet)
Seat 2: Aescul@pius folded before Flop (didn't bet)
Seat 4: BoyLoc0 (button) folded on the Flop
Seat 5: sta$igk (small blind) folded before Flop
Seat 6: Karolin77 (big blind) collected ($5.22)



PokerStars Hand #254533182823:  Hold'em No Limit ($0.50/$1.00 USD) - 2025/01/24 19:14:16 WET [2025/01/24 14:14:16 ET]
Table 'Cuitlahuac IV' 6-max Seat #5 is the button
Seat 3: michasia ($155.89 in chips) is sitting out
Seat 1: laloo246 ($169.46 in chips) 
Seat 2: Aescul@pius ($105.93 in chips) 
Seat 4: BoyLoc0 ($168.97 in chips) 
Seat 5: sta$igk ($100 in chips) 
Seat 6: Karolin77 ($85.34 in chips) 
Karolin77: posts small blind $0.50
laloo246: posts big blind $1
*** HOLE CARDS ***
Aescul@pius: folds 
BoyLoc0: folds 
sta$igk: raises $1.50 to $2.50
Karolin77: folds 
laloo246: folds 
Uncalled bet ($1.50) returned to sta$igk
sta$igk collected $2.50 from pot
sta$igk: doesn't show hand 
*** SUMMARY ***
Total pot $2.50 | Rake $0 
Seat 3: michasia
Seat 1: laloo246 (big blind) folded before Flop
Seat 2: Aescul@pius folded before Flop (didn't bet)
Seat 4: BoyLoc0 folded before Flop (didn't bet)
Seat 5: sta$igk (button) collected ($2.50)
Seat 6: Karolin77 (small blind) folded before Flop



PokerStars Hand #254533191055:  Hold'em No Limit ($0.50/$1.00 USD) - 2025/01/24 19:14:45 WET [2025/01/24 14:14:45 ET]
Table 'Cuitlahuac IV' 6-max Seat #6 is the button
Seat 3: michasia ($155.89 in chips) is sitting out
Seat 1: laloo246 ($168.46 in chips) 
Seat 2: Aescul@pius ($105.93 in chips) 
Seat 4: BoyLoc0 ($168.97 in chips) 
Seat 5: sta$igk ($101.50 in chips) 
Seat 6: Karolin77 ($84.84 in chips) 
laloo246: posts small blind $0.50
Aescul@pius: posts big blind $1
*** HOLE CARDS ***
BoyLoc0: folds 
sta$igk: folds 
Karolin77: folds 
laloo246: folds 
Uncalled bet ($0.50) returned to Aescul@pius
Aescul@pius collected $1 from pot
Aescul@pius: doesn't show hand 
*** SUMMARY ***
Total pot $1 | Rake $0 
Seat 3: michasia
Seat 1: laloo246 (small blind) folded before Flop
Seat 2: Aescul@pius (big blind) collected ($1)
Seat 4: BoyLoc0 folded before Flop (didn't bet)
Seat 5: sta$igk folded before Flop (didn't bet)
Seat 6: Karolin77 (button) folded before Flop (didn't bet)



PokerStars Hand #254533196061:  Hold'em No Limit ($0.50/$1.00 USD) - 2025/01/24 19:15:03 WET [2025/01/24 14:15:03 ET]
Table 'Cuitlahuac IV' 6-max Seat #1 is the button
Seat 3: michasia ($155.89 in chips) is sitting out
Seat 1: laloo246 ($167.96 in chips) 
Seat 2: Aescul@pius ($106.43 in chips) 
Seat 4: BoyLoc0 ($168.97 in chips) 
Seat 5: sta$igk ($101.50 in chips) 
Seat 6: Karolin77 ($84.84 in chips) 
Aescul@pius: posts small blind $0.50
BoyLoc0: posts big blind $1
*** HOLE CARDS ***
sta$igk: folds 
Karolin77: folds 
laloo246: folds 
Aescul@pius: folds 
Uncalled bet ($0.50) returned to BoyLoc0
BoyLoc0 collected $1 from pot
BoyLoc0: doesn't show hand 
*** SUMMARY ***
Total pot $1 | Rake $0 
Seat 3: michasia
Seat 1: laloo246 (button) folded before Flop (didn't bet)
Seat 2: Aescul@pius (small blind) folded before Flop
Seat 4: BoyLoc0 (big blind) collected ($1)
Seat 5: sta$igk folded before Flop (didn't bet)
Seat 6: Karolin77 folded before Flop (didn't bet)



PokerStars Hand #254533199450:  Hold'em No Limit ($0.50/$1.00 USD) - 2025/01/24 19:15:14 WET [2025/01/24 14:15:14 ET]
Table 'Cuitlahuac IV' 6-max Seat #2 is the button
Seat 3: michasia ($155.89 in chips) is sitting out
Seat 1: laloo246 ($167.96 in chips) 
Seat 2: Aescul@pius ($105.93 in chips) 
Seat 4: BoyLoc0 ($169.47 in chips) 
Seat 5: sta$igk ($101.50 in chips) 
Seat 6: Karolin77 ($84.84 in chips) 
BoyLoc0: posts small blind $0.50
sta$igk: posts big blind $1
*** HOLE CARDS ***
Karolin77: folds 
laloo246: folds 
Aescul@pius: raises $1.50 to $2.50
BoyLoc0: folds 
sta$igk: calls $1.50
*** FLOP *** [Ks 2s 5h]
sta$igk: checks 
Aescul@pius: bets $2.62
sta$igk: raises $7.85 to $10.47
Aescul@pius: calls $7.85
*** TURN *** [Ks 2s 5h] [Td]
sta$igk: checks 
Aescul@pius: checks 
*** RIVER *** [Ks 2s 5h Td] [7d]
sta$igk: bets $12.56
Aescul@pius: folds 
Uncalled bet ($12.56) returned to sta$igk
sta$igk collected $25.12 from pot
sta$igk: doesn't show hand 
*** SUMMARY ***
Total pot $26.44 | Rake $1.32 
Board [Ks 2s 5h Td 7d]
Seat 3: michasia
Seat 1: laloo246 folded before Flop (didn't bet)
Seat 2: Aescul@pius (button) folded on the River
Seat 4: BoyLoc0 (small blind) folded before Flop
Seat 5: sta$igk (big blind) collected ($25.12)
Seat 6: Karolin77 folded before Flop (didn't bet)



PokerStars Hand #254533229855:  Hold'em No Limit ($0.50/$1.00 USD) - 2025/01/24 19:17:02 WET [2025/01/24 14:17:02 ET]
Table 'Cuitlahuac IV' 6-max Seat #4 is the button
Seat 3: michasia ($155.89 in chips) is sitting out
Seat 1: laloo246 ($167.96 in chips) 
Seat 2: Aescul@pius ($100 in chips) 
Seat 4: BoyLoc0 ($168.97 in chips) 
Seat 5: sta$igk ($113.65 in chips) 
Seat 6: Karolin77 ($84.84 in chips) 
sta$igk: posts small blind $0.50
Karolin77: posts big blind $1
michasia: sits out 
*** HOLE CARDS ***
laloo246: folds 
Aescul@pius: raises $1.20 to $2.20
BoyLoc0: folds 
sta$igk: folds 
Karolin77: folds 
Uncalled bet ($1.20) returned to Aescul@pius
Aescul@pius collected $2.50 from pot
Aescul@pius: doesn't show hand 
*** SUMMARY ***
Total pot $2.50 | Rake $0 
Seat 3: michasia
Seat 1: laloo246 folded before Flop (didn't bet)
Seat 2: Aescul@pius collected ($2.50)
Seat 4: BoyLoc0 (button) folded before Flop (didn't bet)
Seat 5: sta$igk (small blind) folded before Flop
Seat 6: Karolin77 (big blind) folded before Flop



PokerStars Hand #254533235732:  Hold'em No Limit ($0.50/$1.00 USD) - 2025/01/24 19:17:23 WET [2025/01/24 14:17:23 ET]
Table 'Cuitlahuac IV' 6-max Seat #5 is the button
Seat 3: michasia ($155.89 in chips) is sitting out
Seat 1: laloo246 ($167.96 in chips) 
Seat 2: Aescul@pius ($101.50 in chips) 
Seat 4: BoyLoc0 ($168.97 in chips) 
Seat 5: sta$igk ($113.15 in chips) 
Seat 6: Karolin77 ($83.84 in chips) 
Karolin77: posts small blind $0.50
laloo246: posts big blind $1
michasia: sits out 
*** HOLE CARDS ***
Aescul@pius: raises $1 to $2
BoyLoc0: folds 
sta$igk: folds 
Karolin77: folds 
laloo246: folds 
Uncalled bet ($1) returned to Aescul@pius
Aescul@pius collected $2.50 from pot
Aescul@pius: doesn't show hand 
*** SUMMARY ***
Total pot $2.50 | Rake $0 
Seat 3: michasia
Seat 1: laloo246 (big blind) folded before Flop
Seat 2: Aescul@pius collected ($2.50)
Seat 4: BoyLoc0 folded before Flop (didn't bet)
Seat 5: sta$igk (button) folded before Flop (didn't bet)
Seat 6: Karolin77 (small blind) folded before Flop



PokerStars Hand #254533240744:  Hold'em No Limit ($0.50/$1.00 USD) - 2025/01/24 19:17:41 WET [2025/01/24 14:17:41 ET]
Table 'Cuitlahuac IV' 6-max Seat #6 is the button
Seat 3: michasia ($155.89 in chips) is sitting out
Seat 1: laloo246 ($166.96 in chips) 
Seat 2: Aescul@pius ($103 in chips) 
Seat 4: BoyLoc0 ($168.97 in chips) 
Seat 5: sta$igk ($113.15 in chips) 
Seat 6: Karolin77 ($83.34 in chips) 
laloo246: posts small blind $0.50
Aescul@pius: posts big blind $1
michasia: sits out 
*** HOLE CARDS ***
BoyLoc0: folds 
sta$igk: folds 
sta$igk leaves the table
Karolin77: folds 
laloo246: raises $2 to $3
Aescul@pius: folds 
Uncalled bet ($2) returned to laloo246
laloo246 collected $2 from pot
laloo246: doesn't show hand 
*** SUMMARY ***
Total pot $2 | Rake $0 
Seat 3: michasia
Seat 1: laloo246 (small blind) collected ($2)
Seat 2: Aescul@pius (big blind) folded before Flop
Seat 4: BoyLoc0 folded before Flop (didn't bet)
Seat 5: sta$igk folded before Flop (didn't bet)
Seat 6: Karolin77 (button) folded before Flop (didn't bet)



PokerStars Hand #254533251726:  Hold'em No Limit ($0.50/$1.00 USD) - 2025/01/24 19:18:20 WET [2025/01/24 14:18:20 ET]
Table 'Cuitlahuac IV' 6-max Seat #1 is the button
Seat 1: laloo246 ($167.96 in chips) 
Seat 2: Aescul@pius ($102 in chips) 
Seat 3: michasia ($155.89 in chips) 
Seat 4: BoyLoc0 ($168.97 in chips) 
Seat 6: Karolin77 ($83.34 in chips) 
Aescul@pius: posts small blind $0.50
michasia: posts big blind $1
*** HOLE CARDS ***
BoyLoc0: folds 
Karolin77: raises $1 to $2
laloo246: folds 
Aescul@pius: raises $7 to $9
michasia: folds 
Karolin77: folds 
Uncalled bet ($7) returned to Aescul@pius
Aescul@pius collected $5 from pot
Aescul@pius: doesn't show hand 
*** SUMMARY ***
Total pot $5 | Rake $0 
Seat 1: laloo246 (button) folded before Flop (didn't bet)
Seat 2: Aescul@pius (small blind) collected ($5)
Seat 3: michasia (big blind) folded before Flop
Seat 4: BoyLoc0 folded before Flop (didn't bet)
Seat 6: Karolin77 folded before Flop



PokerStars Hand #254533264052:  Hold'em No Limit ($0.50/$1.00 USD) - 2025/01/24 19:19:04 WET [2025/01/24 14:19:04 ET]
Table 'Cuitlahuac IV' 6-max Seat #2 is the button
Seat 1: laloo246 ($167.96 in chips) 
Seat 2: Aescul@pius ($105 in chips) 
Seat 3: michasia ($154.89 in chips) 
Seat 4: BoyLoc0 ($168.97 in chips) 
Seat 6: Karolin77 ($81.34 in chips) 
michasia: posts small blind $0.50
BoyLoc0: posts big blind $1
*** HOLE CARDS ***
Karolin77: calls $1
laloo246: folds 
KarP93 joins the table at seat #5 
Aescul@pius: folds 
michasia: folds 
BoyLoc0: checks 
*** FLOP *** [As 6d 8d]
BoyLoc0: checks 
Karolin77: bets $2
BoyLoc0: calls $2
*** TURN *** [As 6d 8d] [Ah]
BoyLoc0: checks 
Karolin77: bets $2
BoyLoc0: folds 
Uncalled bet ($2) returned to Karolin77
Karolin77 collected $6.18 from pot
Karolin77: doesn't show hand 
*** SUMMARY ***
Total pot $6.50 | Rake $0.32 
Board [As 6d 8d Ah]
Seat 1: laloo246 folded before Flop (didn't bet)
Seat 2: Aescul@pius (button) folded before Flop (didn't bet)
Seat 3: michasia (small blind) folded before Flop
Seat 4: BoyLoc0 (big blind) folded on the Turn
Seat 6: Karolin77 collected ($6.18)



PokerStars Hand #254533285263:  Hold'em No Limit ($0.50/$1.00 USD) - 2025/01/24 19:20:20 WET [2025/01/24 14:20:20 ET]
Table 'Cuitlahuac IV' 6-max Seat #3 is the button
Seat 1: laloo246 ($167.96 in chips) 
Seat 2: Aescul@pius ($105 in chips) 
Seat 3: michasia ($154.39 in chips) 
Seat 4: BoyLoc0 ($165.97 in chips) 
Seat 5: KarP93 ($100 in chips) 
Seat 6: Karolin77 ($84.52 in chips) 
BoyLoc0: posts small blind $0.50
KarP93: posts big blind $1
*** HOLE CARDS ***
Karolin77: folds 
laloo246: raises $1.20 to $2.20
Aescul@pius: folds 
michasia: folds 
BoyLoc0: folds 
KarP93: calls $1.20
*** FLOP *** [2d Qd 4c]
KarP93: checks 
laloo246: bets $1.54
KarP93: calls $1.54
*** TURN *** [2d Qd 4c] [4h]
KarP93: checks 
laloo246: bets $5.69
KarP93: folds 
Uncalled bet ($5.69) returned to laloo246
laloo246 collected $7.58 from pot
laloo246: doesn't show hand 
*** SUMMARY ***
Total pot $7.98 | Rake $0.40 
Board [2d Qd 4c 4h]
Seat 1: laloo246 collected ($7.58)
Seat 2: Aescul@pius folded before Flop (didn't bet)
Seat 3: michasia (button) folded before Flop (didn't bet)
Seat 4: BoyLoc0 (small blind) folded before Flop
Seat 5: KarP93 (big blind) folded on the Turn
Seat 6: Karolin77 folded before Flop (didn't bet)



PokerStars Hand #254533305042:  Hold'em No Limit ($0.50/$1.00 USD) - 2025/01/24 19:21:31 WET [2025/01/24 14:21:31 ET]
Table 'Cuitlahuac IV' 6-max Seat #4 is the button
Seat 1: laloo246 ($171.80 in chips) 
Seat 2: Aescul@pius ($105 in chips) 
Seat 3: michasia ($154.39 in chips) 
Seat 4: BoyLoc0 ($165.47 in chips) 
Seat 5: KarP93 ($100 in chips) 
Seat 6: Karolin77 ($84.52 in chips) 
KarP93: posts small blind $0.50
Karolin77: posts big blind $1
*** HOLE CARDS ***
laloo246: folds 
Aescul@pius: raises $1 to $2
michasia: folds 
BoyLoc0: folds 
KarP93: calls $1.50
Karolin77: calls $1
*** FLOP *** [8d 7h 5d]
KarP93: checks 
Karolin77: checks 
Aescul@pius: bets $11.40
KarP93: calls $11.40
Karolin77: folds 
*** TURN *** [8d 7h 5d] [6h]
KarP93: checks 
Aescul@pius: bets $18.06
KarP93: calls $18.06
*** RIVER *** [8d 7h 5d 6h] [3d]
KarP93: checks 
Aescul@pius: checks 
*** SHOW DOWN ***
KarP93: shows [7c 8c] (two pair, Eights and Sevens)
Aescul@pius: mucks hand 
KarP93 collected $62.42 from pot
*** SUMMARY ***
Total pot $64.92 | Rake $2.50 
Board [8d 7h 5d 6h 3d]
Seat 1: laloo246 folded before Flop (didn't bet)
Seat 2: Aescul@pius mucked
Seat 3: michasia folded before Flop (didn't bet)
Seat 4: BoyLoc0 (button) folded before Flop (didn't bet)
Seat 5: KarP93 (small blind) showed [7c 8c] and won ($62.42) with two pair, Eights and Sevens
Seat 6: Karolin77 (big blind) folded on the Flop



PokerStars Hand #254533326787:  Hold'em No Limit ($0.50/$1.00 USD) - 2025/01/24 19:22:49 WET [2025/01/24 14:22:49 ET]
Table 'Cuitlahuac IV' 6-max Seat #5 is the button
Seat 1: laloo246 ($171.80 in chips) 
Seat 2: Aescul@pius ($100 in chips) 
Seat 3: michasia ($154.39 in chips) 
Seat 4: BoyLoc0 ($165.47 in chips) 
Seat 5: KarP93 ($130.96 in chips) 
Seat 6: Karolin77 ($82.52 in chips) 
Karolin77: posts small blind $0.50
laloo246: posts big blind $1
*** HOLE CARDS ***
Aescul@pius: raises $1 to $2
michasia: raises $4 to $6
BoyLoc0: folds 
KarP93: raises $11 to $17
Karolin77: folds 
laloo246: folds 
Aescul@pius: folds 
michasia: calls $11
*** FLOP *** [Ts 4h 5d]
michasia: checks 
KarP93: bets $11.75
michasia: calls $11.75
*** TURN *** [Ts 4h 5d] [Ad]
michasia: checks 
KarP93: checks 
*** RIVER *** [Ts 4h 5d Ad] [3c]
michasia: checks 
KarP93: checks 
*** SHOW DOWN ***
michasia: shows [9h 9d] (a pair of Nines)
KarP93: shows [Qd Qs] (a pair of Queens)
KarP93 collected $58.50 from pot
*** SUMMARY ***
Total pot $61 | Rake $2.50 
Board [Ts 4h 5d Ad 3c]
Seat 1: laloo246 (big blind) folded before Flop
Seat 2: Aescul@pius folded before Flop
Seat 3: michasia showed [9h 9d] and lost with a pair of Nines
Seat 4: BoyLoc0 folded before Flop (didn't bet)
Seat 5: KarP93 (button) showed [Qd Qs] and won ($58.50) with a pair of Queens
Seat 6: Karolin77 (small blind) folded before Flop



PokerStars Hand #254533349843:  Hold'em No Limit ($0.50/$1.00 USD) - 2025/01/24 19:24:12 WET [2025/01/24 14:24:12 ET]
Table 'Cuitlahuac IV' 6-max Seat #6 is the button
Seat 1: laloo246 ($170.80 in chips) 
Seat 2: Aescul@pius ($100 in chips) 
Seat 3: michasia ($125.64 in chips) 
Seat 4: BoyLoc0 ($165.47 in chips) 
Seat 5: KarP93 ($160.71 in chips) 
Seat 6: Karolin77 ($82.02 in chips) 
laloo246: posts small blind $0.50
Aescul@pius: posts big blind $1
*** HOLE CARDS ***
michasia: folds 
BoyLoc0: folds 
KarP93: raises $1.50 to $2.50
Karolin77: folds 
laloo246: folds 
Aescul@pius: calls $1.50
*** FLOP *** [Js Ks 2s]
Aescul@pius: checks 
KarP93: bets $1.72
Aescul@pius: raises $5.72 to $7.44
KarP93: calls $5.72
*** TURN *** [Js Ks 2s] [9c]
Aescul@pius: bets $24.20
KarP93: calls $24.20
*** RIVER *** [Js Ks 2s 9c] [Th]
Aescul@pius: bets $65.86 and is all-in
KarP93: folds 
Uncalled bet ($65.86) returned to Aescul@pius
Aescul@pius collected $66.28 from pot
Aescul@pius: doesn't show hand 
*** SUMMARY ***
Total pot $68.78 | Rake $2.50 
Board [Js Ks 2s 9c Th]
Seat 1: laloo246 (small blind) folded before Flop
Seat 2: Aescul@pius (big blind) collected ($66.28)
Seat 3: michasia folded before Flop (didn't bet)
Seat 4: BoyLoc0 folded before Flop (didn't bet)
Seat 5: KarP93 folded on the River
Seat 6: Karolin77 (button) folded before Flop (didn't bet)



PokerStars Hand #254533379136:  Hold'em No Limit ($0.50/$1.00 USD) - 2025/01/24 19:25:58 WET [2025/01/24 14:25:58 ET]
Table 'Cuitlahuac IV' 6-max Seat #1 is the button
Seat 1: laloo246 ($170.30 in chips) 
Seat 2: Aescul@pius ($132.14 in chips) 
Seat 3: michasia ($125.64 in chips) 
Seat 4: BoyLoc0 ($165.47 in chips) 
Seat 5: KarP93 ($126.57 in chips) 
Seat 6: Karolin77 ($82.02 in chips) 
Aescul@pius: posts small blind $0.50
michasia: posts big blind $1
*** HOLE CARDS ***
BoyLoc0: folds 
KarP93: folds 
Karolin77: folds 
laloo246: folds 
Aescul@pius: raises $2 to $3
michasia: folds 
Uncalled bet ($2) returned to Aescul@pius
Aescul@pius collected $2 from pot
Aescul@pius: doesn't show hand 
*** SUMMARY ***
Total pot $2 | Rake $0 
Seat 1: laloo246 (button) folded before Flop (didn't bet)
Seat 2: Aescul@pius (small blind) collected ($2)
Seat 3: michasia (big blind) folded before Flop
Seat 4: BoyLoc0 folded before Flop (didn't bet)
Seat 5: KarP93 folded before Flop (didn't bet)
Seat 6: Karolin77 folded before Flop (didn't bet)



PokerStars Hand #254533383880:  Hold'em No Limit ($0.50/$1.00 USD) - 2025/01/24 19:26:14 WET [2025/01/24 14:26:14 ET]
Table 'Cuitlahuac IV' 6-max Seat #2 is the button
Seat 1: laloo246 ($170.30 in chips) 
Seat 2: Aescul@pius ($133.14 in chips) 
Seat 3: michasia ($124.64 in chips) 
Seat 4: BoyLoc0 ($165.47 in chips) 
Seat 5: KarP93 ($126.57 in chips) 
Seat 6: Karolin77 ($82.02 in chips) 
michasia: posts small blind $0.50
BoyLoc0: posts big blind $1
*** HOLE CARDS ***
KarP93: folds 
Karolin77: folds 
laloo246: folds 
Aescul@pius: folds 
michasia: folds 
Uncalled bet ($0.50) returned to BoyLoc0
BoyLoc0 collected $1 from pot
BoyLoc0: doesn't show hand 
*** SUMMARY ***
Total pot $1 | Rake $0 
Seat 1: laloo246 folded before Flop (didn't bet)
Seat 2: Aescul@pius (button) folded before Flop (didn't bet)
Seat 3: michasia (small blind) folded before Flop
Seat 4: BoyLoc0 (big blind) collected ($1)
Seat 5: KarP93 folded before Flop (didn't bet)
Seat 6: Karolin77 folded before Flop (didn't bet)



PokerStars Hand #254533387584:  Hold'em No Limit ($0.50/$1.00 USD) - 2025/01/24 19:26:28 WET [2025/01/24 14:26:28 ET]
Table 'Cuitlahuac IV' 6-max Seat #3 is the button
Seat 1: laloo246 ($170.30 in chips) 
Seat 2: Aescul@pius ($133.14 in chips) 
Seat 3: michasia ($124.14 in chips) 
Seat 4: BoyLoc0 ($165.97 in chips) 
Seat 5: KarP93 ($126.57 in chips) 
Seat 6: Karolin77 ($82.02 in chips) 
BoyLoc0: posts small blind $0.50
KarP93: posts big blind $1
*** HOLE CARDS ***
Karolin77: raises $1 to $2
laloo246: raises $4 to $6
Aescul@pius: folds 
michasia: folds 
BoyLoc0: folds 
KarP93: folds 
Karolin77: calls $4
*** FLOP *** [Jh 4s 2d]
Karolin77: bets $5
laloo246: calls $5
*** TURN *** [Jh 4s 2d] [Qh]
Karolin77: bets $4
laloo246: calls $4
*** RIVER *** [Jh 4s 2d Qh] [3c]
Karolin77: checks 
laloo246: checks 
*** SHOW DOWN ***
Karolin77: shows [Jd Kd] (a pair of Jacks)
laloo246: mucks hand 
Karolin77 collected $29.92 from pot
*** SUMMARY ***
Total pot $31.50 | Rake $1.58 
Board [Jh 4s 2d Qh 3c]
Seat 1: laloo246 mucked
Seat 2: Aescul@pius folded before Flop (didn't bet)
Seat 3: michasia (button) folded before Flop (didn't bet)
Seat 4: BoyLoc0 (small blind) folded before Flop
Seat 5: KarP93 (big blind) folded before Flop
Seat 6: Karolin77 showed [Jd Kd] and won ($29.92) with a pair of Jacks



PokerStars Hand #254533412162:  Hold'em No Limit ($0.50/$1.00 USD) - 2025/01/24 19:27:56 WET [2025/01/24 14:27:56 ET]
Table 'Cuitlahuac IV' 6-max Seat #4 is the button
Seat 1: laloo246 ($155.30 in chips) 
Seat 2: Aescul@pius ($133.14 in chips) 
Seat 3: michasia ($124.14 in chips) 
Seat 4: BoyLoc0 ($165.47 in chips) 
Seat 5: KarP93 ($125.57 in chips) 
Seat 6: Karolin77 ($96.94 in chips) 
KarP93: posts small blind $0.50
Karolin77: posts big blind $1
*** HOLE CARDS ***
laloo246: folds 
Aescul@pius: raises $1 to $2
michasia: folds 
BoyLoc0: calls $2
KarP93: folds 
Karolin77: raises $6 to $8
Aescul@pius: folds 
BoyLoc0: calls $6
*** FLOP *** [2d Qc 5c]
Karolin77: bets $10
BoyLoc0: calls $10
*** TURN *** [2d Qc 5c] [Tc]
Karolin77: bets $10
BoyLoc0: raises $84.87 to $94.87
Karolin77: calls $68.94 and is all-in
Uncalled bet ($15.93) returned to BoyLoc0
*** RIVER *** [2d Qc 5c Tc] [Kc]
*** SHOW DOWN ***
Karolin77: shows [Ac As] (a flush, Ace high)
BoyLoc0: shows [5h 5d] (three of a kind, Fives)
Karolin77 collected $193.88 from pot
*** SUMMARY ***
Total pot $196.38 | Rake $2.50 
Board [2d Qc 5c Tc Kc]
Seat 1: laloo246 folded before Flop (didn't bet)
Seat 2: Aescul@pius folded before Flop
Seat 3: michasia folded before Flop (didn't bet)
Seat 4: BoyLoc0 (button) showed [5h 5d] and lost with three of a kind, Fives
Seat 5: KarP93 (small blind) folded before Flop
Seat 6: Karolin77 (big blind) showed [Ac As] and won ($193.88) with a flush, Ace high



PokerStars Hand #254533432933:  Hold'em No Limit ($0.50/$1.00 USD) - 2025/01/24 19:29:10 WET [2025/01/24 14:29:10 ET]
Table 'Cuitlahuac IV' 6-max Seat #5 is the button
Seat 1: laloo246 ($155.30 in chips) 
Seat 2: Aescul@pius ($131.14 in chips) 
Seat 3: michasia ($124.14 in chips) 
Seat 4: BoyLoc0 ($100 in chips) 
Seat 5: KarP93 ($125.07 in chips) 
Seat 6: Karolin77 ($193.88 in chips) 
Karolin77: posts small blind $0.50
laloo246: posts big blind $1
*** HOLE CARDS ***
Aescul@pius: folds 
michasia: folds 
BoyLoc0: folds 
KarP93: folds 
Karolin77: calls $0.50
laloo246: raises $4.50 to $5.50
Karolin77: folds 
Uncalled bet ($4.50) returned to laloo246
laloo246 collected $2 from pot
laloo246: doesn't show hand 
*** SUMMARY ***
Total pot $2 | Rake $0 
Seat 1: laloo246 (big blind) collected ($2)
Seat 2: Aescul@pius folded before Flop (didn't bet)
Seat 3: michasia folded before Flop (didn't bet)
Seat 4: BoyLoc0 folded before Flop (didn't bet)
Seat 5: KarP93 (button) folded before Flop (didn't bet)
Seat 6: Karolin77 (small blind) folded before Flop



PokerStars Hand #254533440847:  Hold'em No Limit ($0.50/$1.00 USD) - 2025/01/24 19:29:39 WET [2025/01/24 14:29:39 ET]
Table 'Cuitlahuac IV' 6-max Seat #6 is the button
Seat 1: laloo246 ($156.30 in chips) 
Seat 2: Aescul@pius ($131.14 in chips) 
Seat 3: michasia ($124.14 in chips) 
Seat 4: BoyLoc0 ($100 in chips) 
Seat 5: KarP93 ($125.07 in chips) 
Seat 6: Karolin77 ($192.88 in chips) 
laloo246: posts small blind $0.50
Aescul@pius: posts big blind $1
*** HOLE CARDS ***
michasia: folds 
BoyLoc0: folds 
KarP93: folds 
Karolin77: raises $1 to $2
laloo246: folds 
Aescul@pius: calls $1
*** FLOP *** [Qd 3d Jh]
Aescul@pius: checks 
Karolin77: bets $2
Aescul@pius: folds 
Uncalled bet ($2) returned to Karolin77
Karolin77 collected $4.28 from pot
Karolin77: doesn't show hand 
*** SUMMARY ***
Total pot $4.50 | Rake $0.22 
Board [Qd 3d Jh]
Seat 1: laloo246 (small blind) folded before Flop
Seat 2: Aescul@pius (big blind) folded on the Flop
Seat 3: michasia folded before Flop (didn't bet)
Seat 4: BoyLoc0 folded before Flop (didn't bet)
Seat 5: KarP93 folded before Flop (didn't bet)
Seat 6: Karolin77 (button) collected ($4.28)



PokerStars Hand #254533452410:  Hold'em No Limit ($0.50/$1.00 USD) - 2025/01/24 19:30:19 WET [2025/01/24 14:30:19 ET]
Table 'Cuitlahuac IV' 6-max Seat #1 is the button
Seat 1: laloo246 ($155.80 in chips) 
Seat 2: Aescul@pius ($129.14 in chips) 
Seat 3: michasia ($124.14 in chips) 
Seat 4: BoyLoc0 ($100 in chips) 
Seat 5: KarP93 ($125.07 in chips) 
Seat 6: Karolin77 ($195.16 in chips) 
Aescul@pius: posts small blind $0.50
michasia: posts big blind $1
*** HOLE CARDS ***
BoyLoc0: folds 
KarP93: raises $1.50 to $2.50
Karolin77: folds 
laloo246: folds 
Aescul@pius: folds 
michasia: folds 
Uncalled bet ($1.50) returned to KarP93
KarP93 collected $2.50 from pot
KarP93: doesn't show hand 
*** SUMMARY ***
Total pot $2.50 | Rake $0 
Seat 1: laloo246 (button) folded before Flop (didn't bet)
Seat 2: Aescul@pius (small blind) folded before Flop
Seat 3: michasia (big blind) folded before Flop
Seat 4: BoyLoc0 folded before Flop (didn't bet)
Seat 5: KarP93 collected ($2.50)
Seat 6: Karolin77 folded before Flop (didn't bet)



PokerStars Hand #254533458160:  Hold'em No Limit ($0.50/$1.00 USD) - 2025/01/24 19:30:39 WET [2025/01/24 14:30:39 ET]
Table 'Cuitlahuac IV' 6-max Seat #2 is the button
Seat 1: laloo246 ($155.80 in chips) 
Seat 2: Aescul@pius ($128.64 in chips) 
Seat 3: michasia ($123.14 in chips) 
Seat 4: BoyLoc0 ($100 in chips) 
Seat 5: KarP93 ($126.57 in chips) 
Seat 6: Karolin77 ($195.16 in chips) 
michasia: posts small blind $0.50
BoyLoc0: posts big blind $1
*** HOLE CARDS ***
KarP93: raises $1.50 to $2.50
Karolin77: folds 
laloo246: folds 
Aescul@pius: folds 
michasia: folds 
BoyLoc0: folds 
Uncalled bet ($1.50) returned to KarP93
KarP93 collected $2.50 from pot
KarP93: doesn't show hand 
*** SUMMARY ***
Total pot $2.50 | Rake $0 
Seat 1: laloo246 folded before Flop (didn't bet)
Seat 2: Aescul@pius (button) folded before Flop (didn't bet)
Seat 3: michasia (small blind) folded before Flop
Seat 4: BoyLoc0 (big blind) folded before Flop
Seat 5: KarP93 collected ($2.50)
Seat 6: Karolin77 folded before Flop (didn't bet)



PokerStars Hand #254533462131:  Hold'em No Limit ($0.50/$1.00 USD) - 2025/01/24 19:30:53 WET [2025/01/24 14:30:53 ET]
Table 'Cuitlahuac IV' 6-max Seat #3 is the button
Seat 1: laloo246 ($155.80 in chips) 
Seat 2: Aescul@pius ($128.64 in chips) 
Seat 3: michasia ($122.64 in chips) 
Seat 4: BoyLoc0 ($100 in chips) 
Seat 5: KarP93 ($128.07 in chips) 
Seat 6: Karolin77 ($195.16 in chips) 
BoyLoc0: posts small blind $0.50
KarP93: posts big blind $1
*** HOLE CARDS ***
Karolin77: folds 
laloo246: folds 
Aescul@pius: folds 
michasia: folds 
BoyLoc0: folds 
Uncalled bet ($0.50) returned to KarP93
KarP93 collected $1 from pot
KarP93: doesn't show hand 
*** SUMMARY ***
Total pot $1 | Rake $0 
Seat 1: laloo246 folded before Flop (didn't bet)
Seat 2: Aescul@pius folded before Flop (didn't bet)
Seat 3: michasia (button) folded before Flop (didn't bet)
Seat 4: BoyLoc0 (small blind) folded before Flop
Seat 5: KarP93 (big blind) collected ($1)
Seat 6: Karolin77 folded before Flop (didn't bet)



PokerStars Hand #254533466953:  Hold'em No Limit ($0.50/$1.00 USD) - 2025/01/24 19:31:10 WET [2025/01/24 14:31:10 ET]
Table 'Cuitlahuac IV' 6-max Seat #4 is the button
Seat 1: laloo246 ($155.80 in chips) 
Seat 2: Aescul@pius ($128.64 in chips) 
Seat 3: michasia ($122.64 in chips) 
Seat 4: BoyLoc0 ($100 in chips) 
Seat 5: KarP93 ($128.57 in chips) 
Seat 6: Karolin77 ($195.16 in chips) 
KarP93: posts small blind $0.50
Karolin77: posts big blind $1
*** HOLE CARDS ***
laloo246: folds 
Aescul@pius: folds 
michasia: folds 
BoyLoc0: folds 
KarP93: folds 
Uncalled bet ($0.50) returned to Karolin77
Karolin77 collected $1 from pot
Karolin77: doesn't show hand 
*** SUMMARY ***
Total pot $1 | Rake $0 
Seat 1: laloo246 folded before Flop (didn't bet)
Seat 2: Aescul@pius folded before Flop (didn't bet)
Seat 3: michasia folded before Flop (didn't bet)
Seat 4: BoyLoc0 (button) folded before Flop (didn't bet)
Seat 5: KarP93 (small blind) folded before Flop
Seat 6: Karolin77 (big blind) collected ($1)



PokerStars Hand #254533472465:  Hold'em No Limit ($0.50/$1.00 USD) - 2025/01/24 19:31:30 WET [2025/01/24 14:31:30 ET]
Table 'Cuitlahuac IV' 6-max Seat #5 is the button
Seat 1: laloo246 ($155.80 in chips) 
Seat 2: Aescul@pius ($128.64 in chips) 
Seat 3: michasia ($122.64 in chips) 
Seat 4: BoyLoc0 ($100 in chips) 
Seat 5: KarP93 ($128.07 in chips) 
Seat 6: Karolin77 ($195.66 in chips) 
Karolin77: posts small blind $0.50
laloo246: posts big blind $1
*** HOLE CARDS ***
Aescul@pius: folds 
michasia: raises $1.60 to $2.60
BoyLoc0: folds 
KarP93: folds 
Karolin77: calls $2.10
laloo246: folds 
*** FLOP *** [Ts Qd Ks]
Karolin77: bets $5
michasia: folds 
Uncalled bet ($5) returned to Karolin77
Karolin77 collected $5.89 from pot
Karolin77: doesn't show hand 
*** SUMMARY ***
Total pot $6.20 | Rake $0.31 
Board [Ts Qd Ks]
Seat 1: laloo246 (big blind) folded before Flop
Seat 2: Aescul@pius folded before Flop (didn't bet)
Seat 3: michasia folded on the Flop
Seat 4: BoyLoc0 folded before Flop (didn't bet)
Seat 5: KarP93 (button) folded before Flop (didn't bet)
Seat 6: Karolin77 (small blind) collected ($5.89)



PokerStars Hand #254533482376:  Hold'em No Limit ($0.50/$1.00 USD) - 2025/01/24 19:32:04 WET [2025/01/24 14:32:04 ET]
Table 'Cuitlahuac IV' 6-max Seat #6 is the button
Seat 1: laloo246 ($154.80 in chips) 
Seat 2: Aescul@pius ($128.64 in chips) 
Seat 3: michasia ($120.04 in chips) 
Seat 4: BoyLoc0 ($100 in chips) 
Seat 5: KarP93 ($128.07 in chips) 
Seat 6: Karolin77 ($198.95 in chips) 
laloo246: posts small blind $0.50
Aescul@pius: posts big blind $1
*** HOLE CARDS ***
michasia: folds 
BoyLoc0: raises $1.50 to $2.50
KarP93: folds 
Karolin77: folds 
laloo246: folds 
Aescul@pius: calls $1.50
*** FLOP *** [Qd 3d 9h]
Aescul@pius: checks 
BoyLoc0: bets $3.92
Aescul@pius: raises $8.92 to $12.84
BoyLoc0: calls $8.92
*** TURN *** [Qd 3d 9h] [8c]
Aescul@pius: bets $21.92
BoyLoc0: calls $21.92
*** RIVER *** [Qd 3d 9h 8c] [Ks]
Aescul@pius: checks 
BoyLoc0: bets $62.74 and is all-in
Aescul@pius: folds 
Uncalled bet ($62.74) returned to BoyLoc0
BoyLoc0 collected $72.52 from pot
BoyLoc0: doesn't show hand 
*** SUMMARY ***
Total pot $75.02 | Rake $2.50 
Board [Qd 3d 9h 8c Ks]
Seat 1: laloo246 (small blind) folded before Flop
Seat 2: Aescul@pius (big blind) folded on the River
Seat 3: michasia folded before Flop (didn't bet)
Seat 4: BoyLoc0 collected ($72.52)
Seat 5: KarP93 folded before Flop (didn't bet)
Seat 6: Karolin77 (button) folded before Flop (didn't bet)



PokerStars Hand #254533522687:  Hold'em No Limit ($0.50/$1.00 USD) - 2025/01/24 19:34:27 WET [2025/01/24 14:34:27 ET]
Table 'Cuitlahuac IV' 6-max Seat #1 is the button
Seat 1: laloo246 ($154.30 in chips) 
Seat 2: Aescul@pius ($100 in chips) 
Seat 3: michasia ($120.04 in chips) 
Seat 4: BoyLoc0 ($135.26 in chips) 
Seat 5: KarP93 ($128.07 in chips) 
Seat 6: Karolin77 ($198.95 in chips) 
Aescul@pius: posts small blind $0.50
michasia: posts big blind $1
*** HOLE CARDS ***
BoyLoc0: folds 
KarP93: folds 
Karolin77: folds 
laloo246: raises $1.50 to $2.50
Aescul@pius: folds 
michasia: calls $1.50
*** FLOP *** [5h 2c 3c]
michasia: checks 
laloo246: bets $2.61
michasia: calls $2.61
*** TURN *** [5h 2c 3c] [4d]
michasia: checks 
laloo246: checks 
*** RIVER *** [5h 2c 3c 4d] [As]
michasia: bets $6.79
laloo246: calls $6.79
*** SHOW DOWN ***
michasia: shows [Jh Kd] (a straight, Ace to Five)
laloo246: shows [7s 7h] (a straight, Ace to Five)
michasia collected $11.54 from pot
laloo246 collected $11.54 from pot
*** SUMMARY ***
Total pot $24.30 | Rake $1.22 
Board [5h 2c 3c 4d As]
Seat 1: laloo246 (button) showed [7s 7h] and won ($11.54) with a straight, Ace to Five
Seat 2: Aescul@pius (small blind) folded before Flop
Seat 3: michasia (big blind) showed [Jh Kd] and won ($11.54) with a straight, Ace to Five
Seat 4: BoyLoc0 folded before Flop (didn't bet)
Seat 5: KarP93 folded before Flop (didn't bet)
Seat 6: Karolin77 folded before Flop (didn't bet)



PokerStars Hand #254533540417:  Hold'em No Limit ($0.50/$1.00 USD) - 2025/01/24 19:35:29 WET [2025/01/24 14:35:29 ET]
Table 'Cuitlahuac IV' 6-max Seat #2 is the button
Seat 1: laloo246 ($153.94 in chips) 
Seat 2: Aescul@pius ($100 in chips) 
Seat 3: michasia ($119.68 in chips) 
Seat 4: BoyLoc0 ($135.26 in chips) 
Seat 5: KarP93 ($128.07 in chips) 
Seat 6: Karolin77 ($198.95 in chips) 
michasia: posts small blind $0.50
BoyLoc0: posts big blind $1
*** HOLE CARDS ***
KarP93: folds 
Karolin77: folds 
laloo246: folds 
Aescul@pius: raises $1.50 to $2.50
michasia: folds 
BoyLoc0: calls $1.50
*** FLOP *** [8s 6d Qc]
BoyLoc0: checks 
Aescul@pius: checks 
*** TURN *** [8s 6d Qc] [Qd]
BoyLoc0: checks 
Aescul@pius: bets $3.56
BoyLoc0: folds 
Uncalled bet ($3.56) returned to Aescul@pius
Aescul@pius collected $5.22 from pot
Aescul@pius: doesn't show hand 
*** SUMMARY ***
Total pot $5.50 | Rake $0.28 
Board [8s 6d Qc Qd]
Seat 1: laloo246 folded before Flop (didn't bet)
Seat 2: Aescul@pius (button) collected ($5.22)
Seat 3: michasia (small blind) folded before Flop
Seat 4: BoyLoc0 (big blind) folded on the Turn
Seat 5: KarP93 folded before Flop (didn't bet)
Seat 6: Karolin77 folded before Flop (didn't bet)



PokerStars Hand #254533556244:  Hold'em No Limit ($0.50/$1.00 USD) - 2025/01/24 19:36:24 WET [2025/01/24 14:36:24 ET]
Table 'Cuitlahuac IV' 6-max Seat #3 is the button
Seat 5: KarP93 ($128.07 in chips) is sitting out
Seat 1: laloo246 ($153.94 in chips) 
Seat 2: Aescul@pius ($102.72 in chips) 
Seat 3: michasia ($119.18 in chips) 
Seat 4: BoyLoc0 ($132.76 in chips) 
Seat 6: Karolin77 ($198.95 in chips) 
BoyLoc0: posts small blind $0.50
KarP93: is sitting out 
Karolin77: posts big blind $1
*** HOLE CARDS ***
laloo246: raises $1.20 to $2.20
Aescul@pius: folds 
michasia: folds 
BoyLoc0: calls $1.70
KarP93 leaves the table
Karolin77: calls $1.20
*** FLOP *** [Kc 9c 7h]
BoyLoc0: checks 
Karolin77: bets $2
laloo246: folds 
BoyLoc0: calls $2
*** TURN *** [Kc 9c 7h] [Tc]
BoyLoc0: checks 
BGS013 joins the table at seat #5 
Karolin77: bets $4
BoyLoc0: folds 
Uncalled bet ($4) returned to Karolin77
Karolin77 collected $10.07 from pot
Karolin77: doesn't show hand 
*** SUMMARY ***
Total pot $10.60 | Rake $0.53 
Board [Kc 9c 7h Tc]
Seat 5: KarP93
Seat 1: laloo246 folded on the Flop
Seat 2: Aescul@pius folded before Flop (didn't bet)
Seat 3: michasia (button) folded before Flop (didn't bet)
Seat 4: BoyLoc0 (small blind) folded on the Turn
Seat 6: Karolin77 (big blind) collected ($10.07)



PokerStars Hand #254533571820:  Hold'em No Limit ($0.50/$1.00 USD) - 2025/01/24 19:37:19 WET [2025/01/24 14:37:19 ET]
Table 'Cuitlahuac IV' 6-max Seat #4 is the button
Seat 5: BGS013 ($100 in chips) is sitting out
Seat 1: laloo246 ($151.74 in chips) 
Seat 2: Aescul@pius ($102.72 in chips) 
Seat 3: michasia ($119.18 in chips) 
Seat 4: BoyLoc0 ($128.56 in chips) 
Seat 6: Karolin77 ($204.82 in chips) 
Karolin77: posts small blind $0.50
laloo246: posts big blind $1
*** HOLE CARDS ***
Aescul@pius: folds 
michasia: folds 
BoyLoc0: raises $1.50 to $2.50
Karolin77: calls $2
laloo246: calls $1.50
*** FLOP *** [8h 5h 4d]
Karolin77: bets $3
laloo246: folds 
BoyLoc0: folds 
Uncalled bet ($3) returned to Karolin77
Karolin77 collected $7.12 from pot
Karolin77: doesn't show hand 
*** SUMMARY ***
Total pot $7.50 | Rake $0.38 
Board [8h 5h 4d]
Seat 5: BGS013
Seat 1: laloo246 (big blind) folded on the Flop
Seat 2: Aescul@pius folded before Flop (didn't bet)
Seat 3: michasia folded before Flop (didn't bet)
Seat 4: BoyLoc0 (button) folded on the Flop
Seat 6: Karolin77 (small blind) collected ($7.12)



PokerStars Hand #254533586478:  Hold'em No Limit ($0.50/$1.00 USD) - 2025/01/24 19:38:11 WET [2025/01/24 14:38:11 ET]
Table 'Cuitlahuac IV' 6-max Seat #6 is the button
Seat 2: Aescul@pius ($102.72 in chips) is sitting out
Seat 5: BGS013 ($100 in chips) is sitting out
Seat 1: laloo246 ($149.24 in chips) 
Seat 3: michasia ($119.18 in chips) 
Seat 4: BoyLoc0 ($126.06 in chips) 
Seat 6: Karolin77 ($209.44 in chips) 
laloo246: posts small blind $0.50
Aescul@pius: is sitting out 
michasia: posts big blind $1
BGS013: sits out 
*** HOLE CARDS ***
Aescul@pius leaves the table
BoyLoc0: raises $1.50 to $2.50
Karolin77: folds 
Joker007r joins the table at seat #2 
laloo246: folds 
michasia: folds 
Uncalled bet ($1.50) returned to BoyLoc0
BoyLoc0 collected $2.50 from pot
BoyLoc0: doesn't show hand 
*** SUMMARY ***
Total pot $2.50 | Rake $0 
Seat 2: Aescul@pius
Seat 5: BGS013
Seat 1: laloo246 (small blind) folded before Flop
Seat 3: michasia (big blind) folded before Flop
Seat 4: BoyLoc0 collected ($2.50)
Seat 6: Karolin77 (button) folded before Flop (didn't bet)



PokerStars Hand #254533594340:  Hold'em No Limit ($0.50/$1.00 USD) - 2025/01/24 19:38:38 WET [2025/01/24 14:38:38 ET]
Table 'Cuitlahuac IV' 6-max Seat #1 is the button
Seat 2: Joker007r ($100 in chips) is sitting out
Seat 5: BGS013 ($100 in chips) is sitting out
Seat 1: laloo246 ($148.74 in chips) 
Seat 3: michasia ($118.18 in chips) 
Seat 4: BoyLoc0 ($127.56 in chips) 
Seat 6: Karolin77 ($209.44 in chips) 
michasia: posts small blind $0.50
BoyLoc0: posts big blind $1
BGS013: sits out 
*** HOLE CARDS ***
Karolin77: folds 
laloo246: folds 
michasia: folds 
Uncalled bet ($0.50) returned to BoyLoc0
BoyLoc0 collected $1 from pot
BoyLoc0: doesn't show hand 
*** SUMMARY ***
Total pot $1 | Rake $0 
Seat 2: Joker007r
Seat 5: BGS013
Seat 1: laloo246 (button) folded before Flop (didn't bet)
Seat 3: michasia (small blind) folded before Flop
Seat 4: BoyLoc0 (big blind) collected ($1)
Seat 6: Karolin77 folded before Flop (didn't bet)



PokerStars Hand #254533598175:  Hold'em No Limit ($0.50/$1.00 USD) - 2025/01/24 19:38:51 WET [2025/01/24 14:38:51 ET]
Table 'Cuitlahuac IV' 6-max Seat #3 is the button
Seat 2: Joker007r ($100 in chips) is sitting out
Seat 1: laloo246 ($148.74 in chips) 
Seat 3: michasia ($117.68 in chips) 
Seat 4: BoyLoc0 ($128.06 in chips) 
Seat 5: BGS013 ($100 in chips) 
Seat 6: Karolin77 ($209.44 in chips) 
BoyLoc0: posts small blind $0.50
BGS013: posts big blind $1
Joker007r: sits out 
*** HOLE CARDS ***
Karolin77: raises $1 to $2
laloo246: raises $5 to $7
michasia: folds 
BoyLoc0: folds 
BGS013: folds 
Karolin77: calls $5
*** FLOP *** [4d 2d Jh]
Karolin77: bets $5
laloo246: raises $15 to $20
Karolin77: calls $15
*** TURN *** [4d 2d Jh] [4h]
Karolin77: bets $30
laloo246: calls $30
*** RIVER *** [4d 2d Jh 4h] [6c]
Karolin77: bets $11
laloo246: raises $80.74 to $91.74 and is all-in
Karolin77: calls $80.74
*** SHOW DOWN ***
laloo246: shows [Kc Kh] (two pair, Kings and Fours)
Karolin77: shows [4s Ah] (three of a kind, Fours)
Karolin77 collected $296.48 from pot
*** SUMMARY ***
Total pot $298.98 | Rake $2.50 
Board [4d 2d Jh 4h 6c]
Seat 2: Joker007r
Seat 1: laloo246 showed [Kc Kh] and lost with two pair, Kings and Fours
Seat 3: michasia (button) folded before Flop (didn't bet)
Seat 4: BoyLoc0 (small blind) folded before Flop
Seat 5: BGS013 (big blind) folded before Flop
Seat 6: Karolin77 showed [4s Ah] and won ($296.48) with three of a kind, Fours



PokerStars Hand #254533633610:  Hold'em No Limit ($0.50/$1.00 USD) - 2025/01/24 19:40:55 WET [2025/01/24 14:40:55 ET]
Table 'Cuitlahuac IV' 6-max Seat #4 is the button
Seat 2: Joker007r ($100 in chips) is sitting out
Seat 1: laloo246 ($100 in chips) 
Seat 3: michasia ($117.68 in chips) 
Seat 4: BoyLoc0 ($127.56 in chips) 
Seat 5: BGS013 ($100 in chips) 
Seat 6: Karolin77 ($357.18 in chips) 
BGS013: posts small blind $0.50
Karolin77: posts big blind $1
Joker007r: sits out 
*** HOLE CARDS ***
laloo246: folds 
michasia: folds 
BoyLoc0: folds 
BGS013: folds 
Uncalled bet ($0.50) returned to Karolin77
Karolin77 collected $1 from pot
Karolin77: doesn't show hand 
*** SUMMARY ***
Total pot $1 | Rake $0 
Seat 2: Joker007r
Seat 1: laloo246 folded before Flop (didn't bet)
Seat 3: michasia folded before Flop (didn't bet)
Seat 4: BoyLoc0 (button) folded before Flop (didn't bet)
Seat 5: BGS013 (small blind) folded before Flop
Seat 6: Karolin77 (big blind) collected ($1)



PokerStars Hand #254533636052:  Hold'em No Limit ($0.50/$1.00 USD) - 2025/01/24 19:41:03 WET [2025/01/24 14:41:03 ET]
Table 'Cuitlahuac IV' 6-max Seat #5 is the button
Seat 2: Joker007r ($100 in chips) is sitting out
Seat 1: laloo246 ($100 in chips) 
Seat 3: michasia ($117.68 in chips) 
Seat 4: BoyLoc0 ($127.56 in chips) 
Seat 5: BGS013 ($100 in chips) 
Seat 6: Karolin77 ($357.68 in chips) 
Karolin77: posts small blind $0.50
laloo246: posts big blind $1
Joker007r: sits out 
*** HOLE CARDS ***
michasia: folds 
BoyLoc0: folds 
BGS013: raises $1.50 to $2.50
Karolin77: calls $2
laloo246: calls $1.50
*** FLOP *** [9d Qc 8s]
Karolin77: checks 
laloo246: checks 
BGS013: bets $1.85
Karolin77: folds 
laloo246: folds 
Uncalled bet ($1.85) returned to BGS013
BGS013 collected $7.12 from pot
BGS013: doesn't show hand 
*** SUMMARY ***
Total pot $7.50 | Rake $0.38 
Board [9d Qc 8s]
Seat 2: Joker007r
Seat 1: laloo246 (big blind) folded on the Flop
Seat 3: michasia folded before Flop (didn't bet)
Seat 4: BoyLoc0 folded before Flop (didn't bet)
Seat 5: BGS013 (button) collected ($7.12)
Seat 6: Karolin77 (small blind) folded on the Flop



PokerStars Hand #254533653011:  Hold'em No Limit ($0.50/$1.00 USD) - 2025/01/24 19:42:03 WET [2025/01/24 14:42:03 ET]
Table 'Cuitlahuac IV' 6-max Seat #6 is the button
Seat 1: laloo246 ($100 in chips) 
Seat 2: Joker007r ($100 in chips) 
Seat 3: michasia ($117.68 in chips) 
Seat 4: BoyLoc0 ($127.56 in chips) 
Seat 5: BGS013 ($104.62 in chips) 
Seat 6: Karolin77 ($355.18 in chips) 
laloo246: posts small blind $0.50
Joker007r: posts big blind $1
*** HOLE CARDS ***
michasia: raises $1.60 to $2.60
BoyLoc0: folds 
BGS013: folds 
Karolin77: raises $7.40 to $10
laloo246: folds 
Joker007r: folds 
michasia: folds 
Uncalled bet ($7.40) returned to Karolin77
Karolin77 collected $6.70 from pot
Karolin77: doesn't show hand 
*** SUMMARY ***
Total pot $6.70 | Rake $0 
Seat 1: laloo246 (small blind) folded before Flop
Seat 2: Joker007r (big blind) folded before Flop
Seat 3: michasia folded before Flop
Seat 4: BoyLoc0 folded before Flop (didn't bet)
Seat 5: BGS013 folded before Flop (didn't bet)
Seat 6: Karolin77 (button) collected ($6.70)



PokerStars Hand #254533661458:  Hold'em No Limit ($0.50/$1.00 USD) - 2025/01/24 19:42:32 WET [2025/01/24 14:42:32 ET]
Table 'Cuitlahuac IV' 6-max Seat #1 is the button
Seat 1: laloo246 ($100 in chips) 
Seat 2: Joker007r ($100 in chips) 
Seat 3: michasia ($115.08 in chips) 
Seat 4: BoyLoc0 ($127.56 in chips) 
Seat 5: BGS013 ($104.62 in chips) 
Seat 6: Karolin77 ($359.28 in chips) 
Joker007r: posts small blind $0.50
michasia: posts big blind $1
*** HOLE CARDS ***
BoyLoc0: folds 
BGS013: raises $1 to $2
Karolin77: folds 
laloo246: folds 
Joker007r: folds 
michasia: folds 
Uncalled bet ($1) returned to BGS013
BGS013 collected $2.50 from pot
BGS013: doesn't show hand 
*** SUMMARY ***
Total pot $2.50 | Rake $0 
Seat 1: laloo246 (button) folded before Flop (didn't bet)
Seat 2: Joker007r (small blind) folded before Flop
Seat 3: michasia (big blind) folded before Flop
Seat 4: BoyLoc0 folded before Flop (didn't bet)
Seat 5: BGS013 collected ($2.50)
Seat 6: Karolin77 folded before Flop (didn't bet)



PokerStars Hand #254533666295:  Hold'em No Limit ($0.50/$1.00 USD) - 2025/01/24 19:42:49 WET [2025/01/24 14:42:49 ET]
Table 'Cuitlahuac IV' 6-max Seat #2 is the button
Seat 1: laloo246 ($100 in chips) 
Seat 2: Joker007r ($100 in chips) 
Seat 3: michasia ($114.08 in chips) 
Seat 4: BoyLoc0 ($127.56 in chips) 
Seat 5: BGS013 ($106.12 in chips) 
Seat 6: Karolin77 ($359.28 in chips) 
michasia: posts small blind $0.50
BoyLoc0: posts big blind $1
*** HOLE CARDS ***
BGS013: folds 
Karolin77: calls $1
laloo246: folds 
Joker007r: folds 
michasia: folds 
BoyLoc0: checks 
*** FLOP *** [6h As 7c]
BoyLoc0: checks 
Karolin77: checks 
*** TURN *** [6h As 7c] [Kh]
BoyLoc0: checks 
Karolin77: checks 
*** RIVER *** [6h As 7c Kh] [4d]
BoyLoc0: checks 
Karolin77: checks 
*** SHOW DOWN ***
BoyLoc0: shows [Qh 6s] (a pair of Sixes)
Karolin77: shows [Qd Ks] (a pair of Kings)
Karolin77 collected $2.38 from pot
*** SUMMARY ***
Total pot $2.50 | Rake $0.12 
Board [6h As 7c Kh 4d]
Seat 1: laloo246 folded before Flop (didn't bet)
Seat 2: Joker007r (button) folded before Flop (didn't bet)
Seat 3: michasia (small blind) folded before Flop
Seat 4: BoyLoc0 (big blind) showed [Qh 6s] and lost with a pair of Sixes
Seat 5: BGS013 folded before Flop (didn't bet)
Seat 6: Karolin77 showed [Qd Ks] and won ($2.38) with a pair of Kings



PokerStars Hand #254533676484:  Hold'em No Limit ($0.50/$1.00 USD) - 2025/01/24 19:43:25 WET [2025/01/24 14:43:25 ET]
Table 'Cuitlahuac IV' 6-max Seat #3 is the button
Seat 1: laloo246 ($100 in chips) 
Seat 2: Joker007r ($100 in chips) 
Seat 3: michasia ($113.58 in chips) 
Seat 4: BoyLoc0 ($126.56 in chips) 
Seat 5: BGS013 ($106.12 in chips) 
Seat 6: Karolin77 ($360.66 in chips) 
BoyLoc0: posts small blind $0.50
BGS013: posts big blind $1
*** HOLE CARDS ***
Karolin77: calls $1
laloo246: folds 
Joker007r: folds 
michasia: raises $2.50 to $3.50
BoyLoc0: folds 
BGS013: folds 
Karolin77: calls $2.50
*** FLOP *** [5c 3s Ah]
Karolin77: checks 
michasia: bets $2.67
Karolin77: calls $2.67
*** TURN *** [5c 3s Ah] [6d]
Karolin77: checks 
michasia: checks 
*** RIVER *** [5c 3s Ah 6d] [9c]
Karolin77: checks 
michasia: bets $8.77
Karolin77: calls $8.77
*** SHOW DOWN ***
michasia: shows [Ad 8c] (a pair of Aces)
Karolin77: mucks hand 
michasia collected $29.81 from pot
*** SUMMARY ***
Total pot $31.38 | Rake $1.57 
Board [5c 3s Ah 6d 9c]
Seat 1: laloo246 folded before Flop (didn't bet)
Seat 2: Joker007r folded before Flop (didn't bet)
Seat 3: michasia (button) showed [Ad 8c] and won ($29.81) with a pair of Aces
Seat 4: BoyLoc0 (small blind) folded before Flop
Seat 5: BGS013 (big blind) folded before Flop
Seat 6: Karolin77 mucked



PokerStars Hand #254533688127:  Hold'em No Limit ($0.50/$1.00 USD) - 2025/01/24 19:44:06 WET [2025/01/24 14:44:06 ET]
Table 'Cuitlahuac IV' 6-max Seat #4 is the button
Seat 1: laloo246 ($100 in chips) 
Seat 2: Joker007r ($100 in chips) 
Seat 3: michasia ($128.45 in chips) 
Seat 4: BoyLoc0 ($126.06 in chips) 
Seat 5: BGS013 ($105.12 in chips) 
Seat 6: Karolin77 ($345.72 in chips) 
BGS013: posts small blind $0.50
Karolin77: posts big blind $1
*** HOLE CARDS ***
laloo246: folds 
Joker007r: folds 
michasia: folds 
BoyLoc0: folds 
BGS013: raises $2 to $3
Karolin77: calls $2
*** FLOP *** [7s 5h Ac]
BGS013: checks 
Karolin77: checks 
*** TURN *** [7s 5h Ac] [7d]
BGS013: checks 
Karolin77: checks 
*** RIVER *** [7s 5h Ac 7d] [Ks]
BGS013: checks 
Karolin77: checks 
*** SHOW DOWN ***
BGS013: shows [Js 5s] (two pair, Sevens and Fives)
Karolin77: shows [9h Kd] (two pair, Kings and Sevens)
Karolin77 collected $5.70 from pot
*** SUMMARY ***
Total pot $6 | Rake $0.30 
Board [7s 5h Ac 7d Ks]
Seat 1: laloo246 folded before Flop (didn't bet)
Seat 2: Joker007r folded before Flop (didn't bet)
Seat 3: michasia folded before Flop (didn't bet)
Seat 4: BoyLoc0 (button) folded before Flop (didn't bet)
Seat 5: BGS013 (small blind) showed [Js 5s] and lost with two pair, Sevens and Fives
Seat 6: Karolin77 (big blind) showed [9h Kd] and won ($5.70) with two pair, Kings and Sevens



PokerStars Hand #254533702568:  Hold'em No Limit ($0.50/$1.00 USD) - 2025/01/24 19:44:56 WET [2025/01/24 14:44:56 ET]
Table 'Cuitlahuac IV' 6-max Seat #5 is the button
Seat 1: laloo246 ($100 in chips) 
Seat 2: Joker007r ($100 in chips) 
Seat 3: michasia ($128.45 in chips) 
Seat 4: BoyLoc0 ($126.06 in chips) 
Seat 5: BGS013 ($102.12 in chips) 
Seat 6: Karolin77 ($348.42 in chips) 
Karolin77: posts small blind $0.50
laloo246: posts big blind $1
*** HOLE CARDS ***
Joker007r: folds 
michasia: folds 
BoyLoc0: folds 
BGS013: folds 
Karolin77: folds 
Uncalled bet ($0.50) returned to laloo246
laloo246 collected $1 from pot
laloo246: doesn't show hand 
*** SUMMARY ***
Total pot $1 | Rake $0 
Seat 1: laloo246 (big blind) collected ($1)
Seat 2: Joker007r folded before Flop (didn't bet)
Seat 3: michasia folded before Flop (didn't bet)
Seat 4: BoyLoc0 folded before Flop (didn't bet)
Seat 5: BGS013 (button) folded before Flop (didn't bet)
Seat 6: Karolin77 (small blind) folded before Flop



PokerStars Hand #254533707124:  Hold'em No Limit ($0.50/$1.00 USD) - 2025/01/24 19:45:11 WET [2025/01/24 14:45:11 ET]
Table 'Cuitlahuac IV' 6-max Seat #6 is the button
Seat 1: laloo246 ($100.50 in chips) 
Seat 2: Joker007r ($100 in chips) 
Seat 3: michasia ($128.45 in chips) 
Seat 4: BoyLoc0 ($126.06 in chips) 
Seat 5: BGS013 ($102.12 in chips) 
Seat 6: Karolin77 ($347.92 in chips) 
laloo246: posts small blind $0.50
Joker007r: posts big blind $1
*** HOLE CARDS ***
michasia: raises $1.60 to $2.60
BoyLoc0: folds 
BGS013: folds 
Karolin77: folds 
laloo246: folds 
Joker007r: folds 
Uncalled bet ($1.60) returned to michasia
michasia collected $2.50 from pot
michasia: doesn't show hand 
*** SUMMARY ***
Total pot $2.50 | Rake $0 
Seat 1: laloo246 (small blind) folded before Flop
Seat 2: Joker007r (big blind) folded before Flop
Seat 3: michasia collected ($2.50)
Seat 4: BoyLoc0 folded before Flop (didn't bet)
Seat 5: BGS013 folded before Flop (didn't bet)
Seat 6: Karolin77 (button) folded before Flop (didn't bet)



PokerStars Hand #254533748886:  Hold'em No Limit ($0.50/$1.00 USD) - 2025/01/24 19:47:37 WET [2025/01/24 14:47:37 ET]
Table 'Cuitlahuac IV' 6-max Seat #3 is the button
Seat 1: laloo246 ($100 in chips) 
Seat 2: Joker007r ($118.85 in chips) 
Seat 3: michasia ($128.45 in chips) 
Seat 4: BoyLoc0 ($105.64 in chips) 
Seat 5: BGS013 ($102.12 in chips) 
Seat 6: Karolin77 ($349.42 in chips) 
BoyLoc0: posts small blind $0.50
BGS013: posts big blind $1
*** HOLE CARDS ***
Karolin77: calls $1
laloo246: folds 
Joker007r: folds 
michasia: folds 
BoyLoc0: raises $4 to $5
BGS013: folds 
Karolin77: calls $4
*** FLOP *** [Ad 3h 7s]
BoyLoc0: bets $7.84
Karolin77: folds 
Uncalled bet ($7.84) returned to BoyLoc0
BoyLoc0 collected $10.45 from pot
BoyLoc0: doesn't show hand 
*** SUMMARY ***
Total pot $11 | Rake $0.55 
Board [Ad 3h 7s]
Seat 1: laloo246 folded before Flop (didn't bet)
Seat 2: Joker007r folded before Flop (didn't bet)
Seat 3: michasia (button) folded before Flop (didn't bet)
Seat 4: BoyLoc0 (small blind) collected ($10.45)
Seat 5: BGS013 (big blind) folded before Flop
Seat 6: Karolin77 folded on the Flop



PokerStars Hand #254533759886:  Hold'em No Limit ($0.50/$1.00 USD) - 2025/01/24 19:48:16 WET [2025/01/24 14:48:16 ET]
Table 'Cuitlahuac IV' 6-max Seat #4 is the button
Seat 1: laloo246 ($100 in chips) 
Seat 2: Joker007r ($118.85 in chips) 
Seat 3: michasia ($128.45 in chips) 
Seat 4: BoyLoc0 ($111.09 in chips) 
Seat 5: BGS013 ($101.12 in chips) 
Seat 6: Karolin77 ($344.42 in chips) 
BGS013: posts small blind $0.50
Karolin77: posts big blind $1
*** HOLE CARDS ***
laloo246: folds 
Joker007r: folds 
michasia: folds 
BoyLoc0: raises $1.50 to $2.50
BGS013: raises $9.50 to $12
Karolin77: folds 
BoyLoc0: folds 
Uncalled bet ($9.50) returned to BGS013
BGS013 collected $6 from pot
BGS013: doesn't show hand 
*** SUMMARY ***
Total pot $6 | Rake $0 
Seat 1: laloo246 folded before Flop (didn't bet)
Seat 2: Joker007r folded before Flop (didn't bet)
Seat 3: michasia folded before Flop (didn't bet)
Seat 4: BoyLoc0 (button) folded before Flop
Seat 5: BGS013 (small blind) collected ($6)
Seat 6: Karolin77 (big blind) folded before Flop



PokerStars Hand #254533766966:  Hold'em No Limit ($0.50/$1.00 USD) - 2025/01/24 19:48:40 WET [2025/01/24 14:48:40 ET]
Table 'Cuitlahuac IV' 6-max Seat #5 is the button
Seat 1: laloo246 ($100 in chips) 
Seat 2: Joker007r ($118.85 in chips) 
Seat 3: michasia ($128.45 in chips) 
Seat 4: BoyLoc0 ($108.59 in chips) 
Seat 5: BGS013 ($104.62 in chips) 
Seat 6: Karolin77 ($343.42 in chips) 
Karolin77: posts small blind $0.50
laloo246: posts big blind $1
*** HOLE CARDS ***
Joker007r: folds 
michasia: folds 
BoyLoc0: folds 
BGS013: folds 
Karolin77: calls $0.50
laloo246: checks 
*** FLOP *** [4s 2d Kc]
Karolin77: bets $3
laloo246: raises $9.43 to $12.43
Karolin77: calls $9.43
*** TURN *** [4s 2d Kc] [Th]
Karolin77: checks 
laloo246: bets $20.10
Karolin77: calls $20.10
*** RIVER *** [4s 2d Kc Th] [Tc]
Karolin77: bets $20
laloo246: folds 
Uncalled bet ($20) returned to Karolin77
Karolin77 collected $64.56 from pot
Karolin77: doesn't show hand 
*** SUMMARY ***
Total pot $67.06 | Rake $2.50 
Board [4s 2d Kc Th Tc]
Seat 1: laloo246 (big blind) folded on the River
Seat 2: Joker007r folded before Flop (didn't bet)
Seat 3: michasia folded before Flop (didn't bet)
Seat 4: BoyLoc0 folded before Flop (didn't bet)
Seat 5: BGS013 (button) folded before Flop (didn't bet)
Seat 6: Karolin77 (small blind) collected ($64.56)



PokerStars Hand #254533790925:  Hold'em No Limit ($0.50/$1.00 USD) - 2025/01/24 19:50:04 WET [2025/01/24 14:50:04 ET]
Table 'Cuitlahuac IV' 6-max Seat #6 is the button
Seat 1: laloo246 ($100 in chips) 
Seat 2: Joker007r ($118.85 in chips) 
Seat 3: michasia ($128.45 in chips) 
Seat 4: BoyLoc0 ($108.59 in chips) 
Seat 5: BGS013 ($104.62 in chips) 
Seat 6: Karolin77 ($374.45 in chips) 
laloo246: posts small blind $0.50
Joker007r: posts big blind $1
*** HOLE CARDS ***
michasia: folds 
BoyLoc0: folds 
BGS013: raises $1.50 to $2.50
Karolin77: folds 
laloo246: folds 
Joker007r: folds 
Uncalled bet ($1.50) returned to BGS013
BGS013 collected $2.50 from pot
BGS013: doesn't show hand 
*** SUMMARY ***
Total pot $2.50 | Rake $0 
Seat 1: laloo246 (small blind) folded before Flop
Seat 2: Joker007r (big blind) folded before Flop
Seat 3: michasia folded before Flop (didn't bet)
Seat 4: BoyLoc0 folded before Flop (didn't bet)
Seat 5: BGS013 collected ($2.50)
Seat 6: Karolin77 (button) folded before Flop (didn't bet)



PokerStars Hand #254533796598:  Hold'em No Limit ($0.50/$1.00 USD) - 2025/01/24 19:50:23 WET [2025/01/24 14:50:23 ET]
Table 'Cuitlahuac IV' 6-max Seat #1 is the button
Seat 1: laloo246 ($100 in chips) 
Seat 2: Joker007r ($117.85 in chips) 
Seat 3: michasia ($128.45 in chips) 
Seat 4: BoyLoc0 ($108.59 in chips) 
Seat 5: BGS013 ($106.12 in chips) 
Seat 6: Karolin77 ($374.45 in chips) 
Joker007r: posts small blind $0.50
michasia: posts big blind $1
*** HOLE CARDS ***
BoyLoc0: folds 
BGS013: raises $1 to $2
Karolin77: calls $2
laloo246: folds 
Joker007r: folds 
michasia: folds 
*** FLOP *** [6h 8d 6c]
BGS013: checks 
Karolin77: checks 
*** TURN *** [6h 8d 6c] [Jd]
BGS013: checks 
Karolin77: checks 
*** RIVER *** [6h 8d 6c Jd] [Qs]
BGS013: checks 
Karolin77: checks 
*** SHOW DOWN ***
BGS013: shows [Tc As] (a pair of Sixes)
Karolin77: mucks hand 
BGS013 collected $5.22 from pot
*** SUMMARY ***
Total pot $5.50 | Rake $0.28 
Board [6h 8d 6c Jd Qs]
Seat 1: laloo246 (button) folded before Flop (didn't bet)
Seat 2: Joker007r (small blind) folded before Flop
Seat 3: michasia (big blind) folded before Flop
Seat 4: BoyLoc0 folded before Flop (didn't bet)
Seat 5: BGS013 showed [Tc As] and won ($5.22) with a pair of Sixes
Seat 6: Karolin77 mucked



PokerStars Hand #254533806761:  Hold'em No Limit ($0.50/$1.00 USD) - 2025/01/24 19:50:59 WET [2025/01/24 14:50:59 ET]
Table 'Cuitlahuac IV' 6-max Seat #2 is the button
Seat 1: laloo246 ($100 in chips) 
Seat 2: Joker007r ($117.35 in chips) 
Seat 3: michasia ($127.45 in chips) 
Seat 4: BoyLoc0 ($108.59 in chips) 
Seat 5: BGS013 ($109.34 in chips) 
Seat 6: Karolin77 ($372.45 in chips) 
michasia: posts small blind $0.50
BoyLoc0: posts big blind $1
*** HOLE CARDS ***
BGS013: folds 
Karolin77: folds 
laloo246: folds 
Joker007r: folds 
michasia: raises $2 to $3
BoyLoc0: raises $7 to $10
michasia: calls $7
*** FLOP *** [Ac 6c 8s]
michasia: checks 
BoyLoc0: bets $6.27
michasia: folds 
Uncalled bet ($6.27) returned to BoyLoc0
BoyLoc0 collected $19 from pot
BoyLoc0: doesn't show hand 
*** SUMMARY ***
Total pot $20 | Rake $1 
Board [Ac 6c 8s]
Seat 1: laloo246 folded before Flop (didn't bet)
Seat 2: Joker007r (button) folded before Flop (didn't bet)
Seat 3: michasia (small blind) folded on the Flop
Seat 4: BoyLoc0 (big blind) collected ($19)
Seat 5: BGS013 folded before Flop (didn't bet)
Seat 6: Karolin77 folded before Flop (didn't bet)



PokerStars Hand #254533819489:  Hold'em No Limit ($0.50/$1.00 USD) - 2025/01/24 19:51:42 WET [2025/01/24 14:51:42 ET]
Table 'Cuitlahuac IV' 6-max Seat #3 is the button
Seat 1: laloo246 ($100 in chips) 
Seat 2: Joker007r ($117.35 in chips) 
Seat 3: michasia ($117.45 in chips) 
Seat 4: BoyLoc0 ($117.59 in chips) 
Seat 5: BGS013 ($109.34 in chips) 
Seat 6: Karolin77 ($372.45 in chips) 
BoyLoc0: posts small blind $0.50
BGS013: posts big blind $1
*** HOLE CARDS ***
Karolin77: calls $1
laloo246: folds 
Joker007r: folds 
michasia: folds 
BoyLoc0: folds 
BGS013: checks 
*** FLOP *** [6s 3h Ks]
BGS013: checks 
Karolin77: checks 
*** TURN *** [6s 3h Ks] [Jh]
BGS013: checks 
Karolin77: checks 
*** RIVER *** [6s 3h Ks Jh] [Jd]
BGS013: checks 
Karolin77: checks 
*** SHOW DOWN ***
BGS013: shows [2s 9h] (a pair of Jacks)
Karolin77: shows [2d 2c] (two pair, Jacks and Deuces)
Karolin77 collected $2.38 from pot
*** SUMMARY ***
Total pot $2.50 | Rake $0.12 
Board [6s 3h Ks Jh Jd]
Seat 1: laloo246 folded before Flop (didn't bet)
Seat 2: Joker007r folded before Flop (didn't bet)
Seat 3: michasia (button) folded before Flop (didn't bet)
Seat 4: BoyLoc0 (small blind) folded before Flop
Seat 5: BGS013 (big blind) showed [2s 9h] and lost with a pair of Jacks
Seat 6: Karolin77 showed [2d 2c] and won ($2.38) with two pair, Jacks and Deuces



PokerStars Hand #254533829604:  Hold'em No Limit ($0.50/$1.00 USD) - 2025/01/24 19:52:17 WET [2025/01/24 14:52:17 ET]
Table 'Cuitlahuac IV' 6-max Seat #4 is the button
Seat 1: laloo246 ($100 in chips) 
Seat 2: Joker007r ($117.35 in chips) 
Seat 3: michasia ($117.45 in chips) 
Seat 4: BoyLoc0 ($117.09 in chips) 
Seat 5: BGS013 ($108.34 in chips) 
Seat 6: Karolin77 ($373.83 in chips) 
BGS013: posts small blind $0.50
Karolin77: posts big blind $1
*** HOLE CARDS ***
laloo246: folds 
Joker007r: folds 
michasia: folds 
BoyLoc0: raises $1.50 to $2.50
BGS013: folds 
Karolin77: calls $1.50
*** FLOP *** [Ts 3c 8c]
Karolin77: bets $3
BoyLoc0: calls $3
*** TURN *** [Ts 3c 8c] [9c]
Karolin77: bets $3
BoyLoc0: raises $8.46 to $11.46
Karolin77: calls $8.46
*** RIVER *** [Ts 3c 8c 9c] [6c]
Karolin77: bets $5
BoyLoc0: calls $5
*** SHOW DOWN ***
Karolin77: shows [8s Jh] (a pair of Eights)
BoyLoc0: shows [9d Th] (two pair, Tens and Nines)
BoyLoc0 collected $42.20 from pot
*** SUMMARY ***
Total pot $44.42 | Rake $2.22 
Board [Ts 3c 8c 9c 6c]
Seat 1: laloo246 folded before Flop (didn't bet)
Seat 2: Joker007r folded before Flop (didn't bet)
Seat 3: michasia folded before Flop (didn't bet)
Seat 4: BoyLoc0 (button) showed [9d Th] and won ($42.20) with two pair, Tens and Nines
Seat 5: BGS013 (small blind) folded before Flop
Seat 6: Karolin77 (big blind) showed [8s Jh] and lost with a pair of Eights



PokerStars Hand #254533847253:  Hold'em No Limit ($0.50/$1.00 USD) - 2025/01/24 19:53:19 WET [2025/01/24 14:53:19 ET]
Table 'Cuitlahuac IV' 6-max Seat #5 is the button
Seat 1: laloo246 ($100 in chips) 
Seat 2: Joker007r ($117.35 in chips) 
Seat 3: michasia ($117.45 in chips) 
Seat 4: BoyLoc0 ($137.33 in chips) 
Seat 5: BGS013 ($107.84 in chips) 
Seat 6: Karolin77 ($351.87 in chips) 
Karolin77: posts small blind $0.50
laloo246: posts big blind $1
*** HOLE CARDS ***
Joker007r: folds 
michasia: raises $1.60 to $2.60
BoyLoc0: folds 
BGS013: folds 
Karolin77: folds 
laloo246: folds 
Uncalled bet ($1.60) returned to michasia
michasia collected $2.50 from pot
michasia: doesn't show hand 
*** SUMMARY ***
Total pot $2.50 | Rake $0 
Seat 1: laloo246 (big blind) folded before Flop
Seat 2: Joker007r folded before Flop (didn't bet)
Seat 3: michasia collected ($2.50)
Seat 4: BoyLoc0 folded before Flop (didn't bet)
Seat 5: BGS013 (button) folded before Flop (didn't bet)
Seat 6: Karolin77 (small blind) folded before Flop



PokerStars Hand #254533856220:  Hold'em No Limit ($0.50/$1.00 USD) - 2025/01/24 19:53:50 WET [2025/01/24 14:53:50 ET]
Table 'Cuitlahuac IV' 6-max Seat #6 is the button
Seat 1: laloo246 ($100 in chips) 
Seat 2: Joker007r ($117.35 in chips) 
Seat 3: michasia ($118.95 in chips) 
Seat 4: BoyLoc0 ($137.33 in chips) 
Seat 5: BGS013 ($107.84 in chips) 
Seat 6: Karolin77 ($351.37 in chips) 
laloo246: posts small blind $0.50
Joker007r: posts big blind $1
*** HOLE CARDS ***
michasia: folds 
BoyLoc0: folds 
BGS013: raises $1.50 to $2.50
Karolin77: folds 
laloo246: folds 
Joker007r: folds 
Uncalled bet ($1.50) returned to BGS013
BGS013 collected $2.50 from pot
BGS013: doesn't show hand 
*** SUMMARY ***
Total pot $2.50 | Rake $0 
Seat 1: laloo246 (small blind) folded before Flop
Seat 2: Joker007r (big blind) folded before Flop
Seat 3: michasia folded before Flop (didn't bet)
Seat 4: BoyLoc0 folded before Flop (didn't bet)
Seat 5: BGS013 collected ($2.50)
Seat 6: Karolin77 (button) folded before Flop (didn't bet)



PokerStars Hand #254533862049:  Hold'em No Limit ($0.50/$1.00 USD) - 2025/01/24 19:54:10 WET [2025/01/24 14:54:10 ET]
Table 'Cuitlahuac IV' 6-max Seat #1 is the button
Seat 1: laloo246 ($100 in chips) 
Seat 2: Joker007r ($116.35 in chips) 
Seat 3: michasia ($118.95 in chips) 
Seat 4: BoyLoc0 ($137.33 in chips) 
Seat 5: BGS013 ($109.34 in chips) 
Seat 6: Karolin77 ($351.37 in chips) 
Joker007r: posts small blind $0.50
michasia: posts big blind $1
*** HOLE CARDS ***
BoyLoc0: raises $1.50 to $2.50
BGS013: folds 
Karolin77: folds 
laloo246: raises $5 to $7.50
Joker007r: folds 
michasia: folds 
BoyLoc0: calls $5
*** FLOP *** [Ks 5d Qs]
BoyLoc0: checks 
laloo246: bets $5.17
BoyLoc0: calls $5.17
*** TURN *** [Ks 5d Qs] [5s]
BoyLoc0: checks 
laloo246: checks 
*** RIVER *** [Ks 5d Qs 5s] [5h]
BoyLoc0: bets $8.42
laloo246: calls $8.42
*** SHOW DOWN ***
BoyLoc0: shows [Td 9d] (three of a kind, Fives)
laloo246: shows [Js Jd] (a full house, Fives full of Jacks)
laloo246 collected $41.50 from pot
*** SUMMARY ***
Total pot $43.68 | Rake $2.18 
Board [Ks 5d Qs 5s 5h]
Seat 1: laloo246 (button) showed [Js Jd] and won ($41.50) with a full house, Fives full of Jacks
Seat 2: Joker007r (small blind) folded before Flop
Seat 3: michasia (big blind) folded before Flop
Seat 4: BoyLoc0 showed [Td 9d] and lost with three of a kind, Fives
Seat 5: BGS013 folded before Flop (didn't bet)
Seat 6: Karolin77 folded before Flop (didn't bet)



PokerStars Hand #254533895782:  Hold'em No Limit ($0.50/$1.00 USD) - 2025/01/24 19:56:28 WET [2025/01/24 14:56:28 ET]
Table 'Cuitlahuac IV' 6-max Seat #2 is the button
Seat 1: laloo246 ($120.41 in chips) 
Seat 2: Joker007r ($115.85 in chips) 
Seat 3: michasia ($117.95 in chips) 
Seat 4: BoyLoc0 ($116.24 in chips) 
Seat 5: BGS013 ($109.34 in chips) 
Seat 6: Karolin77 ($351.37 in chips) 
michasia: posts small blind $0.50
BoyLoc0: posts big blind $1
*** HOLE CARDS ***
BGS013: folds 
Karolin77: folds 
laloo246: folds 
Joker007r: folds 
michasia: folds 
Uncalled bet ($0.50) returned to BoyLoc0
BoyLoc0 collected $1 from pot
BoyLoc0: doesn't show hand 
*** SUMMARY ***
Total pot $1 | Rake $0 
Seat 1: laloo246 folded before Flop (didn't bet)
Seat 2: Joker007r (button) folded before Flop (didn't bet)
Seat 3: michasia (small blind) folded before Flop
Seat 4: BoyLoc0 (big blind) collected ($1)
Seat 5: BGS013 folded before Flop (didn't bet)
Seat 6: Karolin77 folded before Flop (didn't bet)



PokerStars Hand #254533903061:  Hold'em No Limit ($0.50/$1.00 USD) - 2025/01/24 19:57:03 WET [2025/01/24 14:57:03 ET]
Table 'Cuitlahuac IV' 6-max Seat #3 is the button
Seat 1: laloo246 ($120.41 in chips) 
Seat 2: Joker007r ($115.85 in chips) 
Seat 3: michasia ($117.45 in chips) 
Seat 4: BoyLoc0 ($116.74 in chips) 
Seat 5: BGS013 ($109.34 in chips) 
Seat 6: Karolin77 ($351.37 in chips) 
BoyLoc0: posts small blind $0.50
BGS013: posts big blind $1
*** HOLE CARDS ***
Karolin77: folds 
laloo246: folds 
Joker007r: raises $1.50 to $2.50
michasia: folds 
BoyLoc0: folds 
BGS013: folds 
Uncalled bet ($1.50) returned to Joker007r
Joker007r collected $2.50 from pot
Joker007r: doesn't show hand 
*** SUMMARY ***
Total pot $2.50 | Rake $0 
Seat 1: laloo246 folded before Flop (didn't bet)
Seat 2: Joker007r collected ($2.50)
Seat 3: michasia (button) folded before Flop (didn't bet)
Seat 4: BoyLoc0 (small blind) folded before Flop
Seat 5: BGS013 (big blind) folded before Flop
Seat 6: Karolin77 folded before Flop (didn't bet)



PokerStars Hand #254533906128:  Hold'em No Limit ($0.50/$1.00 USD) - 2025/01/24 19:57:18 WET [2025/01/24 14:57:18 ET]
Table 'Cuitlahuac IV' 6-max Seat #4 is the button
Seat 1: laloo246 ($120.41 in chips) 
Seat 2: Joker007r ($117.35 in chips) 
Seat 3: michasia ($117.45 in chips) 
Seat 4: BoyLoc0 ($116.24 in chips) 
Seat 5: BGS013 ($108.34 in chips) 
Seat 6: Karolin77 ($351.37 in chips) 
BGS013: posts small blind $0.50
Karolin77: posts big blind $1
*** HOLE CARDS ***
laloo246: folds 
Joker007r: folds 
michasia: folds 
BoyLoc0: folds 
BGS013: folds 
Uncalled bet ($0.50) returned to Karolin77
Karolin77 collected $1 from pot
Karolin77: doesn't show hand 
*** SUMMARY ***
Total pot $1 | Rake $0 
Seat 1: laloo246 folded before Flop (didn't bet)
Seat 2: Joker007r folded before Flop (didn't bet)
Seat 3: michasia folded before Flop (didn't bet)
Seat 4: BoyLoc0 (button) folded before Flop (didn't bet)
Seat 5: BGS013 (small blind) folded before Flop
Seat 6: Karolin77 (big blind) collected ($1)



PokerStars Hand #254533912250:  Hold'em No Limit ($0.50/$1.00 USD) - 2025/01/24 19:57:46 WET [2025/01/24 14:57:46 ET]
Table 'Cuitlahuac IV' 6-max Seat #5 is the button
Seat 1: laloo246 ($120.41 in chips) 
Seat 2: Joker007r ($117.35 in chips) 
Seat 3: michasia ($117.45 in chips) 
Seat 4: BoyLoc0 ($116.24 in chips) 
Seat 5: BGS013 ($107.84 in chips) 
Seat 6: Karolin77 ($351.87 in chips) 
Karolin77: posts small blind $0.50
laloo246: posts big blind $1
*** HOLE CARDS ***
Joker007r: raises $2 to $3
michasia: folds 
BoyLoc0: folds 
BGS013: folds 
Karolin77: calls $2.50
laloo246: folds 
*** FLOP *** [Kc Ks 9c]
Karolin77: checks 
Joker007r: checks 
*** TURN *** [Kc Ks 9c] [3c]
Karolin77: checks 
Joker007r: bets $2.19
Karolin77: calls $2.19
*** RIVER *** [Kc Ks 9c 3c] [9s]
Karolin77: checks 
Joker007r: bets $5.62
Karolin77: calls $5.62
*** SHOW DOWN ***
Joker007r: shows [7d 7c] (two pair, Kings and Nines)
Karolin77: shows [Js Ad] (two pair, Kings and Nines - Ace kicker)
Karolin77 collected $21.49 from pot
*** SUMMARY ***
Total pot $22.62 | Rake $1.13 
Board [Kc Ks 9c 3c 9s]
Seat 1: laloo246 (big blind) folded before Flop
Seat 2: Joker007r showed [7d 7c] and lost with two pair, Kings and Nines
Seat 3: michasia folded before Flop (didn't bet)
Seat 4: BoyLoc0 folded before Flop (didn't bet)
Seat 5: BGS013 (button) folded before Flop (didn't bet)
Seat 6: Karolin77 (small blind) showed [Js Ad] and won ($21.49) with two pair, Kings and Nines



PokerStars Hand #254533922260:  Hold'em No Limit ($0.50/$1.00 USD) - 2025/01/24 19:58:34 WET [2025/01/24 14:58:34 ET]
Table 'Cuitlahuac IV' 6-max Seat #6 is the button
Seat 1: laloo246 ($119.41 in chips) 
Seat 2: Joker007r ($106.54 in chips) 
Seat 3: michasia ($117.45 in chips) 
Seat 4: BoyLoc0 ($116.24 in chips) 
Seat 5: BGS013 ($107.84 in chips) 
Seat 6: Karolin77 ($362.55 in chips) 
laloo246: posts small blind $0.50
Joker007r: posts big blind $1
*** HOLE CARDS ***
michasia: folds 
BoyLoc0: folds 
BGS013: folds 
Karolin77: folds 
laloo246: folds 
Uncalled bet ($0.50) returned to Joker007r
Joker007r collected $1 from pot
Joker007r: doesn't show hand 
*** SUMMARY ***
Total pot $1 | Rake $0 
Seat 1: laloo246 (small blind) folded before Flop
Seat 2: Joker007r (big blind) collected ($1)
Seat 3: michasia folded before Flop (didn't bet)
Seat 4: BoyLoc0 folded before Flop (didn't bet)
Seat 5: BGS013 folded before Flop (didn't bet)
Seat 6: Karolin77 (button) folded before Flop (didn't bet)



PokerStars Hand #254533926041:  Hold'em No Limit ($0.50/$1.00 USD) - 2025/01/24 19:58:52 WET [2025/01/24 14:58:52 ET]
Table 'Cuitlahuac IV' 6-max Seat #1 is the button
Seat 1: laloo246 ($118.91 in chips) 
Seat 2: Joker007r ($107.04 in chips) 
Seat 3: michasia ($117.45 in chips) 
Seat 4: BoyLoc0 ($116.24 in chips) 
Seat 5: BGS013 ($107.84 in chips) 
Seat 6: Karolin77 ($362.55 in chips) 
Joker007r: posts small blind $0.50
michasia: posts big blind $1
*** HOLE CARDS ***
BoyLoc0: raises $1.50 to $2.50
BGS013: folds 
Karolin77: folds 
laloo246: folds 
Joker007r: folds 
michasia: folds 
Uncalled bet ($1.50) returned to BoyLoc0
BoyLoc0 collected $2.50 from pot
BoyLoc0: doesn't show hand 
*** SUMMARY ***
Total pot $2.50 | Rake $0 
Seat 1: laloo246 (button) folded before Flop (didn't bet)
Seat 2: Joker007r (small blind) folded before Flop
Seat 3: michasia (big blind) folded before Flop
Seat 4: BoyLoc0 collected ($2.50)
Seat 5: BGS013 folded before Flop (didn't bet)
Seat 6: Karolin77 folded before Flop (didn't bet)



PokerStars Hand #254533929015:  Hold'em No Limit ($0.50/$1.00 USD) - 2025/01/24 19:59:06 WET [2025/01/24 14:59:06 ET]
Table 'Cuitlahuac IV' 6-max Seat #2 is the button
Seat 1: laloo246 ($118.91 in chips) 
Seat 2: Joker007r ($106.54 in chips) 
Seat 3: michasia ($116.45 in chips) 
Seat 4: BoyLoc0 ($117.74 in chips) 
Seat 5: BGS013 ($107.84 in chips) 
Seat 6: Karolin77 ($362.55 in chips) 
michasia: posts small blind $0.50
BoyLoc0: posts big blind $1
*** HOLE CARDS ***
BGS013: folds 
Karolin77: folds 
laloo246: folds 
Joker007r: folds 
michasia: raises $2 to $3
BoyLoc0: calls $2
*** FLOP *** [Td 3h 2h]
michasia: bets $1.88
BoyLoc0: calls $1.88
*** TURN *** [Td 3h 2h] [Js]
michasia: bets $13.90
BoyLoc0: folds 
Uncalled bet ($13.90) returned to michasia
michasia collected $9.27 from pot
michasia: doesn't show hand 
*** SUMMARY ***
Total pot $9.76 | Rake $0.49 
Board [Td 3h 2h Js]
Seat 1: laloo246 folded before Flop (didn't bet)
Seat 2: Joker007r (button) folded before Flop (didn't bet)
Seat 3: michasia (small blind) collected ($9.27)
Seat 4: BoyLoc0 (big blind) folded on the Turn
Seat 5: BGS013 folded before Flop (didn't bet)
Seat 6: Karolin77 folded before Flop (didn't bet)



PokerStars Hand #254533939231:  Hold'em No Limit ($0.50/$1.00 USD) - 2025/01/24 19:59:53 WET [2025/01/24 14:59:53 ET]
Table 'Cuitlahuac IV' 6-max Seat #3 is the button
Seat 1: laloo246 ($118.91 in chips) 
Seat 2: Joker007r ($106.54 in chips) 
Seat 3: michasia ($120.84 in chips) 
Seat 4: BoyLoc0 ($112.86 in chips) 
Seat 5: BGS013 ($107.84 in chips) 
Seat 6: Karolin77 ($362.55 in chips) 
BoyLoc0: posts small blind $0.50
BGS013: posts big blind $1
*** HOLE CARDS ***
Karolin77: raises $2 to $3
laloo246: folds 
Joker007r: folds 
michasia: raises $6 to $9
BoyLoc0: folds 
BGS013: folds 
Karolin77: calls $6
*** FLOP *** [2s Ah 2h]
Karolin77: bets $5
michasia: calls $5
*** TURN *** [2s Ah 2h] [9d]
Karolin77: bets $5
michasia: calls $5
*** RIVER *** [2s Ah 2h 9d] [Ac]
Karolin77: checks 
michasia: bets $37.52
Karolin77: folds 
Uncalled bet ($37.52) returned to michasia
michasia collected $37.52 from pot
michasia: doesn't show hand 
*** SUMMARY ***
Total pot $39.50 | Rake $1.98 
Board [2s Ah 2h 9d Ac]
Seat 1: laloo246 folded before Flop (didn't bet)
Seat 2: Joker007r folded before Flop (didn't bet)
Seat 3: michasia (button) collected ($37.52)
Seat 4: BoyLoc0 (small blind) folded before Flop
Seat 5: BGS013 (big blind) folded before Flop
Seat 6: Karolin77 folded on the River



PokerStars Hand #254533951864:  Hold'em No Limit ($0.50/$1.00 USD) - 2025/01/24 20:00:51 WET [2025/01/24 15:00:51 ET]
Table 'Cuitlahuac IV' 6-max Seat #4 is the button
Seat 1: laloo246 ($118.91 in chips) 
Seat 2: Joker007r ($106.54 in chips) 
Seat 3: michasia ($139.36 in chips) 
Seat 4: BoyLoc0 ($112.36 in chips) 
Seat 5: BGS013 ($106.84 in chips) 
Seat 6: Karolin77 ($343.55 in chips) 
BGS013: posts small blind $0.50
Karolin77: posts big blind $1
*** HOLE CARDS ***
laloo246: folds 
Joker007r: folds 
michasia: folds 
BoyLoc0: raises $1.50 to $2.50
BGS013: folds 
Karolin77: calls $1.50
*** FLOP *** [Jd 2s Tc]
Karolin77: bets $5
BoyLoc0: folds 
Uncalled bet ($5) returned to Karolin77
Karolin77 collected $5.22 from pot
Karolin77: doesn't show hand 
*** SUMMARY ***
Total pot $5.50 | Rake $0.28 
Board [Jd 2s Tc]
Seat 1: laloo246 folded before Flop (didn't bet)
Seat 2: Joker007r folded before Flop (didn't bet)
Seat 3: michasia folded before Flop (didn't bet)
Seat 4: BoyLoc0 (button) folded on the Flop
Seat 5: BGS013 (small blind) folded before Flop
Seat 6: Karolin77 (big blind) collected ($5.22)



PokerStars Hand #254533958436:  Hold'em No Limit ($0.50/$1.00 USD) - 2025/01/24 20:01:18 WET [2025/01/24 15:01:18 ET]
Table 'Cuitlahuac IV' 6-max Seat #5 is the button
Seat 1: laloo246 ($118.91 in chips) 
Seat 2: Joker007r ($106.54 in chips) 
Seat 3: michasia ($139.36 in chips) 
Seat 4: BoyLoc0 ($109.86 in chips) 
Seat 5: BGS013 ($106.34 in chips) 
Seat 6: Karolin77 ($346.27 in chips) 
Karolin77: posts small blind $0.50
laloo246: posts big blind $1
*** HOLE CARDS ***
Joker007r: folds 
michasia: folds 
BoyLoc0: raises $1.50 to $2.50
BGS013: folds 
Karolin77: calls $2
laloo246: folds 
*** FLOP *** [9h 7d 9c]
Karolin77: checks 
BoyLoc0: bets $4.28
Karolin77: calls $4.28
*** TURN *** [9h 7d 9c] [4h]
Karolin77: checks 
BoyLoc0: checks 
*** RIVER *** [9h 7d 9c 4h] [Qs]
Karolin77: checks 
BoyLoc0: bets $10.37
Karolin77: calls $10.37
*** SHOW DOWN ***
BoyLoc0: shows [Ts Qd] (two pair, Queens and Nines)
Karolin77: mucks hand 
BoyLoc0 collected $33.54 from pot
*** SUMMARY ***
Total pot $35.30 | Rake $1.76 
Board [9h 7d 9c 4h Qs]
Seat 1: laloo246 (big blind) folded before Flop
Seat 2: Joker007r folded before Flop (didn't bet)
Seat 3: michasia folded before Flop (didn't bet)
Seat 4: BoyLoc0 showed [Ts Qd] and won ($33.54) with two pair, Queens and Nines
Seat 5: BGS013 (button) folded before Flop (didn't bet)
Seat 6: Karolin77 (small blind) mucked



PokerStars Hand #254533969511:  Hold'em No Limit ($0.50/$1.00 USD) - 2025/01/24 20:02:00 WET [2025/01/24 15:02:00 ET]
Table 'Cuitlahuac IV' 6-max Seat #6 is the button
Seat 1: laloo246 ($117.91 in chips) 
Seat 2: Joker007r ($106.54 in chips) 
Seat 3: michasia ($139.36 in chips) 
Seat 4: BoyLoc0 ($126.25 in chips) 
Seat 5: BGS013 ($106.34 in chips) 
Seat 6: Karolin77 ($329.12 in chips) 
laloo246: posts small blind $0.50
Joker007r: posts big blind $1
*** HOLE CARDS ***
michasia: folds 
BoyLoc0: folds 
BGS013: folds 
Karolin77: folds 
laloo246: raises $2 to $3
Joker007r: folds 
Uncalled bet ($2) returned to laloo246
laloo246 collected $2 from pot
laloo246: doesn't show hand 
*** SUMMARY ***
Total pot $2 | Rake $0 
Seat 1: laloo246 (small blind) collected ($2)
Seat 2: Joker007r (big blind) folded before Flop
Seat 3: michasia folded before Flop (didn't bet)
Seat 4: BoyLoc0 folded before Flop (didn't bet)
Seat 5: BGS013 folded before Flop (didn't bet)
Seat 6: Karolin77 (button) folded before Flop (didn't bet)



PokerStars Hand #254533973177:  Hold'em No Limit ($0.50/$1.00 USD) - 2025/01/24 20:02:13 WET [2025/01/24 15:02:13 ET]
Table 'Cuitlahuac IV' 6-max Seat #1 is the button
Seat 1: laloo246 ($118.91 in chips) 
Seat 2: Joker007r ($105.54 in chips) 
Seat 3: michasia ($139.36 in chips) 
Seat 4: BoyLoc0 ($126.25 in chips) 
Seat 5: BGS013 ($106.34 in chips) 
Seat 6: Karolin77 ($329.12 in chips) 
Joker007r: posts small blind $0.50
michasia: posts big blind $1
*** HOLE CARDS ***
BoyLoc0: folds 
BGS013: folds 
Karolin77: folds 
laloo246: folds 
Joker007r: raises $2 to $3
michasia: calls $2
*** FLOP *** [8s 5c 6s]
Joker007r: checks 
michasia: checks 
*** TURN *** [8s 5c 6s] [Qh]
Joker007r: checks 
michasia: checks 
*** RIVER *** [8s 5c 6s Qh] [Ad]
Joker007r: bets $3.80
michasia: folds 
Uncalled bet ($3.80) returned to Joker007r
Joker007r collected $5.70 from pot
Joker007r: doesn't show hand 
*** SUMMARY ***
Total pot $6 | Rake $0.30 
Board [8s 5c 6s Qh Ad]
Seat 1: laloo246 (button) folded before Flop (didn't bet)
Seat 2: Joker007r (small blind) collected ($5.70)
Seat 3: michasia (big blind) folded on the River
Seat 4: BoyLoc0 folded before Flop (didn't bet)
Seat 5: BGS013 folded before Flop (didn't bet)
Seat 6: Karolin77 folded before Flop (didn't bet)



PokerStars Hand #254533980704:  Hold'em No Limit ($0.50/$1.00 USD) - 2025/01/24 20:02:39 WET [2025/01/24 15:02:39 ET]
Table 'Cuitlahuac IV' 6-max Seat #2 is the button
Seat 1: laloo246 ($118.91 in chips) 
Seat 2: Joker007r ($108.24 in chips) 
Seat 3: michasia ($136.36 in chips) 
Seat 4: BoyLoc0 ($126.25 in chips) 
Seat 5: BGS013 ($106.34 in chips) 
Seat 6: Karolin77 ($329.12 in chips) 
michasia: posts small blind $0.50
BoyLoc0: posts big blind $1
*** HOLE CARDS ***
BGS013: folds 
Karolin77: folds 
laloo246: raises $1.20 to $2.20
Joker007r: folds 
michasia: folds 
BoyLoc0: folds 
Uncalled bet ($1.20) returned to laloo246
laloo246 collected $2.50 from pot
laloo246: doesn't show hand 
*** SUMMARY ***
Total pot $2.50 | Rake $0 
Seat 1: laloo246 collected ($2.50)
Seat 2: Joker007r (button) folded before Flop (didn't bet)
Seat 3: michasia (small blind) folded before Flop
Seat 4: BoyLoc0 (big blind) folded before Flop
Seat 5: BGS013 folded before Flop (didn't bet)
Seat 6: Karolin77 folded before Flop (didn't bet)



PokerStars Hand #254533986361:  Hold'em No Limit ($0.50/$1.00 USD) - 2025/01/24 20:03:00 WET [2025/01/24 15:03:00 ET]
Table 'Cuitlahuac IV' 6-max Seat #3 is the button
Seat 1: laloo246 ($120.41 in chips) 
Seat 2: Joker007r ($108.24 in chips) 
Seat 3: michasia ($135.86 in chips) 
Seat 4: BoyLoc0 ($125.25 in chips) 
Seat 5: BGS013 ($106.34 in chips) 
Seat 6: Karolin77 ($329.12 in chips) 
BoyLoc0: posts small blind $0.50
BGS013: posts big blind $1
*** HOLE CARDS ***
Karolin77: folds 
laloo246: folds 
Joker007r: folds 
michasia: raises $1.80 to $2.80
BoyLoc0: folds 
BGS013: folds 
Uncalled bet ($1.80) returned to michasia
michasia collected $2.50 from pot
michasia: doesn't show hand 
*** SUMMARY ***
Total pot $2.50 | Rake $0 
Seat 1: laloo246 folded before Flop (didn't bet)
Seat 2: Joker007r folded before Flop (didn't bet)
Seat 3: michasia (button) collected ($2.50)
Seat 4: BoyLoc0 (small blind) folded before Flop
Seat 5: BGS013 (big blind) folded before Flop
Seat 6: Karolin77 folded before Flop (didn't bet)



PokerStars Hand #254533993102:  Hold'em No Limit ($0.50/$1.00 USD) - 2025/01/24 20:03:22 WET [2025/01/24 15:03:22 ET]
Table 'Cuitlahuac IV' 6-max Seat #4 is the button
Seat 1: laloo246 ($120.41 in chips) 
Seat 2: Joker007r ($108.24 in chips) 
Seat 3: michasia ($137.36 in chips) 
Seat 4: BoyLoc0 ($124.75 in chips) 
Seat 5: BGS013 ($105.34 in chips) 
Seat 6: Karolin77 ($329.12 in chips) 
BGS013: posts small blind $0.50
Karolin77: posts big blind $1
*** HOLE CARDS ***
laloo246: folds 
Joker007r: folds 
michasia: raises $1.80 to $2.80
BoyLoc0: folds 
BGS013: calls $2.30
Karolin77: calls $1.80
*** FLOP *** [Js 3s As]
BGS013: checks 
Karolin77: checks 
michasia: checks 
*** TURN *** [Js 3s As] [Kh]
BGS013: checks 
Karolin77: checks 
michasia: bets $5.32
BGS013: folds 
Karolin77: folds 
Uncalled bet ($5.32) returned to michasia
michasia collected $7.98 from pot
michasia: doesn't show hand 
*** SUMMARY ***
Total pot $8.40 | Rake $0.42 
Board [Js 3s As Kh]
Seat 1: laloo246 folded before Flop (didn't bet)
Seat 2: Joker007r folded before Flop (didn't bet)
Seat 3: michasia collected ($7.98)
Seat 4: BoyLoc0 (button) folded before Flop (didn't bet)
Seat 5: BGS013 (small blind) folded on the Turn
Seat 6: Karolin77 (big blind) folded on the Turn



PokerStars Hand #254534010266:  Hold'em No Limit ($0.50/$1.00 USD) - 2025/01/24 20:04:21 WET [2025/01/24 15:04:21 ET]
Table 'Cuitlahuac IV' 6-max Seat #5 is the button
Seat 1: laloo246 ($120.41 in chips) 
Seat 2: Joker007r ($108.24 in chips) 
Seat 3: michasia ($142.54 in chips) 
Seat 4: BoyLoc0 ($124.75 in chips) 
Seat 5: BGS013 ($102.54 in chips) 
Seat 6: Karolin77 ($326.32 in chips) 
Karolin77: posts small blind $0.50
laloo246: posts big blind $1
*** HOLE CARDS ***
Joker007r: folds 
michasia: folds 
BoyLoc0: folds 
BGS013: raises $1.50 to $2.50
Karolin77: raises $1.50 to $4
laloo246: folds 
BGS013: calls $1.50
*** FLOP *** [3d 2s 4d]
Karolin77: bets $4
BGS013: calls $4
*** TURN *** [3d 2s 4d] [2d]
Karolin77: bets $5
BGS013: calls $5
*** RIVER *** [3d 2s 4d 2d] [Th]
Karolin77: bets $5
BGS013: calls $5
*** SHOW DOWN ***
Karolin77: shows [6d 6s] (two pair, Sixes and Deuces)
BGS013: mucks hand 
Karolin77 collected $35.15 from pot
*** SUMMARY ***
Total pot $37 | Rake $1.85 
Board [3d 2s 4d 2d Th]
Seat 1: laloo246 (big blind) folded before Flop
Seat 2: Joker007r folded before Flop (didn't bet)
Seat 3: michasia folded before Flop (didn't bet)
Seat 4: BoyLoc0 folded before Flop (didn't bet)
Seat 5: BGS013 (button) mucked
Seat 6: Karolin77 (small blind) showed [6d 6s] and won ($35.15) with two pair, Sixes and Deuces



PokerStars Hand #254534032308:  Hold'em No Limit ($0.50/$1.00 USD) - 2025/01/24 20:05:35 WET [2025/01/24 15:05:35 ET]
Table 'Cuitlahuac IV' 6-max Seat #6 is the button
Seat 1: laloo246 ($119.41 in chips) 
Seat 2: Joker007r ($108.24 in chips) 
Seat 3: michasia ($142.54 in chips) 
Seat 4: BoyLoc0 ($124.75 in chips) 
Seat 5: BGS013 ($100 in chips) 
Seat 6: Karolin77 ($343.47 in chips) 
laloo246: posts small blind $0.50
Joker007r: posts big blind $1
*** HOLE CARDS ***
michasia: folds 
BoyLoc0: folds 
BGS013: folds 
Karolin77: folds 
laloo246: folds 
Uncalled bet ($0.50) returned to Joker007r
Joker007r collected $1 from pot
Joker007r: doesn't show hand 
*** SUMMARY ***
Total pot $1 | Rake $0 
Seat 1: laloo246 (small blind) folded before Flop
Seat 2: Joker007r (big blind) collected ($1)
Seat 3: michasia folded before Flop (didn't bet)
Seat 4: BoyLoc0 folded before Flop (didn't bet)
Seat 5: BGS013 folded before Flop (didn't bet)
Seat 6: Karolin77 (button) folded before Flop (didn't bet)



PokerStars Hand #254534035293:  Hold'em No Limit ($0.50/$1.00 USD) - 2025/01/24 20:05:44 WET [2025/01/24 15:05:44 ET]
Table 'Cuitlahuac IV' 6-max Seat #1 is the button
Seat 1: laloo246 ($118.91 in chips) 
Seat 2: Joker007r ($108.74 in chips) 
Seat 3: michasia ($142.54 in chips) 
Seat 4: BoyLoc0 ($124.75 in chips) 
Seat 5: BGS013 ($100 in chips) 
Seat 6: Karolin77 ($343.47 in chips) 
Joker007r: posts small blind $0.50
michasia: posts big blind $1
*** HOLE CARDS ***
BoyLoc0: folds 
BGS013: folds 
Karolin77: calls $1
laloo246: folds 
Joker007r: folds 
michasia: raises $2.50 to $3.50
Karolin77: calls $2.50
*** FLOP *** [8d Js 4d]
michasia: checks 
Karolin77: bets $5
michasia: calls $5
*** TURN *** [8d Js 4d] [Ac]
michasia: checks 
Karolin77: bets $5
michasia: calls $5
*** RIVER *** [8d Js 4d Ac] [Jc]
michasia: checks 
Karolin77: bets $15
michasia: calls $15
*** SHOW DOWN ***
Karolin77: shows [6d Jd] (three of a kind, Jacks)
michasia: shows [Jh 7h] (three of a kind, Jacks)
michasia collected $27.50 from pot
Karolin77 collected $27.50 from pot
*** SUMMARY ***
Total pot $57.50 | Rake $2.50 
Board [8d Js 4d Ac Jc]
Seat 1: laloo246 (button) folded before Flop (didn't bet)
Seat 2: Joker007r (small blind) folded before Flop
Seat 3: michasia (big blind) showed [Jh 7h] and won ($27.50) with three of a kind, Jacks
Seat 4: BoyLoc0 folded before Flop (didn't bet)
Seat 5: BGS013 folded before Flop (didn't bet)
Seat 6: Karolin77 showed [6d Jd] and won ($27.50) with three of a kind, Jacks



PokerStars Hand #254534052247:  Hold'em No Limit ($0.50/$1.00 USD) - 2025/01/24 20:06:40 WET [2025/01/24 15:06:40 ET]
Table 'Cuitlahuac IV' 6-max Seat #2 is the button
Seat 1: laloo246 ($118.91 in chips) 
Seat 2: Joker007r ($108.24 in chips) 
Seat 3: michasia ($141.54 in chips) 
Seat 4: BoyLoc0 ($124.75 in chips) 
Seat 5: BGS013 ($100 in chips) 
Seat 6: Karolin77 ($342.47 in chips) 
michasia: posts small blind $0.50
BoyLoc0: posts big blind $1
*** HOLE CARDS ***
BGS013: folds 
Karolin77: folds 
laloo246: folds 
Joker007r: folds 
michasia: raises $2 to $3
BoyLoc0: raises $7 to $10
michasia: folds 
Uncalled bet ($7) returned to BoyLoc0
BoyLoc0 collected $6 from pot
BoyLoc0: doesn't show hand 
*** SUMMARY ***
Total pot $6 | Rake $0 
Seat 1: laloo246 folded before Flop (didn't bet)
Seat 2: Joker007r (button) folded before Flop (didn't bet)
Seat 3: michasia (small blind) folded before Flop
Seat 4: BoyLoc0 (big blind) collected ($6)
Seat 5: BGS013 folded before Flop (didn't bet)
Seat 6: Karolin77 folded before Flop (didn't bet)



PokerStars Hand #254534061285:  Hold'em No Limit ($0.50/$1.00 USD) - 2025/01/24 20:07:10 WET [2025/01/24 15:07:10 ET]
Table 'Cuitlahuac IV' 6-max Seat #3 is the button
Seat 1: laloo246 ($118.91 in chips) 
Seat 2: Joker007r ($108.24 in chips) 
Seat 3: michasia ($138.54 in chips) 
Seat 4: BoyLoc0 ($127.75 in chips) 
Seat 5: BGS013 ($100 in chips) 
Seat 6: Karolin77 ($342.47 in chips) 
BoyLoc0: posts small blind $0.50
BGS013: posts big blind $1
*** HOLE CARDS ***
Karolin77: folds 
laloo246: raises $1.20 to $2.20
Joker007r: folds 
michasia: raises $4.40 to $6.60
BoyLoc0: folds 
BGS013: folds 
laloo246: folds 
Uncalled bet ($4.40) returned to michasia
michasia collected $5.90 from pot
michasia: doesn't show hand 
*** SUMMARY ***
Total pot $5.90 | Rake $0 
Seat 1: laloo246 folded before Flop
Seat 2: Joker007r folded before Flop (didn't bet)
Seat 3: michasia (button) collected ($5.90)
Seat 4: BoyLoc0 (small blind) folded before Flop
Seat 5: BGS013 (big blind) folded before Flop
Seat 6: Karolin77 folded before Flop (didn't bet)



PokerStars Hand #254534068203:  Hold'em No Limit ($0.50/$1.00 USD) - 2025/01/24 20:07:33 WET [2025/01/24 15:07:33 ET]
Table 'Cuitlahuac IV' 6-max Seat #4 is the button
Seat 1: laloo246 ($116.71 in chips) 
Seat 2: Joker007r ($108.24 in chips) 
Seat 3: michasia ($142.24 in chips) 
Seat 4: BoyLoc0 ($127.25 in chips) 
Seat 5: BGS013 ($100 in chips) 
Seat 6: Karolin77 ($342.47 in chips) 
BGS013: posts small blind $0.50
Karolin77: posts big blind $1
*** HOLE CARDS ***
laloo246: folds 
Joker007r: folds 
michasia: folds 
laloo246 leaves the table
BoyLoc0: raises $1.50 to $2.50
BGS013: calls $2
Karolin77: raises $1.50 to $4
BoyLoc0: folds 
BGS013: calls $1.50
*** FLOP *** [6c Jh Td]
BGS013: checks 
tintin641 joins the table at seat #1 
Karolin77: checks 
*** TURN *** [6c Jh Td] [8h]
BGS013: bets $14.50
Karolin77: folds 
Uncalled bet ($14.50) returned to BGS013
BGS013 collected $9.98 from pot
BGS013: doesn't show hand 
*** SUMMARY ***
Total pot $10.50 | Rake $0.52 
Board [6c Jh Td 8h]
Seat 1: laloo246 folded before Flop (didn't bet)
Seat 2: Joker007r folded before Flop (didn't bet)
Seat 3: michasia folded before Flop (didn't bet)
Seat 4: BoyLoc0 (button) folded before Flop
Seat 5: BGS013 (small blind) collected ($9.98)
Seat 6: Karolin77 (big blind) folded on the Turn



PokerStars Hand #254534085317:  Hold'em No Limit ($0.50/$1.00 USD) - 2025/01/24 20:08:29 WET [2025/01/24 15:08:29 ET]
Table 'Cuitlahuac IV' 6-max Seat #5 is the button
Seat 1: tintin641 ($100 in chips) 
Seat 2: Joker007r ($108.24 in chips) 
Seat 3: michasia ($142.24 in chips) 
Seat 4: BoyLoc0 ($124.75 in chips) 
Seat 5: BGS013 ($105.98 in chips) 
Seat 6: Karolin77 ($338.47 in chips) 
Karolin77: posts small blind $0.50
tintin641: posts big blind $1
*** HOLE CARDS ***
Joker007r: folds 
michasia: raises $1.60 to $2.60
BoyLoc0: folds 
BGS013: folds 
Karolin77: calls $2.10
tintin641: folds 
*** FLOP *** [2d 8d Kd]
Karolin77: bets $5
michasia: folds 
Uncalled bet ($5) returned to Karolin77
Karolin77 collected $5.89 from pot
Karolin77: doesn't show hand 
*** SUMMARY ***
Total pot $6.20 | Rake $0.31 
Board [2d 8d Kd]
Seat 1: tintin641 (big blind) folded before Flop
Seat 2: Joker007r folded before Flop (didn't bet)
Seat 3: michasia folded on the Flop
Seat 4: BoyLoc0 folded before Flop (didn't bet)
Seat 5: BGS013 (button) folded before Flop (didn't bet)
Seat 6: Karolin77 (small blind) collected ($5.89)



PokerStars Hand #254534092262:  Hold'em No Limit ($0.50/$1.00 USD) - 2025/01/24 20:08:52 WET [2025/01/24 15:08:52 ET]
Table 'Cuitlahuac IV' 6-max Seat #6 is the button
Seat 1: tintin641 ($100 in chips) 
Seat 2: Joker007r ($108.24 in chips) 
Seat 3: michasia ($139.64 in chips) 
Seat 4: BoyLoc0 ($124.75 in chips) 
Seat 5: BGS013 ($105.98 in chips) 
Seat 6: Karolin77 ($341.76 in chips) 
tintin641: posts small blind $0.50
Joker007r: posts big blind $1
*** HOLE CARDS ***
michasia: folds 
BoyLoc0: folds 
BGS013: folds 
Karolin77: folds 
tintin641: folds 
Uncalled bet ($0.50) returned to Joker007r
Joker007r collected $1 from pot
Joker007r: doesn't show hand 
*** SUMMARY ***
Total pot $1 | Rake $0 
Seat 1: tintin641 (small blind) folded before Flop
Seat 2: Joker007r (big blind) collected ($1)
Seat 3: michasia folded before Flop (didn't bet)
Seat 4: BoyLoc0 folded before Flop (didn't bet)
Seat 5: BGS013 folded before Flop (didn't bet)
Seat 6: Karolin77 (button) folded before Flop (didn't bet)



PokerStars Hand #254534097698:  Hold'em No Limit ($0.50/$1.00 USD) - 2025/01/24 20:09:09 WET [2025/01/24 15:09:09 ET]
Table 'Cuitlahuac IV' 6-max Seat #1 is the button
Seat 1: tintin641 ($100 in chips) 
Seat 2: Joker007r ($108.74 in chips) 
Seat 3: michasia ($139.64 in chips) 
Seat 4: BoyLoc0 ($124.75 in chips) 
Seat 5: BGS013 ($105.98 in chips) 
Seat 6: Karolin77 ($341.76 in chips) 
Joker007r: posts small blind $0.50
michasia: posts big blind $1
*** HOLE CARDS ***
BoyLoc0: folds 
BGS013: raises $1 to $2
Karolin77: folds 
tintin641: folds 
Joker007r: folds 
michasia: folds 
Uncalled bet ($1) returned to BGS013
BGS013 collected $2.50 from pot
BGS013: doesn't show hand 
*** SUMMARY ***
Total pot $2.50 | Rake $0 
Seat 1: tintin641 (button) folded before Flop (didn't bet)
Seat 2: Joker007r (small blind) folded before Flop
Seat 3: michasia (big blind) folded before Flop
Seat 4: BoyLoc0 folded before Flop (didn't bet)
Seat 5: BGS013 collected ($2.50)
Seat 6: Karolin77 folded before Flop (didn't bet)



PokerStars Hand #254534102385:  Hold'em No Limit ($0.50/$1.00 USD) - 2025/01/24 20:09:25 WET [2025/01/24 15:09:25 ET]
Table 'Cuitlahuac IV' 6-max Seat #2 is the button
Seat 1: tintin641 ($100 in chips) 
Seat 2: Joker007r ($108.24 in chips) 
Seat 3: michasia ($138.64 in chips) 
Seat 4: BoyLoc0 ($124.75 in chips) 
Seat 5: BGS013 ($107.48 in chips) 
Seat 6: Karolin77 ($341.76 in chips) 
michasia: posts small blind $0.50
BoyLoc0: posts big blind $1
*** HOLE CARDS ***
BGS013: folds 
Karolin77: calls $1
tintin641: folds 
Joker007r: raises $4 to $5
michasia: raises $10 to $15
BoyLoc0: folds 
Karolin77: folds 
Joker007r: folds 
Uncalled bet ($10) returned to michasia
michasia collected $12 from pot
michasia: doesn't show hand 
*** SUMMARY ***
Total pot $12 | Rake $0 
Seat 1: tintin641 folded before Flop (didn't bet)
Seat 2: Joker007r (button) folded before Flop
Seat 3: michasia (small blind) collected ($12)
Seat 4: BoyLoc0 (big blind) folded before Flop
Seat 5: BGS013 folded before Flop (didn't bet)
Seat 6: Karolin77 folded before Flop



PokerStars Hand #254534110241:  Hold'em No Limit ($0.50/$1.00 USD) - 2025/01/24 20:09:50 WET [2025/01/24 15:09:50 ET]
Table 'Cuitlahuac IV' 6-max Seat #3 is the button
Seat 1: tintin641 ($100 in chips) 
Seat 2: Joker007r ($103.24 in chips) 
Seat 3: michasia ($145.64 in chips) 
Seat 4: BoyLoc0 ($123.75 in chips) 
Seat 5: BGS013 ($107.48 in chips) 
Seat 6: Karolin77 ($340.76 in chips) 
BoyLoc0: posts small blind $0.50
BGS013: posts big blind $1
*** HOLE CARDS ***
Karolin77: folds 
tintin641: folds 
Joker007r: folds 
michasia: folds 
BoyLoc0: folds 
Uncalled bet ($0.50) returned to BGS013
BGS013 collected $1 from pot
BGS013: doesn't show hand 
*** SUMMARY ***
Total pot $1 | Rake $0 
Seat 1: tintin641 folded before Flop (didn't bet)
Seat 2: Joker007r folded before Flop (didn't bet)
Seat 3: michasia (button) folded before Flop (didn't bet)
Seat 4: BoyLoc0 (small blind) folded before Flop
Seat 5: BGS013 (big blind) collected ($1)
Seat 6: Karolin77 folded before Flop (didn't bet)



PokerStars Hand #254534115253:  Hold'em No Limit ($0.50/$1.00 USD) - 2025/01/24 20:10:07 WET [2025/01/24 15:10:07 ET]
Table 'Cuitlahuac IV' 6-max Seat #4 is the button
Seat 1: tintin641 ($100 in chips) 
Seat 2: Joker007r ($103.24 in chips) 
Seat 3: michasia ($145.64 in chips) 
Seat 4: BoyLoc0 ($123.25 in chips) 
Seat 5: BGS013 ($107.98 in chips) 
Seat 6: Karolin77 ($340.76 in chips) 
BGS013: posts small blind $0.50
Karolin77: posts big blind $1
*** HOLE CARDS ***
tintin641: folds 
Joker007r: folds 
michasia: raises $1.80 to $2.80
BoyLoc0: folds 
BGS013: folds 
Karolin77: calls $1.80
*** FLOP *** [3s 4c 2h]
Karolin77: bets $3
michasia: raises $6 to $9
Karolin77: calls $6
*** TURN *** [3s 4c 2h] [9c]
Karolin77: checks 
michasia: bets $28.63
Karolin77: folds 
Uncalled bet ($28.63) returned to michasia
michasia collected $22.90 from pot
michasia: doesn't show hand 
*** SUMMARY ***
Total pot $24.10 | Rake $1.20 
Board [3s 4c 2h 9c]
Seat 1: tintin641 folded before Flop (didn't bet)
Seat 2: Joker007r folded before Flop (didn't bet)
Seat 3: michasia collected ($22.90)
Seat 4: BoyLoc0 (button) folded before Flop (didn't bet)
Seat 5: BGS013 (small blind) folded before Flop
Seat 6: Karolin77 (big blind) folded on the Turn



PokerStars Hand #254534127609:  Hold'em No Limit ($0.50/$1.00 USD) - 2025/01/24 20:10:47 WET [2025/01/24 15:10:47 ET]
Table 'Cuitlahuac IV' 6-max Seat #5 is the button
Seat 1: tintin641 ($100 in chips) 
Seat 2: Joker007r ($103.24 in chips) 
Seat 3: michasia ($156.74 in chips) 
Seat 4: BoyLoc0 ($123.25 in chips) 
Seat 5: BGS013 ($107.48 in chips) 
Seat 6: Karolin77 ($328.96 in chips) 
Karolin77: posts small blind $0.50
tintin641: posts big blind $1
*** HOLE CARDS ***
Joker007r: folds 
michasia: folds 
BoyLoc0: raises $1.50 to $2.50
BGS013: folds 
Karolin77: calls $2
tintin641: folds 
*** FLOP *** [7d 8d Ac]
Karolin77: checks 
BoyLoc0: bets $1.88
Karolin77: calls $1.88
*** TURN *** [7d 8d Ac] [2s]
Karolin77: checks 
BoyLoc0: bets $4.64
Karolin77: calls $4.64
*** RIVER *** [7d 8d Ac 2s] [2c]
Karolin77: checks 
BoyLoc0: checks 
*** SHOW DOWN ***
Karolin77: shows [9d 6c] (a pair of Deuces)
BoyLoc0: shows [8h 9h] (two pair, Eights and Deuces)
BoyLoc0 collected $18.09 from pot
*** SUMMARY ***
Total pot $19.04 | Rake $0.95 
Board [7d 8d Ac 2s 2c]
Seat 1: tintin641 (big blind) folded before Flop
Seat 2: Joker007r folded before Flop (didn't bet)
Seat 3: michasia folded before Flop (didn't bet)
Seat 4: BoyLoc0 showed [8h 9h] and won ($18.09) with two pair, Eights and Deuces
Seat 5: BGS013 (button) folded before Flop (didn't bet)
Seat 6: Karolin77 (small blind) showed [9d 6c] and lost with a pair of Deuces



PokerStars Hand #254534139515:  Hold'em No Limit ($0.50/$1.00 USD) - 2025/01/24 20:11:25 WET [2025/01/24 15:11:25 ET]
Table 'Cuitlahuac IV' 6-max Seat #6 is the button
Seat 3: michasia ($156.74 in chips) is sitting out
Seat 1: tintin641 ($100 in chips) 
Seat 2: Joker007r ($103.24 in chips) 
Seat 4: BoyLoc0 ($132.32 in chips) 
Seat 5: BGS013 ($107.48 in chips) 
Seat 6: Karolin77 ($319.94 in chips) 
tintin641: posts small blind $0.50
Joker007r: posts big blind $1
*** HOLE CARDS ***
BoyLoc0: raises $1.50 to $2.50
BGS013: folds 
Karolin77: calls $2.50
tintin641: raises $11 to $13.50
Joker007r: folds 
BoyLoc0: folds 
Karolin77: calls $11
*** FLOP *** [As Jh 7c]
tintin641: bets $7.25
Karolin77: raises $7.25 to $14.50
tintin641: calls $7.25
*** TURN *** [As Jh 7c] [4c]
tintin641: checks 
Karolin77: bets $5
tintin641: calls $5
*** RIVER *** [As Jh 7c 4c] [9h]
tintin641: checks 
Karolin77: bets $5
tintin641: calls $5
*** SHOW DOWN ***
Karolin77: shows [Qc Ah] (a pair of Aces)
tintin641: mucks hand 
Karolin77 collected $77 from pot
*** SUMMARY ***
Total pot $79.50 | Rake $2.50 
Board [As Jh 7c 4c 9h]
Seat 3: michasia
Seat 1: tintin641 (small blind) mucked
Seat 2: Joker007r (big blind) folded before Flop
Seat 4: BoyLoc0 folded before Flop
Seat 5: BGS013 folded before Flop (didn't bet)
Seat 6: Karolin77 (button) showed [Qc Ah] and won ($77) with a pair of Aces



PokerStars Hand #254534166364:  Hold'em No Limit ($0.50/$1.00 USD) - 2025/01/24 20:12:53 WET [2025/01/24 15:12:53 ET]
Table 'Cuitlahuac IV' 6-max Seat #1 is the button
Seat 3: michasia ($156.74 in chips) is sitting out
Seat 1: tintin641 ($100 in chips) 
Seat 2: Joker007r ($102.24 in chips) 
Seat 4: BoyLoc0 ($129.82 in chips) 
Seat 5: BGS013 ($107.48 in chips) 
Seat 6: Karolin77 ($358.94 in chips) 
Joker007r: posts small blind $0.50
BoyLoc0: posts big blind $1
*** HOLE CARDS ***
BGS013: raises $1 to $2
Karolin77: calls $2
tintin641: folds 
Joker007r: folds 
BoyLoc0: calls $1
*** FLOP *** [Ks Ah Kh]
BoyLoc0: checks 
BGS013: checks 
Karolin77: checks 
*** TURN *** [Ks Ah Kh] [Th]
BoyLoc0: checks 
BGS013: checks 
Karolin77: checks 
*** RIVER *** [Ks Ah Kh Th] [8h]
BoyLoc0: checks 
BGS013: checks 
Karolin77: checks 
*** SHOW DOWN ***
BoyLoc0: shows [9c 8s] (two pair, Kings and Eights)
BGS013: shows [Jc Js] (two pair, Kings and Jacks)
Karolin77: mucks hand 
BGS013 collected $6.18 from pot
*** SUMMARY ***
Total pot $6.50 | Rake $0.32 
Board [Ks Ah Kh Th 8h]
Seat 3: michasia
Seat 1: tintin641 (button) folded before Flop (didn't bet)
Seat 2: Joker007r (small blind) folded before Flop
Seat 4: BoyLoc0 (big blind) showed [9c 8s] and lost with two pair, Kings and Eights
Seat 5: BGS013 showed [Jc Js] and won ($6.18) with two pair, Kings and Jacks
Seat 6: Karolin77 mucked



PokerStars Hand #254534185326:  Hold'em No Limit ($0.50/$1.00 USD) - 2025/01/24 20:13:55 WET [2025/01/24 15:13:55 ET]
Table 'Cuitlahuac IV' 6-max Seat #2 is the button
Seat 3: michasia ($156.74 in chips) is sitting out
Seat 1: tintin641 ($100 in chips) 
Seat 2: Joker007r ($101.74 in chips) 
Seat 4: BoyLoc0 ($127.82 in chips) 
Seat 5: BGS013 ($111.66 in chips) 
Seat 6: Karolin77 ($356.94 in chips) 
BoyLoc0: posts small blind $0.50
BGS013: posts big blind $1
*** HOLE CARDS ***
Karolin77: calls $1
tintin641: raises $3 to $4
Joker007r: folds 
BoyLoc0: folds 
BGS013: folds 
Karolin77: calls $3
*** FLOP *** [8c 5d 7s]
Karolin77: checks 
tintin641: checks 
*** TURN *** [8c 5d 7s] [Tc]
Karolin77: checks 
tintin641: checks 
*** RIVER *** [8c 5d 7s Tc] [6h]
Karolin77: bets $5
tintin641: folds 
Uncalled bet ($5) returned to Karolin77
Karolin77 collected $9.02 from pot
Karolin77: doesn't show hand 
*** SUMMARY ***
Total pot $9.50 | Rake $0.48 
Board [8c 5d 7s Tc 6h]
Seat 3: michasia
Seat 1: tintin641 folded on the River
Seat 2: Joker007r (button) folded before Flop (didn't bet)
Seat 4: BoyLoc0 (small blind) folded before Flop
Seat 5: BGS013 (big blind) folded before Flop
Seat 6: Karolin77 collected ($9.02)



PokerStars Hand #254534202412:  Hold'em No Limit ($0.50/$1.00 USD) - 2025/01/24 20:14:49 WET [2025/01/24 15:14:49 ET]
Table 'Cuitlahuac IV' 6-max Seat #4 is the button
Seat 3: michasia ($156.74 in chips) is sitting out
Seat 1: tintin641 ($100 in chips) 
Seat 2: Joker007r ($101.74 in chips) 
Seat 4: BoyLoc0 ($127.32 in chips) 
Seat 5: BGS013 ($110.66 in chips) 
Seat 6: Karolin77 ($361.96 in chips) 
BGS013: posts small blind $0.50
Karolin77: posts big blind $1
*** HOLE CARDS ***
tintin641: folds 
Joker007r: raises $1.50 to $2.50
BoyLoc0: folds 
BGS013: folds 
Karolin77: folds 
Uncalled bet ($1.50) returned to Joker007r
Joker007r collected $2.50 from pot
Joker007r: doesn't show hand 
*** SUMMARY ***
Total pot $2.50 | Rake $0 
Seat 3: michasia
Seat 1: tintin641 folded before Flop (didn't bet)
Seat 2: Joker007r collected ($2.50)
Seat 4: BoyLoc0 (button) folded before Flop (didn't bet)
Seat 5: BGS013 (small blind) folded before Flop
Seat 6: Karolin77 (big blind) folded before Flop



PokerStars Hand #254534206363:  Hold'em No Limit ($0.50/$1.00 USD) - 2025/01/24 20:15:02 WET [2025/01/24 15:15:02 ET]
Table 'Cuitlahuac IV' 6-max Seat #5 is the button
Seat 3: michasia ($156.74 in chips) is sitting out
Seat 1: tintin641 ($100 in chips) 
Seat 2: Joker007r ($103.24 in chips) 
Seat 4: BoyLoc0 ($127.32 in chips) 
Seat 5: BGS013 ($110.16 in chips) 
Seat 6: Karolin77 ($360.96 in chips) 
Karolin77: posts small blind $0.50
tintin641: posts big blind $1
*** HOLE CARDS ***
Joker007r: raises $2 to $3
BoyLoc0: calls $3
BGS013: folds 
Karolin77: calls $2.50
tintin641: folds 
*** FLOP *** [2c Qd Qh]
Karolin77: checks 
Joker007r: bets $3.14
BoyLoc0: folds 
Karolin77: folds 
Uncalled bet ($3.14) returned to Joker007r
Joker007r collected $9.50 from pot
Joker007r: doesn't show hand 
*** SUMMARY ***
Total pot $10 | Rake $0.50 
Board [2c Qd Qh]
Seat 3: michasia
Seat 1: tintin641 (big blind) folded before Flop
Seat 2: Joker007r collected ($9.50)
Seat 4: BoyLoc0 folded on the Flop
Seat 5: BGS013 (button) folded before Flop (didn't bet)
Seat 6: Karolin77 (small blind) folded on the Flop



PokerStars Hand #254534215126:  Hold'em No Limit ($0.50/$1.00 USD) - 2025/01/24 20:15:31 WET [2025/01/24 15:15:31 ET]
Table 'Cuitlahuac IV' 6-max Seat #6 is the button
Seat 3: michasia ($156.74 in chips) is sitting out
Seat 1: tintin641 ($100 in chips) 
Seat 2: Joker007r ($109.74 in chips) 
Seat 4: BoyLoc0 ($124.32 in chips) 
Seat 5: BGS013 ($110.16 in chips) 
Seat 6: Karolin77 ($357.96 in chips) 
tintin641: posts small blind $0.50
Joker007r: posts big blind $1
michasia: sits out 
*** HOLE CARDS ***
BoyLoc0: raises $1.50 to $2.50
BGS013: folds 
Karolin77: folds 
tintin641: folds 
Joker007r: folds 
Uncalled bet ($1.50) returned to BoyLoc0
BoyLoc0 collected $2.50 from pot
BoyLoc0: doesn't show hand 
*** SUMMARY ***
Total pot $2.50 | Rake $0 
Seat 3: michasia
Seat 1: tintin641 (small blind) folded before Flop
Seat 2: Joker007r (big blind) folded before Flop
Seat 4: BoyLoc0 collected ($2.50)
Seat 5: BGS013 folded before Flop (didn't bet)
Seat 6: Karolin77 (button) folded before Flop (didn't bet)



PokerStars Hand #254534219002:  Hold'em No Limit ($0.50/$1.00 USD) - 2025/01/24 20:15:43 WET [2025/01/24 15:15:43 ET]
Table 'Cuitlahuac IV' 6-max Seat #1 is the button
Seat 1: tintin641 ($100 in chips) 
Seat 2: Joker007r ($108.74 in chips) 
Seat 3: michasia ($156.74 in chips) 
Seat 4: BoyLoc0 ($125.82 in chips) 
Seat 5: BGS013 ($110.16 in chips) 
Seat 6: Karolin77 ($357.96 in chips) 
Joker007r: posts small blind $0.50
michasia: posts big blind $1
*** HOLE CARDS ***
BoyLoc0: folds 
BGS013: folds 
Karolin77: folds 
tintin641: folds 
Joker007r: raises $2 to $3
michasia: folds 
Uncalled bet ($2) returned to Joker007r
Joker007r collected $2 from pot
Joker007r: doesn't show hand 
*** SUMMARY ***
Total pot $2 | Rake $0 
Seat 1: tintin641 (button) folded before Flop (didn't bet)
Seat 2: Joker007r (small blind) collected ($2)
Seat 3: michasia (big blind) folded before Flop
Seat 4: BoyLoc0 folded before Flop (didn't bet)
Seat 5: BGS013 folded before Flop (didn't bet)
Seat 6: Karolin77 folded before Flop (didn't bet)



PokerStars Hand #254534224323:  Hold'em No Limit ($0.50/$1.00 USD) - 2025/01/24 20:16:01 WET [2025/01/24 15:16:01 ET]
Table 'Cuitlahuac IV' 6-max Seat #2 is the button
Seat 1: tintin641 ($100 in chips) 
Seat 2: Joker007r ($109.74 in chips) 
Seat 3: michasia ($155.74 in chips) 
Seat 4: BoyLoc0 ($125.82 in chips) 
Seat 5: BGS013 ($110.16 in chips) 
Seat 6: Karolin77 ($357.96 in chips) 
michasia: posts small blind $0.50
BoyLoc0: posts big blind $1
*** HOLE CARDS ***
BGS013: folds 
Karolin77: folds 
tintin641: raises $1.50 to $2.50
Joker007r: raises $5 to $7.50
michasia: folds 
BoyLoc0: folds 
tintin641: folds 
Uncalled bet ($5) returned to Joker007r
Joker007r collected $6.50 from pot
Joker007r: doesn't show hand 
*** SUMMARY ***
Total pot $6.50 | Rake $0 
Seat 1: tintin641 folded before Flop
Seat 2: Joker007r (button) collected ($6.50)
Seat 3: michasia (small blind) folded before Flop
Seat 4: BoyLoc0 (big blind) folded before Flop
Seat 5: BGS013 folded before Flop (didn't bet)
Seat 6: Karolin77 folded before Flop (didn't bet)



PokerStars Hand #254534232717:  Hold'em No Limit ($0.50/$1.00 USD) - 2025/01/24 20:16:28 WET [2025/01/24 15:16:28 ET]
Table 'Cuitlahuac IV' 6-max Seat #3 is the button
Seat 1: tintin641 ($100 in chips) 
Seat 2: Joker007r ($113.74 in chips) 
Seat 3: michasia ($155.24 in chips) 
Seat 4: BoyLoc0 ($124.82 in chips) 
Seat 5: BGS013 ($110.16 in chips) 
Seat 6: Karolin77 ($357.96 in chips) 
BoyLoc0: posts small blind $0.50
BGS013: posts big blind $1
*** HOLE CARDS ***
Karolin77: calls $1
tintin641: folds 
Joker007r: folds 
michasia: folds 
BoyLoc0: calls $0.50
BGS013: checks 
*** FLOP *** [7c Qh Kh]
BoyLoc0: checks 
BGS013: checks 
Karolin77: checks 
*** TURN *** [7c Qh Kh] [Jd]
BoyLoc0: checks 
BGS013: bets $2.22
Karolin77: calls $2.22
BoyLoc0: folds 
*** RIVER *** [7c Qh Kh Jd] [9h]
BGS013: bets $7
Karolin77: raises $18 to $25
BGS013: folds 
Uncalled bet ($18) returned to Karolin77
Karolin77 collected $20.37 from pot
Karolin77: doesn't show hand 
*** SUMMARY ***
Total pot $21.44 | Rake $1.07 
Board [7c Qh Kh Jd 9h]
Seat 1: tintin641 folded before Flop (didn't bet)
Seat 2: Joker007r folded before Flop (didn't bet)
Seat 3: michasia (button) folded before Flop (didn't bet)
Seat 4: BoyLoc0 (small blind) folded on the Turn
Seat 5: BGS013 (big blind) folded on the River
Seat 6: Karolin77 collected ($20.37)



PokerStars Hand #254534256981:  Hold'em No Limit ($0.50/$1.00 USD) - 2025/01/24 20:17:47 WET [2025/01/24 15:17:47 ET]
Table 'Cuitlahuac IV' 6-max Seat #4 is the button
Seat 1: tintin641 ($100 in chips) 
Seat 2: Joker007r ($113.74 in chips) 
Seat 3: michasia ($155.24 in chips) 
Seat 4: BoyLoc0 ($123.82 in chips) 
Seat 5: BGS013 ($100 in chips) 
Seat 6: Karolin77 ($368.11 in chips) 
BGS013: posts small blind $0.50
Karolin77: posts big blind $1
*** HOLE CARDS ***
tintin641: folds 
Joker007r: folds 
michasia: folds 
BoyLoc0: raises $1.50 to $2.50
BGS013: folds 
Karolin77: calls $1.50
*** FLOP *** [Jc 6s Kh]
Karolin77: checks 
BoyLoc0: checks 
*** TURN *** [Jc 6s Kh] [7d]
Karolin77: checks 
BoyLoc0: checks 
*** RIVER *** [Jc 6s Kh 7d] [2d]
Karolin77: bets $5
BoyLoc0: folds 
Uncalled bet ($5) returned to Karolin77
Karolin77 collected $5.22 from pot
Karolin77: doesn't show hand 
*** SUMMARY ***
Total pot $5.50 | Rake $0.28 
Board [Jc 6s Kh 7d 2d]
Seat 1: tintin641 folded before Flop (didn't bet)
Seat 2: Joker007r folded before Flop (didn't bet)
Seat 3: michasia folded before Flop (didn't bet)
Seat 4: BoyLoc0 (button) folded on the River
Seat 5: BGS013 (small blind) folded before Flop
Seat 6: Karolin77 (big blind) collected ($5.22)



PokerStars Hand #254534271055:  Hold'em No Limit ($0.50/$1.00 USD) - 2025/01/24 20:18:32 WET [2025/01/24 15:18:32 ET]
Table 'Cuitlahuac IV' 6-max Seat #5 is the button
Seat 1: tintin641 ($100 in chips) 
Seat 2: Joker007r ($113.74 in chips) 
Seat 3: michasia ($155.24 in chips) 
Seat 4: BoyLoc0 ($121.32 in chips) 
Seat 5: BGS013 ($100 in chips) 
Seat 6: Karolin77 ($370.83 in chips) 
Karolin77: posts small blind $0.50
tintin641: posts big blind $1
*** HOLE CARDS ***
Joker007r: folds 
michasia: folds 
BoyLoc0: folds 
BGS013: raises $1.50 to $2.50
Karolin77: folds 
tintin641: calls $1.50
*** FLOP *** [3s 2h 3h]
tintin641: checks 
BGS013: checks 
*** TURN *** [3s 2h 3h] [8c]
tintin641: checks 
BGS013: checks 
*** RIVER *** [3s 2h 3h 8c] [2s]
tintin641: checks 
BGS013: bets $4.07
tintin641: calls $4.07
*** SHOW DOWN ***
BGS013: shows [Js Qs] (two pair, Threes and Deuces)
tintin641: shows [Qd Kh] (two pair, Threes and Deuces - King kicker)
tintin641 collected $12.96 from pot
*** SUMMARY ***
Total pot $13.64 | Rake $0.68 
Board [3s 2h 3h 8c 2s]
Seat 1: tintin641 (big blind) showed [Qd Kh] and won ($12.96) with two pair, Threes and Deuces
Seat 2: Joker007r folded before Flop (didn't bet)
Seat 3: michasia folded before Flop (didn't bet)
Seat 4: BoyLoc0 folded before Flop (didn't bet)
Seat 5: BGS013 (button) showed [Js Qs] and lost with two pair, Threes and Deuces
Seat 6: Karolin77 (small blind) folded before Flop



PokerStars Hand #254534298482:  Hold'em No Limit ($0.50/$1.00 USD) - 2025/01/24 20:20:01 WET [2025/01/24 15:20:01 ET]
Table 'Cuitlahuac IV' 6-max Seat #6 is the button
Seat 1: tintin641 ($106.39 in chips) 
Seat 2: Joker007r ($113.74 in chips) 
Seat 3: michasia ($155.24 in chips) 
Seat 4: BoyLoc0 ($121.32 in chips) 
Seat 5: BGS013 ($100 in chips) 
Seat 6: Karolin77 ($370.33 in chips) 
tintin641: posts small blind $0.50
Joker007r: posts big blind $1
*** HOLE CARDS ***
michasia: folds 
BoyLoc0: folds 
BGS013: raises $1.50 to $2.50
Karolin77: calls $2.50
tintin641: folds 
Joker007r: folds 
*** FLOP *** [Jh Ad 2c]
BGS013: checks 
Karolin77: checks 
*** TURN *** [Jh Ad 2c] [9h]
BGS013: checks 
Karolin77: checks 
*** RIVER *** [Jh Ad 2c 9h] [9s]
BGS013: checks 
Karolin77: checks 
*** SHOW DOWN ***
BGS013: shows [8h 8c] (two pair, Nines and Eights)
Karolin77: mucks hand 
BGS013 collected $6.18 from pot
*** SUMMARY ***
Total pot $6.50 | Rake $0.32 
Board [Jh Ad 2c 9h 9s]
Seat 1: tintin641 (small blind) folded before Flop
Seat 2: Joker007r (big blind) folded before Flop
Seat 3: michasia folded before Flop (didn't bet)
Seat 4: BoyLoc0 folded before Flop (didn't bet)
Seat 5: BGS013 showed [8h 8c] and won ($6.18) with two pair, Nines and Eights
Seat 6: Karolin77 (button) mucked



PokerStars Hand #254534308077:  Hold'em No Limit ($0.50/$1.00 USD) - 2025/01/24 20:20:32 WET [2025/01/24 15:20:32 ET]
Table 'Cuitlahuac IV' 6-max Seat #1 is the button
Seat 1: tintin641 ($105.89 in chips) 
Seat 2: Joker007r ($112.74 in chips) 
Seat 3: michasia ($155.24 in chips) 
Seat 4: BoyLoc0 ($121.32 in chips) 
Seat 5: BGS013 ($103.68 in chips) 
Seat 6: Karolin77 ($367.83 in chips) 
Joker007r: posts small blind $0.50
michasia: posts big blind $1
*** HOLE CARDS ***
BoyLoc0: folds 
BGS013: folds 
Karolin77: folds 
tintin641: folds 
Joker007r: raises $2 to $3
michasia: calls $2
*** FLOP *** [3d Kc 6c]
Joker007r: bets $9.01
michasia: calls $9.01
*** TURN *** [3d Kc 6c] [9s]
Joker007r: checks 
michasia: checks 
*** RIVER *** [3d Kc 6c 9s] [2h]
Joker007r: checks 
michasia: checks 
*** SHOW DOWN ***
Joker007r: shows [5h Ah] (high card Ace)
michasia: shows [2c Qc] (a pair of Deuces)
michasia collected $22.82 from pot
*** SUMMARY ***
Total pot $24.02 | Rake $1.20 
Board [3d Kc 6c 9s 2h]
Seat 1: tintin641 (button) folded before Flop (didn't bet)
Seat 2: Joker007r (small blind) showed [5h Ah] and lost with high card Ace
Seat 3: michasia (big blind) showed [2c Qc] and won ($22.82) with a pair of Deuces
Seat 4: BoyLoc0 folded before Flop (didn't bet)
Seat 5: BGS013 folded before Flop (didn't bet)
Seat 6: Karolin77 folded before Flop (didn't bet)



PokerStars Hand #254534326423:  Hold'em No Limit ($0.50/$1.00 USD) - 2025/01/24 20:21:31 WET [2025/01/24 15:21:31 ET]
Table 'Cuitlahuac IV' 6-max Seat #2 is the button
Seat 1: tintin641 ($105.89 in chips) 
Seat 2: Joker007r ($100.73 in chips) 
Seat 3: michasia ($166.05 in chips) 
Seat 4: BoyLoc0 ($121.32 in chips) 
Seat 5: BGS013 ($103.68 in chips) 
Seat 6: Karolin77 ($367.83 in chips) 
michasia: posts small blind $0.50
BoyLoc0: posts big blind $1
*** HOLE CARDS ***
BGS013: folds 
Karolin77: calls $1
tintin641: folds 
Joker007r: raises $4 to $5
michasia: folds 
BoyLoc0: folds 
Karolin77: calls $4
*** FLOP *** [9c 6s Th]
Karolin77: checks 
Joker007r: bets $3.60
Karolin77: calls $3.60
*** TURN *** [9c 6s Th] [Jh]
Karolin77: checks 
Joker007r: bets $9.24
Karolin77: folds 
Uncalled bet ($9.24) returned to Joker007r
Joker007r collected $17.76 from pot
Joker007r: doesn't show hand 
*** SUMMARY ***
Total pot $18.70 | Rake $0.94 
Board [9c 6s Th Jh]
Seat 1: tintin641 folded before Flop (didn't bet)
Seat 2: Joker007r (button) collected ($17.76)
Seat 3: michasia (small blind) folded before Flop
Seat 4: BoyLoc0 (big blind) folded before Flop
Seat 5: BGS013 folded before Flop (didn't bet)
Seat 6: Karolin77 folded on the Turn



PokerStars Hand #254534342667:  Hold'em No Limit ($0.50/$1.00 USD) - 2025/01/24 20:22:24 WET [2025/01/24 15:22:24 ET]
Table 'Cuitlahuac IV' 6-max Seat #3 is the button
Seat 1: tintin641 ($105.89 in chips) 
Seat 2: Joker007r ($109.89 in chips) 
Seat 3: michasia ($165.55 in chips) 
Seat 4: BoyLoc0 ($120.32 in chips) 
Seat 5: BGS013 ($103.68 in chips) 
Seat 6: Karolin77 ($359.23 in chips) 
BoyLoc0: posts small blind $0.50
BGS013: posts big blind $1
*** HOLE CARDS ***
Karolin77: calls $1
tintin641: folds 
Joker007r: folds 
michasia: raises $2.50 to $3.50
BoyLoc0: calls $3
BGS013: folds 
Karolin77: calls $2.50
*** FLOP *** [2d 9c 2s]
BoyLoc0: checks 
Karolin77: checks 
michasia: bets $3.60
BoyLoc0: folds 
Karolin77: folds 
Uncalled bet ($3.60) returned to michasia
michasia collected $10.92 from pot
michasia: doesn't show hand 
*** SUMMARY ***
Total pot $11.50 | Rake $0.58 
Board [2d 9c 2s]
Seat 1: tintin641 folded before Flop (didn't bet)
Seat 2: Joker007r folded before Flop (didn't bet)
Seat 3: michasia (button) collected ($10.92)
Seat 4: BoyLoc0 (small blind) folded on the Flop
Seat 5: BGS013 (big blind) folded before Flop
Seat 6: Karolin77 folded on the Flop



PokerStars Hand #254534351009:  Hold'em No Limit ($0.50/$1.00 USD) - 2025/01/24 20:22:50 WET [2025/01/24 15:22:50 ET]
Table 'Cuitlahuac IV' 6-max Seat #4 is the button
Seat 1: tintin641 ($105.89 in chips) 
Seat 2: Joker007r ($109.89 in chips) 
Seat 3: michasia ($172.97 in chips) 
Seat 4: BoyLoc0 ($116.82 in chips) 
Seat 5: BGS013 ($102.68 in chips) 
Seat 6: Karolin77 ($355.73 in chips) 
BGS013: posts small blind $0.50
Karolin77: posts big blind $1
*** HOLE CARDS ***
tintin641: folds 
Joker007r: folds 
michasia: raises $1.80 to $2.80
BoyLoc0: folds 
BGS013: folds 
Karolin77: calls $1.80
*** FLOP *** [3c 8h Qh]
Karolin77: checks 
michasia: bets $1.91
Karolin77: calls $1.91
*** TURN *** [3c 8h Qh] [Ts]
Karolin77: checks 
michasia: checks 
*** RIVER *** [3c 8h Qh Ts] [Td]
Karolin77: bets $2
michasia: calls $2
*** SHOW DOWN ***
Karolin77: shows [Th 8d] (a full house, Tens full of Eights)
michasia: mucks hand 
Karolin77 collected $13.22 from pot
*** SUMMARY ***
Total pot $13.92 | Rake $0.70 
Board [3c 8h Qh Ts Td]
Seat 1: tintin641 folded before Flop (didn't bet)
Seat 2: Joker007r folded before Flop (didn't bet)
Seat 3: michasia mucked
Seat 4: BoyLoc0 (button) folded before Flop (didn't bet)
Seat 5: BGS013 (small blind) folded before Flop
Seat 6: Karolin77 (big blind) showed [Th 8d] and won ($13.22) with a full house, Tens full of Eights



PokerStars Hand #254534364639:  Hold'em No Limit ($0.50/$1.00 USD) - 2025/01/24 20:23:35 WET [2025/01/24 15:23:35 ET]
Table 'Cuitlahuac IV' 6-max Seat #5 is the button
Seat 1: tintin641 ($105.89 in chips) 
Seat 2: Joker007r ($109.89 in chips) 
Seat 3: michasia ($166.26 in chips) 
Seat 4: BoyLoc0 ($116.82 in chips) 
Seat 5: BGS013 ($102.18 in chips) 
Seat 6: Karolin77 ($362.24 in chips) 
Karolin77: posts small blind $0.50
tintin641: posts big blind $1
*** HOLE CARDS ***
Joker007r: raises $2 to $3
michasia: folds 
BoyLoc0: folds 
BGS013: folds 
Karolin77: calls $2.50
tintin641: folds 
*** FLOP *** [Qh 3c Qc]
Karolin77: checks 
Joker007r: bets $2.19
Karolin77: calls $2.19
*** TURN *** [Qh 3c Qc] [Td]
Karolin77: checks 
Joker007r: bets $17.08
Karolin77: folds 
Uncalled bet ($17.08) returned to Joker007r
Joker007r collected $10.81 from pot
Joker007r: doesn't show hand 
*** SUMMARY ***
Total pot $11.38 | Rake $0.57 
Board [Qh 3c Qc Td]
Seat 1: tintin641 (big blind) folded before Flop
Seat 2: Joker007r collected ($10.81)
Seat 3: michasia folded before Flop (didn't bet)
Seat 4: BoyLoc0 folded before Flop (didn't bet)
Seat 5: BGS013 (button) folded before Flop (didn't bet)
Seat 6: Karolin77 (small blind) folded on the Turn



PokerStars Hand #254534375985:  Hold'em No Limit ($0.50/$1.00 USD) - 2025/01/24 20:24:12 WET [2025/01/24 15:24:12 ET]
Table 'Cuitlahuac IV' 6-max Seat #6 is the button
Seat 1: tintin641 ($104.89 in chips) 
Seat 2: Joker007r ($115.51 in chips) 
Seat 3: michasia ($166.26 in chips) 
Seat 4: BoyLoc0 ($116.82 in chips) 
Seat 5: BGS013 ($102.18 in chips) 
Seat 6: Karolin77 ($357.05 in chips) 
tintin641: posts small blind $0.50
Joker007r: posts big blind $1
*** HOLE CARDS ***
michasia: folds 
BoyLoc0: folds 
BGS013: raises $1.50 to $2.50
Karolin77: calls $2.50
tintin641: folds 
Joker007r: folds 
*** FLOP *** [7s Jh 4h]
BGS013: checks 
Karolin77: checks 
*** TURN *** [7s Jh 4h] [Kh]
BGS013: checks 
Karolin77: checks 
*** RIVER *** [7s Jh 4h Kh] [2h]
BGS013: checks 
Karolin77: bets $5
BGS013: folds 
Uncalled bet ($5) returned to Karolin77
Karolin77 collected $6.18 from pot
Karolin77: doesn't show hand 
*** SUMMARY ***
Total pot $6.50 | Rake $0.32 
Board [7s Jh 4h Kh 2h]
Seat 1: tintin641 (small blind) folded before Flop
Seat 2: Joker007r (big blind) folded before Flop
Seat 3: michasia folded before Flop (didn't bet)
Seat 4: BoyLoc0 folded before Flop (didn't bet)
Seat 5: BGS013 folded on the River
Seat 6: Karolin77 (button) collected ($6.18)



PokerStars Hand #254534387642:  Hold'em No Limit ($0.50/$1.00 USD) - 2025/01/24 20:24:50 WET [2025/01/24 15:24:50 ET]
Table 'Cuitlahuac IV' 6-max Seat #1 is the button
Seat 1: tintin641 ($104.39 in chips) 
Seat 2: Joker007r ($114.51 in chips) 
Seat 3: michasia ($166.26 in chips) 
Seat 4: BoyLoc0 ($116.82 in chips) 
Seat 5: BGS013 ($100 in chips) 
Seat 6: Karolin77 ($360.73 in chips) 
Joker007r: posts small blind $0.50
michasia: posts big blind $1
*** HOLE CARDS ***
BoyLoc0: folds 
BGS013: raises $1 to $2
Karolin77: calls $2
tintin641: folds 
Joker007r: folds 
michasia: calls $1
*** FLOP *** [Jd Jh 3d]
michasia: checks 
BGS013: checks 
Karolin77: checks 
*** TURN *** [Jd Jh 3d] [Js]
michasia: checks 
BGS013: checks 
Karolin77: checks 
*** RIVER *** [Jd Jh 3d Js] [4s]
michasia: checks 
BGS013: bets $4.82
Karolin77: raises $4.82 to $9.64
michasia: folds 
BGS013: calls $4.82
*** SHOW DOWN ***
Karolin77: shows [Ks 3c] (a full house, Jacks full of Threes)
BGS013: shows [6h 6c] (a full house, Jacks full of Sixes)
BGS013 collected $24.49 from pot
*** SUMMARY ***
Total pot $25.78 | Rake $1.29 
Board [Jd Jh 3d Js 4s]
Seat 1: tintin641 (button) folded before Flop (didn't bet)
Seat 2: Joker007r (small blind) folded before Flop
Seat 3: michasia (big blind) folded on the River
Seat 4: BoyLoc0 folded before Flop (didn't bet)
Seat 5: BGS013 showed [6h 6c] and won ($24.49) with a full house, Jacks full of Sixes
Seat 6: Karolin77 showed [Ks 3c] and lost with a full house, Jacks full of Threes



PokerStars Hand #254534398539:  Hold'em No Limit ($0.50/$1.00 USD) - 2025/01/24 20:25:25 WET [2025/01/24 15:25:25 ET]
Table 'Cuitlahuac IV' 6-max Seat #2 is the button
Seat 1: tintin641 ($104.39 in chips) 
Seat 2: Joker007r ($114.01 in chips) 
Seat 3: michasia ($164.26 in chips) 
Seat 4: BoyLoc0 ($116.82 in chips) 
Seat 5: BGS013 ($112.85 in chips) 
Seat 6: Karolin77 ($349.09 in chips) 
michasia: posts small blind $0.50
BoyLoc0: posts big blind $1
*** HOLE CARDS ***
BGS013: folds 
Karolin77: calls $1
tintin641: folds 
Joker007r: folds 
michasia: folds 
BoyLoc0: raises $4 to $5
Karolin77: calls $4
*** FLOP *** [Qd 2d 5d]
BoyLoc0: bets $3.29
Karolin77: calls $3.29
*** TURN *** [Qd 2d 5d] [Kh]
BoyLoc0: bets $12.17
Karolin77: folds 
Uncalled bet ($12.17) returned to BoyLoc0
BoyLoc0 collected $16.23 from pot
BoyLoc0: doesn't show hand 
*** SUMMARY ***
Total pot $17.08 | Rake $0.85 
Board [Qd 2d 5d Kh]
Seat 1: tintin641 folded before Flop (didn't bet)
Seat 2: Joker007r (button) folded before Flop (didn't bet)
Seat 3: michasia (small blind) folded before Flop
Seat 4: BoyLoc0 (big blind) collected ($16.23)
Seat 5: BGS013 folded before Flop (didn't bet)
Seat 6: Karolin77 folded on the Turn



PokerStars Hand #254534415154:  Hold'em No Limit ($0.50/$1.00 USD) - 2025/01/24 20:26:19 WET [2025/01/24 15:26:19 ET]
Table 'Cuitlahuac IV' 6-max Seat #3 is the button
Seat 1: tintin641 ($104.39 in chips) 
Seat 2: Joker007r ($114.01 in chips) 
Seat 3: michasia ($163.76 in chips) 
Seat 4: BoyLoc0 ($124.76 in chips) 
Seat 5: BGS013 ($112.85 in chips) 
Seat 6: Karolin77 ($340.80 in chips) 
BoyLoc0: posts small blind $0.50
BGS013: posts big blind $1
*** HOLE CARDS ***
Karolin77: calls $1
tintin641: folds 
Joker007r: folds 
michasia: folds 
BoyLoc0: folds 
BGS013: raises $4 to $5
Karolin77: calls $4
*** FLOP *** [Qd Js Jh]
BGS013: checks 
Karolin77: checks 
*** TURN *** [Qd Js Jh] [8s]
BGS013: checks 
Karolin77: checks 
*** RIVER *** [Qd Js Jh 8s] [Tc]
BGS013: checks 
Karolin77: bets $15
BGS013: folds 
Uncalled bet ($15) returned to Karolin77
Karolin77 collected $9.98 from pot
Karolin77: doesn't show hand 
*** SUMMARY ***
Total pot $10.50 | Rake $0.52 
Board [Qd Js Jh 8s Tc]
Seat 1: tintin641 folded before Flop (didn't bet)
Seat 2: Joker007r folded before Flop (didn't bet)
Seat 3: michasia (button) folded before Flop (didn't bet)
Seat 4: BoyLoc0 (small blind) folded before Flop
Seat 5: BGS013 (big blind) folded on the River
Seat 6: Karolin77 collected ($9.98)



PokerStars Hand #254534430022:  Hold'em No Limit ($0.50/$1.00 USD) - 2025/01/24 20:27:06 WET [2025/01/24 15:27:06 ET]
Table 'Cuitlahuac IV' 6-max Seat #4 is the button
Seat 1: tintin641 ($104.39 in chips) 
Seat 2: Joker007r ($114.01 in chips) 
Seat 3: michasia ($163.76 in chips) 
Seat 4: BoyLoc0 ($124.26 in chips) 
Seat 5: BGS013 ($107.85 in chips) 
Seat 6: Karolin77 ($345.78 in chips) 
BGS013: posts small blind $0.50
Karolin77: posts big blind $1
*** HOLE CARDS ***
tintin641: folds 
Joker007r: folds 
michasia: raises $1.80 to $2.80
BoyLoc0: folds 
BGS013: folds 
Karolin77: folds 
Uncalled bet ($1.80) returned to michasia
michasia collected $2.50 from pot
michasia: doesn't show hand 
*** SUMMARY ***
Total pot $2.50 | Rake $0 
Seat 1: tintin641 folded before Flop (didn't bet)
Seat 2: Joker007r folded before Flop (didn't bet)
Seat 3: michasia collected ($2.50)
Seat 4: BoyLoc0 (button) folded before Flop (didn't bet)
Seat 5: BGS013 (small blind) folded before Flop
Seat 6: Karolin77 (big blind) folded before Flop



PokerStars Hand #254534432826:  Hold'em No Limit ($0.50/$1.00 USD) - 2025/01/24 20:27:15 WET [2025/01/24 15:27:15 ET]
Table 'Cuitlahuac IV' 6-max Seat #5 is the button
Seat 1: tintin641 ($104.39 in chips) 
Seat 2: Joker007r ($114.01 in chips) 
Seat 3: michasia ($165.26 in chips) 
Seat 4: BoyLoc0 ($124.26 in chips) 
Seat 5: BGS013 ($107.35 in chips) 
Seat 6: Karolin77 ($344.78 in chips) 
Karolin77: posts small blind $0.50
tintin641: posts big blind $1
*** HOLE CARDS ***
Joker007r: folds 
michasia: folds 
BoyLoc0: raises $1.50 to $2.50
BGS013: folds 
Karolin77: calls $2
tintin641: folds 
*** FLOP *** [Ts 3h 7s]
Karolin77: checks 
BoyLoc0: checks 
*** TURN *** [Ts 3h 7s] [Qd]
Karolin77: checks 
BoyLoc0: bets $4.28
Karolin77: folds 
Uncalled bet ($4.28) returned to BoyLoc0
BoyLoc0 collected $5.70 from pot
BoyLoc0: doesn't show hand 
*** SUMMARY ***
Total pot $6 | Rake $0.30 
Board [Ts 3h 7s Qd]
Seat 1: tintin641 (big blind) folded before Flop
Seat 2: Joker007r folded before Flop (didn't bet)
Seat 3: michasia folded before Flop (didn't bet)
Seat 4: BoyLoc0 collected ($5.70)
Seat 5: BGS013 (button) folded before Flop (didn't bet)
Seat 6: Karolin77 (small blind) folded on the Turn



PokerStars Hand #254534441702:  Hold'em No Limit ($0.50/$1.00 USD) - 2025/01/24 20:27:44 WET [2025/01/24 15:27:44 ET]
Table 'Cuitlahuac IV' 6-max Seat #6 is the button
Seat 1: tintin641 ($103.39 in chips) 
Seat 2: Joker007r ($114.01 in chips) 
Seat 3: michasia ($165.26 in chips) 
Seat 4: BoyLoc0 ($127.46 in chips) 
Seat 5: BGS013 ($107.35 in chips) 
Seat 6: Karolin77 ($342.28 in chips) 
tintin641: posts small blind $0.50
Joker007r: posts big blind $1
*** HOLE CARDS ***
michasia: raises $1.60 to $2.60
BoyLoc0: folds 
BGS013: folds 
Karolin77: folds 
tintin641: folds 
Joker007r: folds 
Uncalled bet ($1.60) returned to michasia
michasia collected $2.50 from pot
michasia: doesn't show hand 
*** SUMMARY ***
Total pot $2.50 | Rake $0 
Seat 1: tintin641 (small blind) folded before Flop
Seat 2: Joker007r (big blind) folded before Flop
Seat 3: michasia collected ($2.50)
Seat 4: BoyLoc0 folded before Flop (didn't bet)
Seat 5: BGS013 folded before Flop (didn't bet)
Seat 6: Karolin77 (button) folded before Flop (didn't bet)



PokerStars Hand #254534445676:  Hold'em No Limit ($0.50/$1.00 USD) - 2025/01/24 20:27:57 WET [2025/01/24 15:27:57 ET]
Table 'Cuitlahuac IV' 6-max Seat #1 is the button
Seat 1: tintin641 ($102.89 in chips) 
Seat 2: Joker007r ($113.01 in chips) 
Seat 3: michasia ($166.76 in chips) 
Seat 4: BoyLoc0 ($127.46 in chips) 
Seat 5: BGS013 ($107.35 in chips) 
Seat 6: Karolin77 ($342.28 in chips) 
Joker007r: posts small blind $0.50
michasia: posts big blind $1
*** HOLE CARDS ***
BoyLoc0: folds 
BGS013: folds 
Karolin77: calls $1
tintin641: folds 
Joker007r: folds 
michasia: raises $2.50 to $3.50
Karolin77: calls $2.50
*** FLOP *** [5h 6s Jd]
michasia: checks 
Karolin77: checks 
*** TURN *** [5h 6s Jd] [6d]
michasia: checks 
Karolin77: checks 
*** RIVER *** [5h 6s Jd 6d] [3s]
michasia: checks 
Karolin77: checks 
*** SHOW DOWN ***
michasia: shows [Ts Kc] (a pair of Sixes)
Karolin77: shows [7d As] (a pair of Sixes - Ace kicker)
Karolin77 collected $7.12 from pot
*** SUMMARY ***
Total pot $7.50 | Rake $0.38 
Board [5h 6s Jd 6d 3s]
Seat 1: tintin641 (button) folded before Flop (didn't bet)
Seat 2: Joker007r (small blind) folded before Flop
Seat 3: michasia (big blind) showed [Ts Kc] and lost with a pair of Sixes
Seat 4: BoyLoc0 folded before Flop (didn't bet)
Seat 5: BGS013 folded before Flop (didn't bet)
Seat 6: Karolin77 showed [7d As] and won ($7.12) with a pair of Sixes



PokerStars Hand #254534454704:  Hold'em No Limit ($0.50/$1.00 USD) - 2025/01/24 20:28:27 WET [2025/01/24 15:28:27 ET]
Table 'Cuitlahuac IV' 6-max Seat #2 is the button
Seat 1: tintin641 ($102.89 in chips) 
Seat 2: Joker007r ($112.51 in chips) 
Seat 3: michasia ($163.26 in chips) 
Seat 4: BoyLoc0 ($127.46 in chips) 
Seat 5: BGS013 ($107.35 in chips) 
Seat 6: Karolin77 ($345.90 in chips) 
michasia: posts small blind $0.50
BoyLoc0: posts big blind $1
*** HOLE CARDS ***
BGS013: folds 
Karolin77: calls $1
tintin641: folds 
Joker007r: raises $4 to $5
michasia: folds 
BoyLoc0: folds 
Karolin77: calls $4
*** FLOP *** [3s 8h 7s]
Karolin77: bets $5
Joker007r: raises $11 to $16
Karolin77: calls $11
*** TURN *** [3s 8h 7s] [6s]
Karolin77: checks 
Joker007r: bets $21.49
Karolin77: folds 
Uncalled bet ($21.49) returned to Joker007r
Joker007r collected $41.32 from pot
Joker007r: doesn't show hand 
*** SUMMARY ***
Total pot $43.50 | Rake $2.18 
Board [3s 8h 7s 6s]
Seat 1: tintin641 folded before Flop (didn't bet)
Seat 2: Joker007r (button) collected ($41.32)
Seat 3: michasia (small blind) folded before Flop
Seat 4: BoyLoc0 (big blind) folded before Flop
Seat 5: BGS013 folded before Flop (didn't bet)
Seat 6: Karolin77 folded on the Turn



PokerStars Hand #254534471901:  Hold'em No Limit ($0.50/$1.00 USD) - 2025/01/24 20:29:23 WET [2025/01/24 15:29:23 ET]
Table 'Cuitlahuac IV' 6-max Seat #3 is the button
Seat 1: tintin641 ($102.89 in chips) 
Seat 2: Joker007r ($132.83 in chips) 
Seat 3: michasia ($162.76 in chips) 
Seat 4: BoyLoc0 ($126.46 in chips) 
Seat 5: BGS013 ($107.35 in chips) 
Seat 6: Karolin77 ($324.90 in chips) 
BoyLoc0: posts small blind $0.50
BGS013: posts big blind $1
*** HOLE CARDS ***
Karolin77: calls $1
tintin641: folds 
Joker007r: folds 
michasia: folds 
BoyLoc0: folds 
BGS013: raises $4 to $5
Karolin77: calls $4
*** FLOP *** [7c 4c Kd]
BGS013: bets $2.59
Karolin77: calls $2.59
*** TURN *** [7c 4c Kd] [9d]
BGS013: bets $13
Karolin77: calls $13
*** RIVER *** [7c 4c Kd 9d] [7d]
BGS013: bets $30.89
Karolin77: calls $30.89
*** SHOW DOWN ***
BGS013: shows [9c Kc] (two pair, Kings and Nines)
Karolin77: mucks hand 
BGS013 collected $100.96 from pot
*** SUMMARY ***
Total pot $103.46 | Rake $2.50 
Board [7c 4c Kd 9d 7d]
Seat 1: tintin641 folded before Flop (didn't bet)
Seat 2: Joker007r folded before Flop (didn't bet)
Seat 3: michasia (button) folded before Flop (didn't bet)
Seat 4: BoyLoc0 (small blind) folded before Flop
Seat 5: BGS013 (big blind) showed [9c Kc] and won ($100.96) with two pair, Kings and Nines
Seat 6: Karolin77 mucked



PokerStars Hand #254534553051:  Hold'em No Limit ($0.50/$1.00 USD) - 2025/01/24 20:33:50 WET [2025/01/24 15:33:50 ET]
Table 'Cuitlahuac IV' 6-max Seat #6 is the button
Seat 4: BoyLoc0 ($124.46 in chips) is sitting out
Seat 1: tintin641 ($100 in chips) 
Seat 5: michasia ($119.40 in chips) 
Seat 6: Iseedora ($121.50 in chips) 
tintin641: posts small blind $0.50
BoyLoc0: is sitting out 
michasia: posts big blind $1
*** HOLE CARDS ***
Iseedora: folds 
tintin641: folds 
Uncalled bet ($0.50) returned to michasia
BoyLoc0 leaves the table
michasia collected $1 from pot
michasia: doesn't show hand 
*** SUMMARY ***
Total pot $1 | Rake $0 
Seat 4: BoyLoc0
Seat 1: tintin641 (small blind) folded before Flop
Seat 5: michasia (big blind) collected ($1)
Seat 6: Iseedora (button) folded before Flop (didn't bet)



PokerStars Hand #254534555242:  Hold'em No Limit ($0.50/$1.00 USD) - 2025/01/24 20:33:57 WET [2025/01/24 15:33:57 ET]
Table 'Cuitlahuac IV' 6-max Seat #5 is the button
Seat 6: Iseedora ($121.50 in chips) is sitting out
Seat 1: tintin641 ($100 in chips) 
Seat 5: michasia ($119.90 in chips) 
michasia: posts small blind $0.50
Iseedora: is sitting out 
tintin641: posts big blind $1
*** HOLE CARDS ***
Iseedora leaves the table
michasia: folds 
Uncalled bet ($0.50) returned to tintin641
tintin641 collected $1 from pot
tintin641: doesn't show hand 
*** SUMMARY ***
Total pot $1 | Rake $0 
Seat 6: Iseedora
Seat 1: tintin641 (big blind) collected ($1)
Seat 5: michasia (button) (small blind) folded before Flop



PokerStars Hand #254534557244:  Hold'em No Limit ($0.50/$1.00 USD) - 2025/01/24 20:34:04 WET [2025/01/24 15:34:04 ET]
Table 'Cuitlahuac IV' 6-max Seat #1 is the button
Seat 1: tintin641 ($100.50 in chips) 
Seat 5: michasia ($119.40 in chips) 
tintin641: posts small blind $0.50
michasia: posts big blind $1
*** HOLE CARDS ***
tintin641: raises $1.50 to $2.50
michasia: folds 
Uncalled bet ($1.50) returned to tintin641
tintin641 collected $2 from pot
tintin641: doesn't show hand 
*** SUMMARY ***
Total pot $2 | Rake $0 
Seat 1: tintin641 (button) (small blind) collected ($2)
Seat 5: michasia (big blind) folded before Flop



