PokerStars Hand #254525962002:  Hold'em No Limit ($0.50/$1.00 USD) - 2025/01/24 6:32:54 WET [2025/01/24 1:32:54 ET]
Table 'Automedon IV' 6-max Seat #2 is the button
Seat 5: saral1 ($5.32 in chips) is sitting out
Seat 2: Ryantoland25 ($8.42 in chips) 
Seat 3: belgianbeer2 ($144.36 in chips) 
Seat 4: B1GBankroll ($103.07 in chips) 
Seat 6: Palacios777 ($102.50 in chips) 
belgianbeer2: posts small blind $0.50
B1GBankroll: posts big blind $1
*** HOLE CARDS ***
Palacios777: folds 
Ryantoland25: folds 
belgianbeer2: folds 
Uncalled bet ($0.50) returned to B1GBankroll
B1GBankroll collected $1 from pot
B1GBankroll: doesn't show hand 
*** SUMMARY ***
Total pot $1 | Rake $0 
Seat 5: saral1
Seat 2: Ryantoland25 (button) folded before Flop (didn't bet)
Seat 3: belgianbeer2 (small blind) folded before Flop
Seat 4: B1GBankroll (big blind) collected ($1)
Seat 6: Palacios777 folded before Flop (didn't bet)



PokerStars Hand #254525963222:  Hold'em No Limit ($0.50/$1.00 USD) - 2025/01/24 6:33:10 WET [2025/01/24 1:33:10 ET]
Table 'Automedon IV' 6-max Seat #3 is the button
Seat 5: saral1 ($5.32 in chips) is sitting out
Seat 2: Ryantoland25 ($8.42 in chips) 
Seat 3: belgianbeer2 ($143.86 in chips) 
Seat 4: B1GBankroll ($103.57 in chips) 
Seat 6: Palacios777 ($102.50 in chips) 
B1GBankroll: posts small blind $0.50
Palacios777: posts big blind $1
*** HOLE CARDS ***
Ryantoland25: raises $1 to $2
belgianbeer2: raises $5.50 to $7.50
B1GBankroll: folds 
Palacios777: folds 
Ryantoland25: raises $0.92 to $8.42 and is all-in
belgianbeer2: calls $0.92
*** FLOP *** [4s 7s 3h]
*** TURN *** [4s 7s 3h] [6c]
*** RIVER *** [4s 7s 3h 6c] [4h]
*** SHOW DOWN ***
Ryantoland25: shows [Qc 7c] (two pair, Sevens and Fours)
belgianbeer2: shows [8s 9s] (a pair of Fours)
Ryantoland25 collected $17.42 from pot
saral1 leaves the table
ptolejmus joins the table at seat #1 
*** SUMMARY ***
Total pot $18.34 | Rake $0.92 
Board [4s 7s 3h 6c 4h]
Seat 5: saral1
Seat 2: Ryantoland25 showed [Qc 7c] and won ($17.42) with two pair, Sevens and Fours
Seat 3: belgianbeer2 (button) showed [8s 9s] and lost with a pair of Fours
Seat 4: B1GBankroll (small blind) folded before Flop
Seat 6: Palacios777 (big blind) folded before Flop



PokerStars Hand #254525965603:  Hold'em No Limit ($0.50/$1.00 USD) - 2025/01/24 6:33:41 WET [2025/01/24 1:33:41 ET]
Table 'Automedon IV' 6-max Seat #4 is the button
Seat 1: ptolejmus ($10 in chips) 
Seat 2: Ryantoland25 ($17.42 in chips) 
Seat 3: belgianbeer2 ($135.44 in chips) 
Seat 4: B1GBankroll ($103.07 in chips) 
Seat 6: Palacios777 ($101.50 in chips) 
Palacios777: posts small blind $0.50
ptolejmus: posts big blind $1
*** HOLE CARDS ***
Ryantoland25: raises $1 to $2
belgianbeer2: folds 
B1GBankroll: folds 
Palacios777: folds 
ptolejmus: raises $8 to $10 and is all-in
Ryantoland25: calls $8
*** FLOP *** [8s Ts 5c]
*** TURN *** [8s Ts 5c] [Jc]
*** RIVER *** [8s Ts 5c Jc] [Ks]
*** SHOW DOWN ***
ptolejmus: shows [Ac Kd] (a pair of Kings)
Ryantoland25: shows [9s Kh] (a pair of Kings - lower kicker)
ptolejmus collected $19.48 from pot
*** SUMMARY ***
Total pot $20.50 | Rake $1.02 
Board [8s Ts 5c Jc Ks]
Seat 1: ptolejmus (big blind) showed [Ac Kd] and won ($19.48) with a pair of Kings
Seat 2: Ryantoland25 showed [9s Kh] and lost with a pair of Kings
Seat 3: belgianbeer2 folded before Flop (didn't bet)
Seat 4: B1GBankroll (button) folded before Flop (didn't bet)
Seat 6: Palacios777 (small blind) folded before Flop



PokerStars Hand #254525967545:  Hold'em No Limit ($0.50/$1.00 USD) - 2025/01/24 6:34:06 WET [2025/01/24 1:34:06 ET]
Table 'Automedon IV' 6-max Seat #6 is the button
Seat 1: ptolejmus ($19.48 in chips) 
Seat 2: Ryantoland25 ($7.42 in chips) 
Seat 3: belgianbeer2 ($135.44 in chips) 
Seat 4: B1GBankroll ($103.07 in chips) 
Seat 6: Palacios777 ($101 in chips) 
ptolejmus: posts small blind $0.50
Ryantoland25: posts big blind $1
*** HOLE CARDS ***
belgianbeer2: folds 
B1GBankroll: folds 
Palacios777: folds 
ptolejmus: raises $18.48 to $19.48 and is all-in
Ryantoland25: calls $6.42 and is all-in
Uncalled bet ($12.06) returned to ptolejmus
*** FLOP *** [6h Qd 8s]
*** TURN *** [6h Qd 8s] [9c]
*** RIVER *** [6h Qd 8s 9c] [4h]
*** SHOW DOWN ***
ptolejmus: shows [Ks Js] (high card King)
Ryantoland25: shows [2c Ac] (high card Ace)
Ryantoland25 collected $14.10 from pot
*** SUMMARY ***
Total pot $14.84 | Rake $0.74 
Board [6h Qd 8s 9c 4h]
Seat 1: ptolejmus (small blind) showed [Ks Js] and lost with high card King
Seat 2: Ryantoland25 (big blind) showed [2c Ac] and won ($14.10) with high card Ace
Seat 3: belgianbeer2 folded before Flop (didn't bet)
Seat 4: B1GBankroll folded before Flop (didn't bet)
Seat 6: Palacios777 (button) folded before Flop (didn't bet)



PokerStars Hand #254525969751:  Hold'em No Limit ($0.50/$1.00 USD) - 2025/01/24 6:34:35 WET [2025/01/24 1:34:35 ET]
Table 'Automedon IV' 6-max Seat #1 is the button
Seat 1: ptolejmus ($12.06 in chips) 
Seat 2: Ryantoland25 ($14.10 in chips) 
Seat 3: belgianbeer2 ($135.44 in chips) 
Seat 4: B1GBankroll ($103.07 in chips) 
Seat 6: Palacios777 ($101 in chips) 
Ryantoland25: posts small blind $0.50
belgianbeer2: posts big blind $1
*** HOLE CARDS ***
B1GBankroll: folds 
Palacios777: folds 
ptolejmus: folds 
Ryantoland25: raises $1 to $2
Fold Your Cats joins the table at seat #5 
belgianbeer2: calls $1
*** FLOP *** [2s Qs Qh]
Ryantoland25: checks 
belgianbeer2: checks 
*** TURN *** [2s Qs Qh] [9d]
Ryantoland25: checks 
belgianbeer2: checks 
*** RIVER *** [2s Qs Qh 9d] [9s]
Ryantoland25: bets $5.80
belgianbeer2: folds 
Uncalled bet ($5.80) returned to Ryantoland25
Ryantoland25 collected $3.80 from pot
*** SUMMARY ***
Total pot $4 | Rake $0.20 
Board [2s Qs Qh 9d 9s]
Seat 1: ptolejmus (button) folded before Flop (didn't bet)
Seat 2: Ryantoland25 (small blind) collected ($3.80)
Seat 3: belgianbeer2 (big blind) folded on the River
Seat 4: B1GBankroll folded before Flop (didn't bet)
Seat 6: Palacios777 folded before Flop (didn't bet)



PokerStars Hand #254525973520:  Hold'em No Limit ($0.50/$1.00 USD) - 2025/01/24 6:35:24 WET [2025/01/24 1:35:24 ET]
Table 'Automedon IV' 6-max Seat #2 is the button
Seat 5: Fold Your Cats ($100 in chips) is sitting out
Seat 1: ptolejmus ($12.06 in chips) 
Seat 2: Ryantoland25 ($15.90 in chips) 
Seat 3: belgianbeer2 ($133.44 in chips) 
Seat 4: B1GBankroll ($103.07 in chips) 
Seat 6: Palacios777 ($101 in chips) 
belgianbeer2: posts small blind $0.50
B1GBankroll: posts big blind $1
Fold Your Cats: sits out 
*** HOLE CARDS ***
Palacios777: folds 
ptolejmus: folds 
Ryantoland25: raises $1 to $2
belgianbeer2: folds 
B1GBankroll: calls $1
*** FLOP *** [4s 9h Kd]
B1GBankroll: checks 
Ryantoland25: bets $3.14
B1GBankroll: folds 
Uncalled bet ($3.14) returned to Ryantoland25
Ryantoland25 collected $4.28 from pot
*** SUMMARY ***
Total pot $4.50 | Rake $0.22 
Board [4s 9h Kd]
Seat 5: Fold Your Cats
Seat 1: ptolejmus folded before Flop (didn't bet)
Seat 2: Ryantoland25 (button) collected ($4.28)
Seat 3: belgianbeer2 (small blind) folded before Flop
Seat 4: B1GBankroll (big blind) folded on the Flop
Seat 6: Palacios777 folded before Flop (didn't bet)



PokerStars Hand #254525976088:  Hold'em No Limit ($0.50/$1.00 USD) - 2025/01/24 6:35:58 WET [2025/01/24 1:35:58 ET]
Table 'Automedon IV' 6-max Seat #3 is the button
Seat 1: ptolejmus ($12.06 in chips) 
Seat 2: Ryantoland25 ($18.18 in chips) 
Seat 3: belgianbeer2 ($132.94 in chips) 
Seat 4: B1GBankroll ($101.07 in chips) 
Seat 5: Fold Your Cats ($100 in chips) 
Seat 6: Palacios777 ($101 in chips) 
B1GBankroll: posts small blind $0.50
Fold Your Cats: posts big blind $1
*** HOLE CARDS ***
Palacios777: folds 
ptolejmus: raises $1 to $2
Ryantoland25: folds 
belgianbeer2: folds 
B1GBankroll: folds 
Fold Your Cats: folds 
Uncalled bet ($1) returned to ptolejmus
ptolejmus collected $2.50 from pot
*** SUMMARY ***
Total pot $2.50 | Rake $0 
Seat 1: ptolejmus collected ($2.50)
Seat 2: Ryantoland25 folded before Flop (didn't bet)
Seat 3: belgianbeer2 (button) folded before Flop (didn't bet)
Seat 4: B1GBankroll (small blind) folded before Flop
Seat 5: Fold Your Cats (big blind) folded before Flop
Seat 6: Palacios777 folded before Flop (didn't bet)



PokerStars Hand #254525977938:  Hold'em No Limit ($0.50/$1.00 USD) - 2025/01/24 6:36:22 WET [2025/01/24 1:36:22 ET]
Table 'Automedon IV' 6-max Seat #4 is the button
Seat 1: ptolejmus ($13.56 in chips) 
Seat 2: Ryantoland25 ($18.18 in chips) 
Seat 3: belgianbeer2 ($132.94 in chips) 
Seat 4: B1GBankroll ($100.57 in chips) 
Seat 5: Fold Your Cats ($100 in chips) 
Seat 6: Palacios777 ($101 in chips) 
Fold Your Cats: posts small blind $0.50
Palacios777: posts big blind $1
*** HOLE CARDS ***
ptolejmus: raises $1 to $2
Ryantoland25: calls $2
belgianbeer2: folds 
B1GBankroll: folds 
Fold Your Cats: raises $11 to $13
Palacios777: folds 
ptolejmus: folds 
Ryantoland25: folds 
Uncalled bet ($11) returned to Fold Your Cats
Fold Your Cats collected $7 from pot
Fold Your Cats: doesn't show hand 
*** SUMMARY ***
Total pot $7 | Rake $0 
Seat 1: ptolejmus folded before Flop
Seat 2: Ryantoland25 folded before Flop
Seat 3: belgianbeer2 folded before Flop (didn't bet)
Seat 4: B1GBankroll (button) folded before Flop (didn't bet)
Seat 5: Fold Your Cats (small blind) collected ($7)
Seat 6: Palacios777 (big blind) folded before Flop



PokerStars Hand #254525980251:  Hold'em No Limit ($0.50/$1.00 USD) - 2025/01/24 6:36:52 WET [2025/01/24 1:36:52 ET]
Table 'Automedon IV' 6-max Seat #5 is the button
Seat 1: ptolejmus ($11.56 in chips) 
Seat 2: Ryantoland25 ($16.18 in chips) 
Seat 3: belgianbeer2 ($132.94 in chips) 
Seat 4: B1GBankroll ($100.57 in chips) 
Seat 5: Fold Your Cats ($105 in chips) 
Seat 6: Palacios777 ($100 in chips) 
Palacios777: posts small blind $0.50
ptolejmus: posts big blind $1
*** HOLE CARDS ***
Ryantoland25: folds 
belgianbeer2: folds 
B1GBankroll: folds 
Fold Your Cats: folds 
Palacios777: folds 
Uncalled bet ($0.50) returned to ptolejmus
ptolejmus collected $1 from pot
*** SUMMARY ***
Total pot $1 | Rake $0 
Seat 1: ptolejmus (big blind) collected ($1)
Seat 2: Ryantoland25 folded before Flop (didn't bet)
Seat 3: belgianbeer2 folded before Flop (didn't bet)
Seat 4: B1GBankroll folded before Flop (didn't bet)
Seat 5: Fold Your Cats (button) folded before Flop (didn't bet)
Seat 6: Palacios777 (small blind) folded before Flop



PokerStars Hand #254525981414:  Hold'em No Limit ($0.50/$1.00 USD) - 2025/01/24 6:37:07 WET [2025/01/24 1:37:07 ET]
Table 'Automedon IV' 6-max Seat #6 is the button
Seat 1: ptolejmus ($12.06 in chips) 
Seat 2: Ryantoland25 ($16.18 in chips) 
Seat 3: belgianbeer2 ($132.94 in chips) 
Seat 4: B1GBankroll ($100.57 in chips) 
Seat 5: Fold Your Cats ($105 in chips) 
Seat 6: Palacios777 ($100 in chips) 
ptolejmus: posts small blind $0.50
Ryantoland25: posts big blind $1
*** HOLE CARDS ***
belgianbeer2: folds 
B1GBankroll: folds 
Fold Your Cats: raises $1.50 to $2.50
Palacios777: folds 
ptolejmus: folds 
Ryantoland25: calls $1.50
*** FLOP *** [As 3d 2d]
Ryantoland25: bets $2.61
Fold Your Cats: calls $2.61
*** TURN *** [As 3d 2d] [Td]
Ryantoland25: checks 
Fold Your Cats: bets $12.50
Ryantoland25: folds 
Uncalled bet ($12.50) returned to Fold Your Cats
Fold Your Cats collected $10.18 from pot
Fold Your Cats: doesn't show hand 
*** SUMMARY ***
Total pot $10.72 | Rake $0.54 
Board [As 3d 2d Td]
Seat 1: ptolejmus (small blind) folded before Flop
Seat 2: Ryantoland25 (big blind) folded on the Turn
Seat 3: belgianbeer2 folded before Flop (didn't bet)
Seat 4: B1GBankroll folded before Flop (didn't bet)
Seat 5: Fold Your Cats collected ($10.18)
Seat 6: Palacios777 (button) folded before Flop (didn't bet)



PokerStars Hand #254525984281:  Hold'em No Limit ($0.50/$1.00 USD) - 2025/01/24 6:37:45 WET [2025/01/24 1:37:45 ET]
Table 'Automedon IV' 6-max Seat #1 is the button
Seat 1: ptolejmus ($11.56 in chips) 
Seat 2: Ryantoland25 ($11.07 in chips) 
Seat 3: belgianbeer2 ($132.94 in chips) 
Seat 4: B1GBankroll ($100.57 in chips) 
Seat 5: Fold Your Cats ($110.07 in chips) 
Seat 6: Palacios777 ($100 in chips) 
Ryantoland25: posts small blind $0.50
belgianbeer2: posts big blind $1
*** HOLE CARDS ***
B1GBankroll: folds 
Fold Your Cats: folds 
Palacios777: folds 
ptolejmus: folds 
Ryantoland25: raises $1 to $2
belgianbeer2: calls $1
*** FLOP *** [Jc 6h Jh]
Ryantoland25: checks 
belgianbeer2: bets $1.25
Ryantoland25: folds 
Uncalled bet ($1.25) returned to belgianbeer2
belgianbeer2 collected $3.80 from pot
belgianbeer2: doesn't show hand 
*** SUMMARY ***
Total pot $4 | Rake $0.20 
Board [Jc 6h Jh]
Seat 1: ptolejmus (button) folded before Flop (didn't bet)
Seat 2: Ryantoland25 (small blind) folded on the Flop
Seat 3: belgianbeer2 (big blind) collected ($3.80)
Seat 4: B1GBankroll folded before Flop (didn't bet)
Seat 5: Fold Your Cats folded before Flop (didn't bet)
Seat 6: Palacios777 folded before Flop (didn't bet)



PokerStars Hand #254525989994:  Hold'em No Limit ($0.50/$1.00 USD) - 2025/01/24 6:38:59 WET [2025/01/24 1:38:59 ET]
Table 'Automedon IV' 6-max Seat #2 is the button
Seat 1: ptolejmus ($11.56 in chips) 
Seat 2: Ryantoland25 ($9.07 in chips) 
Seat 3: belgianbeer2 ($134.74 in chips) 
Seat 4: B1GBankroll ($100.57 in chips) 
Seat 5: Fold Your Cats ($110.07 in chips) 
Seat 6: Palacios777 ($100 in chips) 
belgianbeer2: posts small blind $0.50
B1GBankroll: posts big blind $1
*** HOLE CARDS ***
Fold Your Cats: folds 
Palacios777: raises $1.20 to $2.20
ptolejmus: folds 
Ryantoland25: raises $6.87 to $9.07 and is all-in
belgianbeer2: folds 
B1GBankroll: folds 
Palacios777: calls $6.87
*** FLOP *** [6d As 2d]
*** TURN *** [6d As 2d] [9h]
*** RIVER *** [6d As 2d 9h] [3s]
*** SHOW DOWN ***
Palacios777: shows [Kh Kc] (a pair of Kings)
Ryantoland25: shows [Qh Ks] (high card Ace)
Palacios777 collected $18.66 from pot
*** SUMMARY ***
Total pot $19.64 | Rake $0.98 
Board [6d As 2d 9h 3s]
Seat 1: ptolejmus folded before Flop (didn't bet)
Seat 2: Ryantoland25 (button) showed [Qh Ks] and lost with high card Ace
Seat 3: belgianbeer2 (small blind) folded before Flop
Seat 4: B1GBankroll (big blind) folded before Flop
Seat 5: Fold Your Cats folded before Flop (didn't bet)
Seat 6: Palacios777 showed [Kh Kc] and won ($18.66) with a pair of Kings



PokerStars Hand #254525992643:  Hold'em No Limit ($0.50/$1.00 USD) - 2025/01/24 6:39:34 WET [2025/01/24 1:39:34 ET]
Table 'Automedon IV' 6-max Seat #3 is the button
Seat 2: Ryantoland25 ($0 in chips) is sitting out
Seat 1: ptolejmus ($11.56 in chips) 
Seat 3: belgianbeer2 ($134.24 in chips) 
Seat 4: B1GBankroll ($100 in chips) 
Seat 5: Fold Your Cats ($110.07 in chips) 
Seat 6: Palacios777 ($109.59 in chips) 
B1GBankroll: posts small blind $0.50
Fold Your Cats: posts big blind $1
*** HOLE CARDS ***
Ryantoland25 is disconnected 
Palacios777: folds 
ptolejmus: raises $1 to $2
belgianbeer2: folds 
B1GBankroll: folds 
Fold Your Cats: folds 
Uncalled bet ($1) returned to ptolejmus
ptolejmus collected $2.50 from pot
*** SUMMARY ***
Total pot $2.50 | Rake $0 
Seat 2: Ryantoland25
Seat 1: ptolejmus collected ($2.50)
Seat 3: belgianbeer2 (button) folded before Flop (didn't bet)
Seat 4: B1GBankroll (small blind) folded before Flop
Seat 5: Fold Your Cats (big blind) folded before Flop
Seat 6: Palacios777 folded before Flop (didn't bet)



PokerStars Hand #254525994641:  Hold'em No Limit ($0.50/$1.00 USD) - 2025/01/24 6:40:00 WET [2025/01/24 1:40:00 ET]
Table 'Automedon IV' 6-max Seat #4 is the button
Seat 2: Ryantoland25 ($0 in chips) is sitting out
Seat 1: ptolejmus ($13.06 in chips) 
Seat 3: belgianbeer2 ($134.24 in chips) 
Seat 4: B1GBankroll ($100 in chips) 
Seat 5: Fold Your Cats ($109.07 in chips) 
Seat 6: Palacios777 ($109.59 in chips) 
Fold Your Cats: posts small blind $0.50
Palacios777: posts big blind $1
*** HOLE CARDS ***
ptolejmus: folds 
belgianbeer2: folds 
B1GBankroll: raises $1.50 to $2.50
Fold Your Cats: raises $7.50 to $10
Palacios777: folds 
B1GBankroll: raises $13 to $23
Fold Your Cats: folds 
Uncalled bet ($13) returned to B1GBankroll
B1GBankroll collected $21 from pot
B1GBankroll: doesn't show hand 
*** SUMMARY ***
Total pot $21 | Rake $0 
Seat 2: Ryantoland25
Seat 1: ptolejmus folded before Flop (didn't bet)
Seat 3: belgianbeer2 folded before Flop (didn't bet)
Seat 4: B1GBankroll (button) collected ($21)
Seat 5: Fold Your Cats (small blind) folded before Flop
Seat 6: Palacios777 (big blind) folded before Flop



PokerStars Hand #254525997103:  Hold'em No Limit ($0.50/$1.00 USD) - 2025/01/24 6:40:31 WET [2025/01/24 1:40:31 ET]
Table 'Automedon IV' 6-max Seat #5 is the button
Seat 1: ptolejmus ($13.06 in chips) is sitting out
Seat 2: Ryantoland25 ($0 in chips) is sitting out
Seat 3: belgianbeer2 ($134.24 in chips) 
Seat 4: B1GBankroll ($111 in chips) 
Seat 5: Fold Your Cats ($100 in chips) 
Seat 6: Palacios777 ($108.59 in chips) 
Palacios777: posts small blind $0.50
ptolejmus: is sitting out 
belgianbeer2: posts big blind $1
*** HOLE CARDS ***
B1GBankroll: folds 
ptolejmus leaves the table
Fold Your Cats: folds 
Palacios777: folds 
Uncalled bet ($0.50) returned to belgianbeer2
belgianbeer2 collected $1 from pot
belgianbeer2: doesn't show hand 
*** SUMMARY ***
Total pot $1 | Rake $0 
Seat 1: ptolejmus
Seat 2: Ryantoland25
Seat 3: belgianbeer2 (big blind) collected ($1)
Seat 4: B1GBankroll folded before Flop (didn't bet)
Seat 5: Fold Your Cats (button) folded before Flop (didn't bet)
Seat 6: Palacios777 (small blind) folded before Flop



PokerStars Hand #254525998270:  Hold'em No Limit ($0.50/$1.00 USD) - 2025/01/24 6:40:46 WET [2025/01/24 1:40:46 ET]
Table 'Automedon IV' 6-max Seat #3 is the button
Seat 2: Ryantoland25 ($0 in chips) is sitting out
Seat 4: B1GBankroll ($111 in chips) is sitting out
Seat 5: Fold Your Cats ($100 in chips) is sitting out
Seat 3: belgianbeer2 ($134.74 in chips) 
Seat 6: Palacios777 ($108.09 in chips) 
belgianbeer2: posts small blind $0.50
B1GBankroll: is sitting out 
Fold Your Cats: is sitting out 
Palacios777: posts big blind $1
*** HOLE CARDS ***
B1GBankroll leaves the table
MoRsCeReBruM joins the table at seat #4 
Fold Your Cats leaves the table
belgianbeer2: raises $1.50 to $2.50
Palacios777: folds 
Uncalled bet ($1.50) returned to belgianbeer2
belgianbeer2 collected $2 from pot
belgianbeer2: doesn't show hand 
*** SUMMARY ***
Total pot $2 | Rake $0 
Seat 2: Ryantoland25
Seat 4: B1GBankroll
Seat 5: Fold Your Cats
Seat 3: belgianbeer2 (button) (small blind) collected ($2)
Seat 6: Palacios777 (big blind) folded before Flop



PokerStars Hand #254525999621:  Hold'em No Limit ($0.50/$1.00 USD) - 2025/01/24 6:41:04 WET [2025/01/24 1:41:04 ET]
Table 'Automedon IV' 6-max Seat #6 is the button
Seat 2: Ryantoland25 ($0 in chips) is sitting out
Seat 3: belgianbeer2 ($135.74 in chips) 
Seat 4: MoRsCeReBruM ($100 in chips) 
Seat 6: Palacios777 ($107.09 in chips) 
belgianbeer2: posts small blind $0.50
MoRsCeReBruM: posts big blind $1
*** HOLE CARDS ***
Palacios777: folds 
belgianbeer2: raises $1.50 to $2.50
MoRsCeReBruM: raises $6.50 to $9
belgianbeer2: raises $15.50 to $24.50
MoRsCeReBruM: calls $15.50
*** FLOP *** [Qs 8c 3c]
belgianbeer2: bets $24.87
MoRsCeReBruM: calls $24.87
*** TURN *** [Qs 8c 3c] [Jh]
belgianbeer2: bets $86.37 and is all-in
MoRsCeReBruM: calls $50.63 and is all-in
Uncalled bet ($35.74) returned to belgianbeer2
*** RIVER *** [Qs 8c 3c Jh] [Tc]
*** SHOW DOWN ***
belgianbeer2: shows [9c 7c] (a flush, Ten high)
MoRsCeReBruM: shows [Ac Qc] (a flush, Ace high)
MoRsCeReBruM collected $199 from pot
*** SUMMARY ***
Total pot $200 | Rake $1 
Board [Qs 8c 3c Jh Tc]
Seat 2: Ryantoland25
Seat 3: belgianbeer2 (small blind) showed [9c 7c] and lost with a flush, Ten high
Seat 4: MoRsCeReBruM (big blind) showed [Ac Qc] and won ($199) with a flush, Ace high
Seat 6: Palacios777 (button) folded before Flop (didn't bet)



PokerStars Hand #254526006707:  Hold'em No Limit ($0.50/$1.00 USD) - 2025/01/24 6:42:38 WET [2025/01/24 1:42:38 ET]
Table 'Automedon IV' 6-max Seat #4 is the button
Seat 2: Ryantoland25 ($0 in chips) is sitting out
Seat 6: Palacios777 ($107.09 in chips) is sitting out
Seat 3: belgianbeer2 ($100 in chips) 
Seat 4: MoRsCeReBruM ($199 in chips) 
MoRsCeReBruM: posts small blind $0.50
Palacios777: is sitting out 
belgianbeer2: posts big blind $1
*** HOLE CARDS ***
MoRsCeReBruM: raises $1.20 to $2.20
belgianbeer2: folds 
Uncalled bet ($1.20) returned to MoRsCeReBruM
MoRsCeReBruM collected $2 from pot
MoRsCeReBruM: doesn't show hand 
*** SUMMARY ***
Total pot $2 | Rake $0 
Seat 2: Ryantoland25
Seat 6: Palacios777
Seat 3: belgianbeer2 (big blind) folded before Flop
Seat 4: MoRsCeReBruM (button) (small blind) collected ($2)



PokerStars Hand #254525716252:  Hold'em No Limit ($0.50/$1.00 USD) - 2025/01/24 5:40:21 WET [2025/01/24 0:40:21 ET]
Table 'Automedon IV' 6-max Seat #2 is the button
Seat 2: Supermegopro ($103 in chips) 
Seat 3: LemonRogue0208 ($99 in chips) 
Seat 5: saral1 ($54.45 in chips) 
LemonRogue0208: posts small blind $0.50
saral1: posts big blind $1
*** HOLE CARDS ***
Supermegopro: folds 
LemonRogue0208: raises $2 to $3
saral1: folds 
Uncalled bet ($2) returned to LemonRogue0208
LemonRogue0208 collected $2 from pot
*** SUMMARY ***
Total pot $2 | Rake $0 
Seat 2: Supermegopro (button) folded before Flop (didn't bet)
Seat 3: LemonRogue0208 (small blind) collected ($2)
Seat 5: saral1 (big blind) folded before Flop



PokerStars Hand #254525717122:  Hold'em No Limit ($0.50/$1.00 USD) - 2025/01/24 5:40:32 WET [2025/01/24 0:40:32 ET]
Table 'Automedon IV' 6-max Seat #3 is the button
Seat 2: Supermegopro ($103 in chips) 
Seat 3: LemonRogue0208 ($100 in chips) 
Seat 5: saral1 ($53.45 in chips) 
saral1: posts small blind $0.50
Supermegopro: posts big blind $1
*** HOLE CARDS ***
LemonRogue0208: folds 
saral1: folds 
Uncalled bet ($0.50) returned to Supermegopro
Supermegopro collected $1 from pot
Supermegopro: doesn't show hand 
*** SUMMARY ***
Total pot $1 | Rake $0 
Seat 2: Supermegopro (big blind) collected ($1)
Seat 3: LemonRogue0208 (button) folded before Flop (didn't bet)
Seat 5: saral1 (small blind) folded before Flop



PokerStars Hand #254525717897:  Hold'em No Limit ($0.50/$1.00 USD) - 2025/01/24 5:40:41 WET [2025/01/24 0:40:41 ET]
Table 'Automedon IV' 6-max Seat #5 is the button
Seat 2: Supermegopro ($103.50 in chips) 
Seat 3: LemonRogue0208 ($100 in chips) 
Seat 5: saral1 ($52.95 in chips) 
Supermegopro: posts small blind $0.50
LemonRogue0208: posts big blind $1
*** HOLE CARDS ***
saral1: folds 
Supermegopro: folds 
Uncalled bet ($0.50) returned to LemonRogue0208
LemonRogue0208 collected $1 from pot
*** SUMMARY ***
Total pot $1 | Rake $0 
Seat 2: Supermegopro (small blind) folded before Flop
Seat 3: LemonRogue0208 (big blind) collected ($1)
Seat 5: saral1 (button) folded before Flop (didn't bet)



PokerStars Hand #254525718611:  Hold'em No Limit ($0.50/$1.00 USD) - 2025/01/24 5:40:49 WET [2025/01/24 0:40:49 ET]
Table 'Automedon IV' 6-max Seat #2 is the button
Seat 2: Supermegopro ($103 in chips) 
Seat 3: LemonRogue0208 ($100.50 in chips) 
Seat 5: saral1 ($52.95 in chips) 
LemonRogue0208: posts small blind $0.50
saral1: posts big blind $1
*** HOLE CARDS ***
Supermegopro: raises $2 to $3
LemonRogue0208: folds 
saral1: calls $2
*** FLOP *** [2s 5d Qs]
saral1: checks 
Supermegopro: bets $4.12
saral1: calls $4.12
*** TURN *** [2s 5d Qs] [9h]
saral1: checks 
Supermegopro: checks 
*** RIVER *** [2s 5d Qs 9h] [2d]
saral1: bets $11
Supermegopro: folds 
Uncalled bet ($11) returned to saral1
saral1 collected $14 from pot
*** SUMMARY ***
Total pot $14.74 | Rake $0.74 
Board [2s 5d Qs 9h 2d]
Seat 2: Supermegopro (button) folded on the River
Seat 3: LemonRogue0208 (small blind) folded before Flop
Seat 5: saral1 (big blind) collected ($14)



PokerStars Hand #254525721976:  Hold'em No Limit ($0.50/$1.00 USD) - 2025/01/24 5:41:30 WET [2025/01/24 0:41:30 ET]
Table 'Automedon IV' 6-max Seat #5 is the button
Seat 2: Supermegopro ($100 in chips) is sitting out
Seat 3: LemonRogue0208 ($100 in chips) 
Seat 5: saral1 ($59.83 in chips) 
saral1: posts small blind $0.50
Supermegopro: is sitting out 
LemonRogue0208: posts big blind $1
*** HOLE CARDS ***
Supermegopro leaves the table
saral1: folds 
Uncalled bet ($0.50) returned to LemonRogue0208
LemonRogue0208 collected $1 from pot
*** SUMMARY ***
Total pot $1 | Rake $0 
Seat 2: Supermegopro
Seat 3: LemonRogue0208 (big blind) collected ($1)
Seat 5: saral1 (button) (small blind) folded before Flop



PokerStars Hand #254525725423:  Hold'em No Limit ($0.50/$1.00 USD) - 2025/01/24 5:42:11 WET [2025/01/24 0:42:11 ET]
Table 'Automedon IV' 6-max Seat #6 is the button
Seat 2: EasyGamerrr ($100 in chips) 
Seat 5: saral1 ($59.33 in chips) 
Seat 6: socito ($100 in chips) 
EasyGamerrr: posts small blind $0.50
saral1: posts big blind $1
*** HOLE CARDS ***
socito: raises $1.50 to $2.50
EasyGamerrr: raises $8.50 to $11
saral1: folds 
socito: folds 
Uncalled bet ($8.50) returned to EasyGamerrr
EasyGamerrr collected $6 from pot
EasyGamerrr: doesn't show hand 
*** SUMMARY ***
Total pot $6 | Rake $0 
Seat 2: EasyGamerrr (small blind) collected ($6)
Seat 5: saral1 (big blind) folded before Flop
Seat 6: socito (button) folded before Flop



PokerStars Hand #254525728819:  Hold'em No Limit ($0.50/$1.00 USD) - 2025/01/24 5:42:51 WET [2025/01/24 0:42:51 ET]
Table 'Automedon IV' 6-max Seat #2 is the button
Seat 2: EasyGamerrr ($103.50 in chips) 
Seat 5: saral1 ($58.33 in chips) 
Seat 6: socito ($100 in chips) 
saral1: posts small blind $0.50
socito: posts big blind $1
*** HOLE CARDS ***
EasyGamerrr: folds 
saral1: raises $3 to $4
socito: folds 
Uncalled bet ($3) returned to saral1
saral1 collected $2 from pot
*** SUMMARY ***
Total pot $2 | Rake $0 
Seat 2: EasyGamerrr (button) folded before Flop (didn't bet)
Seat 5: saral1 (small blind) collected ($2)
Seat 6: socito (big blind) folded before Flop



PokerStars Hand #254525731825:  Hold'em No Limit ($0.50/$1.00 USD) - 2025/01/24 5:43:28 WET [2025/01/24 0:43:28 ET]
Table 'Automedon IV' 6-max Seat #5 is the button
Seat 2: EasyGamerrr ($103.50 in chips) 
Seat 5: saral1 ($59.33 in chips) 
Seat 6: socito ($100 in chips) 
socito: posts small blind $0.50
EasyGamerrr: posts big blind $1
*** HOLE CARDS ***
saral1: folds 
socito: raises $2 to $3
EasyGamerrr: folds 
Uncalled bet ($2) returned to socito
socito collected $2 from pot
socito: doesn't show hand 
*** SUMMARY ***
Total pot $2 | Rake $0 
Seat 2: EasyGamerrr (big blind) folded before Flop
Seat 5: saral1 (button) folded before Flop (didn't bet)
Seat 6: socito (small blind) collected ($2)



PokerStars Hand #254525733122:  Hold'em No Limit ($0.50/$1.00 USD) - 2025/01/24 5:43:44 WET [2025/01/24 0:43:44 ET]
Table 'Automedon IV' 6-max Seat #6 is the button
Seat 2: EasyGamerrr ($102.50 in chips) 
Seat 5: saral1 ($59.33 in chips) 
Seat 6: socito ($101 in chips) 
EasyGamerrr: posts small blind $0.50
saral1: posts big blind $1
*** HOLE CARDS ***
socito: raises $1.50 to $2.50
EasyGamerrr: folds 
saral1: calls $1.50
*** FLOP *** [4c 8s 3d]
Xenicide joins the table at seat #1 
saral1: checks 
socito: bets $1.72
saral1: calls $1.72
*** TURN *** [4c 8s 3d] [3c]
saral1: bets $6.49
socito: folds 
Uncalled bet ($6.49) returned to saral1
saral1 collected $8.49 from pot
*** SUMMARY ***
Total pot $8.94 | Rake $0.45 
Board [4c 8s 3d 3c]
Seat 2: EasyGamerrr (small blind) folded before Flop
Seat 5: saral1 (big blind) collected ($8.49)
Seat 6: socito (button) folded on the Turn



PokerStars Hand #254525738080:  Hold'em No Limit ($0.50/$1.00 USD) - 2025/01/24 5:44:44 WET [2025/01/24 0:44:44 ET]
Table 'Automedon IV' 6-max Seat #2 is the button
Seat 1: Xenicide ($100 in chips) is sitting out
Seat 2: EasyGamerrr ($102 in chips) 
Seat 5: saral1 ($63.60 in chips) 
Seat 6: socito ($100 in chips) 
saral1: posts small blind $0.50
socito: posts big blind $1
Xenicide: sits out 
*** HOLE CARDS ***
EasyGamerrr: raises $1.50 to $2.50
saral1: folds 
socito: calls $1.50
*** FLOP *** [4s 2c 5h]
socito: checks 
EasyGamerrr: bets $2.71
socito: folds 
Uncalled bet ($2.71) returned to EasyGamerrr
EasyGamerrr collected $5.22 from pot
EasyGamerrr: doesn't show hand 
*** SUMMARY ***
Total pot $5.50 | Rake $0.28 
Board [4s 2c 5h]
Seat 1: Xenicide
Seat 2: EasyGamerrr (button) collected ($5.22)
Seat 5: saral1 (small blind) folded before Flop
Seat 6: socito (big blind) folded on the Flop



PokerStars Hand #254525740612:  Hold'em No Limit ($0.50/$1.00 USD) - 2025/01/24 5:45:15 WET [2025/01/24 0:45:15 ET]
Table 'Automedon IV' 6-max Seat #5 is the button
Seat 1: Xenicide ($100 in chips) 
Seat 2: EasyGamerrr ($104.72 in chips) 
Seat 5: saral1 ($63.10 in chips) 
Seat 6: socito ($100 in chips) 
socito: posts small blind $0.50
Xenicide: posts big blind $1
*** HOLE CARDS ***
EasyGamerrr: raises $1.50 to $2.50
saral1: folds 
socito: folds 
Xenicide: folds 
Uncalled bet ($1.50) returned to EasyGamerrr
EasyGamerrr collected $2.50 from pot
EasyGamerrr: doesn't show hand 
*** SUMMARY ***
Total pot $2.50 | Rake $0 
Seat 1: Xenicide (big blind) folded before Flop
Seat 2: EasyGamerrr collected ($2.50)
Seat 5: saral1 (button) folded before Flop (didn't bet)
Seat 6: socito (small blind) folded before Flop



PokerStars Hand #254525755057:  Hold'em No Limit ($0.50/$1.00 USD) - 2025/01/24 5:48:13 WET [2025/01/24 0:48:13 ET]
Table 'Automedon IV' 6-max Seat #5 is the button
Seat 1: Xenicide ($103.57 in chips) 
Seat 5: saral1 ($61.60 in chips) 
Seat 6: socito ($111.95 in chips) 
socito: posts small blind $0.50
Xenicide: posts big blind $1
*** HOLE CARDS ***
saral1: folds 
socito: folds 
Uncalled bet ($0.50) returned to Xenicide
Xenicide collected $1 from pot
*** SUMMARY ***
Total pot $1 | Rake $0 
Seat 1: Xenicide (big blind) collected ($1)
Seat 5: saral1 (button) folded before Flop (didn't bet)
Seat 6: socito (small blind) folded before Flop



PokerStars Hand #254525756460:  Hold'em No Limit ($0.50/$1.00 USD) - 2025/01/24 5:48:30 WET [2025/01/24 0:48:30 ET]
Table 'Automedon IV' 6-max Seat #6 is the button
Seat 1: Xenicide ($104.07 in chips) 
Seat 5: saral1 ($61.60 in chips) 
Seat 6: socito ($111.45 in chips) 
Xenicide: posts small blind $0.50
saral1: posts big blind $1
*** HOLE CARDS ***
socito: folds 
Xenicide: folds 
Uncalled bet ($0.50) returned to saral1
saral1 collected $1 from pot
*** SUMMARY ***
Total pot $1 | Rake $0 
Seat 1: Xenicide (small blind) folded before Flop
Seat 5: saral1 (big blind) collected ($1)
Seat 6: socito (button) folded before Flop (didn't bet)



PokerStars Hand #254525757565:  Hold'em No Limit ($0.50/$1.00 USD) - 2025/01/24 5:48:44 WET [2025/01/24 0:48:44 ET]
Table 'Automedon IV' 6-max Seat #1 is the button
Seat 1: Xenicide ($103.57 in chips) 
Seat 5: saral1 ($62.10 in chips) 
Seat 6: socito ($111.45 in chips) 
saral1: posts small blind $0.50
socito: posts big blind $1
*** HOLE CARDS ***
Xenicide: raises $1.25 to $2.25
saral1: calls $1.75
socito: folds 
*** FLOP *** [4h 2s 6s]
saral1: checks 
Xenicide: bets $1.30
saral1: calls $1.30
*** TURN *** [4h 2s 6s] [5h]
saral1: checks 
Xenicide: checks 
*** RIVER *** [4h 2s 6s 5h] [Jh]
saral1: bets $4.70
Xenicide: folds 
Uncalled bet ($4.70) returned to saral1
saral1 collected $7.70 from pot
*** SUMMARY ***
Total pot $8.10 | Rake $0.40 
Board [4h 2s 6s 5h Jh]
Seat 1: Xenicide (button) folded on the River
Seat 5: saral1 (small blind) collected ($7.70)
Seat 6: socito (big blind) folded before Flop



PokerStars Hand #254525762209:  Hold'em No Limit ($0.50/$1.00 USD) - 2025/01/24 5:49:40 WET [2025/01/24 0:49:40 ET]
Table 'Automedon IV' 6-max Seat #5 is the button
Seat 1: Xenicide ($100.02 in chips) 
Seat 5: saral1 ($66.25 in chips) 
Seat 6: socito ($110.45 in chips) 
socito: posts small blind $0.50
Xenicide: posts big blind $1
*** HOLE CARDS ***
saral1: folds 
socito: folds 
Uncalled bet ($0.50) returned to Xenicide
Xenicide collected $1 from pot
*** SUMMARY ***
Total pot $1 | Rake $0 
Seat 1: Xenicide (big blind) collected ($1)
Seat 5: saral1 (button) folded before Flop (didn't bet)
Seat 6: socito (small blind) folded before Flop



PokerStars Hand #254525763775:  Hold'em No Limit ($0.50/$1.00 USD) - 2025/01/24 5:49:59 WET [2025/01/24 0:49:59 ET]
Table 'Automedon IV' 6-max Seat #6 is the button
Seat 1: Xenicide ($100.52 in chips) 
Seat 5: saral1 ($66.25 in chips) 
Seat 6: socito ($109.95 in chips) 
Xenicide: posts small blind $0.50
saral1: posts big blind $1
*** HOLE CARDS ***
socito: raises $1.50 to $2.50
Xenicide: folds 
saral1: folds 
Uncalled bet ($1.50) returned to socito
socito collected $2.50 from pot
socito: doesn't show hand 
*** SUMMARY ***
Total pot $2.50 | Rake $0 
Seat 1: Xenicide (small blind) folded before Flop
Seat 5: saral1 (big blind) folded before Flop
Seat 6: socito (button) collected ($2.50)



PokerStars Hand #254525765509:  Hold'em No Limit ($0.50/$1.00 USD) - 2025/01/24 5:50:20 WET [2025/01/24 0:50:20 ET]
Table 'Automedon IV' 6-max Seat #1 is the button
Seat 1: Xenicide ($100.02 in chips) 
Seat 5: saral1 ($65.25 in chips) 
Seat 6: socito ($111.45 in chips) 
saral1: posts small blind $0.50
socito: posts big blind $1
*** HOLE CARDS ***
Xenicide: folds 
saral1: folds 
Uncalled bet ($0.50) returned to socito
socito collected $1 from pot
socito: doesn't show hand 
*** SUMMARY ***
Total pot $1 | Rake $0 
Seat 1: Xenicide (button) folded before Flop (didn't bet)
Seat 5: saral1 (small blind) folded before Flop
Seat 6: socito (big blind) collected ($1)



PokerStars Hand #254525766192:  Hold'em No Limit ($0.50/$1.00 USD) - 2025/01/24 5:50:28 WET [2025/01/24 0:50:28 ET]
Table 'Automedon IV' 6-max Seat #5 is the button
Seat 1: Xenicide ($100.02 in chips) 
Seat 5: saral1 ($64.75 in chips) 
Seat 6: socito ($111.95 in chips) 
socito: posts small blind $0.50
Xenicide: posts big blind $1
*** HOLE CARDS ***
saral1: folds 
socito: folds 
Uncalled bet ($0.50) returned to Xenicide
Xenicide collected $1 from pot
*** SUMMARY ***
Total pot $1 | Rake $0 
Seat 1: Xenicide (big blind) collected ($1)
Seat 5: saral1 (button) folded before Flop (didn't bet)
Seat 6: socito (small blind) folded before Flop



PokerStars Hand #254525768133:  Hold'em No Limit ($0.50/$1.00 USD) - 2025/01/24 5:50:52 WET [2025/01/24 0:50:52 ET]
Table 'Automedon IV' 6-max Seat #6 is the button
Seat 1: Xenicide ($100.52 in chips) 
Seat 5: saral1 ($64.75 in chips) 
Seat 6: socito ($111.45 in chips) 
Xenicide: posts small blind $0.50
saral1: posts big blind $1
*** HOLE CARDS ***
socito: raises $1.50 to $2.50
Xenicide: folds 
saral1: raises $3.50 to $6
socito: calls $3.50
*** FLOP *** [Kc 2c Jd]
saral1: checks 
socito: bets $3.92
saral1: calls $3.92
*** TURN *** [Kc 2c Jd] [5s]
saral1: checks 
socito: bets $14.51
saral1: folds 
Uncalled bet ($14.51) returned to socito
socito collected $19.34 from pot
socito: doesn't show hand 
*** SUMMARY ***
Total pot $20.34 | Rake $1 
Board [Kc 2c Jd 5s]
Seat 1: Xenicide (small blind) folded before Flop
Seat 5: saral1 (big blind) folded on the Turn
Seat 6: socito (button) collected ($19.34)



PokerStars Hand #254525774560:  Hold'em No Limit ($0.50/$1.00 USD) - 2025/01/24 5:52:10 WET [2025/01/24 0:52:10 ET]
Table 'Automedon IV' 6-max Seat #1 is the button
Seat 1: Xenicide ($100.02 in chips) 
Seat 5: saral1 ($54.83 in chips) 
Seat 6: socito ($120.87 in chips) 
saral1: posts small blind $0.50
socito: posts big blind $1
*** HOLE CARDS ***
Xenicide: raises $1.25 to $2.25
saral1: folds 
socito: folds 
Uncalled bet ($1.25) returned to Xenicide
Xenicide collected $2.50 from pot
*** SUMMARY ***
Total pot $2.50 | Rake $0 
Seat 1: Xenicide (button) collected ($2.50)
Seat 5: saral1 (small blind) folded before Flop
Seat 6: socito (big blind) folded before Flop



PokerStars Hand #254525775460:  Hold'em No Limit ($0.50/$1.00 USD) - 2025/01/24 5:52:22 WET [2025/01/24 0:52:22 ET]
Table 'Automedon IV' 6-max Seat #5 is the button
Seat 1: Xenicide ($101.52 in chips) 
Seat 5: saral1 ($54.33 in chips) 
Seat 6: socito ($119.87 in chips) 
socito: posts small blind $0.50
Xenicide: posts big blind $1
*** HOLE CARDS ***
saral1: folds 
socito: folds 
Uncalled bet ($0.50) returned to Xenicide
Xenicide collected $1 from pot
*** SUMMARY ***
Total pot $1 | Rake $0 
Seat 1: Xenicide (big blind) collected ($1)
Seat 5: saral1 (button) folded before Flop (didn't bet)
Seat 6: socito (small blind) folded before Flop



PokerStars Hand #254525776512:  Hold'em No Limit ($0.50/$1.00 USD) - 2025/01/24 5:52:34 WET [2025/01/24 0:52:34 ET]
Table 'Automedon IV' 6-max Seat #6 is the button
Seat 1: Xenicide ($102.02 in chips) 
Seat 5: saral1 ($54.33 in chips) 
Seat 6: socito ($119.37 in chips) 
Xenicide: posts small blind $0.50
saral1: posts big blind $1
*** HOLE CARDS ***
socito: folds 
Xenicide: folds 
Uncalled bet ($0.50) returned to saral1
saral1 collected $1 from pot
*** SUMMARY ***
Total pot $1 | Rake $0 
Seat 1: Xenicide (small blind) folded before Flop
Seat 5: saral1 (big blind) collected ($1)
Seat 6: socito (button) folded before Flop (didn't bet)



PokerStars Hand #254525777240:  Hold'em No Limit ($0.50/$1.00 USD) - 2025/01/24 5:52:43 WET [2025/01/24 0:52:43 ET]
Table 'Automedon IV' 6-max Seat #1 is the button
Seat 1: Xenicide ($101.52 in chips) 
Seat 5: saral1 ($54.83 in chips) 
Seat 6: socito ($119.37 in chips) 
saral1: posts small blind $0.50
socito: posts big blind $1
*** HOLE CARDS ***
Xenicide: raises $1.25 to $2.25
saral1: folds 
socito: folds 
Uncalled bet ($1.25) returned to Xenicide
Xenicide collected $2.50 from pot
*** SUMMARY ***
Total pot $2.50 | Rake $0 
Seat 1: Xenicide (button) collected ($2.50)
Seat 5: saral1 (small blind) folded before Flop
Seat 6: socito (big blind) folded before Flop



PokerStars Hand #254525778641:  Hold'em No Limit ($0.50/$1.00 USD) - 2025/01/24 5:53:00 WET [2025/01/24 0:53:00 ET]
Table 'Automedon IV' 6-max Seat #5 is the button
Seat 1: Xenicide ($103.02 in chips) 
Seat 5: saral1 ($54.33 in chips) 
Seat 6: socito ($118.37 in chips) 
socito: posts small blind $0.50
Xenicide: posts big blind $1
*** HOLE CARDS ***
saral1: raises $2 to $3
socito: calls $2.50
Xenicide: folds 
*** FLOP *** [2c Kd Ks]
socito: checks 
saral1: checks 
*** TURN *** [2c Kd Ks] [9d]
socito: checks 
saral1: bets $3.33
socito: calls $3.33
*** RIVER *** [2c Kd Ks 9d] [Td]
socito: checks 
saral1: bets $9.98
socito: folds 
Uncalled bet ($9.98) returned to saral1
saral1 collected $12.98 from pot
*** SUMMARY ***
Total pot $13.66 | Rake $0.68 
Board [2c Kd Ks 9d Td]
Seat 1: Xenicide (big blind) folded before Flop
Seat 5: saral1 (button) collected ($12.98)
Seat 6: socito (small blind) folded on the River



PokerStars Hand #254525785782:  Hold'em No Limit ($0.50/$1.00 USD) - 2025/01/24 5:54:28 WET [2025/01/24 0:54:28 ET]
Table 'Automedon IV' 6-max Seat #6 is the button
Seat 1: Xenicide ($102.02 in chips) 
Seat 5: saral1 ($60.98 in chips) 
Seat 6: socito ($112.04 in chips) 
Xenicide: posts small blind $0.50
saral1: posts big blind $1
*** HOLE CARDS ***
socito: raises $1.50 to $2.50
Xenicide: folds 
saral1: folds 
Uncalled bet ($1.50) returned to socito
socito collected $2.50 from pot
socito: doesn't show hand 
*** SUMMARY ***
Total pot $2.50 | Rake $0 
Seat 1: Xenicide (small blind) folded before Flop
Seat 5: saral1 (big blind) folded before Flop
Seat 6: socito (button) collected ($2.50)



PokerStars Hand #254525786404:  Hold'em No Limit ($0.50/$1.00 USD) - 2025/01/24 5:54:36 WET [2025/01/24 0:54:36 ET]
Table 'Automedon IV' 6-max Seat #1 is the button
Seat 1: Xenicide ($101.52 in chips) 
Seat 5: saral1 ($59.98 in chips) 
Seat 6: socito ($113.54 in chips) 
saral1: posts small blind $0.50
socito: posts big blind $1
*** HOLE CARDS ***
Xenicide: folds 
saral1: folds 
Uncalled bet ($0.50) returned to socito
socito collected $1 from pot
socito: doesn't show hand 
*** SUMMARY ***
Total pot $1 | Rake $0 
Seat 1: Xenicide (button) folded before Flop (didn't bet)
Seat 5: saral1 (small blind) folded before Flop
Seat 6: socito (big blind) collected ($1)



PokerStars Hand #254525787102:  Hold'em No Limit ($0.50/$1.00 USD) - 2025/01/24 5:54:44 WET [2025/01/24 0:54:44 ET]
Table 'Automedon IV' 6-max Seat #5 is the button
Seat 1: Xenicide ($101.52 in chips) 
Seat 5: saral1 ($59.48 in chips) 
Seat 6: socito ($114.04 in chips) 
socito: posts small blind $0.50
Xenicide: posts big blind $1
*** HOLE CARDS ***
saral1: calls $1
socito: folds 
Xenicide: checks 
*** FLOP *** [2d 7d 6c]
Xenicide: checks 
saral1: checks 
*** TURN *** [2d 7d 6c] [Ts]
Xenicide: checks 
saral1: checks 
*** RIVER *** [2d 7d 6c Ts] [4h]
Xenicide: bets $3.57
saral1: folds 
Uncalled bet ($3.57) returned to Xenicide
Xenicide collected $2.38 from pot
*** SUMMARY ***
Total pot $2.50 | Rake $0.12 
Board [2d 7d 6c Ts 4h]
Seat 1: Xenicide (big blind) collected ($2.38)
Seat 5: saral1 (button) folded on the River
Seat 6: socito (small blind) folded before Flop



PokerStars Hand #254525789304:  Hold'em No Limit ($0.50/$1.00 USD) - 2025/01/24 5:55:12 WET [2025/01/24 0:55:12 ET]
Table 'Automedon IV' 6-max Seat #6 is the button
Seat 1: Xenicide ($102.90 in chips) 
Seat 5: saral1 ($58.48 in chips) 
Seat 6: socito ($113.54 in chips) 
Xenicide: posts small blind $0.50
saral1: posts big blind $1
*** HOLE CARDS ***
socito: raises $1.50 to $2.50
Xenicide: folds 
saral1: raises $1.50 to $4
socito: calls $1.50
*** FLOP *** [Tc 2h 7s]
saral1: checks 
socito: bets $2.67
saral1 is connected 
saral1: calls $2.67
*** TURN *** [Tc 2h 7s] [8d]
saral1: checks 
socito: checks 
*** RIVER *** [Tc 2h 7s 8d] [Qc]
saral1: bets $6.58
socito: calls $6.58
*** SHOW DOWN ***
saral1: shows [4h 4c] (a pair of Fours)
socito: shows [8c 9c] (a pair of Eights)
socito collected $26 from pot
*** SUMMARY ***
Total pot $27 | Rake $1 
Board [Tc 2h 7s 8d Qc]
Seat 1: Xenicide (small blind) folded before Flop
Seat 5: saral1 (big blind) showed [4h 4c] and lost with a pair of Fours
Seat 6: socito (button) showed [8c 9c] and won ($26) with a pair of Eights



PokerStars Hand #254525793751:  Hold'em No Limit ($0.50/$1.00 USD) - 2025/01/24 5:56:15 WET [2025/01/24 0:56:15 ET]
Table 'Automedon IV' 6-max Seat #1 is the button
Seat 1: Xenicide ($102.40 in chips) 
Seat 5: saral1 ($45.23 in chips) 
Seat 6: socito ($126.29 in chips) 
saral1: posts small blind $0.50
socito: posts big blind $1
*** HOLE CARDS ***
Xenicide: raises $1.25 to $2.25
saral1: calls $1.75
socito: folds 
*** FLOP *** [Jc 6d 4s]
saral1: checks 
Xenicide: bets $1.30
saral1: folds 
Uncalled bet ($1.30) returned to Xenicide
Xenicide collected $5.22 from pot
Xenicide: doesn't show hand 
*** SUMMARY ***
Total pot $5.50 | Rake $0.28 
Board [Jc 6d 4s]
Seat 1: Xenicide (button) collected ($5.22)
Seat 5: saral1 (small blind) folded on the Flop
Seat 6: socito (big blind) folded before Flop



PokerStars Hand #254525795379:  Hold'em No Limit ($0.50/$1.00 USD) - 2025/01/24 5:56:39 WET [2025/01/24 0:56:39 ET]
Table 'Automedon IV' 6-max Seat #5 is the button
Seat 1: Xenicide ($105.37 in chips) 
Seat 5: saral1 ($42.98 in chips) 
Seat 6: socito ($125.29 in chips) 
socito: posts small blind $0.50
Xenicide: posts big blind $1
*** HOLE CARDS ***
saral1: raises $2 to $3
socito: raises $6 to $9
Xenicide: folds 
saral1: folds 
Uncalled bet ($6) returned to socito
socito collected $7 from pot
socito: doesn't show hand 
*** SUMMARY ***
Total pot $7 | Rake $0 
Seat 1: Xenicide (big blind) folded before Flop
Seat 5: saral1 (button) folded before Flop
Seat 6: socito (small blind) collected ($7)



PokerStars Hand #254525796614:  Hold'em No Limit ($0.50/$1.00 USD) - 2025/01/24 5:56:57 WET [2025/01/24 0:56:57 ET]
Table 'Automedon IV' 6-max Seat #6 is the button
Seat 1: Xenicide ($104.37 in chips) 
Seat 5: saral1 ($39.98 in chips) 
Seat 6: socito ($129.29 in chips) 
Xenicide: posts small blind $0.50
saral1: posts big blind $1
*** HOLE CARDS ***
socito: raises $1.50 to $2.50
Xenicide: folds 
saral1: calls $1.50
*** FLOP *** [Qs 9c Jc]
saral1: checks 
socito: bets $2.61
saral1: folds 
Uncalled bet ($2.61) returned to socito
socito collected $5.22 from pot
socito: doesn't show hand 
*** SUMMARY ***
Total pot $5.50 | Rake $0.28 
Board [Qs 9c Jc]
Seat 1: Xenicide (small blind) folded before Flop
Seat 5: saral1 (big blind) folded on the Flop
Seat 6: socito (button) collected ($5.22)



PokerStars Hand #254525797716:  Hold'em No Limit ($0.50/$1.00 USD) - 2025/01/24 5:57:13 WET [2025/01/24 0:57:13 ET]
Table 'Automedon IV' 6-max Seat #1 is the button
Seat 1: Xenicide ($103.87 in chips) 
Seat 5: saral1 ($37.48 in chips) 
Seat 6: socito ($132.01 in chips) 
saral1: posts small blind $0.50
socito: posts big blind $1
*** HOLE CARDS ***
Xenicide: raises $1.25 to $2.25
saral1: folds 
socito: calls $1.25
*** FLOP *** [Tc Ah 3c]
socito: checks 
Xenicide: bets $5.94
socito: calls $5.94
*** TURN *** [Tc Ah 3c] [Kd]
socito: checks 
Xenicide: bets $24.06
socito: folds 
Uncalled bet ($24.06) returned to Xenicide
Xenicide collected $16.04 from pot
Xenicide: doesn't show hand 
*** SUMMARY ***
Total pot $16.88 | Rake $0.84 
Board [Tc Ah 3c Kd]
Seat 1: Xenicide (button) collected ($16.04)
Seat 5: saral1 (small blind) folded before Flop
Seat 6: socito (big blind) folded on the Turn



PokerStars Hand #254525802318:  Hold'em No Limit ($0.50/$1.00 USD) - 2025/01/24 5:58:19 WET [2025/01/24 0:58:19 ET]
Table 'Automedon IV' 6-max Seat #5 is the button
Seat 1: Xenicide ($111.72 in chips) 
Seat 5: saral1 ($36.98 in chips) 
Seat 6: socito ($123.82 in chips) 
socito: posts small blind $0.50
Xenicide: posts big blind $1
*** HOLE CARDS ***
saral1: folds 
socito: folds 
Uncalled bet ($0.50) returned to Xenicide
Xenicide collected $1 from pot
*** SUMMARY ***
Total pot $1 | Rake $0 
Seat 1: Xenicide (big blind) collected ($1)
Seat 5: saral1 (button) folded before Flop (didn't bet)
Seat 6: socito (small blind) folded before Flop



PokerStars Hand #254525802992:  Hold'em No Limit ($0.50/$1.00 USD) - 2025/01/24 5:58:29 WET [2025/01/24 0:58:29 ET]
Table 'Automedon IV' 6-max Seat #6 is the button
Seat 1: Xenicide ($112.22 in chips) 
Seat 5: saral1 ($36.98 in chips) 
Seat 6: socito ($123.32 in chips) 
Xenicide: posts small blind $0.50
saral1: posts big blind $1
*** HOLE CARDS ***
socito: folds 
belgianbeer2 joins the table at seat #3 
Xenicide: folds 
Uncalled bet ($0.50) returned to saral1
saral1 collected $1 from pot
*** SUMMARY ***
Total pot $1 | Rake $0 
Seat 1: Xenicide (small blind) folded before Flop
Seat 5: saral1 (big blind) collected ($1)
Seat 6: socito (button) folded before Flop (didn't bet)



PokerStars Hand #254525804268:  Hold'em No Limit ($0.50/$1.00 USD) - 2025/01/24 5:58:47 WET [2025/01/24 0:58:47 ET]
Table 'Automedon IV' 6-max Seat #1 is the button
Seat 3: belgianbeer2 ($100 in chips) is sitting out
Seat 1: Xenicide ($111.72 in chips) 
Seat 5: saral1 ($37.48 in chips) 
Seat 6: socito ($123.32 in chips) 
saral1: posts small blind $0.50
socito: posts big blind $1
*** HOLE CARDS ***
Xenicide: raises $1.25 to $2.25
saral1: folds 
socito: calls $1.25
*** FLOP *** [8h 5h Qc]
socito: checks 
Xenicide: bets $1.19
socito: calls $1.19
*** TURN *** [8h 5h Qc] [8d]
socito: checks 
Xenicide: checks 
*** RIVER *** [8h 5h Qc 8d] [Jh]
socito: checks 
Xenicide: bets $7.01
socito: calls $7.01
*** SHOW DOWN ***
Xenicide: shows [Kc Kh] (two pair, Kings and Eights)
socito: mucks hand 
Xenicide collected $20.40 from pot
*** SUMMARY ***
Total pot $21.40 | Rake $1 
Board [8h 5h Qc 8d Jh]
Seat 3: belgianbeer2
Seat 1: Xenicide (button) showed [Kc Kh] and won ($20.40) with two pair, Kings and Eights
Seat 5: saral1 (small blind) folded before Flop
Seat 6: socito (big blind) mucked



PokerStars Hand #254525808070:  Hold'em No Limit ($0.50/$1.00 USD) - 2025/01/24 5:59:41 WET [2025/01/24 0:59:41 ET]
Table 'Automedon IV' 6-max Seat #5 is the button
Seat 3: belgianbeer2 ($100 in chips) is sitting out
Seat 1: Xenicide ($121.67 in chips) 
Seat 5: saral1 ($36.98 in chips) 
Seat 6: socito ($112.87 in chips) 
socito: posts small blind $0.50
Xenicide: posts big blind $1
belgianbeer2: sits out 
*** HOLE CARDS ***
saral1: folds 
socito: raises $2 to $3
Xenicide: calls $2
*** FLOP *** [4s 7d 3h]
socito: bets $1.88
Xenicide: raises $5.20 to $7.08
socito: folds 
Uncalled bet ($5.20) returned to Xenicide
Xenicide collected $9.27 from pot
Xenicide: doesn't show hand 
*** SUMMARY ***
Total pot $9.76 | Rake $0.49 
Board [4s 7d 3h]
Seat 3: belgianbeer2
Seat 1: Xenicide (big blind) collected ($9.27)
Seat 5: saral1 (button) folded before Flop (didn't bet)
Seat 6: socito (small blind) folded on the Flop



PokerStars Hand #254525809800:  Hold'em No Limit ($0.50/$1.00 USD) - 2025/01/24 6:00:06 WET [2025/01/24 1:00:06 ET]
Table 'Automedon IV' 6-max Seat #6 is the button
Seat 1: Xenicide ($126.06 in chips) 
Seat 3: belgianbeer2 ($100 in chips) 
Seat 5: saral1 ($36.98 in chips) 
Seat 6: socito ($107.99 in chips) 
Xenicide: posts small blind $0.50
belgianbeer2: posts big blind $1
*** HOLE CARDS ***
saral1: folds 
socito: folds 
Xenicide: raises $2.50 to $3.50
belgianbeer2: raises $5.50 to $9
Xenicide: raises $9 to $18
belgianbeer2: folds 
Uncalled bet ($9) returned to Xenicide
Xenicide collected $18 from pot
*** SUMMARY ***
Total pot $18 | Rake $0 
Seat 1: Xenicide (small blind) collected ($18)
Seat 3: belgianbeer2 (big blind) folded before Flop
Seat 5: saral1 folded before Flop (didn't bet)
Seat 6: socito (button) folded before Flop (didn't bet)



PokerStars Hand #254525812359:  Hold'em No Limit ($0.50/$1.00 USD) - 2025/01/24 6:00:41 WET [2025/01/24 1:00:41 ET]
Table 'Automedon IV' 6-max Seat #1 is the button
Seat 1: Xenicide ($135.06 in chips) 
Seat 3: belgianbeer2 ($100 in chips) 
Seat 5: saral1 ($36.98 in chips) 
Seat 6: socito ($107.99 in chips) 
belgianbeer2: posts small blind $0.50
saral1: posts big blind $1
*** HOLE CARDS ***
socito: raises $1.50 to $2.50
Xenicide: folds 
belgianbeer2: folds 
saral1: folds 
Uncalled bet ($1.50) returned to socito
socito collected $2.50 from pot
socito: doesn't show hand 
*** SUMMARY ***
Total pot $2.50 | Rake $0 
Seat 1: Xenicide (button) folded before Flop (didn't bet)
Seat 3: belgianbeer2 (small blind) folded before Flop
Seat 5: saral1 (big blind) folded before Flop
Seat 6: socito collected ($2.50)



PokerStars Hand #254525813561:  Hold'em No Limit ($0.50/$1.00 USD) - 2025/01/24 6:00:57 WET [2025/01/24 1:00:57 ET]
Table 'Automedon IV' 6-max Seat #3 is the button
Seat 1: Xenicide ($135.06 in chips) 
Seat 3: belgianbeer2 ($100 in chips) 
Seat 5: saral1 ($35.98 in chips) 
Seat 6: socito ($109.49 in chips) 
saral1: posts small blind $0.50
socito: posts big blind $1
*** HOLE CARDS ***
Xenicide: folds 
belgianbeer2: raises $1.50 to $2.50
saral1: folds 
socito: folds 
Uncalled bet ($1.50) returned to belgianbeer2
belgianbeer2 collected $2.50 from pot
belgianbeer2: doesn't show hand 
*** SUMMARY ***
Total pot $2.50 | Rake $0 
Seat 1: Xenicide folded before Flop (didn't bet)
Seat 3: belgianbeer2 (button) collected ($2.50)
Seat 5: saral1 (small blind) folded before Flop
Seat 6: socito (big blind) folded before Flop



PokerStars Hand #254525815074:  Hold'em No Limit ($0.50/$1.00 USD) - 2025/01/24 6:01:16 WET [2025/01/24 1:01:16 ET]
Table 'Automedon IV' 6-max Seat #5 is the button
Seat 1: Xenicide ($135.06 in chips) 
Seat 3: belgianbeer2 ($101.50 in chips) 
Seat 5: saral1 ($35.48 in chips) 
Seat 6: socito ($108.49 in chips) 
socito: posts small blind $0.50
Xenicide: posts big blind $1
*** HOLE CARDS ***
belgianbeer2: raises $1.30 to $2.30
saral1: folds 
socito: folds 
Xenicide: folds 
Uncalled bet ($1.30) returned to belgianbeer2
belgianbeer2 collected $2.50 from pot
belgianbeer2: doesn't show hand 
*** SUMMARY ***
Total pot $2.50 | Rake $0 
Seat 1: Xenicide (big blind) folded before Flop
Seat 3: belgianbeer2 collected ($2.50)
Seat 5: saral1 (button) folded before Flop (didn't bet)
Seat 6: socito (small blind) folded before Flop



PokerStars Hand #254525816798:  Hold'em No Limit ($0.50/$1.00 USD) - 2025/01/24 6:01:38 WET [2025/01/24 1:01:38 ET]
Table 'Automedon IV' 6-max Seat #6 is the button
Seat 1: Xenicide ($134.06 in chips) 
Seat 3: belgianbeer2 ($103 in chips) 
Seat 5: saral1 ($35.48 in chips) 
Seat 6: socito ($107.99 in chips) 
Xenicide: posts small blind $0.50
belgianbeer2: posts big blind $1
*** HOLE CARDS ***
saral1: folds 
socito: raises $1.50 to $2.50
Xenicide: folds 
belgianbeer2: calls $1.50
*** FLOP *** [Tc As 4d]
belgianbeer2: checks 
socito: bets $1.72
belgianbeer2: raises $5.13 to $6.85
socito: raises $5.13 to $11.98
belgianbeer2: calls $5.13
*** TURN *** [Tc As 4d] [Th]
belgianbeer2: checks 
socito: checks 
*** RIVER *** [Tc As 4d Th] [7c]
belgianbeer2: checks 
socito: checks 
*** SHOW DOWN ***
belgianbeer2: shows [5d 3d] (a pair of Tens)
socito: shows [8c Ah] (two pair, Aces and Tens)
socito collected $28.46 from pot
*** SUMMARY ***
Total pot $29.46 | Rake $1 
Board [Tc As 4d Th 7c]
Seat 1: Xenicide (small blind) folded before Flop
Seat 3: belgianbeer2 (big blind) showed [5d 3d] and lost with a pair of Tens
Seat 5: saral1 folded before Flop (didn't bet)
Seat 6: socito (button) showed [8c Ah] and won ($28.46) with two pair, Aces and Tens



PokerStars Hand #254525822628:  Hold'em No Limit ($0.50/$1.00 USD) - 2025/01/24 6:02:54 WET [2025/01/24 1:02:54 ET]
Table 'Automedon IV' 6-max Seat #1 is the button
Seat 1: Xenicide ($133.56 in chips) 
Seat 3: belgianbeer2 ($100 in chips) 
Seat 5: saral1 ($35.48 in chips) 
Seat 6: socito ($121.97 in chips) 
belgianbeer2: posts small blind $0.50
saral1: posts big blind $1
*** HOLE CARDS ***
socito: folds 
Xenicide: folds 
belgianbeer2: folds 
Uncalled bet ($0.50) returned to saral1
saral1 collected $1 from pot
*** SUMMARY ***
Total pot $1 | Rake $0 
Seat 1: Xenicide (button) folded before Flop (didn't bet)
Seat 3: belgianbeer2 (small blind) folded before Flop
Seat 5: saral1 (big blind) collected ($1)
Seat 6: socito folded before Flop (didn't bet)



PokerStars Hand #254525823875:  Hold'em No Limit ($0.50/$1.00 USD) - 2025/01/24 6:03:10 WET [2025/01/24 1:03:10 ET]
Table 'Automedon IV' 6-max Seat #3 is the button
Seat 1: Xenicide ($133.56 in chips) 
Seat 3: belgianbeer2 ($100 in chips) 
Seat 5: saral1 ($35.98 in chips) 
Seat 6: socito ($121.97 in chips) 
saral1: posts small blind $0.50
socito: posts big blind $1
*** HOLE CARDS ***
Xenicide: folds 
belgianbeer2: raises $1.50 to $2.50
saral1: folds 
socito: calls $1.50
*** FLOP *** [8d 5h 6d]
socito: checks 
belgianbeer2: checks 
*** TURN *** [8d 5h 6d] [5c]
socito: checks 
belgianbeer2: bets $1.72
socito: folds 
Uncalled bet ($1.72) returned to belgianbeer2
belgianbeer2 collected $5.22 from pot
belgianbeer2: doesn't show hand 
*** SUMMARY ***
Total pot $5.50 | Rake $0.28 
Board [8d 5h 6d 5c]
Seat 1: Xenicide folded before Flop (didn't bet)
Seat 3: belgianbeer2 (button) collected ($5.22)
Seat 5: saral1 (small blind) folded before Flop
Seat 6: socito (big blind) folded on the Turn



PokerStars Hand #254525827189:  Hold'em No Limit ($0.50/$1.00 USD) - 2025/01/24 6:03:52 WET [2025/01/24 1:03:52 ET]
Table 'Automedon IV' 6-max Seat #5 is the button
Seat 1: Xenicide ($133.56 in chips) 
Seat 3: belgianbeer2 ($102.72 in chips) 
Seat 5: saral1 ($35.48 in chips) 
Seat 6: socito ($119.47 in chips) 
socito: posts small blind $0.50
Xenicide: posts big blind $1
*** HOLE CARDS ***
belgianbeer2: raises $1.30 to $2.30
saral1: folds 
socito: folds 
Xenicide: folds 
Uncalled bet ($1.30) returned to belgianbeer2
belgianbeer2 collected $2.50 from pot
belgianbeer2: doesn't show hand 
*** SUMMARY ***
Total pot $2.50 | Rake $0 
Seat 1: Xenicide (big blind) folded before Flop
Seat 3: belgianbeer2 collected ($2.50)
Seat 5: saral1 (button) folded before Flop (didn't bet)
Seat 6: socito (small blind) folded before Flop



PokerStars Hand #254525828284:  Hold'em No Limit ($0.50/$1.00 USD) - 2025/01/24 6:04:05 WET [2025/01/24 1:04:05 ET]
Table 'Automedon IV' 6-max Seat #6 is the button
Seat 1: Xenicide ($132.56 in chips) 
Seat 3: belgianbeer2 ($104.22 in chips) 
Seat 5: saral1 ($35.48 in chips) 
Seat 6: socito ($118.97 in chips) 
Xenicide: posts small blind $0.50
belgianbeer2: posts big blind $1
*** HOLE CARDS ***
saral1: folds 
socito: folds 
Xenicide: folds 
Uncalled bet ($0.50) returned to belgianbeer2
belgianbeer2 collected $1 from pot
belgianbeer2: doesn't show hand 
*** SUMMARY ***
Total pot $1 | Rake $0 
Seat 1: Xenicide (small blind) folded before Flop
Seat 3: belgianbeer2 (big blind) collected ($1)
Seat 5: saral1 folded before Flop (didn't bet)
Seat 6: socito (button) folded before Flop (didn't bet)



PokerStars Hand #254525829314:  Hold'em No Limit ($0.50/$1.00 USD) - 2025/01/24 6:04:18 WET [2025/01/24 1:04:18 ET]
Table 'Automedon IV' 6-max Seat #1 is the button
Seat 1: Xenicide ($132.06 in chips) 
Seat 3: belgianbeer2 ($104.72 in chips) 
Seat 5: saral1 ($35.48 in chips) 
Seat 6: socito ($118.97 in chips) 
belgianbeer2: posts small blind $0.50
saral1: posts big blind $1
*** HOLE CARDS ***
socito: folds 
Xenicide: raises $1.25 to $2.25
belgianbeer2: folds 
saral1: calls $1.25
*** FLOP *** [3d 2h Jd]
saral1: checks 
Xenicide: bets $1.19
saral1: calls $1.19
*** TURN *** [3d 2h Jd] [Js]
saral1: checks 
Xenicide: checks 
*** RIVER *** [3d 2h Jd Js] [3s]
saral1: checks 
Xenicide: checks 
*** SHOW DOWN ***
saral1: shows [Qd Tc] (two pair, Jacks and Threes)
Xenicide: shows [9d Kc] (two pair, Jacks and Threes - King kicker)
Xenicide collected $7.01 from pot
*** SUMMARY ***
Total pot $7.38 | Rake $0.37 
Board [3d 2h Jd Js 3s]
Seat 1: Xenicide (button) showed [9d Kc] and won ($7.01) with two pair, Jacks and Threes
Seat 3: belgianbeer2 (small blind) folded before Flop
Seat 5: saral1 (big blind) showed [Qd Tc] and lost with two pair, Jacks and Threes
Seat 6: socito folded before Flop (didn't bet)



PokerStars Hand #254525834286:  Hold'em No Limit ($0.50/$1.00 USD) - 2025/01/24 6:05:20 WET [2025/01/24 1:05:20 ET]
Table 'Automedon IV' 6-max Seat #3 is the button
Seat 1: Xenicide ($135.63 in chips) 
Seat 3: belgianbeer2 ($104.22 in chips) 
Seat 5: saral1 ($32.04 in chips) 
Seat 6: socito ($118.97 in chips) 
saral1: posts small blind $0.50
socito: posts big blind $1
*** HOLE CARDS ***
Xenicide: folds 
belgianbeer2: raises $1.50 to $2.50
saral1: calls $2
socito: calls $1.50
*** FLOP *** [Td 9c 5s]
saral1: checks 
socito: checks 
belgianbeer2: checks 
*** TURN *** [Td 9c 5s] [Jd]
saral1: checks 
socito: bets $2.35
belgianbeer2: calls $2.35
saral1: folds 
*** RIVER *** [Td 9c 5s Jd] [Th]
socito: checks 
belgianbeer2: checks 
*** SHOW DOWN ***
socito: shows [Kc 9d] (two pair, Tens and Nines)
belgianbeer2: mucks hand 
socito collected $11.59 from pot
*** SUMMARY ***
Total pot $12.20 | Rake $0.61 
Board [Td 9c 5s Jd Th]
Seat 1: Xenicide folded before Flop (didn't bet)
Seat 3: belgianbeer2 (button) mucked
Seat 5: saral1 (small blind) folded on the Turn
Seat 6: socito (big blind) showed [Kc 9d] and won ($11.59) with two pair, Tens and Nines



PokerStars Hand #254525839984:  Hold'em No Limit ($0.50/$1.00 USD) - 2025/01/24 6:06:32 WET [2025/01/24 1:06:32 ET]
Table 'Automedon IV' 6-max Seat #5 is the button
Seat 1: Xenicide ($135.63 in chips) 
Seat 3: belgianbeer2 ($100 in chips) 
Seat 5: saral1 ($29.54 in chips) 
Seat 6: socito ($125.71 in chips) 
socito: posts small blind $0.50
Xenicide: posts big blind $1
*** HOLE CARDS ***
belgianbeer2: raises $1.30 to $2.30
saral1: calls $2.30
socito: folds 
Xenicide: folds 
*** FLOP *** [Ts 2h 6d]
belgianbeer2: checks 
saral1: checks 
*** TURN *** [Ts 2h 6d] [9h]
belgianbeer2: checks 
saral1: bets $3.80
belgianbeer2: raises $4.70 to $8.50
saral1: folds 
Uncalled bet ($4.70) returned to belgianbeer2
belgianbeer2 collected $13.02 from pot
belgianbeer2: doesn't show hand 
*** SUMMARY ***
Total pot $13.70 | Rake $0.68 
Board [Ts 2h 6d 9h]
Seat 1: Xenicide (big blind) folded before Flop
Seat 3: belgianbeer2 collected ($13.02)
Seat 5: saral1 (button) folded on the Turn
Seat 6: socito (small blind) folded before Flop



PokerStars Hand #254525847126:  Hold'em No Limit ($0.50/$1.00 USD) - 2025/01/24 6:08:04 WET [2025/01/24 1:08:04 ET]
Table 'Automedon IV' 6-max Seat #6 is the button
Seat 1: Xenicide ($134.63 in chips) 
Seat 3: belgianbeer2 ($106.92 in chips) 
Seat 5: saral1 ($23.44 in chips) 
Seat 6: socito ($125.21 in chips) 
Xenicide: posts small blind $0.50
belgianbeer2: posts big blind $1
*** HOLE CARDS ***
saral1: folds 
socito: raises $1.50 to $2.50
Xenicide: raises $7 to $9.50
belgianbeer2: folds 
socito: folds 
Uncalled bet ($7) returned to Xenicide
Xenicide collected $6 from pot
*** SUMMARY ***
Total pot $6 | Rake $0 
Seat 1: Xenicide (small blind) collected ($6)
Seat 3: belgianbeer2 (big blind) folded before Flop
Seat 5: saral1 folded before Flop (didn't bet)
Seat 6: socito (button) folded before Flop



PokerStars Hand #254525848991:  Hold'em No Limit ($0.50/$1.00 USD) - 2025/01/24 6:08:28 WET [2025/01/24 1:08:28 ET]
Table 'Automedon IV' 6-max Seat #1 is the button
Seat 1: Xenicide ($138.13 in chips) 
Seat 3: belgianbeer2 ($105.92 in chips) 
Seat 5: saral1 ($23.44 in chips) 
Seat 6: socito ($122.71 in chips) 
belgianbeer2: posts small blind $0.50
saral1: posts big blind $1
*** HOLE CARDS ***
socito: folds 
Xenicide: raises $1.25 to $2.25
belgianbeer2: folds 
saral1: folds 
Uncalled bet ($1.25) returned to Xenicide
Xenicide collected $2.50 from pot
*** SUMMARY ***
Total pot $2.50 | Rake $0 
Seat 1: Xenicide (button) collected ($2.50)
Seat 3: belgianbeer2 (small blind) folded before Flop
Seat 5: saral1 (big blind) folded before Flop
Seat 6: socito folded before Flop (didn't bet)



PokerStars Hand #254525850087:  Hold'em No Limit ($0.50/$1.00 USD) - 2025/01/24 6:08:42 WET [2025/01/24 1:08:42 ET]
Table 'Automedon IV' 6-max Seat #3 is the button
Seat 1: Xenicide ($139.63 in chips) 
Seat 3: belgianbeer2 ($105.42 in chips) 
Seat 5: saral1 ($22.44 in chips) 
Seat 6: socito ($122.71 in chips) 
saral1: posts small blind $0.50
socito: posts big blind $1
*** HOLE CARDS ***
Xenicide: raises $1 to $2
belgianbeer2: raises $5 to $7
saral1: folds 
socito: folds 
Xenicide: folds 
Uncalled bet ($5) returned to belgianbeer2
belgianbeer2 collected $5.50 from pot
belgianbeer2: doesn't show hand 
*** SUMMARY ***
Total pot $5.50 | Rake $0 
Seat 1: Xenicide folded before Flop
Seat 3: belgianbeer2 (button) collected ($5.50)
Seat 5: saral1 (small blind) folded before Flop
Seat 6: socito (big blind) folded before Flop



PokerStars Hand #254525853335:  Hold'em No Limit ($0.50/$1.00 USD) - 2025/01/24 6:09:23 WET [2025/01/24 1:09:23 ET]
Table 'Automedon IV' 6-max Seat #5 is the button
Seat 1: Xenicide ($137.63 in chips) 
Seat 3: belgianbeer2 ($108.92 in chips) 
Seat 5: saral1 ($21.94 in chips) 
Seat 6: socito ($121.71 in chips) 
socito: posts small blind $0.50
Xenicide: posts big blind $1
*** HOLE CARDS ***
belgianbeer2: raises $1.30 to $2.30
saral1: folds 
socito: folds 
Xenicide: folds 
Uncalled bet ($1.30) returned to belgianbeer2
belgianbeer2 collected $2.50 from pot
belgianbeer2: doesn't show hand 
*** SUMMARY ***
Total pot $2.50 | Rake $0 
Seat 1: Xenicide (big blind) folded before Flop
Seat 3: belgianbeer2 collected ($2.50)
Seat 5: saral1 (button) folded before Flop (didn't bet)
Seat 6: socito (small blind) folded before Flop



PokerStars Hand #254525855035:  Hold'em No Limit ($0.50/$1.00 USD) - 2025/01/24 6:09:44 WET [2025/01/24 1:09:44 ET]
Table 'Automedon IV' 6-max Seat #6 is the button
Seat 1: Xenicide ($136.63 in chips) 
Seat 3: belgianbeer2 ($110.42 in chips) 
Seat 5: saral1 ($21.94 in chips) 
Seat 6: socito ($121.21 in chips) 
Xenicide: posts small blind $0.50
belgianbeer2: posts big blind $1
*** HOLE CARDS ***
saral1: folds 
socito: raises $1.50 to $2.50
Xenicide: folds 
belgianbeer2: folds 
Uncalled bet ($1.50) returned to socito
socito collected $2.50 from pot
socito: doesn't show hand 
*** SUMMARY ***
Total pot $2.50 | Rake $0 
Seat 1: Xenicide (small blind) folded before Flop
Seat 3: belgianbeer2 (big blind) folded before Flop
Seat 5: saral1 folded before Flop (didn't bet)
Seat 6: socito (button) collected ($2.50)



PokerStars Hand #254525856183:  Hold'em No Limit ($0.50/$1.00 USD) - 2025/01/24 6:09:59 WET [2025/01/24 1:09:59 ET]
Table 'Automedon IV' 6-max Seat #1 is the button
Seat 1: Xenicide ($136.13 in chips) 
Seat 3: belgianbeer2 ($109.42 in chips) 
Seat 5: saral1 ($21.94 in chips) 
Seat 6: socito ($122.71 in chips) 
belgianbeer2: posts small blind $0.50
saral1: posts big blind $1
*** HOLE CARDS ***
socito: folds 
Xenicide: raises $1.25 to $2.25
socito leaves the table
belgianbeer2: folds 
saral1: folds 
Uncalled bet ($1.25) returned to Xenicide
Xenicide collected $2.50 from pot
*** SUMMARY ***
Total pot $2.50 | Rake $0 
Seat 1: Xenicide (button) collected ($2.50)
Seat 3: belgianbeer2 (small blind) folded before Flop
Seat 5: saral1 (big blind) folded before Flop
Seat 6: socito folded before Flop (didn't bet)



PokerStars Hand #254525857049:  Hold'em No Limit ($0.50/$1.00 USD) - 2025/01/24 6:10:10 WET [2025/01/24 1:10:10 ET]
Table 'Automedon IV' 6-max Seat #3 is the button
Seat 1: Xenicide ($137.63 in chips) 
Seat 3: belgianbeer2 ($108.92 in chips) 
Seat 5: saral1 ($20.94 in chips) 
saral1: posts small blind $0.50
Xenicide: posts big blind $1
*** HOLE CARDS ***
belgianbeer2: raises $1.50 to $2.50
saral1: folds 
Xenicide: calls $1.50
*** FLOP *** [Jc Tc Ad]
Xenicide: checks 
belgianbeer2: bets $6.45
Xenicide: folds 
Uncalled bet ($6.45) returned to belgianbeer2
belgianbeer2 collected $5.22 from pot
belgianbeer2: doesn't show hand 
*** SUMMARY ***
Total pot $5.50 | Rake $0.28 
Board [Jc Tc Ad]
Seat 1: Xenicide (big blind) folded on the Flop
Seat 3: belgianbeer2 (button) collected ($5.22)
Seat 5: saral1 (small blind) folded before Flop



PokerStars Hand #254525862588:  Hold'em No Limit ($0.50/$1.00 USD) - 2025/01/24 6:11:22 WET [2025/01/24 1:11:22 ET]
Table 'Automedon IV' 6-max Seat #5 is the button
Seat 1: Xenicide ($135.13 in chips) 
Seat 3: belgianbeer2 ($111.64 in chips) 
Seat 5: saral1 ($20.44 in chips) 
Xenicide: posts small blind $0.50
belgianbeer2: posts big blind $1
*** HOLE CARDS ***
saral1: raises $2 to $3
Xenicide: folds 
belgianbeer2: calls $2
*** FLOP *** [5c 6s 7d]
belgianbeer2: checks 
saral1: checks 
*** TURN *** [5c 6s 7d] [7c]
belgianbeer2: checks 
saral1: bets $4
belgianbeer2: calls $4
*** RIVER *** [5c 6s 7d 7c] [5h]
belgianbeer2: bets $6.89
saral1: folds 
Uncalled bet ($6.89) returned to belgianbeer2
belgianbeer2 collected $13.78 from pot
belgianbeer2: doesn't show hand 
*** SUMMARY ***
Total pot $14.50 | Rake $0.72 
Board [5c 6s 7d 7c 5h]
Seat 1: Xenicide (small blind) folded before Flop
Seat 3: belgianbeer2 (big blind) collected ($13.78)
Seat 5: saral1 (button) folded on the River



PokerStars Hand #254525868604:  Hold'em No Limit ($0.50/$1.00 USD) - 2025/01/24 6:12:40 WET [2025/01/24 1:12:40 ET]
Table 'Automedon IV' 6-max Seat #1 is the button
Seat 1: Xenicide ($134.63 in chips) 
Seat 3: belgianbeer2 ($118.42 in chips) 
Seat 5: saral1 ($13.44 in chips) 
belgianbeer2: posts small blind $0.50
saral1: posts big blind $1
*** HOLE CARDS ***
Palacios777 joins the table at seat #6 
Xenicide: raises $1.25 to $2.25
belgianbeer2: calls $1.75
saral1: calls $1.25
*** FLOP *** [5h 9s 2d]
belgianbeer2: checks 
saral1: checks 
Xenicide: bets $1.60
belgianbeer2: calls $1.60
saral1: folds 
*** TURN *** [5h 9s 2d] [7s]
belgianbeer2: checks 
Xenicide: checks 
*** RIVER *** [5h 9s 2d 7s] [Tc]
belgianbeer2: bets $9.14
Xenicide: folds 
Uncalled bet ($9.14) returned to belgianbeer2
belgianbeer2 collected $9.45 from pot
belgianbeer2: doesn't show hand 
*** SUMMARY ***
Total pot $9.95 | Rake $0.50 
Board [5h 9s 2d 7s Tc]
Seat 1: Xenicide (button) folded on the River
Seat 3: belgianbeer2 (small blind) collected ($9.45)
Seat 5: saral1 (big blind) folded on the Flop



PokerStars Hand #254525874631:  Hold'em No Limit ($0.50/$1.00 USD) - 2025/01/24 6:13:58 WET [2025/01/24 1:13:58 ET]
Table 'Automedon IV' 6-max Seat #3 is the button
Seat 1: Xenicide ($130.78 in chips) 
Seat 3: belgianbeer2 ($124.02 in chips) 
Seat 5: saral1 ($11.19 in chips) 
Seat 6: Palacios777 ($100 in chips) 
saral1: posts small blind $0.50
Palacios777: posts big blind $1
*** HOLE CARDS ***
Xenicide: folds 
belgianbeer2: folds 
saral1: calls $0.50
Palacios777: checks 
*** FLOP *** [6h 4d Jc]
saral1: checks 
Palacios777: bets $1
saral1: folds 
Uncalled bet ($1) returned to Palacios777
Palacios777 collected $1.90 from pot
Palacios777: doesn't show hand 
*** SUMMARY ***
Total pot $2 | Rake $0.10 
Board [6h 4d Jc]
Seat 1: Xenicide folded before Flop (didn't bet)
Seat 3: belgianbeer2 (button) folded before Flop (didn't bet)
Seat 5: saral1 (small blind) folded on the Flop
Seat 6: Palacios777 (big blind) collected ($1.90)



PokerStars Hand #254525877718:  Hold'em No Limit ($0.50/$1.00 USD) - 2025/01/24 6:14:38 WET [2025/01/24 1:14:38 ET]
Table 'Automedon IV' 6-max Seat #5 is the button
Seat 1: Xenicide ($130.78 in chips) 
Seat 3: belgianbeer2 ($124.02 in chips) 
Seat 5: saral1 ($10.19 in chips) 
Seat 6: Palacios777 ($100.90 in chips) 
Palacios777: posts small blind $0.50
Xenicide: posts big blind $1
*** HOLE CARDS ***
Ryantoland25 joins the table at seat #2 
Ryantoland25 is disconnected 
B1GBankroll joins the table at seat #4 
Ryantoland25 is disconnected 
belgianbeer2: folds 
saral1: folds 
Palacios777: folds 
Uncalled bet ($0.50) returned to Xenicide
Xenicide collected $1 from pot
*** SUMMARY ***
Total pot $1 | Rake $0 
Seat 1: Xenicide (big blind) collected ($1)
Seat 3: belgianbeer2 folded before Flop (didn't bet)
Seat 5: saral1 (button) folded before Flop (didn't bet)
Seat 6: Palacios777 (small blind) folded before Flop



PokerStars Hand #254525880185:  Hold'em No Limit ($0.50/$1.00 USD) - 2025/01/24 6:15:09 WET [2025/01/24 1:15:09 ET]
Table 'Automedon IV' 6-max Seat #6 is the button
Seat 4: B1GBankroll ($100 in chips) is sitting out
Seat 1: Xenicide ($131.28 in chips) 
Seat 2: Ryantoland25 ($12.39 in chips) 
Seat 3: belgianbeer2 ($124.02 in chips) 
Seat 5: saral1 ($10.19 in chips) 
Seat 6: Palacios777 ($100.40 in chips) 
Xenicide: posts small blind $0.50
Ryantoland25: posts big blind $1
B1GBankroll: sits out 
*** HOLE CARDS ***
belgianbeer2: raises $1 to $2
saral1: folds 
Palacios777: folds 
Xenicide: folds 
Ryantoland25: calls $1
*** FLOP *** [5s Qh Ts]
Ryantoland25: checks 
belgianbeer2: bets $3.04
Ryantoland25: folds 
Uncalled bet ($3.04) returned to belgianbeer2
belgianbeer2 collected $4.28 from pot
belgianbeer2: doesn't show hand 
*** SUMMARY ***
Total pot $4.50 | Rake $0.22 
Board [5s Qh Ts]
Seat 4: B1GBankroll
Seat 1: Xenicide (small blind) folded before Flop
Seat 2: Ryantoland25 (big blind) folded on the Flop
Seat 3: belgianbeer2 collected ($4.28)
Seat 5: saral1 folded before Flop (didn't bet)
Seat 6: Palacios777 (button) folded before Flop (didn't bet)



PokerStars Hand #254525884762:  Hold'em No Limit ($0.50/$1.00 USD) - 2025/01/24 6:16:07 WET [2025/01/24 1:16:07 ET]
Table 'Automedon IV' 6-max Seat #1 is the button
Seat 4: B1GBankroll ($100 in chips) is sitting out
Seat 1: Xenicide ($130.78 in chips) 
Seat 2: Ryantoland25 ($10.39 in chips) 
Seat 3: belgianbeer2 ($126.30 in chips) 
Seat 5: saral1 ($10.19 in chips) 
Seat 6: Palacios777 ($100.40 in chips) 
Ryantoland25: posts small blind $0.50
belgianbeer2: posts big blind $1
B1GBankroll: sits out 
*** HOLE CARDS ***
saral1: folds 
Palacios777: folds 
Xenicide: raises $1.25 to $2.25
Ryantoland25: calls $1.75
belgianbeer2: folds 
*** FLOP *** [3c As 5c]
Ryantoland25: bets $2
Xenicide: calls $2
*** TURN *** [3c As 5c] [Tc]
Ryantoland25: bets $2
Xenicide: calls $2
*** RIVER *** [3c As 5c Tc] [4s]
Ryantoland25: checks 
Xenicide: checks 
*** SHOW DOWN ***
Ryantoland25: shows [Ks 4c] (a pair of Fours)
Xenicide: shows [7c 7h] (a pair of Sevens)
Xenicide collected $12.82 from pot
*** SUMMARY ***
Total pot $13.50 | Rake $0.68 
Board [3c As 5c Tc 4s]
Seat 4: B1GBankroll
Seat 1: Xenicide (button) showed [7c 7h] and won ($12.82) with a pair of Sevens
Seat 2: Ryantoland25 (small blind) showed [Ks 4c] and lost with a pair of Fours
Seat 3: belgianbeer2 (big blind) folded before Flop
Seat 5: saral1 folded before Flop (didn't bet)
Seat 6: Palacios777 folded before Flop (didn't bet)



PokerStars Hand #254525888032:  Hold'em No Limit ($0.50/$1.00 USD) - 2025/01/24 6:16:49 WET [2025/01/24 1:16:49 ET]
Table 'Automedon IV' 6-max Seat #2 is the button
Seat 1: Xenicide ($137.35 in chips) 
Seat 2: Ryantoland25 ($4.14 in chips) 
Seat 3: belgianbeer2 ($125.30 in chips) 
Seat 4: B1GBankroll ($100 in chips) 
Seat 5: saral1 ($10.19 in chips) 
Seat 6: Palacios777 ($100.40 in chips) 
belgianbeer2: posts small blind $0.50
B1GBankroll: posts big blind $1
*** HOLE CARDS ***
saral1: calls $1
Palacios777: folds 
Xenicide: folds 
Ryantoland25: folds 
belgianbeer2: folds 
B1GBankroll: checks 
*** FLOP *** [Jh 3s Jc]
B1GBankroll: bets $1.17
saral1: calls $1.17
*** TURN *** [Jh 3s Jc] [2s]
B1GBankroll: checks 
saral1: bets $4.60
B1GBankroll: folds 
Uncalled bet ($4.60) returned to saral1
saral1 collected $4.60 from pot
*** SUMMARY ***
Total pot $4.84 | Rake $0.24 
Board [Jh 3s Jc 2s]
Seat 1: Xenicide folded before Flop (didn't bet)
Seat 2: Ryantoland25 (button) folded before Flop (didn't bet)
Seat 3: belgianbeer2 (small blind) folded before Flop
Seat 4: B1GBankroll (big blind) folded on the Turn
Seat 5: saral1 collected ($4.60)
Seat 6: Palacios777 folded before Flop (didn't bet)



PokerStars Hand #254525891668:  Hold'em No Limit ($0.50/$1.00 USD) - 2025/01/24 6:17:35 WET [2025/01/24 1:17:35 ET]
Table 'Automedon IV' 6-max Seat #3 is the button
Seat 1: Xenicide ($137.35 in chips) 
Seat 2: Ryantoland25 ($4.14 in chips) 
Seat 3: belgianbeer2 ($124.80 in chips) 
Seat 4: B1GBankroll ($100 in chips) 
Seat 5: saral1 ($12.62 in chips) 
Seat 6: Palacios777 ($100.40 in chips) 
B1GBankroll: posts small blind $0.50
saral1: posts big blind $1
*** HOLE CARDS ***
Palacios777: folds 
Xenicide: folds 
Ryantoland25: folds 
belgianbeer2: raises $1.50 to $2.50
B1GBankroll: folds 
saral1: calls $1.50
*** FLOP *** [8c 6c Kh]
saral1: checks 
belgianbeer2: checks 
*** TURN *** [8c 6c Kh] [4h]
saral1: checks 
belgianbeer2: bets $3.15
saral1: folds 
Uncalled bet ($3.15) returned to belgianbeer2
belgianbeer2 collected $5.22 from pot
belgianbeer2: doesn't show hand 
*** SUMMARY ***
Total pot $5.50 | Rake $0.28 
Board [8c 6c Kh 4h]
Seat 1: Xenicide folded before Flop (didn't bet)
Seat 2: Ryantoland25 folded before Flop (didn't bet)
Seat 3: belgianbeer2 (button) collected ($5.22)
Seat 4: B1GBankroll (small blind) folded before Flop
Seat 5: saral1 (big blind) folded on the Turn
Seat 6: Palacios777 folded before Flop (didn't bet)



PokerStars Hand #254525895611:  Hold'em No Limit ($0.50/$1.00 USD) - 2025/01/24 6:18:25 WET [2025/01/24 1:18:25 ET]
Table 'Automedon IV' 6-max Seat #4 is the button
Seat 1: Xenicide ($137.35 in chips) 
Seat 2: Ryantoland25 ($4.14 in chips) 
Seat 3: belgianbeer2 ($127.52 in chips) 
Seat 4: B1GBankroll ($100 in chips) 
Seat 5: saral1 ($10.12 in chips) 
Seat 6: Palacios777 ($100.40 in chips) 
saral1: posts small blind $0.50
Palacios777: posts big blind $1
*** HOLE CARDS ***
Xenicide: folds 
Ryantoland25 has timed out
Ryantoland25: folds 
belgianbeer2: raises $1.30 to $2.30
B1GBankroll: folds 
saral1: calls $1.80
Palacios777: raises $11.70 to $14
belgianbeer2: folds 
saral1: folds 
Uncalled bet ($11.70) returned to Palacios777
Palacios777 collected $6.90 from pot
Palacios777: doesn't show hand 
*** SUMMARY ***
Total pot $6.90 | Rake $0 
Seat 1: Xenicide folded before Flop (didn't bet)
Seat 2: Ryantoland25 folded before Flop (didn't bet)
Seat 3: belgianbeer2 folded before Flop
Seat 4: B1GBankroll (button) folded before Flop (didn't bet)
Seat 5: saral1 (small blind) folded before Flop
Seat 6: Palacios777 (big blind) collected ($6.90)



PokerStars Hand #254525901959:  Hold'em No Limit ($0.50/$1.00 USD) - 2025/01/24 6:19:47 WET [2025/01/24 1:19:47 ET]
Table 'Automedon IV' 6-max Seat #5 is the button
Seat 1: Xenicide ($137.35 in chips) 
Seat 2: Ryantoland25 ($4.14 in chips) 
Seat 3: belgianbeer2 ($125.22 in chips) 
Seat 4: B1GBankroll ($100 in chips) 
Seat 5: saral1 ($7.82 in chips) 
Seat 6: Palacios777 ($105 in chips) 
Palacios777: posts small blind $0.50
Xenicide: posts big blind $1
*** HOLE CARDS ***
Ryantoland25: folds 
belgianbeer2: folds 
B1GBankroll: folds 
saral1: folds 
Palacios777: raises $1.50 to $2.50
Xenicide: folds 
Uncalled bet ($1.50) returned to Palacios777
Palacios777 collected $2 from pot
Palacios777: doesn't show hand 
*** SUMMARY ***
Total pot $2 | Rake $0 
Seat 1: Xenicide (big blind) folded before Flop
Seat 2: Ryantoland25 folded before Flop (didn't bet)
Seat 3: belgianbeer2 folded before Flop (didn't bet)
Seat 4: B1GBankroll folded before Flop (didn't bet)
Seat 5: saral1 (button) folded before Flop (didn't bet)
Seat 6: Palacios777 (small blind) collected ($2)



PokerStars Hand #254525903630:  Hold'em No Limit ($0.50/$1.00 USD) - 2025/01/24 6:20:08 WET [2025/01/24 1:20:08 ET]
Table 'Automedon IV' 6-max Seat #6 is the button
Seat 1: Xenicide ($136.35 in chips) 
Seat 2: Ryantoland25 ($16.53 in chips) 
Seat 3: belgianbeer2 ($125.22 in chips) 
Seat 4: B1GBankroll ($100 in chips) 
Seat 5: saral1 ($7.82 in chips) 
Seat 6: Palacios777 ($106 in chips) 
Xenicide: posts small blind $0.50
Ryantoland25: posts big blind $1
*** HOLE CARDS ***
belgianbeer2: folds 
B1GBankroll: folds 
saral1: folds 
Palacios777: folds 
Xenicide: raises $2.50 to $3.50
Ryantoland25: calls $2.50
*** FLOP *** [Js Tc Ac]
Xenicide: checks 
Ryantoland25: bets $13.03 and is all-in
Xenicide: calls $13.03
*** TURN *** [Js Tc Ac] [6c]
*** RIVER *** [Js Tc Ac 6c] [3h]
*** SHOW DOWN ***
Xenicide: shows [As Jh] (two pair, Aces and Jacks)
Ryantoland25: shows [Jd Th] (two pair, Jacks and Tens)
Xenicide collected $31.41 from pot
*** SUMMARY ***
Total pot $33.06 | Rake $1.65 
Board [Js Tc Ac 6c 3h]
Seat 1: Xenicide (small blind) showed [As Jh] and won ($31.41) with two pair, Aces and Jacks
Seat 2: Ryantoland25 (big blind) showed [Jd Th] and lost with two pair, Jacks and Tens
Seat 3: belgianbeer2 folded before Flop (didn't bet)
Seat 4: B1GBankroll folded before Flop (didn't bet)
Seat 5: saral1 folded before Flop (didn't bet)
Seat 6: Palacios777 (button) folded before Flop (didn't bet)



PokerStars Hand #254525906681:  Hold'em No Limit ($0.50/$1.00 USD) - 2025/01/24 6:20:46 WET [2025/01/24 1:20:46 ET]
Table 'Automedon IV' 6-max Seat #1 is the button
Seat 2: Ryantoland25 ($0 in chips) is sitting out
Seat 1: Xenicide ($151.23 in chips) 
Seat 3: belgianbeer2 ($125.22 in chips) 
Seat 4: B1GBankroll ($100 in chips) 
Seat 5: saral1 ($7.82 in chips) 
Seat 6: Palacios777 ($106 in chips) 
belgianbeer2: posts small blind $0.50
B1GBankroll: posts big blind $1
*** HOLE CARDS ***
saral1: folds 
Palacios777: folds 
Xenicide: folds 
belgianbeer2: folds 
Uncalled bet ($0.50) returned to B1GBankroll
B1GBankroll collected $1 from pot
B1GBankroll: doesn't show hand 
*** SUMMARY ***
Total pot $1 | Rake $0 
Seat 2: Ryantoland25
Seat 1: Xenicide (button) folded before Flop (didn't bet)
Seat 3: belgianbeer2 (small blind) folded before Flop
Seat 4: B1GBankroll (big blind) collected ($1)
Seat 5: saral1 folded before Flop (didn't bet)
Seat 6: Palacios777 folded before Flop (didn't bet)



PokerStars Hand #254525907697:  Hold'em No Limit ($0.50/$1.00 USD) - 2025/01/24 6:20:59 WET [2025/01/24 1:20:59 ET]
Table 'Automedon IV' 6-max Seat #3 is the button
Seat 2: Ryantoland25 ($0 in chips) is sitting out
Seat 1: Xenicide ($151.23 in chips) 
Seat 3: belgianbeer2 ($124.72 in chips) 
Seat 4: B1GBankroll ($100.50 in chips) 
Seat 5: saral1 ($7.82 in chips) 
Seat 6: Palacios777 ($106 in chips) 
B1GBankroll: posts small blind $0.50
saral1: posts big blind $1
*** HOLE CARDS ***
Palacios777: folds 
Xenicide: folds 
belgianbeer2: raises $1.50 to $2.50
B1GBankroll: folds 
saral1: folds 
Uncalled bet ($1.50) returned to belgianbeer2
belgianbeer2 collected $2.50 from pot
belgianbeer2: doesn't show hand 
*** SUMMARY ***
Total pot $2.50 | Rake $0 
Seat 2: Ryantoland25
Seat 1: Xenicide folded before Flop (didn't bet)
Seat 3: belgianbeer2 (button) collected ($2.50)
Seat 4: B1GBankroll (small blind) folded before Flop
Seat 5: saral1 (big blind) folded before Flop
Seat 6: Palacios777 folded before Flop (didn't bet)



PokerStars Hand #254525909849:  Hold'em No Limit ($0.50/$1.00 USD) - 2025/01/24 6:21:27 WET [2025/01/24 1:21:27 ET]
Table 'Automedon IV' 6-max Seat #4 is the button
Seat 1: Xenicide ($151.23 in chips) 
Seat 2: Ryantoland25 ($24.79 in chips) 
Seat 3: belgianbeer2 ($126.22 in chips) 
Seat 4: B1GBankroll ($100 in chips) 
Seat 5: saral1 ($6.82 in chips) 
Seat 6: Palacios777 ($106 in chips) 
saral1: posts small blind $0.50
Palacios777: posts big blind $1
Ryantoland25: posts small blind $0.50
*** HOLE CARDS ***
Xenicide: raises $1 to $2
Ryantoland25: folds 
belgianbeer2: raises $6 to $8
B1GBankroll: folds 
saral1: folds 
Palacios777: folds 
Xenicide: folds 
Uncalled bet ($6) returned to belgianbeer2
belgianbeer2 collected $6 from pot
belgianbeer2: doesn't show hand 
*** SUMMARY ***
Total pot $6 | Rake $0 
Seat 1: Xenicide folded before Flop
Seat 2: Ryantoland25 folded before Flop (didn't bet)
Seat 3: belgianbeer2 collected ($6)
Seat 4: B1GBankroll (button) folded before Flop (didn't bet)
Seat 5: saral1 (small blind) folded before Flop
Seat 6: Palacios777 (big blind) folded before Flop



PokerStars Hand #254525912895:  Hold'em No Limit ($0.50/$1.00 USD) - 2025/01/24 6:22:06 WET [2025/01/24 1:22:06 ET]
Table 'Automedon IV' 6-max Seat #5 is the button
Seat 1: Xenicide ($149.23 in chips) 
Seat 2: Ryantoland25 ($24.29 in chips) 
Seat 3: belgianbeer2 ($130.22 in chips) 
Seat 4: B1GBankroll ($100 in chips) 
Seat 5: saral1 ($6.32 in chips) 
Seat 6: Palacios777 ($105 in chips) 
Palacios777: posts small blind $0.50
Xenicide: posts big blind $1
*** HOLE CARDS ***
Ryantoland25: folds 
belgianbeer2: folds 
B1GBankroll: folds 
saral1: folds 
Palacios777: folds 
Uncalled bet ($0.50) returned to Xenicide
Xenicide collected $1 from pot
*** SUMMARY ***
Total pot $1 | Rake $0 
Seat 1: Xenicide (big blind) collected ($1)
Seat 2: Ryantoland25 folded before Flop (didn't bet)
Seat 3: belgianbeer2 folded before Flop (didn't bet)
Seat 4: B1GBankroll folded before Flop (didn't bet)
Seat 5: saral1 (button) folded before Flop (didn't bet)
Seat 6: Palacios777 (small blind) folded before Flop



PokerStars Hand #254525914842:  Hold'em No Limit ($0.50/$1.00 USD) - 2025/01/24 6:22:32 WET [2025/01/24 1:22:32 ET]
Table 'Automedon IV' 6-max Seat #6 is the button
Seat 1: Xenicide ($149.73 in chips) 
Seat 2: Ryantoland25 ($24.29 in chips) 
Seat 3: belgianbeer2 ($130.22 in chips) 
Seat 4: B1GBankroll ($100 in chips) 
Seat 5: saral1 ($6.32 in chips) 
Seat 6: Palacios777 ($104.50 in chips) 
Xenicide: posts small blind $0.50
Ryantoland25: posts big blind $1
*** HOLE CARDS ***
belgianbeer2: folds 
B1GBankroll: raises $1.50 to $2.50
saral1: folds 
Palacios777: folds 
Xenicide: folds 
Ryantoland25: calls $1.50
*** FLOP *** [Th 3h Td]
Ryantoland25: checks 
B1GBankroll: checks 
*** TURN *** [Th 3h Td] [9d]
Ryantoland25: bets $2.61
B1GBankroll: calls $2.61
*** RIVER *** [Th 3h Td 9d] [Ac]
Ryantoland25: checks 
B1GBankroll: bets $3.46
Ryantoland25: folds 
Uncalled bet ($3.46) returned to B1GBankroll
B1GBankroll collected $10.18 from pot
B1GBankroll: doesn't show hand 
*** SUMMARY ***
Total pot $10.72 | Rake $0.54 
Board [Th 3h Td 9d Ac]
Seat 1: Xenicide (small blind) folded before Flop
Seat 2: Ryantoland25 (big blind) folded on the River
Seat 3: belgianbeer2 folded before Flop (didn't bet)
Seat 4: B1GBankroll collected ($10.18)
Seat 5: saral1 folded before Flop (didn't bet)
Seat 6: Palacios777 (button) folded before Flop (didn't bet)



PokerStars Hand #254525921077:  Hold'em No Limit ($0.50/$1.00 USD) - 2025/01/24 6:23:54 WET [2025/01/24 1:23:54 ET]
Table 'Automedon IV' 6-max Seat #1 is the button
Seat 1: Xenicide ($149.23 in chips) 
Seat 2: Ryantoland25 ($19.18 in chips) 
Seat 3: belgianbeer2 ($130.22 in chips) 
Seat 4: B1GBankroll ($105.07 in chips) 
Seat 5: saral1 ($6.32 in chips) 
Seat 6: Palacios777 ($104.50 in chips) 
Ryantoland25: posts small blind $0.50
belgianbeer2: posts big blind $1
*** HOLE CARDS ***
B1GBankroll: folds 
saral1: folds 
Palacios777: folds 
Xenicide: raises $1.25 to $2.25
Ryantoland25: calls $1.75
belgianbeer2: folds 
*** FLOP *** [3s Jh 2c]
Ryantoland25: checks 
Xenicide: bets $1.30
Ryantoland25: calls $1.30
*** TURN *** [3s Jh 2c] [9h]
Ryantoland25: checks 
Xenicide: checks 
*** RIVER *** [3s Jh 2c 9h] [7h]
Ryantoland25: bets $7.70
Xenicide: folds 
Uncalled bet ($7.70) returned to Ryantoland25
Ryantoland25 collected $7.70 from pot
*** SUMMARY ***
Total pot $8.10 | Rake $0.40 
Board [3s Jh 2c 9h 7h]
Seat 1: Xenicide (button) folded on the River
Seat 2: Ryantoland25 (small blind) collected ($7.70)
Seat 3: belgianbeer2 (big blind) folded before Flop
Seat 4: B1GBankroll folded before Flop (didn't bet)
Seat 5: saral1 folded before Flop (didn't bet)
Seat 6: Palacios777 folded before Flop (didn't bet)



PokerStars Hand #254525926455:  Hold'em No Limit ($0.50/$1.00 USD) - 2025/01/24 6:25:04 WET [2025/01/24 1:25:04 ET]
Table 'Automedon IV' 6-max Seat #2 is the button
Seat 1: Xenicide ($145.68 in chips) 
Seat 2: Ryantoland25 ($23.33 in chips) 
Seat 3: belgianbeer2 ($129.22 in chips) 
Seat 4: B1GBankroll ($105.07 in chips) 
Seat 5: saral1 ($6.32 in chips) 
Seat 6: Palacios777 ($104.50 in chips) 
belgianbeer2: posts small blind $0.50
B1GBankroll: posts big blind $1
*** HOLE CARDS ***
saral1: folds 
Palacios777: folds 
Xenicide: folds 
Ryantoland25: raises $1 to $2
belgianbeer2: folds 
B1GBankroll: folds 
Uncalled bet ($1) returned to Ryantoland25
Ryantoland25 collected $2.50 from pot
*** SUMMARY ***
Total pot $2.50 | Rake $0 
Seat 1: Xenicide folded before Flop (didn't bet)
Seat 2: Ryantoland25 (button) collected ($2.50)
Seat 3: belgianbeer2 (small blind) folded before Flop
Seat 4: B1GBankroll (big blind) folded before Flop
Seat 5: saral1 folded before Flop (didn't bet)
Seat 6: Palacios777 folded before Flop (didn't bet)



PokerStars Hand #254525928364:  Hold'em No Limit ($0.50/$1.00 USD) - 2025/01/24 6:25:30 WET [2025/01/24 1:25:30 ET]
Table 'Automedon IV' 6-max Seat #3 is the button
Seat 1: Xenicide ($145.68 in chips) 
Seat 2: Ryantoland25 ($24.83 in chips) 
Seat 3: belgianbeer2 ($128.72 in chips) 
Seat 4: B1GBankroll ($104.07 in chips) 
Seat 5: saral1 ($6.32 in chips) 
Seat 6: Palacios777 ($104.50 in chips) 
B1GBankroll: posts small blind $0.50
saral1: posts big blind $1
*** HOLE CARDS ***
Palacios777: folds 
Xenicide: raises $1 to $2
Ryantoland25: calls $2
belgianbeer2: folds 
B1GBankroll: folds 
saral1: folds 
*** FLOP *** [As Qh Ac]
Xenicide: checks 
Ryantoland25: bets $2.61
Xenicide: calls $2.61
*** TURN *** [As Qh Ac] [Qc]
Xenicide: checks 
Ryantoland25: checks 
*** RIVER *** [As Qh Ac Qc] [3c]
Xenicide: bets $19
Ryantoland25: folds 
Uncalled bet ($19) returned to Xenicide
Xenicide collected $10.18 from pot
Xenicide: doesn't show hand 
*** SUMMARY ***
Total pot $10.72 | Rake $0.54 
Board [As Qh Ac Qc 3c]
Seat 1: Xenicide collected ($10.18)
Seat 2: Ryantoland25 folded on the River
Seat 3: belgianbeer2 (button) folded before Flop (didn't bet)
Seat 4: B1GBankroll (small blind) folded before Flop
Seat 5: saral1 (big blind) folded before Flop
Seat 6: Palacios777 folded before Flop (didn't bet)



PokerStars Hand #254525932550:  Hold'em No Limit ($0.50/$1.00 USD) - 2025/01/24 6:26:24 WET [2025/01/24 1:26:24 ET]
Table 'Automedon IV' 6-max Seat #4 is the button
Seat 5: saral1 ($5.32 in chips) is sitting out
Seat 1: Xenicide ($151.25 in chips) 
Seat 2: Ryantoland25 ($20.22 in chips) 
Seat 3: belgianbeer2 ($128.72 in chips) 
Seat 4: B1GBankroll ($103.57 in chips) 
Seat 6: Palacios777 ($104.50 in chips) 
saral1 has timed out
saral1: is sitting out 
Palacios777: posts small blind $0.50
Xenicide: posts big blind $1
*** HOLE CARDS ***
Ryantoland25: folds 
saral1 is disconnected 
belgianbeer2: folds 
B1GBankroll: raises $1.50 to $2.50
Palacios777: folds 
Xenicide: calls $1.50
*** FLOP *** [9h 7s Ah]
Xenicide: checks 
B1GBankroll: checks 
*** TURN *** [9h 7s Ah] [Ts]
Xenicide: checks 
B1GBankroll: checks 
*** RIVER *** [9h 7s Ah Ts] [4c]
Xenicide: checks 
B1GBankroll: checks 
*** SHOW DOWN ***
Xenicide: shows [2d Kd] (high card Ace)
B1GBankroll: shows [Ks 9s] (a pair of Nines)
B1GBankroll collected $5.22 from pot
*** SUMMARY ***
Total pot $5.50 | Rake $0.28 
Board [9h 7s Ah Ts 4c]
Seat 5: saral1
Seat 1: Xenicide (big blind) showed [2d Kd] and lost with high card Ace
Seat 2: Ryantoland25 folded before Flop (didn't bet)
Seat 3: belgianbeer2 folded before Flop (didn't bet)
Seat 4: B1GBankroll (button) showed [Ks 9s] and won ($5.22) with a pair of Nines
Seat 6: Palacios777 (small blind) folded before Flop



PokerStars Hand #254525939112:  Hold'em No Limit ($0.50/$1.00 USD) - 2025/01/24 6:27:51 WET [2025/01/24 1:27:51 ET]
Table 'Automedon IV' 6-max Seat #6 is the button
Seat 5: saral1 ($5.32 in chips) is sitting out
Seat 1: Xenicide ($148.75 in chips) 
Seat 2: Ryantoland25 ($20.22 in chips) 
Seat 3: belgianbeer2 ($128.72 in chips) 
Seat 4: B1GBankroll ($106.29 in chips) 
Seat 6: Palacios777 ($104 in chips) 
Xenicide: posts small blind $0.50
Ryantoland25: posts big blind $1
saral1 has timed out while disconnected
saral1: is sitting out 
*** HOLE CARDS ***
belgianbeer2: raises $1 to $2
B1GBankroll: folds 
Palacios777: folds 
Xenicide: folds 
Ryantoland25: calls $1
*** FLOP *** [4h 8d Kd]
Ryantoland25: bets $2
belgianbeer2: calls $2
*** TURN *** [4h 8d Kd] [7h]
Ryantoland25: bets $2
belgianbeer2: calls $2
*** RIVER *** [4h 8d Kd 7h] [Ac]
Ryantoland25: checks 
belgianbeer2: checks 
*** SHOW DOWN ***
Ryantoland25: shows [7d Qc] (a pair of Sevens)
belgianbeer2: shows [8h Th] (a pair of Eights)
belgianbeer2 collected $11.88 from pot
*** SUMMARY ***
Total pot $12.50 | Rake $0.62 
Board [4h 8d Kd 7h Ac]
Seat 5: saral1
Seat 1: Xenicide (small blind) folded before Flop
Seat 2: Ryantoland25 (big blind) showed [7d Qc] and lost with a pair of Sevens
Seat 3: belgianbeer2 showed [8h Th] and won ($11.88) with a pair of Eights
Seat 4: B1GBankroll folded before Flop (didn't bet)
Seat 6: Palacios777 (button) folded before Flop (didn't bet)



PokerStars Hand #254525944964:  Hold'em No Limit ($0.50/$1.00 USD) - 2025/01/24 6:29:09 WET [2025/01/24 1:29:09 ET]
Table 'Automedon IV' 6-max Seat #1 is the button
Seat 5: saral1 ($5.32 in chips) is sitting out
Seat 1: Xenicide ($148.25 in chips) 
Seat 2: Ryantoland25 ($14.22 in chips) 
Seat 3: belgianbeer2 ($134.60 in chips) 
Seat 4: B1GBankroll ($106.29 in chips) 
Seat 6: Palacios777 ($104 in chips) 
Ryantoland25: posts small blind $0.50
belgianbeer2: posts big blind $1
*** HOLE CARDS ***
B1GBankroll: raises $1.50 to $2.50
Palacios777: folds 
Xenicide: folds 
Ryantoland25: calls $2
belgianbeer2: raises $10.50 to $13
B1GBankroll: folds 
Ryantoland25: folds 
Uncalled bet ($10.50) returned to belgianbeer2
belgianbeer2 collected $7.50 from pot
belgianbeer2: doesn't show hand 
*** SUMMARY ***
Total pot $7.50 | Rake $0 
Seat 5: saral1
Seat 1: Xenicide (button) folded before Flop (didn't bet)
Seat 2: Ryantoland25 (small blind) folded before Flop
Seat 3: belgianbeer2 (big blind) collected ($7.50)
Seat 4: B1GBankroll folded before Flop
Seat 6: Palacios777 folded before Flop (didn't bet)



PokerStars Hand #254525947898:  Hold'em No Limit ($0.50/$1.00 USD) - 2025/01/24 6:29:49 WET [2025/01/24 1:29:49 ET]
Table 'Automedon IV' 6-max Seat #2 is the button
Seat 5: saral1 ($5.32 in chips) is sitting out
Seat 1: Xenicide ($148.25 in chips) 
Seat 2: Ryantoland25 ($11.72 in chips) 
Seat 3: belgianbeer2 ($139.60 in chips) 
Seat 4: B1GBankroll ($103.79 in chips) 
Seat 6: Palacios777 ($104 in chips) 
belgianbeer2: posts small blind $0.50
B1GBankroll: posts big blind $1
*** HOLE CARDS ***
Palacios777: folds 
Xenicide: folds 
Ryantoland25: raises $1 to $2
belgianbeer2: folds 
B1GBankroll: calls $1
*** FLOP *** [Ks 6d Kd]
B1GBankroll: bets $10
Ryantoland25: folds 
Uncalled bet ($10) returned to B1GBankroll
B1GBankroll collected $4.28 from pot
B1GBankroll: doesn't show hand 
*** SUMMARY ***
Total pot $4.50 | Rake $0.22 
Board [Ks 6d Kd]
Seat 5: saral1
Seat 1: Xenicide folded before Flop (didn't bet)
Seat 2: Ryantoland25 (button) folded on the Flop
Seat 3: belgianbeer2 (small blind) folded before Flop
Seat 4: B1GBankroll (big blind) collected ($4.28)
Seat 6: Palacios777 folded before Flop (didn't bet)



PokerStars Hand #254525950286:  Hold'em No Limit ($0.50/$1.00 USD) - 2025/01/24 6:30:20 WET [2025/01/24 1:30:20 ET]
Table 'Automedon IV' 6-max Seat #3 is the button
Seat 5: saral1 ($5.32 in chips) is sitting out
Seat 1: Xenicide ($148.25 in chips) 
Seat 2: Ryantoland25 ($9.72 in chips) 
Seat 3: belgianbeer2 ($139.10 in chips) 
Seat 4: B1GBankroll ($106.07 in chips) 
Seat 6: Palacios777 ($104 in chips) 
B1GBankroll: posts small blind $0.50
Palacios777: posts big blind $1
*** HOLE CARDS ***
Xenicide: folds 
Ryantoland25: raises $8.72 to $9.72 and is all-in
belgianbeer2: folds 
B1GBankroll: folds 
Palacios777: folds 
Uncalled bet ($8.72) returned to Ryantoland25
Ryantoland25 collected $2.50 from pot
*** SUMMARY ***
Total pot $2.50 | Rake $0 
Seat 5: saral1
Seat 1: Xenicide folded before Flop (didn't bet)
Seat 2: Ryantoland25 collected ($2.50)
Seat 3: belgianbeer2 (button) folded before Flop (didn't bet)
Seat 4: B1GBankroll (small blind) folded before Flop
Seat 6: Palacios777 (big blind) folded before Flop



