PokerStars Hand #254533740274:  Hold'em No Limit ($0.50/$1.00 USD) - 2025/01/24 19:47:08 WET [2025/01/24 14:47:08 ET]
Table 'Merga IV' 6-max Seat #3 is the button
Seat 1: Bullra ($92.98 in chips) 
Seat 2: vadjkeee ($100 in chips) 
Seat 3: Gfoer ($100 in chips) 
Seat 4: mr.Jckpot ($100 in chips) 
Seat 5: Rambo_nvd ($100 in chips) 
Seat 6: Y_19 ($100 in chips) 
mr.Jckpot: posts small blind $0.50
Rambo_nvd: posts big blind $1
*** HOLE CARDS ***
Y_19: raises $1.23 to $2.23
Bullra: calls $2.23
vadjkeee: folds 
Gfoer: folds 
mr.Jckpot: folds 
Rambo_nvd: folds 
*** FLOP *** [7h Jh 6h]
Y_19: bets $1.87
Bullra: calls $1.87
*** TURN *** [7h Jh 6h] [Qc]
Y_19: bets $6.92
Bullra: calls $6.92
*** RIVER *** [7h Jh 6h Qc] [5d]
Y_19: bets $15.65
Bullra: folds 
Uncalled bet ($15.65) returned to Y_19
Y_19 collected $22.36 from pot
Y_19: doesn't show hand 
*** SUMMARY ***
Total pot $23.54 | Rake $1.18 
Board [7h Jh 6h Qc 5d]
Seat 1: Bullra folded on the River
Seat 2: vadjkeee folded before Flop (didn't bet)
Seat 3: Gfoer (button) folded before Flop (didn't bet)
Seat 4: mr.Jckpot (small blind) folded before Flop
Seat 5: Rambo_nvd (big blind) folded before Flop
Seat 6: Y_19 collected ($22.36)



PokerStars Hand #254533754595:  Hold'em No Limit ($0.50/$1.00 USD) - 2025/01/24 19:47:57 WET [2025/01/24 14:47:57 ET]
Table 'Merga IV' 6-max Seat #4 is the button
Seat 1: Bullra ($81.96 in chips) 
Seat 2: vadjkeee ($100 in chips) 
Seat 3: Gfoer ($100 in chips) 
Seat 4: mr.Jckpot ($100 in chips) 
Seat 5: Rambo_nvd ($100 in chips) 
Seat 6: Y_19 ($111.34 in chips) 
Rambo_nvd: posts small blind $0.50
Y_19: posts big blind $1
*** HOLE CARDS ***
Bullra: folds 
vadjkeee: raises $1.50 to $2.50
Gfoer: folds 
mr.Jckpot: folds 
Rambo_nvd: folds 
Y_19: folds 
Uncalled bet ($1.50) returned to vadjkeee
vadjkeee collected $2.50 from pot
vadjkeee: doesn't show hand 
*** SUMMARY ***
Total pot $2.50 | Rake $0 
Seat 1: Bullra folded before Flop (didn't bet)
Seat 2: vadjkeee collected ($2.50)
Seat 3: Gfoer folded before Flop (didn't bet)
Seat 4: mr.Jckpot (button) folded before Flop (didn't bet)
Seat 5: Rambo_nvd (small blind) folded before Flop
Seat 6: Y_19 (big blind) folded before Flop



PokerStars Hand #254533758519:  Hold'em No Limit ($0.50/$1.00 USD) - 2025/01/24 19:48:11 WET [2025/01/24 14:48:11 ET]
Table 'Merga IV' 6-max Seat #5 is the button
Seat 1: Bullra ($81.96 in chips) 
Seat 2: vadjkeee ($101.50 in chips) 
Seat 3: Gfoer ($100 in chips) 
Seat 4: mr.Jckpot ($100 in chips) 
Seat 5: Rambo_nvd ($100 in chips) 
Seat 6: Y_19 ($110.34 in chips) 
Y_19: posts small blind $0.50
Bullra: posts big blind $1
*** HOLE CARDS ***
vadjkeee: folds 
Gfoer: folds 
mr.Jckpot: raises $1.50 to $2.50
Rambo_nvd: raises $5 to $7.50
Y_19: folds 
Bullra: folds 
mr.Jckpot: raises $14 to $21.50
Rambo_nvd: folds 
Uncalled bet ($14) returned to mr.Jckpot
mr.Jckpot collected $16.50 from pot
mr.Jckpot: doesn't show hand 
*** SUMMARY ***
Total pot $16.50 | Rake $0 
Seat 1: Bullra (big blind) folded before Flop
Seat 2: vadjkeee folded before Flop (didn't bet)
Seat 3: Gfoer folded before Flop (didn't bet)
Seat 4: mr.Jckpot collected ($16.50)
Seat 5: Rambo_nvd (button) folded before Flop
Seat 6: Y_19 (small blind) folded before Flop



PokerStars Hand #254533768207:  Hold'em No Limit ($0.50/$1.00 USD) - 2025/01/24 19:48:45 WET [2025/01/24 14:48:45 ET]
Table 'Merga IV' 6-max Seat #6 is the button
Seat 1: Bullra ($80.96 in chips) 
Seat 2: vadjkeee ($101.50 in chips) 
Seat 3: Gfoer ($100 in chips) 
Seat 4: mr.Jckpot ($109 in chips) 
Seat 5: Rambo_nvd ($100 in chips) 
Seat 6: Y_19 ($109.84 in chips) 
Bullra: posts small blind $0.50
vadjkeee: posts big blind $1
*** HOLE CARDS ***
Gfoer: folds 
mr.Jckpot: folds 
Rambo_nvd: folds 
Y_19: raises $1.23 to $2.23
Bullra: raises $5.46 to $7.69
vadjkeee: folds 
Y_19: folds 
Uncalled bet ($5.46) returned to Bullra
Bullra collected $5.46 from pot
Bullra: doesn't show hand 
*** SUMMARY ***
Total pot $5.46 | Rake $0 
Seat 1: Bullra (small blind) collected ($5.46)
Seat 2: vadjkeee (big blind) folded before Flop
Seat 3: Gfoer folded before Flop (didn't bet)
Seat 4: mr.Jckpot folded before Flop (didn't bet)
Seat 5: Rambo_nvd folded before Flop (didn't bet)
Seat 6: Y_19 (button) folded before Flop



PokerStars Hand #254533773921:  Hold'em No Limit ($0.50/$1.00 USD) - 2025/01/24 19:49:05 WET [2025/01/24 14:49:05 ET]
Table 'Merga IV' 6-max Seat #1 is the button
Seat 1: Bullra ($84.19 in chips) 
Seat 2: vadjkeee ($100.50 in chips) 
Seat 3: Gfoer ($100 in chips) 
Seat 4: mr.Jckpot ($109 in chips) 
Seat 5: Rambo_nvd ($100 in chips) 
Seat 6: Y_19 ($107.61 in chips) 
vadjkeee: posts small blind $0.50
Gfoer: posts big blind $1
*** HOLE CARDS ***
mr.Jckpot: folds 
Rambo_nvd: folds 
Y_19: folds 
Bullra: calls $1
vadjkeee: folds 
Gfoer: checks 
*** FLOP *** [8h 9d 4s]
Gfoer: checks 
Bullra: bets $2.38
Gfoer: folds 
Uncalled bet ($2.38) returned to Bullra
Bullra collected $2.38 from pot
Bullra: doesn't show hand 
*** SUMMARY ***
Total pot $2.50 | Rake $0.12 
Board [8h 9d 4s]
Seat 1: Bullra (button) collected ($2.38)
Seat 2: vadjkeee (small blind) folded before Flop
Seat 3: Gfoer (big blind) folded on the Flop
Seat 4: mr.Jckpot folded before Flop (didn't bet)
Seat 5: Rambo_nvd folded before Flop (didn't bet)
Seat 6: Y_19 folded before Flop (didn't bet)



PokerStars Hand #254533781075:  Hold'em No Limit ($0.50/$1.00 USD) - 2025/01/24 19:49:30 WET [2025/01/24 14:49:30 ET]
Table 'Merga IV' 6-max Seat #2 is the button
Seat 1: Bullra ($85.57 in chips) 
Seat 2: vadjkeee ($100 in chips) 
Seat 3: Gfoer ($100 in chips) 
Seat 4: mr.Jckpot ($109 in chips) 
Seat 5: Rambo_nvd ($100 in chips) 
Seat 6: Y_19 ($107.61 in chips) 
Gfoer: posts small blind $0.50
mr.Jckpot: posts big blind $1
*** HOLE CARDS ***
Rambo_nvd: folds 
Y_19: raises $1.23 to $2.23
Bullra: folds 
vadjkeee: folds 
Gfoer: folds 
mr.Jckpot: folds 
Uncalled bet ($1.23) returned to Y_19
Y_19 collected $2.50 from pot
Y_19: doesn't show hand 
*** SUMMARY ***
Total pot $2.50 | Rake $0 
Seat 1: Bullra folded before Flop (didn't bet)
Seat 2: vadjkeee (button) folded before Flop (didn't bet)
Seat 3: Gfoer (small blind) folded before Flop
Seat 4: mr.Jckpot (big blind) folded before Flop
Seat 5: Rambo_nvd folded before Flop (didn't bet)
Seat 6: Y_19 collected ($2.50)



PokerStars Hand #254533784188:  Hold'em No Limit ($0.50/$1.00 USD) - 2025/01/24 19:49:40 WET [2025/01/24 14:49:40 ET]
Table 'Merga IV' 6-max Seat #3 is the button
Seat 1: Bullra ($85.57 in chips) 
Seat 2: vadjkeee ($100 in chips) 
Seat 3: Gfoer ($100 in chips) 
Seat 4: mr.Jckpot ($108 in chips) 
Seat 5: Rambo_nvd ($100 in chips) 
Seat 6: Y_19 ($109.11 in chips) 
mr.Jckpot: posts small blind $0.50
Rambo_nvd: posts big blind $1
*** HOLE CARDS ***
Y_19: folds 
Bullra: folds 
vadjkeee: raises $1.50 to $2.50
Gfoer: folds 
mr.Jckpot: folds 
Rambo_nvd: folds 
Uncalled bet ($1.50) returned to vadjkeee
vadjkeee collected $2.50 from pot
vadjkeee: doesn't show hand 
*** SUMMARY ***
Total pot $2.50 | Rake $0 
Seat 1: Bullra folded before Flop (didn't bet)
Seat 2: vadjkeee collected ($2.50)
Seat 3: Gfoer (button) folded before Flop (didn't bet)
Seat 4: mr.Jckpot (small blind) folded before Flop
Seat 5: Rambo_nvd (big blind) folded before Flop
Seat 6: Y_19 folded before Flop (didn't bet)



PokerStars Hand #254533786966:  Hold'em No Limit ($0.50/$1.00 USD) - 2025/01/24 19:49:50 WET [2025/01/24 14:49:50 ET]
Table 'Merga IV' 6-max Seat #4 is the button
Seat 1: Bullra ($85.57 in chips) 
Seat 2: vadjkeee ($101.50 in chips) 
Seat 3: Gfoer ($100 in chips) 
Seat 4: mr.Jckpot ($107.50 in chips) 
Seat 5: Rambo_nvd ($100 in chips) 
Seat 6: Y_19 ($109.11 in chips) 
Rambo_nvd: posts small blind $0.50
Y_19: posts big blind $1
*** HOLE CARDS ***
Bullra: folds 
vadjkeee: folds 
Gfoer: folds 
mr.Jckpot: raises $1.50 to $2.50
Rambo_nvd: folds 
Y_19: folds 
Uncalled bet ($1.50) returned to mr.Jckpot
mr.Jckpot collected $2.50 from pot
mr.Jckpot: doesn't show hand 
*** SUMMARY ***
Total pot $2.50 | Rake $0 
Seat 1: Bullra folded before Flop (didn't bet)
Seat 2: vadjkeee folded before Flop (didn't bet)
Seat 3: Gfoer folded before Flop (didn't bet)
Seat 4: mr.Jckpot (button) collected ($2.50)
Seat 5: Rambo_nvd (small blind) folded before Flop
Seat 6: Y_19 (big blind) folded before Flop



PokerStars Hand #254533793051:  Hold'em No Limit ($0.50/$1.00 USD) - 2025/01/24 19:50:11 WET [2025/01/24 14:50:11 ET]
Table 'Merga IV' 6-max Seat #5 is the button
Seat 1: Bullra ($85.57 in chips) 
Seat 2: vadjkeee ($101.50 in chips) 
Seat 3: Gfoer ($100 in chips) 
Seat 4: mr.Jckpot ($109 in chips) 
Seat 5: Rambo_nvd ($100 in chips) 
Seat 6: Y_19 ($108.11 in chips) 
Y_19: posts small blind $0.50
Bullra: posts big blind $1
*** HOLE CARDS ***
vadjkeee: folds 
Gfoer: folds 
mr.Jckpot: folds 
Rambo_nvd: folds 
Y_19: raises $2 to $3
Bullra: calls $2
*** FLOP *** [5s Ks 7s]
Y_19: checks 
Bullra: bets $2.85
Y_19: calls $2.85
*** TURN *** [5s Ks 7s] [4d]
Y_19: checks 
Bullra: bets $11.12
Y_19: calls $11.12
*** RIVER *** [5s Ks 7s 4d] [3d]
Y_19: checks 
Bullra: checks 
*** SHOW DOWN ***
Y_19: shows [Jc Kh] (a pair of Kings)
Bullra: mucks hand 
Y_19 collected $32.24 from pot
*** SUMMARY ***
Total pot $33.94 | Rake $1.70 
Board [5s Ks 7s 4d 3d]
Seat 1: Bullra (big blind) mucked
Seat 2: vadjkeee folded before Flop (didn't bet)
Seat 3: Gfoer folded before Flop (didn't bet)
Seat 4: mr.Jckpot folded before Flop (didn't bet)
Seat 5: Rambo_nvd (button) folded before Flop (didn't bet)
Seat 6: Y_19 (small blind) showed [Jc Kh] and won ($32.24) with a pair of Kings



PokerStars Hand #254533805400:  Hold'em No Limit ($0.50/$1.00 USD) - 2025/01/24 19:50:53 WET [2025/01/24 14:50:53 ET]
Table 'Merga IV' 6-max Seat #6 is the button
Seat 1: Bullra ($68.60 in chips) 
Seat 2: vadjkeee ($101.50 in chips) 
Seat 3: Gfoer ($100 in chips) 
Seat 4: mr.Jckpot ($109 in chips) 
Seat 5: Rambo_nvd ($100 in chips) 
Seat 6: Y_19 ($123.38 in chips) 
Bullra: posts small blind $0.50
vadjkeee: posts big blind $1
*** HOLE CARDS ***
Gfoer: folds 
mr.Jckpot: raises $1.50 to $2.50
Rambo_nvd: folds 
Y_19: folds 
Bullra: raises $6 to $8.50
vadjkeee: folds 
mr.Jckpot: calls $6
*** FLOP *** [9h 4s 2c]
Bullra: bets $8.55
mr.Jckpot: calls $8.55
*** TURN *** [9h 4s 2c] [8c]
Gfoer leaves the table
Bullra: checks 
GuigaMan joins the table at seat #3 
mr.Jckpot: bets $8.50
Bullra: calls $8.50
*** RIVER *** [9h 4s 2c 8c] [9d]
Bullra: bets $24.80
mr.Jckpot: raises $43.70 to $68.50
Bullra: folds 
Uncalled bet ($43.70) returned to mr.Jckpot
mr.Jckpot collected $99.20 from pot
mr.Jckpot: doesn't show hand 
*** SUMMARY ***
Total pot $101.70 | Rake $2.50 
Board [9h 4s 2c 8c 9d]
Seat 1: Bullra (small blind) folded on the River
Seat 2: vadjkeee (big blind) folded before Flop
Seat 3: Gfoer folded before Flop (didn't bet)
Seat 4: mr.Jckpot collected ($99.20)
Seat 5: Rambo_nvd folded before Flop (didn't bet)
Seat 6: Y_19 (button) folded before Flop (didn't bet)



PokerStars Hand #254533824296:  Hold'em No Limit ($0.50/$1.00 USD) - 2025/01/24 19:51:59 WET [2025/01/24 14:51:59 ET]
Table 'Merga IV' 6-max Seat #1 is the button
Seat 1: Bullra ($18.25 in chips) 
Seat 2: vadjkeee ($100.50 in chips) 
Seat 3: GuigaMan ($100 in chips) 
Seat 4: mr.Jckpot ($157.85 in chips) 
Seat 5: Rambo_nvd ($100 in chips) 
Seat 6: Y_19 ($123.38 in chips) 
vadjkeee: posts small blind $0.50
GuigaMan: posts big blind $1
*** HOLE CARDS ***
mr.Jckpot: folds 
Rambo_nvd: folds 
Y_19: folds 
Bullra: raises $2 to $3
vadjkeee: folds 
GuigaMan: folds 
Uncalled bet ($2) returned to Bullra
Bullra collected $2.50 from pot
Bullra: doesn't show hand 
*** SUMMARY ***
Total pot $2.50 | Rake $0 
Seat 1: Bullra (button) collected ($2.50)
Seat 2: vadjkeee (small blind) folded before Flop
Seat 3: GuigaMan (big blind) folded before Flop
Seat 4: mr.Jckpot folded before Flop (didn't bet)
Seat 5: Rambo_nvd folded before Flop (didn't bet)
Seat 6: Y_19 folded before Flop (didn't bet)



PokerStars Hand #254533828631:  Hold'em No Limit ($0.50/$1.00 USD) - 2025/01/24 19:52:14 WET [2025/01/24 14:52:14 ET]
Table 'Merga IV' 6-max Seat #2 is the button
Seat 1: Bullra ($19.75 in chips) 
Seat 2: vadjkeee ($100 in chips) 
Seat 3: GuigaMan ($100 in chips) 
Seat 4: mr.Jckpot ($157.85 in chips) 
Seat 5: Rambo_nvd ($100 in chips) 
Seat 6: Y_19 ($123.38 in chips) 
GuigaMan: posts small blind $0.50
mr.Jckpot: posts big blind $1
*** HOLE CARDS ***
Rambo_nvd: folds 
Y_19: folds 
Bullra: folds 
vadjkeee: folds 
GuigaMan: folds 
Uncalled bet ($0.50) returned to mr.Jckpot
mr.Jckpot collected $1 from pot
mr.Jckpot: doesn't show hand 
*** SUMMARY ***
Total pot $1 | Rake $0 
Seat 1: Bullra folded before Flop (didn't bet)
Seat 2: vadjkeee (button) folded before Flop (didn't bet)
Seat 3: GuigaMan (small blind) folded before Flop
Seat 4: mr.Jckpot (big blind) collected ($1)
Seat 5: Rambo_nvd folded before Flop (didn't bet)
Seat 6: Y_19 folded before Flop (didn't bet)



PokerStars Hand #254533832404:  Hold'em No Limit ($0.50/$1.00 USD) - 2025/01/24 19:52:27 WET [2025/01/24 14:52:27 ET]
Table 'Merga IV' 6-max Seat #3 is the button
Seat 1: Bullra ($19.75 in chips) 
Seat 2: vadjkeee ($100 in chips) 
Seat 3: GuigaMan ($100 in chips) 
Seat 4: mr.Jckpot ($158.35 in chips) 
Seat 5: Rambo_nvd ($100 in chips) 
Seat 6: Y_19 ($123.38 in chips) 
mr.Jckpot: posts small blind $0.50
Rambo_nvd: posts big blind $1
*** HOLE CARDS ***
Y_19: folds 
Bullra: raises $18.75 to $19.75 and is all-in
vadjkeee: folds 
GuigaMan: folds 
mr.Jckpot: folds 
Rambo_nvd: folds 
Uncalled bet ($18.75) returned to Bullra
Bullra collected $2.50 from pot
Bullra: doesn't show hand 
*** SUMMARY ***
Total pot $2.50 | Rake $0 
Seat 1: Bullra collected ($2.50)
Seat 2: vadjkeee folded before Flop (didn't bet)
Seat 3: GuigaMan (button) folded before Flop (didn't bet)
Seat 4: mr.Jckpot (small blind) folded before Flop
Seat 5: Rambo_nvd (big blind) folded before Flop
Seat 6: Y_19 folded before Flop (didn't bet)



PokerStars Hand #254533837386:  Hold'em No Limit ($0.50/$1.00 USD) - 2025/01/24 19:52:45 WET [2025/01/24 14:52:45 ET]
Table 'Merga IV' 6-max Seat #4 is the button
Seat 1: Bullra ($21.25 in chips) 
Seat 2: vadjkeee ($100 in chips) 
Seat 3: GuigaMan ($100 in chips) 
Seat 4: mr.Jckpot ($157.85 in chips) 
Seat 5: Rambo_nvd ($100 in chips) 
Seat 6: Y_19 ($123.38 in chips) 
Rambo_nvd: posts small blind $0.50
Y_19: posts big blind $1
*** HOLE CARDS ***
Bullra: folds 
vadjkeee: raises $1.50 to $2.50
GuigaMan: folds 
mr.Jckpot: folds 
Rambo_nvd: folds 
Y_19: folds 
Uncalled bet ($1.50) returned to vadjkeee
vadjkeee collected $2.50 from pot
vadjkeee: doesn't show hand 
*** SUMMARY ***
Total pot $2.50 | Rake $0 
Seat 1: Bullra folded before Flop (didn't bet)
Seat 2: vadjkeee collected ($2.50)
Seat 3: GuigaMan folded before Flop (didn't bet)
Seat 4: mr.Jckpot (button) folded before Flop (didn't bet)
Seat 5: Rambo_nvd (small blind) folded before Flop
Seat 6: Y_19 (big blind) folded before Flop



PokerStars Hand #254533841794:  Hold'em No Limit ($0.50/$1.00 USD) - 2025/01/24 19:53:00 WET [2025/01/24 14:53:00 ET]
Table 'Merga IV' 6-max Seat #5 is the button
Seat 1: Bullra ($21.25 in chips) 
Seat 2: vadjkeee ($101.50 in chips) 
Seat 3: GuigaMan ($100 in chips) 
Seat 4: mr.Jckpot ($157.85 in chips) 
Seat 5: Rambo_nvd ($100 in chips) 
Seat 6: Y_19 ($122.38 in chips) 
Y_19: posts small blind $0.50
Bullra: posts big blind $1
*** HOLE CARDS ***
vadjkeee: folds 
GuigaMan: folds 
mr.Jckpot: folds 
Rambo_nvd: folds 
Y_19: raises $2 to $3
Bullra: calls $2
*** FLOP *** [Td 9s 9h]
Y_19: bets $1.88
Bullra: folds 
Uncalled bet ($1.88) returned to Y_19
Y_19 collected $5.70 from pot
Y_19: doesn't show hand 
*** SUMMARY ***
Total pot $6 | Rake $0.30 
Board [Td 9s 9h]
Seat 1: Bullra (big blind) folded on the Flop
Seat 2: vadjkeee folded before Flop (didn't bet)
Seat 3: GuigaMan folded before Flop (didn't bet)
Seat 4: mr.Jckpot folded before Flop (didn't bet)
Seat 5: Rambo_nvd (button) folded before Flop (didn't bet)
Seat 6: Y_19 (small blind) collected ($5.70)



PokerStars Hand #254533847699:  Hold'em No Limit ($0.50/$1.00 USD) - 2025/01/24 19:53:20 WET [2025/01/24 14:53:20 ET]
Table 'Merga IV' 6-max Seat #6 is the button
Seat 1: Bullra ($18.25 in chips) 
Seat 2: vadjkeee ($101.50 in chips) 
Seat 3: GuigaMan ($100 in chips) 
Seat 4: mr.Jckpot ($157.85 in chips) 
Seat 5: Rambo_nvd ($100 in chips) 
Seat 6: Y_19 ($125.08 in chips) 
Bullra: posts small blind $0.50
vadjkeee: posts big blind $1
*** HOLE CARDS ***
GuigaMan: folds 
mr.Jckpot: folds 
Rambo_nvd: folds 
Y_19: folds 
Bullra: raises $2 to $3
vadjkeee: folds 
Uncalled bet ($2) returned to Bullra
Bullra collected $2 from pot
Bullra: doesn't show hand 
*** SUMMARY ***
Total pot $2 | Rake $0 
Seat 1: Bullra (small blind) collected ($2)
Seat 2: vadjkeee (big blind) folded before Flop
Seat 3: GuigaMan folded before Flop (didn't bet)
Seat 4: mr.Jckpot folded before Flop (didn't bet)
Seat 5: Rambo_nvd folded before Flop (didn't bet)
Seat 6: Y_19 (button) folded before Flop (didn't bet)



PokerStars Hand #254533852188:  Hold'em No Limit ($0.50/$1.00 USD) - 2025/01/24 19:53:36 WET [2025/01/24 14:53:36 ET]
Table 'Merga IV' 6-max Seat #1 is the button
Seat 1: Bullra ($19.25 in chips) 
Seat 2: vadjkeee ($100.50 in chips) 
Seat 3: GuigaMan ($100 in chips) 
Seat 4: mr.Jckpot ($157.85 in chips) 
Seat 5: Rambo_nvd ($100 in chips) 
Seat 6: Y_19 ($125.08 in chips) 
vadjkeee: posts small blind $0.50
GuigaMan: posts big blind $1
*** HOLE CARDS ***
mr.Jckpot: folds 
Rambo_nvd: folds 
Y_19: folds 
Bullra: raises $2 to $3
vadjkeee: folds 
GuigaMan: calls $2
*** FLOP *** [Ks 5d As]
GuigaMan: checks 
Bullra: checks 
*** TURN *** [Ks 5d As] [Ac]
GuigaMan: checks 
Bullra: bets $3.09
GuigaMan: folds 
Uncalled bet ($3.09) returned to Bullra
Bullra collected $6.18 from pot
Bullra: doesn't show hand 
*** SUMMARY ***
Total pot $6.50 | Rake $0.32 
Board [Ks 5d As Ac]
Seat 1: Bullra (button) collected ($6.18)
Seat 2: vadjkeee (small blind) folded before Flop
Seat 3: GuigaMan (big blind) folded on the Turn
Seat 4: mr.Jckpot folded before Flop (didn't bet)
Seat 5: Rambo_nvd folded before Flop (didn't bet)
Seat 6: Y_19 folded before Flop (didn't bet)



PokerStars Hand #254533860746:  Hold'em No Limit ($0.50/$1.00 USD) - 2025/01/24 19:54:06 WET [2025/01/24 14:54:06 ET]
Table 'Merga IV' 6-max Seat #2 is the button
Seat 1: Bullra ($22.43 in chips) 
Seat 2: vadjkeee ($100 in chips) 
Seat 3: GuigaMan ($100 in chips) 
Seat 4: mr.Jckpot ($157.85 in chips) 
Seat 5: Rambo_nvd ($100 in chips) 
Seat 6: Y_19 ($125.08 in chips) 
GuigaMan: posts small blind $0.50
mr.Jckpot: posts big blind $1
*** HOLE CARDS ***
Rambo_nvd: folds 
Y_19: raises $1.23 to $2.23
Bullra: folds 
vadjkeee: folds 
GuigaMan: folds 
mr.Jckpot: folds 
Uncalled bet ($1.23) returned to Y_19
Y_19 collected $2.50 from pot
Y_19: doesn't show hand 
*** SUMMARY ***
Total pot $2.50 | Rake $0 
Seat 1: Bullra folded before Flop (didn't bet)
Seat 2: vadjkeee (button) folded before Flop (didn't bet)
Seat 3: GuigaMan (small blind) folded before Flop
Seat 4: mr.Jckpot (big blind) folded before Flop
Seat 5: Rambo_nvd folded before Flop (didn't bet)
Seat 6: Y_19 collected ($2.50)



PokerStars Hand #254533866841:  Hold'em No Limit ($0.50/$1.00 USD) - 2025/01/24 19:54:26 WET [2025/01/24 14:54:26 ET]
Table 'Merga IV' 6-max Seat #3 is the button
Seat 1: Bullra ($22.43 in chips) 
Seat 2: vadjkeee ($100 in chips) 
Seat 3: GuigaMan ($100 in chips) 
Seat 4: mr.Jckpot ($156.85 in chips) 
Seat 5: Rambo_nvd ($100 in chips) 
Seat 6: Y_19 ($126.58 in chips) 
mr.Jckpot: posts small blind $0.50
Rambo_nvd: posts big blind $1
*** HOLE CARDS ***
Y_19: folds 
Bullra: calls $1
vadjkeee: folds 
GuigaMan: raises $3 to $4
mr.Jckpot: folds 
Rambo_nvd: folds 
Bullra: calls $3
*** FLOP *** [Ah 2h Ks]
Bullra: checks 
GuigaMan: bets $2.71
Bullra: folds 
Uncalled bet ($2.71) returned to GuigaMan
GuigaMan collected $9.02 from pot
GuigaMan: doesn't show hand 
*** SUMMARY ***
Total pot $9.50 | Rake $0.48 
Board [Ah 2h Ks]
Seat 1: Bullra folded on the Flop
Seat 2: vadjkeee folded before Flop (didn't bet)
Seat 3: GuigaMan (button) collected ($9.02)
Seat 4: mr.Jckpot (small blind) folded before Flop
Seat 5: Rambo_nvd (big blind) folded before Flop
Seat 6: Y_19 folded before Flop (didn't bet)



PokerStars Hand #254533873887:  Hold'em No Limit ($0.50/$1.00 USD) - 2025/01/24 19:54:51 WET [2025/01/24 14:54:51 ET]
Table 'Merga IV' 6-max Seat #4 is the button
Seat 1: Bullra ($18.43 in chips) 
Seat 2: vadjkeee ($100 in chips) 
Seat 3: GuigaMan ($105.02 in chips) 
Seat 4: mr.Jckpot ($156.35 in chips) 
Seat 5: Rambo_nvd ($100 in chips) 
Seat 6: Y_19 ($126.58 in chips) 
Rambo_nvd: posts small blind $0.50
Y_19: posts big blind $1
*** HOLE CARDS ***
Bullra: calls $1
vadjkeee: raises $2 to $3
GuigaMan: folds 
mr.Jckpot: folds 
Rambo_nvd: folds 
Y_19: folds 
Bullra: calls $2
*** FLOP *** [7s 5c 5s]
Bullra: checks 
vadjkeee: bets $97 and is all-in
Bullra: folds 
Uncalled bet ($97) returned to vadjkeee
vadjkeee collected $7.12 from pot
vadjkeee: doesn't show hand 
*** SUMMARY ***
Total pot $7.50 | Rake $0.38 
Board [7s 5c 5s]
Seat 1: Bullra folded on the Flop
Seat 2: vadjkeee collected ($7.12)
Seat 3: GuigaMan folded before Flop (didn't bet)
Seat 4: mr.Jckpot (button) folded before Flop (didn't bet)
Seat 5: Rambo_nvd (small blind) folded before Flop
Seat 6: Y_19 (big blind) folded before Flop



PokerStars Hand #254533884815:  Hold'em No Limit ($0.50/$1.00 USD) - 2025/01/24 19:55:35 WET [2025/01/24 14:55:35 ET]
Table 'Merga IV' 6-max Seat #5 is the button
Seat 1: Bullra ($15.43 in chips) 
Seat 2: vadjkeee ($104.12 in chips) 
Seat 3: GuigaMan ($105.02 in chips) 
Seat 4: mr.Jckpot ($156.35 in chips) 
Seat 5: Rambo_nvd ($100 in chips) 
Seat 6: Y_19 ($125.58 in chips) 
Y_19: posts small blind $0.50
Bullra: posts big blind $1
*** HOLE CARDS ***
vadjkeee: folds 
GuigaMan: folds 
mr.Jckpot: folds 
Rambo_nvd: folds 
Y_19: folds 
Uncalled bet ($0.50) returned to Bullra
Bullra collected $1 from pot
Bullra: doesn't show hand 
*** SUMMARY ***
Total pot $1 | Rake $0 
Seat 1: Bullra (big blind) collected ($1)
Seat 2: vadjkeee folded before Flop (didn't bet)
Seat 3: GuigaMan folded before Flop (didn't bet)
Seat 4: mr.Jckpot folded before Flop (didn't bet)
Seat 5: Rambo_nvd (button) folded before Flop (didn't bet)
Seat 6: Y_19 (small blind) folded before Flop



PokerStars Hand #254533889076:  Hold'em No Limit ($0.50/$1.00 USD) - 2025/01/24 19:55:56 WET [2025/01/24 14:55:56 ET]
Table 'Merga IV' 6-max Seat #6 is the button
Seat 1: Bullra ($15.93 in chips) 
Seat 2: vadjkeee ($104.12 in chips) 
Seat 3: GuigaMan ($105.02 in chips) 
Seat 4: mr.Jckpot ($156.35 in chips) 
Seat 5: Rambo_nvd ($100 in chips) 
Seat 6: Y_19 ($125.08 in chips) 
Bullra: posts small blind $0.50
vadjkeee: posts big blind $1
*** HOLE CARDS ***
GuigaMan: folds 
mr.Jckpot: folds 
Rambo_nvd: folds 
Y_19: folds 
Bullra: raises $2 to $3
vadjkeee: raises $22 to $25
Bullra: calls $12.93 and is all-in
Uncalled bet ($9.07) returned to vadjkeee
*** FIRST FLOP *** [9s Qc Js]
*** FIRST TURN *** [9s Qc Js] [Td]
*** FIRST RIVER *** [9s Qc Js Td] [4c]
*** SECOND FLOP *** [7c As 6c]
*** SECOND TURN *** [7c As 6c] [5s]
*** SECOND RIVER *** [7c As 6c 5s] [Tc]
*** FIRST SHOW DOWN ***
Bullra: shows [Th Kh] (a straight, Nine to King)
vadjkeee: shows [5c Ah] (high card Ace)
Bullra collected $15.14 from pot
*** SECOND SHOW DOWN ***
Bullra: shows [Th Kh] (a pair of Tens)
vadjkeee: shows [5c Ah] (two pair, Aces and Fives)
vadjkeee collected $15.13 from pot
*** SUMMARY ***
Total pot $31.86 | Rake $1.59 
Hand was run twice
FIRST Board [9s Qc Js Td 4c]
SECOND Board [7c As 6c 5s Tc]
Seat 1: Bullra (small blind) showed [Th Kh] and won ($15.14) with a straight, Nine to King, and lost with a pair of Tens
Seat 2: vadjkeee (big blind) showed [5c Ah] and lost with high card Ace, and won ($15.13) with two pair, Aces and Fives
Seat 3: GuigaMan folded before Flop (didn't bet)
Seat 4: mr.Jckpot folded before Flop (didn't bet)
Seat 5: Rambo_nvd folded before Flop (didn't bet)
Seat 6: Y_19 (button) folded before Flop (didn't bet)



PokerStars Hand #254533896891:  Hold'em No Limit ($0.50/$1.00 USD) - 2025/01/24 19:56:33 WET [2025/01/24 14:56:33 ET]
Table 'Merga IV' 6-max Seat #1 is the button
Seat 1: Bullra ($15.14 in chips) 
Seat 2: vadjkeee ($103.32 in chips) 
Seat 3: GuigaMan ($105.02 in chips) 
Seat 4: mr.Jckpot ($156.35 in chips) 
Seat 5: Rambo_nvd ($100 in chips) 
Seat 6: Y_19 ($125.08 in chips) 
vadjkeee: posts small blind $0.50
GuigaMan: posts big blind $1
*** HOLE CARDS ***
mr.Jckpot: raises $1.50 to $2.50
Rambo_nvd: folds 
Y_19: raises $5 to $7.50
Bullra: raises $7.64 to $15.14 and is all-in
vadjkeee: folds 
GuigaMan: folds 
mr.Jckpot: folds 
Y_19: calls $7.64
*** FIRST FLOP *** [8d As 8c]
*** FIRST TURN *** [8d As 8c] [Qc]
*** FIRST RIVER *** [8d As 8c Qc] [Jc]
*** SECOND FLOP *** [Ah Th Jd]
*** SECOND TURN *** [Ah Th Jd] [5h]
*** SECOND RIVER *** [Ah Th Jd 5h] [3c]
*** FIRST SHOW DOWN ***
Y_19: shows [Ad Qh] (two pair, Aces and Queens)
Bullra: shows [Jh 9d] (two pair, Jacks and Eights)
Y_19 collected $16.29 from pot
*** SECOND SHOW DOWN ***
Y_19: shows [Ad Qh] (a pair of Aces)
Bullra: shows [Jh 9d] (a pair of Jacks)
Y_19 collected $16.28 from pot
*** SUMMARY ***
Total pot $34.28 | Rake $1.71 
Hand was run twice
FIRST Board [8d As 8c Qc Jc]
SECOND Board [Ah Th Jd 5h 3c]
Seat 1: Bullra (button) showed [Jh 9d] and lost with two pair, Jacks and Eights, and lost with a pair of Jacks
Seat 2: vadjkeee (small blind) folded before Flop
Seat 3: GuigaMan (big blind) folded before Flop
Seat 4: mr.Jckpot folded before Flop
Seat 5: Rambo_nvd folded before Flop (didn't bet)
Seat 6: Y_19 showed [Ad Qh] and won ($16.29) with two pair, Aces and Queens, and won ($16.28) with a pair of Aces



PokerStars Hand #254533902356:  Hold'em No Limit ($0.50/$1.00 USD) - 2025/01/24 19:56:59 WET [2025/01/24 14:56:59 ET]
Table 'Merga IV' 6-max Seat #2 is the button
Seat 1: Bullra ($0 in chips) is sitting out
Seat 2: vadjkeee ($102.82 in chips) 
Seat 3: GuigaMan ($104.02 in chips) 
Seat 4: mr.Jckpot ($153.85 in chips) 
Seat 5: Rambo_nvd ($100 in chips) 
Seat 6: Y_19 ($142.51 in chips) 
GuigaMan: posts small blind $0.50
mr.Jckpot: posts big blind $1
*** HOLE CARDS ***
Rambo_nvd: folds 
Y_19: raises $1.23 to $2.23
Bullra leaves the table
vadjkeee: folds 
GuigaMan: folds 
JUANS2 joins the table at seat #1 
mr.Jckpot: folds 
Uncalled bet ($1.23) returned to Y_19
Y_19 collected $2.50 from pot
Y_19: doesn't show hand 
*** SUMMARY ***
Total pot $2.50 | Rake $0 
Seat 1: Bullra
Seat 2: vadjkeee (button) folded before Flop (didn't bet)
Seat 3: GuigaMan (small blind) folded before Flop
Seat 4: mr.Jckpot (big blind) folded before Flop
Seat 5: Rambo_nvd folded before Flop (didn't bet)
Seat 6: Y_19 collected ($2.50)



PokerStars Hand #254533907443:  Hold'em No Limit ($0.50/$1.00 USD) - 2025/01/24 19:57:23 WET [2025/01/24 14:57:23 ET]
Table 'Merga IV' 6-max Seat #3 is the button
Seat 1: JUANS2 ($100 in chips) is sitting out
Seat 2: vadjkeee ($102.82 in chips) 
Seat 3: GuigaMan ($103.52 in chips) 
Seat 4: mr.Jckpot ($152.85 in chips) 
Seat 5: Rambo_nvd ($100 in chips) 
Seat 6: Y_19 ($144.01 in chips) 
mr.Jckpot: posts small blind $0.50
Rambo_nvd: posts big blind $1
JUANS2: sits out 
*** HOLE CARDS ***
Y_19: folds 
vadjkeee: folds 
GuigaMan: raises $1.50 to $2.50
mr.Jckpot: folds 
Rambo_nvd: folds 
Uncalled bet ($1.50) returned to GuigaMan
GuigaMan collected $2.50 from pot
GuigaMan: doesn't show hand 
*** SUMMARY ***
Total pot $2.50 | Rake $0 
Seat 1: JUANS2
Seat 2: vadjkeee folded before Flop (didn't bet)
Seat 3: GuigaMan (button) collected ($2.50)
Seat 4: mr.Jckpot (small blind) folded before Flop
Seat 5: Rambo_nvd (big blind) folded before Flop
Seat 6: Y_19 folded before Flop (didn't bet)



PokerStars Hand #254533910939:  Hold'em No Limit ($0.50/$1.00 USD) - 2025/01/24 19:57:40 WET [2025/01/24 14:57:40 ET]
Table 'Merga IV' 6-max Seat #4 is the button
Seat 1: JUANS2 ($100 in chips) is sitting out
Seat 2: vadjkeee ($102.82 in chips) 
Seat 3: GuigaMan ($105.02 in chips) 
Seat 4: mr.Jckpot ($152.35 in chips) 
Seat 5: Rambo_nvd ($100 in chips) 
Seat 6: Y_19 ($144.01 in chips) 
Rambo_nvd: posts small blind $0.50
Y_19: posts big blind $1
JUANS2: sits out 
*** HOLE CARDS ***
JUANS2 leaves the table
vadjkeee: folds 
GuigaMan: folds 
mr.Jckpot: folds 
Rambo_nvd: folds 
Uncalled bet ($0.50) returned to Y_19
Y_19 collected $1 from pot
Y_19: doesn't show hand 
michasia joins the table at seat #1 
*** SUMMARY ***
Total pot $1 | Rake $0 
Seat 1: JUANS2
Seat 2: vadjkeee folded before Flop (didn't bet)
Seat 3: GuigaMan folded before Flop (didn't bet)
Seat 4: mr.Jckpot (button) folded before Flop (didn't bet)
Seat 5: Rambo_nvd (small blind) folded before Flop
Seat 6: Y_19 (big blind) collected ($1)



PokerStars Hand #254533912952:  Hold'em No Limit ($0.50/$1.00 USD) - 2025/01/24 19:57:49 WET [2025/01/24 14:57:49 ET]
Table 'Merga IV' 6-max Seat #5 is the button
Seat 1: michasia ($100 in chips) 
Seat 2: vadjkeee ($102.82 in chips) 
Seat 3: GuigaMan ($105.02 in chips) 
Seat 4: mr.Jckpot ($152.35 in chips) 
Seat 5: Rambo_nvd ($100 in chips) 
Seat 6: Y_19 ($144.51 in chips) 
Y_19: posts small blind $0.50
michasia: posts big blind $1
*** HOLE CARDS ***
vadjkeee: folds 
GuigaMan: folds 
mr.Jckpot: folds 
Rambo_nvd: folds 
Y_19: raises $2 to $3
michasia: folds 
Uncalled bet ($2) returned to Y_19
Y_19 collected $2 from pot
Y_19: doesn't show hand 
*** SUMMARY ***
Total pot $2 | Rake $0 
Seat 1: michasia (big blind) folded before Flop
Seat 2: vadjkeee folded before Flop (didn't bet)
Seat 3: GuigaMan folded before Flop (didn't bet)
Seat 4: mr.Jckpot folded before Flop (didn't bet)
Seat 5: Rambo_nvd (button) folded before Flop (didn't bet)
Seat 6: Y_19 (small blind) collected ($2)



PokerStars Hand #254533915840:  Hold'em No Limit ($0.50/$1.00 USD) - 2025/01/24 19:58:03 WET [2025/01/24 14:58:03 ET]
Table 'Merga IV' 6-max Seat #6 is the button
Seat 2: vadjkeee ($102.82 in chips) is sitting out
Seat 1: michasia ($100 in chips) 
Seat 3: GuigaMan ($105.02 in chips) 
Seat 4: mr.Jckpot ($152.35 in chips) 
Seat 5: Rambo_nvd ($100 in chips) 
Seat 6: Y_19 ($145.51 in chips) 
michasia: posts small blind $0.50
vadjkeee: is sitting out 
GuigaMan: posts big blind $1
*** HOLE CARDS ***
mr.Jckpot: raises $1.50 to $2.50
Rambo_nvd: folds 
Y_19: folds 
vadjkeee leaves the table
michasia: folds 
GuigaMan: calls $1.50
*** FLOP *** [5c Kd Qs]
GuigaMan: checks 
mr.Jckpot: bets $1.72
GuigaMan: folds 
Uncalled bet ($1.72) returned to mr.Jckpot
mr.Jckpot collected $5.22 from pot
mr.Jckpot: doesn't show hand 
*** SUMMARY ***
Total pot $5.50 | Rake $0.28 
Board [5c Kd Qs]
Seat 2: vadjkeee
Seat 1: michasia (small blind) folded before Flop
Seat 3: GuigaMan (big blind) folded on the Flop
Seat 4: mr.Jckpot collected ($5.22)
Seat 5: Rambo_nvd folded before Flop (didn't bet)
Seat 6: Y_19 (button) folded before Flop (didn't bet)



PokerStars Hand #254533958021:  Hold'em No Limit ($0.50/$1.00 USD) - 2025/01/24 20:01:17 WET [2025/01/24 15:01:17 ET]
Table 'Merga IV' 6-max Seat #1 is the button
Seat 1: laloo246 ($100 in chips) 
Seat 4: kuca86 ($100 in chips) 
laloo246: posts small blind $0.50
kuca86: posts big blind $1
*** HOLE CARDS ***
laloo246: raises $1.50 to $2.50
kuca86: calls $1.50
*** FLOP *** [6s 7c 9h]
kuca86: checks 
laloo246: bets $2.38
kuca86: folds 
Uncalled bet ($2.38) returned to laloo246
laloo246 collected $4.75 from pot
laloo246: doesn't show hand 
*** SUMMARY ***
Total pot $5 | Rake $0.25 
Board [6s 7c 9h]
Seat 1: laloo246 (button) (small blind) collected ($4.75)
Seat 4: kuca86 (big blind) folded on the Flop



PokerStars Hand #254534085714:  Hold'em No Limit ($0.50/$1.00 USD) - 2025/01/24 20:08:30 WET [2025/01/24 15:08:30 ET]
Table 'Merga IV' 6-max Seat #2 is the button
Seat 4: vadjkeee ($102.82 in chips) is sitting out
Seat 1: Mr_Dick666 ($100 in chips) 
Seat 2: sta$igk ($100 in chips) 
Seat 3: Maximysss85 ($100 in chips) 
Seat 5: mr.Jckpot ($155.07 in chips) 
Seat 6: GuigaMan ($102.52 in chips) 
Maximysss85: posts small blind $0.50
mr.Jckpot: posts big blind $1
*** HOLE CARDS ***
GuigaMan: folds 
vadjkeee leaves the table
Mr_Dick666: folds 
sta$igk: folds 
Maximysss85: folds 
Uncalled bet ($0.50) returned to mr.Jckpot
mr.Jckpot collected $1 from pot
mr.Jckpot: doesn't show hand 
*** SUMMARY ***
Total pot $1 | Rake $0 
Seat 4: vadjkeee
Seat 1: Mr_Dick666 folded before Flop (didn't bet)
Seat 2: sta$igk (button) folded before Flop (didn't bet)
Seat 3: Maximysss85 (small blind) folded before Flop
Seat 5: mr.Jckpot (big blind) collected ($1)
Seat 6: GuigaMan folded before Flop (didn't bet)



PokerStars Hand #254534092018:  Hold'em No Limit ($0.50/$1.00 USD) - 2025/01/24 20:08:51 WET [2025/01/24 15:08:51 ET]
Table 'Merga IV' 6-max Seat #3 is the button
Seat 1: Mr_Dick666 ($100 in chips) 
Seat 2: sta$igk ($100 in chips) 
Seat 3: Maximysss85 ($100 in chips) 
Seat 5: mr.Jckpot ($155.57 in chips) 
Seat 6: GuigaMan ($102.52 in chips) 
mr.Jckpot: posts small blind $0.50
GuigaMan: posts big blind $1
*** HOLE CARDS ***
Mr_Dick666: folds 
sta$igk: folds 
Maximysss85: folds 
mr.Jckpot: folds 
Uncalled bet ($0.50) returned to GuigaMan
GuigaMan collected $1 from pot
GuigaMan: doesn't show hand 
*** SUMMARY ***
Total pot $1 | Rake $0 
Seat 1: Mr_Dick666 folded before Flop (didn't bet)
Seat 2: sta$igk folded before Flop (didn't bet)
Seat 3: Maximysss85 (button) folded before Flop (didn't bet)
Seat 5: mr.Jckpot (small blind) folded before Flop
Seat 6: GuigaMan (big blind) collected ($1)



PokerStars Hand #254534094367:  Hold'em No Limit ($0.50/$1.00 USD) - 2025/01/24 20:08:58 WET [2025/01/24 15:08:58 ET]
Table 'Merga IV' 6-max Seat #5 is the button
Seat 1: Mr_Dick666 ($100 in chips) 
Seat 2: sta$igk ($100 in chips) 
Seat 3: Maximysss85 ($100 in chips) 
Seat 5: mr.Jckpot ($155.07 in chips) 
Seat 6: GuigaMan ($103.02 in chips) 
GuigaMan: posts small blind $0.50
Mr_Dick666: posts big blind $1
*** HOLE CARDS ***
sta$igk: raises $1.50 to $2.50
Maximysss85: folds 
mr.Jckpot: folds 
GuigaMan: folds 
Mr_Dick666: calls $1.50
*** FLOP *** [5h Kd 7s]
Mr_Dick666: checks 
sta$igk: bets $1.30
Mr_Dick666: raises $9.20 to $10.50
sta$igk: folds 
Uncalled bet ($9.20) returned to Mr_Dick666
Mr_Dick666 collected $7.70 from pot
Mr_Dick666: doesn't show hand 
*** SUMMARY ***
Total pot $8.10 | Rake $0.40 
Board [5h Kd 7s]
Seat 1: Mr_Dick666 (big blind) collected ($7.70)
Seat 2: sta$igk folded on the Flop
Seat 3: Maximysss85 folded before Flop (didn't bet)
Seat 5: mr.Jckpot (button) folded before Flop (didn't bet)
Seat 6: GuigaMan (small blind) folded before Flop



PokerStars Hand #254534108363:  Hold'em No Limit ($0.50/$1.00 USD) - 2025/01/24 20:09:44 WET [2025/01/24 15:09:44 ET]
Table 'Merga IV' 6-max Seat #6 is the button
Seat 1: Mr_Dick666 ($103.90 in chips) 
Seat 2: sta$igk ($100 in chips) 
Seat 3: Maximysss85 ($100 in chips) 
Seat 5: mr.Jckpot ($155.07 in chips) 
Seat 6: GuigaMan ($102.52 in chips) 
Mr_Dick666: posts small blind $0.50
sta$igk: posts big blind $1
*** HOLE CARDS ***
Maximysss85: folds 
mr.Jckpot: folds 
GuigaMan: raises $1.50 to $2.50
Mr_Dick666: folds 
sta$igk: raises $9.50 to $12
GuigaMan: calls $9.50
*** FLOP *** [3s 8d Kc]
sta$igk: bets $7.68
GuigaMan: calls $7.68
*** TURN *** [3s 8d Kc] [Qh]
hope321 joins the table at seat #4 
hope321 is disconnected 
sta$igk: checks 
GuigaMan: checks 
*** RIVER *** [3s 8d Kc Qh] [8s]
sta$igk: checks 
GuigaMan: checks 
*** SHOW DOWN ***
sta$igk: shows [Kh Js] (two pair, Kings and Eights)
GuigaMan: mucks hand 
sta$igk collected $37.87 from pot
*** SUMMARY ***
Total pot $39.86 | Rake $1.99 
Board [3s 8d Kc Qh 8s]
Seat 1: Mr_Dick666 (small blind) folded before Flop
Seat 2: sta$igk (big blind) showed [Kh Js] and won ($37.87) with two pair, Kings and Eights
Seat 3: Maximysss85 folded before Flop (didn't bet)
Seat 5: mr.Jckpot folded before Flop (didn't bet)
Seat 6: GuigaMan (button) mucked



PokerStars Hand #254534126166:  Hold'em No Limit ($0.50/$1.00 USD) - 2025/01/24 20:10:42 WET [2025/01/24 15:10:42 ET]
Table 'Merga IV' 6-max Seat #1 is the button
Seat 4: hope321 ($100 in chips) is sitting out
Seat 1: Mr_Dick666 ($103.40 in chips) 
Seat 2: sta$igk ($118.19 in chips) 
Seat 3: Maximysss85 ($100 in chips) 
Seat 5: mr.Jckpot ($155.07 in chips) 
Seat 6: GuigaMan ($100 in chips) 
sta$igk: posts small blind $0.50
Maximysss85: posts big blind $1
hope321: sits out 
*** HOLE CARDS ***
mr.Jckpot: folds 
GuigaMan: raises $1.50 to $2.50
Mr_Dick666: folds 
sta$igk: folds 
Maximysss85: calls $1.50
*** FLOP *** [2s 3c Js]
Maximysss85: checks 
GuigaMan: bets $3.92
Maximysss85: folds 
Uncalled bet ($3.92) returned to GuigaMan
GuigaMan collected $5.22 from pot
GuigaMan: doesn't show hand 
*** SUMMARY ***
Total pot $5.50 | Rake $0.28 
Board [2s 3c Js]
Seat 4: hope321
Seat 1: Mr_Dick666 (button) folded before Flop (didn't bet)
Seat 2: sta$igk (small blind) folded before Flop
Seat 3: Maximysss85 (big blind) folded on the Flop
Seat 5: mr.Jckpot folded before Flop (didn't bet)
Seat 6: GuigaMan collected ($5.22)



PokerStars Hand #254534132883:  Hold'em No Limit ($0.50/$1.00 USD) - 2025/01/24 20:11:04 WET [2025/01/24 15:11:04 ET]
Table 'Merga IV' 6-max Seat #2 is the button
Seat 1: Mr_Dick666 ($103.40 in chips) 
Seat 2: sta$igk ($117.69 in chips) 
Seat 3: Maximysss85 ($100 in chips) 
Seat 4: hope321 ($100 in chips) 
Seat 5: mr.Jckpot ($155.07 in chips) 
Seat 6: GuigaMan ($102.72 in chips) 
Maximysss85: posts small blind $0.50
hope321: posts big blind $1
*** HOLE CARDS ***
mr.Jckpot: folds 
GuigaMan: folds 
Mr_Dick666: raises $1.50 to $2.50
sta$igk: folds 
Maximysss85: folds 
hope321: calls $1.50
*** FLOP *** [6c 8h 5d]
hope321: bets $5.22
Mr_Dick666: folds 
Uncalled bet ($5.22) returned to hope321
hope321 collected $5.22 from pot
*** SUMMARY ***
Total pot $5.50 | Rake $0.28 
Board [6c 8h 5d]
Seat 1: Mr_Dick666 folded on the Flop
Seat 2: sta$igk (button) folded before Flop (didn't bet)
Seat 3: Maximysss85 (small blind) folded before Flop
Seat 4: hope321 (big blind) collected ($5.22)
Seat 5: mr.Jckpot folded before Flop (didn't bet)
Seat 6: GuigaMan folded before Flop (didn't bet)



PokerStars Hand #254534141447:  Hold'em No Limit ($0.50/$1.00 USD) - 2025/01/24 20:11:32 WET [2025/01/24 15:11:32 ET]
Table 'Merga IV' 6-max Seat #3 is the button
Seat 1: Mr_Dick666 ($100.90 in chips) 
Seat 2: sta$igk ($117.69 in chips) 
Seat 3: Maximysss85 ($100 in chips) 
Seat 4: hope321 ($102.72 in chips) 
Seat 5: mr.Jckpot ($155.07 in chips) 
Seat 6: GuigaMan ($102.72 in chips) 
hope321: posts small blind $0.50
mr.Jckpot: posts big blind $1
*** HOLE CARDS ***
GuigaMan: folds 
Mr_Dick666: raises $1 to $2
sta$igk: folds 
Maximysss85: folds 
hope321: folds 
mr.Jckpot: calls $1
*** FLOP *** [9h 8d Jd]
mr.Jckpot: checks 
Mr_Dick666: bets $3.21
mr.Jckpot: folds 
Uncalled bet ($3.21) returned to Mr_Dick666
Mr_Dick666 collected $4.28 from pot
Mr_Dick666: doesn't show hand 
*** SUMMARY ***
Total pot $4.50 | Rake $0.22 
Board [9h 8d Jd]
Seat 1: Mr_Dick666 collected ($4.28)
Seat 2: sta$igk folded before Flop (didn't bet)
Seat 3: Maximysss85 (button) folded before Flop (didn't bet)
Seat 4: hope321 (small blind) folded before Flop
Seat 5: mr.Jckpot (big blind) folded on the Flop
Seat 6: GuigaMan folded before Flop (didn't bet)



PokerStars Hand #254534151235:  Hold'em No Limit ($0.50/$1.00 USD) - 2025/01/24 20:12:04 WET [2025/01/24 15:12:04 ET]
Table 'Merga IV' 6-max Seat #4 is the button
Seat 1: Mr_Dick666 ($103.18 in chips) 
Seat 2: sta$igk ($117.69 in chips) 
Seat 3: Maximysss85 ($100 in chips) 
Seat 4: hope321 ($102.22 in chips) 
Seat 5: mr.Jckpot ($153.07 in chips) 
Seat 6: GuigaMan ($102.72 in chips) 
mr.Jckpot: posts small blind $0.50
GuigaMan: posts big blind $1
*** HOLE CARDS ***
Mr_Dick666: folds 
sta$igk: folds 
Maximysss85: raises $1.50 to $2.50
hope321: folds 
mr.Jckpot: folds 
GuigaMan: folds 
Uncalled bet ($1.50) returned to Maximysss85
Maximysss85 collected $2.50 from pot
Maximysss85: doesn't show hand 
*** SUMMARY ***
Total pot $2.50 | Rake $0 
Seat 1: Mr_Dick666 folded before Flop (didn't bet)
Seat 2: sta$igk folded before Flop (didn't bet)
Seat 3: Maximysss85 collected ($2.50)
Seat 4: hope321 (button) folded before Flop (didn't bet)
Seat 5: mr.Jckpot (small blind) folded before Flop
Seat 6: GuigaMan (big blind) folded before Flop



PokerStars Hand #254534157189:  Hold'em No Limit ($0.50/$1.00 USD) - 2025/01/24 20:12:23 WET [2025/01/24 15:12:23 ET]
Table 'Merga IV' 6-max Seat #5 is the button
Seat 1: Mr_Dick666 ($103.18 in chips) 
Seat 2: sta$igk ($117.69 in chips) 
Seat 3: Maximysss85 ($101.50 in chips) 
Seat 4: hope321 ($102.22 in chips) 
Seat 5: mr.Jckpot ($152.57 in chips) 
Seat 6: GuigaMan ($101.72 in chips) 
GuigaMan: posts small blind $0.50
Mr_Dick666: posts big blind $1
*** HOLE CARDS ***
sta$igk: folds 
Maximysss85: folds 
hope321: calls $1
mr.Jckpot: folds 
GuigaMan: folds 
Mr_Dick666: checks 
*** FLOP *** [5h 5c 4c]
Mr_Dick666: checks 
hope321: bets $1
Mr_Dick666: raises $2 to $3
hope321: folds 
Uncalled bet ($2) returned to Mr_Dick666
Mr_Dick666 collected $4.28 from pot
Mr_Dick666: doesn't show hand 
*** SUMMARY ***
Total pot $4.50 | Rake $0.22 
Board [5h 5c 4c]
Seat 1: Mr_Dick666 (big blind) collected ($4.28)
Seat 2: sta$igk folded before Flop (didn't bet)
Seat 3: Maximysss85 folded before Flop (didn't bet)
Seat 4: hope321 folded on the Flop
Seat 5: mr.Jckpot (button) folded before Flop (didn't bet)
Seat 6: GuigaMan (small blind) folded before Flop



PokerStars Hand #254534168235:  Hold'em No Limit ($0.50/$1.00 USD) - 2025/01/24 20:12:59 WET [2025/01/24 15:12:59 ET]
Table 'Merga IV' 6-max Seat #6 is the button
Seat 1: Mr_Dick666 ($105.46 in chips) 
Seat 2: sta$igk ($117.69 in chips) 
Seat 3: Maximysss85 ($101.50 in chips) 
Seat 4: hope321 ($100.22 in chips) 
Seat 5: mr.Jckpot ($152.57 in chips) 
Seat 6: GuigaMan ($101.22 in chips) 
Mr_Dick666: posts small blind $0.50
sta$igk: posts big blind $1
*** HOLE CARDS ***
Maximysss85: raises $1.25 to $2.25
hope321: folds 
mr.Jckpot: folds 
GuigaMan: folds 
Mr_Dick666: folds 
sta$igk: folds 
Uncalled bet ($1.25) returned to Maximysss85
Maximysss85 collected $2.50 from pot
Maximysss85: doesn't show hand 
*** SUMMARY ***
Total pot $2.50 | Rake $0 
Seat 1: Mr_Dick666 (small blind) folded before Flop
Seat 2: sta$igk (big blind) folded before Flop
Seat 3: Maximysss85 collected ($2.50)
Seat 4: hope321 folded before Flop (didn't bet)
Seat 5: mr.Jckpot folded before Flop (didn't bet)
Seat 6: GuigaMan (button) folded before Flop (didn't bet)



PokerStars Hand #254534172395:  Hold'em No Limit ($0.50/$1.00 USD) - 2025/01/24 20:13:12 WET [2025/01/24 15:13:12 ET]
Table 'Merga IV' 6-max Seat #1 is the button
Seat 3: Maximysss85 ($103 in chips) is sitting out
Seat 1: Mr_Dick666 ($104.96 in chips) 
Seat 2: sta$igk ($116.69 in chips) 
Seat 4: hope321 ($100.22 in chips) 
Seat 5: mr.Jckpot ($152.57 in chips) 
Seat 6: GuigaMan ($101.22 in chips) 
sta$igk: posts small blind $0.50
Maximysss85: is sitting out 
hope321: posts big blind $1
*** HOLE CARDS ***
mr.Jckpot: folds 
GuigaMan: folds 
Maximysss85 leaves the table
Mr_Dick666: folds 
sta$igk: raises $2 to $3
hope321: folds 
Uncalled bet ($2) returned to sta$igk
sta$igk collected $2 from pot
sta$igk: doesn't show hand 
*** SUMMARY ***
Total pot $2 | Rake $0 
Seat 3: Maximysss85
Seat 1: Mr_Dick666 (button) folded before Flop (didn't bet)
Seat 2: sta$igk (small blind) collected ($2)
Seat 4: hope321 (big blind) folded before Flop
Seat 5: mr.Jckpot folded before Flop (didn't bet)
Seat 6: GuigaMan folded before Flop (didn't bet)



PokerStars Hand #254534178319:  Hold'em No Limit ($0.50/$1.00 USD) - 2025/01/24 20:13:32 WET [2025/01/24 15:13:32 ET]
Table 'Merga IV' 6-max Seat #2 is the button
Seat 1: Mr_Dick666 ($104.96 in chips) 
Seat 2: sta$igk ($117.69 in chips) 
Seat 4: hope321 ($99.22 in chips) 
Seat 5: mr.Jckpot ($152.57 in chips) 
Seat 6: GuigaMan ($101.22 in chips) 
hope321: posts small blind $0.50
mr.Jckpot: posts big blind $1
*** HOLE CARDS ***
GuigaMan: folds 
Mr_Dick666: folds 
BGS013 joins the table at seat #3 
sta$igk: raises $1.50 to $2.50
hope321: folds 
mr.Jckpot: folds 
Uncalled bet ($1.50) returned to sta$igk
sta$igk collected $2.50 from pot
sta$igk: doesn't show hand 
*** SUMMARY ***
Total pot $2.50 | Rake $0 
Seat 1: Mr_Dick666 folded before Flop (didn't bet)
Seat 2: sta$igk (button) collected ($2.50)
Seat 4: hope321 (small blind) folded before Flop
Seat 5: mr.Jckpot (big blind) folded before Flop
Seat 6: GuigaMan folded before Flop (didn't bet)



PokerStars Hand #254534183649:  Hold'em No Limit ($0.50/$1.00 USD) - 2025/01/24 20:13:49 WET [2025/01/24 15:13:49 ET]
Table 'Merga IV' 6-max Seat #4 is the button
Seat 3: BGS013 ($100 in chips) is sitting out
Seat 1: Mr_Dick666 ($104.96 in chips) 
Seat 2: sta$igk ($119.19 in chips) 
Seat 4: hope321 ($98.72 in chips) 
Seat 5: mr.Jckpot ($151.57 in chips) 
Seat 6: GuigaMan ($101.22 in chips) 
mr.Jckpot: posts small blind $0.50
GuigaMan: posts big blind $1
BGS013: sits out 
*** HOLE CARDS ***
Mr_Dick666: folds 
sta$igk: folds 
hope321: raises $2 to $3
mr.Jckpot: folds 
GuigaMan: calls $2
*** FLOP *** [2s Jd Qs]
GuigaMan: checks 
hope321: bets $6.18
GuigaMan: folds 
Uncalled bet ($6.18) returned to hope321
hope321 collected $6.18 from pot
*** SUMMARY ***
Total pot $6.50 | Rake $0.32 
Board [2s Jd Qs]
Seat 3: BGS013
Seat 1: Mr_Dick666 folded before Flop (didn't bet)
Seat 2: sta$igk folded before Flop (didn't bet)
Seat 4: hope321 (button) collected ($6.18)
Seat 5: mr.Jckpot (small blind) folded before Flop
Seat 6: GuigaMan (big blind) folded on the Flop



PokerStars Hand #254534189305:  Hold'em No Limit ($0.50/$1.00 USD) - 2025/01/24 20:14:07 WET [2025/01/24 15:14:07 ET]
Table 'Merga IV' 6-max Seat #5 is the button
Seat 3: BGS013 ($100 in chips) is sitting out
Seat 1: Mr_Dick666 ($104.96 in chips) 
Seat 2: sta$igk ($119.19 in chips) 
Seat 4: hope321 ($101.90 in chips) 
Seat 5: mr.Jckpot ($151.07 in chips) 
Seat 6: GuigaMan ($100 in chips) 
GuigaMan: posts small blind $0.50
Mr_Dick666: posts big blind $1
BGS013: sits out 
*** HOLE CARDS ***
sta$igk: folds 
hope321: folds 
mr.Jckpot: folds 
GuigaMan: folds 
Uncalled bet ($0.50) returned to Mr_Dick666
Mr_Dick666 collected $1 from pot
Mr_Dick666: doesn't show hand 
*** SUMMARY ***
Total pot $1 | Rake $0 
Seat 3: BGS013
Seat 1: Mr_Dick666 (big blind) collected ($1)
Seat 2: sta$igk folded before Flop (didn't bet)
Seat 4: hope321 folded before Flop (didn't bet)
Seat 5: mr.Jckpot (button) folded before Flop (didn't bet)
Seat 6: GuigaMan (small blind) folded before Flop



PokerStars Hand #254534192209:  Hold'em No Limit ($0.50/$1.00 USD) - 2025/01/24 20:14:17 WET [2025/01/24 15:14:17 ET]
Table 'Merga IV' 6-max Seat #6 is the button
Seat 3: BGS013 ($100 in chips) is sitting out
Seat 1: Mr_Dick666 ($105.46 in chips) 
Seat 2: sta$igk ($119.19 in chips) 
Seat 4: hope321 ($101.90 in chips) 
Seat 5: mr.Jckpot ($151.07 in chips) 
Seat 6: GuigaMan ($100 in chips) 
Mr_Dick666: posts small blind $0.50
sta$igk: posts big blind $1
BGS013: sits out 
*** HOLE CARDS ***
hope321: folds 
mr.Jckpot: folds 
GuigaMan: raises $1.50 to $2.50
Mr_Dick666: raises $9.50 to $12
sta$igk: folds 
GuigaMan: calls $9.50
*** FLOP *** [7c 6c 7d]
Mr_Dick666: bets $17.81
GuigaMan: folds 
Uncalled bet ($17.81) returned to Mr_Dick666
Mr_Dick666 collected $23.75 from pot
Mr_Dick666: doesn't show hand 
*** SUMMARY ***
Total pot $25 | Rake $1.25 
Board [7c 6c 7d]
Seat 3: BGS013
Seat 1: Mr_Dick666 (small blind) collected ($23.75)
Seat 2: sta$igk (big blind) folded before Flop
Seat 4: hope321 folded before Flop (didn't bet)
Seat 5: mr.Jckpot folded before Flop (didn't bet)
Seat 6: GuigaMan (button) folded on the Flop



PokerStars Hand #254534203475:  Hold'em No Limit ($0.50/$1.00 USD) - 2025/01/24 20:14:53 WET [2025/01/24 15:14:53 ET]
Table 'Merga IV' 6-max Seat #1 is the button
Seat 1: Mr_Dick666 ($117.21 in chips) 
Seat 2: sta$igk ($118.19 in chips) 
Seat 3: BGS013 ($100 in chips) 
Seat 4: hope321 ($101.90 in chips) 
Seat 5: mr.Jckpot ($151.07 in chips) 
Seat 6: GuigaMan ($100 in chips) 
sta$igk: posts small blind $0.50
BGS013: posts big blind $1
*** HOLE CARDS ***
hope321: calls $1
mr.Jckpot: folds 
GuigaMan: folds 
Mr_Dick666: raises $3 to $4
sta$igk: folds 
BGS013: folds 
hope321: calls $3
*** FLOP *** [9d 8h 2h]
hope321: checks 
Mr_Dick666: checks 
*** TURN *** [9d 8h 2h] [Jd]
hope321: bets $2
Mr_Dick666: calls $2
*** RIVER *** [9d 8h 2h Jd] [3h]
hope321: bets $4
Mr_Dick666: folds 
Uncalled bet ($4) returned to hope321
hope321 collected $12.82 from pot
*** SUMMARY ***
Total pot $13.50 | Rake $0.68 
Board [9d 8h 2h Jd 3h]
Seat 1: Mr_Dick666 (button) folded on the River
Seat 2: sta$igk (small blind) folded before Flop
Seat 3: BGS013 (big blind) folded before Flop
Seat 4: hope321 collected ($12.82)
Seat 5: mr.Jckpot folded before Flop (didn't bet)
Seat 6: GuigaMan folded before Flop (didn't bet)



PokerStars Hand #254534214539:  Hold'em No Limit ($0.50/$1.00 USD) - 2025/01/24 20:15:29 WET [2025/01/24 15:15:29 ET]
Table 'Merga IV' 6-max Seat #2 is the button
Seat 1: Mr_Dick666 ($111.21 in chips) 
Seat 2: sta$igk ($117.69 in chips) 
Seat 3: BGS013 ($100 in chips) 
Seat 4: hope321 ($108.72 in chips) 
Seat 5: mr.Jckpot ($151.07 in chips) 
Seat 6: GuigaMan ($100 in chips) 
BGS013: posts small blind $0.50
hope321: posts big blind $1
*** HOLE CARDS ***
mr.Jckpot: folds 
GuigaMan: raises $1.20 to $2.20
Mr_Dick666: folds 
sta$igk: raises $5.30 to $7.50
BGS013: folds 
hope321: folds 
GuigaMan: folds 
Uncalled bet ($5.30) returned to sta$igk
sta$igk collected $5.90 from pot
sta$igk: doesn't show hand 
*** SUMMARY ***
Total pot $5.90 | Rake $0 
Seat 1: Mr_Dick666 folded before Flop (didn't bet)
Seat 2: sta$igk (button) collected ($5.90)
Seat 3: BGS013 (small blind) folded before Flop
Seat 4: hope321 (big blind) folded before Flop
Seat 5: mr.Jckpot folded before Flop (didn't bet)
Seat 6: GuigaMan folded before Flop



PokerStars Hand #254534223167:  Hold'em No Limit ($0.50/$1.00 USD) - 2025/01/24 20:15:57 WET [2025/01/24 15:15:57 ET]
Table 'Merga IV' 6-max Seat #3 is the button
Seat 1: Mr_Dick666 ($111.21 in chips) 
Seat 2: sta$igk ($121.39 in chips) 
Seat 3: BGS013 ($100 in chips) 
Seat 4: hope321 ($107.72 in chips) 
Seat 5: mr.Jckpot ($151.07 in chips) 
Seat 6: GuigaMan ($100 in chips) 
hope321: posts small blind $0.50
mr.Jckpot: posts big blind $1
*** HOLE CARDS ***
GuigaMan: folds 
Mr_Dick666: folds 
sta$igk: folds 
BGS013: raises $1.50 to $2.50
hope321: folds 
mr.Jckpot: calls $1.50
*** FLOP *** [2h 4s 2d]
mr.Jckpot: checks 
BGS013: bets $1.36
mr.Jckpot: calls $1.36
*** TURN *** [2h 4s 2d] [Ad]
mr.Jckpot: checks 
BGS013: checks 
*** RIVER *** [2h 4s 2d Ad] [8h]
mr.Jckpot: checks 
BGS013: checks 
*** SHOW DOWN ***
mr.Jckpot: shows [Ah 3h] (two pair, Aces and Deuces)
BGS013: mucks hand 
mr.Jckpot collected $7.81 from pot
*** SUMMARY ***
Total pot $8.22 | Rake $0.41 
Board [2h 4s 2d Ad 8h]
Seat 1: Mr_Dick666 folded before Flop (didn't bet)
Seat 2: sta$igk folded before Flop (didn't bet)
Seat 3: BGS013 (button) mucked
Seat 4: hope321 (small blind) folded before Flop
Seat 5: mr.Jckpot (big blind) showed [Ah 3h] and won ($7.81) with two pair, Aces and Deuces
Seat 6: GuigaMan folded before Flop (didn't bet)



PokerStars Hand #254534242138:  Hold'em No Limit ($0.50/$1.00 USD) - 2025/01/24 20:16:58 WET [2025/01/24 15:16:58 ET]
Table 'Merga IV' 6-max Seat #4 is the button
Seat 1: Mr_Dick666 ($111.21 in chips) 
Seat 2: sta$igk ($121.39 in chips) 
Seat 3: BGS013 ($100 in chips) 
Seat 4: hope321 ($107.22 in chips) 
Seat 5: mr.Jckpot ($155.02 in chips) 
Seat 6: GuigaMan ($100 in chips) 
mr.Jckpot: posts small blind $0.50
GuigaMan: posts big blind $1
*** HOLE CARDS ***
Mr_Dick666: folds 
sta$igk: folds 
BGS013: folds 
hope321: calls $1
mr.Jckpot: raises $3.50 to $4.50
GuigaMan: folds 
hope321: calls $3.50
*** FLOP *** [Jh 2c Td]
mr.Jckpot: bets $3.14
hope321: calls $3.14
*** TURN *** [Jh 2c Td] [7d]
mr.Jckpot: checks 
hope321: bets $7.74
mr.Jckpot: calls $7.74
*** RIVER *** [Jh 2c Td 7d] [7s]
mr.Jckpot: checks 
hope321: bets $30.17
mr.Jckpot: folds 
Uncalled bet ($30.17) returned to hope321
hope321 collected $30.17 from pot
*** SUMMARY ***
Total pot $31.76 | Rake $1.59 
Board [Jh 2c Td 7d 7s]
Seat 1: Mr_Dick666 folded before Flop (didn't bet)
Seat 2: sta$igk folded before Flop (didn't bet)
Seat 3: BGS013 folded before Flop (didn't bet)
Seat 4: hope321 (button) collected ($30.17)
Seat 5: mr.Jckpot (small blind) folded on the River
Seat 6: GuigaMan (big blind) folded before Flop



PokerStars Hand #254534256465:  Hold'em No Limit ($0.50/$1.00 USD) - 2025/01/24 20:17:45 WET [2025/01/24 15:17:45 ET]
Table 'Merga IV' 6-max Seat #5 is the button
Seat 1: Mr_Dick666 ($111.21 in chips) 
Seat 2: sta$igk ($121.39 in chips) 
Seat 3: BGS013 ($100 in chips) 
Seat 4: hope321 ($122.01 in chips) 
Seat 5: mr.Jckpot ($139.64 in chips) 
Seat 6: GuigaMan ($100 in chips) 
GuigaMan: posts small blind $0.50
Mr_Dick666: posts big blind $1
*** HOLE CARDS ***
sta$igk: folds 
BGS013: raises $1 to $2
hope321: folds 
mr.Jckpot: folds 
GuigaMan: folds 
Mr_Dick666: calls $1
*** FLOP *** [5h 2d 5c]
Mr_Dick666: checks 
BGS013: bets $1.11
Mr_Dick666: calls $1.11
*** TURN *** [5h 2d 5c] [4d]
Mr_Dick666: checks 
BGS013: bets $4.48
Mr_Dick666: folds 
Uncalled bet ($4.48) returned to BGS013
BGS013 collected $6.38 from pot
BGS013: doesn't show hand 
*** SUMMARY ***
Total pot $6.72 | Rake $0.34 
Board [5h 2d 5c 4d]
Seat 1: Mr_Dick666 (big blind) folded on the Turn
Seat 2: sta$igk folded before Flop (didn't bet)
Seat 3: BGS013 collected ($6.38)
Seat 4: hope321 folded before Flop (didn't bet)
Seat 5: mr.Jckpot (button) folded before Flop (didn't bet)
Seat 6: GuigaMan (small blind) folded before Flop



PokerStars Hand #254534275803:  Hold'em No Limit ($0.50/$1.00 USD) - 2025/01/24 20:18:47 WET [2025/01/24 15:18:47 ET]
Table 'Merga IV' 6-max Seat #6 is the button
Seat 1: Mr_Dick666 ($108.10 in chips) 
Seat 2: sta$igk ($121.39 in chips) 
Seat 3: BGS013 ($103.27 in chips) 
Seat 4: hope321 ($122.01 in chips) 
Seat 5: mr.Jckpot ($139.64 in chips) 
Seat 6: GuigaMan ($100 in chips) 
Mr_Dick666: posts small blind $0.50
sta$igk: posts big blind $1
*** HOLE CARDS ***
BGS013: raises $1 to $2
hope321: folds 
mr.Jckpot: folds 
GuigaMan: folds 
Mr_Dick666: folds 
sta$igk: folds 
Uncalled bet ($1) returned to BGS013
BGS013 collected $2.50 from pot
BGS013: doesn't show hand 
*** SUMMARY ***
Total pot $2.50 | Rake $0 
Seat 1: Mr_Dick666 (small blind) folded before Flop
Seat 2: sta$igk (big blind) folded before Flop
Seat 3: BGS013 collected ($2.50)
Seat 4: hope321 folded before Flop (didn't bet)
Seat 5: mr.Jckpot folded before Flop (didn't bet)
Seat 6: GuigaMan (button) folded before Flop (didn't bet)



PokerStars Hand #254534279346:  Hold'em No Limit ($0.50/$1.00 USD) - 2025/01/24 20:18:59 WET [2025/01/24 15:18:59 ET]
Table 'Merga IV' 6-max Seat #1 is the button
Seat 1: Mr_Dick666 ($107.60 in chips) 
Seat 2: sta$igk ($120.39 in chips) 
Seat 3: BGS013 ($104.77 in chips) 
Seat 4: hope321 ($122.01 in chips) 
Seat 5: mr.Jckpot ($139.64 in chips) 
Seat 6: GuigaMan ($100 in chips) 
sta$igk: posts small blind $0.50
BGS013: posts big blind $1
*** HOLE CARDS ***
hope321: folds 
mr.Jckpot: folds 
GuigaMan: folds 
Mr_Dick666: folds 
sta$igk: raises $2 to $3
BGS013: raises $6.50 to $9.50
sta$igk: folds 
Uncalled bet ($6.50) returned to BGS013
BGS013 collected $6 from pot
BGS013: doesn't show hand 
*** SUMMARY ***
Total pot $6 | Rake $0 
Seat 1: Mr_Dick666 (button) folded before Flop (didn't bet)
Seat 2: sta$igk (small blind) folded before Flop
Seat 3: BGS013 (big blind) collected ($6)
Seat 4: hope321 folded before Flop (didn't bet)
Seat 5: mr.Jckpot folded before Flop (didn't bet)
Seat 6: GuigaMan folded before Flop (didn't bet)



PokerStars Hand #254534284971:  Hold'em No Limit ($0.50/$1.00 USD) - 2025/01/24 20:19:17 WET [2025/01/24 15:19:17 ET]
Table 'Merga IV' 6-max Seat #2 is the button
Seat 1: Mr_Dick666 ($107.60 in chips) 
Seat 2: sta$igk ($117.39 in chips) 
Seat 3: BGS013 ($107.77 in chips) 
Seat 4: hope321 ($122.01 in chips) 
Seat 5: mr.Jckpot ($139.64 in chips) 
Seat 6: GuigaMan ($100 in chips) 
BGS013: posts small blind $0.50
hope321: posts big blind $1
*** HOLE CARDS ***
mr.Jckpot: folds 
GuigaMan: folds 
Mr_Dick666: raises $1.50 to $2.50
sta$igk: folds 
BGS013: folds 
hope321: calls $1.50
*** FLOP *** [5d 6h 7h]
hope321: checks 
Mr_Dick666: bets $1.72
hope321: calls $1.72
*** TURN *** [5d 6h 7h] [Ks]
hope321: checks 
Mr_Dick666: bets $6.37
hope321: calls $6.37
*** RIVER *** [5d 6h 7h Ks] [5c]
hope321: checks 
Mr_Dick666: checks 
*** SHOW DOWN ***
hope321: shows [Jd Kh] (two pair, Kings and Fives)
Mr_Dick666: mucks hand 
hope321 collected $20.60 from pot
*** SUMMARY ***
Total pot $21.68 | Rake $1.08 
Board [5d 6h 7h Ks 5c]
Seat 1: Mr_Dick666 mucked
Seat 2: sta$igk (button) folded before Flop (didn't bet)
Seat 3: BGS013 (small blind) folded before Flop
Seat 4: hope321 (big blind) showed [Jd Kh] and won ($20.60) with two pair, Kings and Fives
Seat 5: mr.Jckpot folded before Flop (didn't bet)
Seat 6: GuigaMan folded before Flop (didn't bet)



PokerStars Hand #254534302799:  Hold'em No Limit ($0.50/$1.00 USD) - 2025/01/24 20:20:14 WET [2025/01/24 15:20:14 ET]
Table 'Merga IV' 6-max Seat #3 is the button
Seat 1: Mr_Dick666 ($100 in chips) 
Seat 2: sta$igk ($117.39 in chips) 
Seat 3: BGS013 ($107.27 in chips) 
Seat 4: hope321 ($132.02 in chips) 
Seat 5: mr.Jckpot ($139.64 in chips) 
Seat 6: GuigaMan ($100 in chips) 
hope321: posts small blind $0.50
mr.Jckpot: posts big blind $1
*** HOLE CARDS ***
GuigaMan: folds 
Mr_Dick666: raises $1.50 to $2.50
sta$igk: raises $5.50 to $8
BGS013: folds 
hope321: folds 
mr.Jckpot: folds 
Mr_Dick666: raises $15 to $23
sta$igk: folds 
Uncalled bet ($15) returned to Mr_Dick666
Mr_Dick666 collected $17.50 from pot
Mr_Dick666: doesn't show hand 
*** SUMMARY ***
Total pot $17.50 | Rake $0 
Seat 1: Mr_Dick666 collected ($17.50)
Seat 2: sta$igk folded before Flop
Seat 3: BGS013 (button) folded before Flop (didn't bet)
Seat 4: hope321 (small blind) folded before Flop
Seat 5: mr.Jckpot (big blind) folded before Flop
Seat 6: GuigaMan folded before Flop (didn't bet)



PokerStars Hand #254534310115:  Hold'em No Limit ($0.50/$1.00 USD) - 2025/01/24 20:20:38 WET [2025/01/24 15:20:38 ET]
Table 'Merga IV' 6-max Seat #4 is the button
Seat 1: Mr_Dick666 ($109.50 in chips) 
Seat 2: sta$igk ($109.39 in chips) 
Seat 3: BGS013 ($107.27 in chips) 
Seat 4: hope321 ($131.52 in chips) 
Seat 5: mr.Jckpot ($138.64 in chips) 
Seat 6: GuigaMan ($100 in chips) 
mr.Jckpot: posts small blind $0.50
GuigaMan: posts big blind $1
*** HOLE CARDS ***
Mr_Dick666: folds 
sta$igk: raises $1.50 to $2.50
BGS013: folds 
hope321: folds 
mr.Jckpot: folds 
GuigaMan: calls $1.50
*** FLOP *** [9d Qd Td]
GuigaMan: checks 
sta$igk: bets $1.72
GuigaMan: calls $1.72
*** TURN *** [9d Qd Td] [2h]
GuigaMan: checks 
sta$igk: bets $6.37
GuigaMan: folds 
Uncalled bet ($6.37) returned to sta$igk
sta$igk collected $8.49 from pot
sta$igk: doesn't show hand 
*** SUMMARY ***
Total pot $8.94 | Rake $0.45 
Board [9d Qd Td 2h]
Seat 1: Mr_Dick666 folded before Flop (didn't bet)
Seat 2: sta$igk collected ($8.49)
Seat 3: BGS013 folded before Flop (didn't bet)
Seat 4: hope321 (button) folded before Flop (didn't bet)
Seat 5: mr.Jckpot (small blind) folded before Flop
Seat 6: GuigaMan (big blind) folded on the Turn



PokerStars Hand #254534321813:  Hold'em No Limit ($0.50/$1.00 USD) - 2025/01/24 20:21:16 WET [2025/01/24 15:21:16 ET]
Table 'Merga IV' 6-max Seat #5 is the button
Seat 1: Mr_Dick666 ($109.50 in chips) 
Seat 2: sta$igk ($113.66 in chips) 
Seat 3: BGS013 ($107.27 in chips) 
Seat 4: hope321 ($131.52 in chips) 
Seat 5: mr.Jckpot ($138.14 in chips) 
Seat 6: GuigaMan ($100 in chips) 
GuigaMan: posts small blind $0.50
Mr_Dick666: posts big blind $1
*** HOLE CARDS ***
sta$igk: folds 
BGS013: folds 
hope321: calls $1
mr.Jckpot: folds 
GuigaMan: folds 
Mr_Dick666: checks 
*** FLOP *** [8d 4c Ad]
Mr_Dick666: bets $1
hope321: calls $1
*** TURN *** [8d 4c Ad] [7s]
Mr_Dick666: checks 
hope321: checks 
*** RIVER *** [8d 4c Ad 7s] [9d]
Mr_Dick666: checks 
hope321: bets $4.28
Mr_Dick666: folds 
Uncalled bet ($4.28) returned to hope321
hope321 collected $4.28 from pot
*** SUMMARY ***
Total pot $4.50 | Rake $0.22 
Board [8d 4c Ad 7s 9d]
Seat 1: Mr_Dick666 (big blind) folded on the River
Seat 2: sta$igk folded before Flop (didn't bet)
Seat 3: BGS013 folded before Flop (didn't bet)
Seat 4: hope321 collected ($4.28)
Seat 5: mr.Jckpot (button) folded before Flop (didn't bet)
Seat 6: GuigaMan (small blind) folded before Flop



PokerStars Hand #254534334192:  Hold'em No Limit ($0.50/$1.00 USD) - 2025/01/24 20:21:56 WET [2025/01/24 15:21:56 ET]
Table 'Merga IV' 6-max Seat #6 is the button
Seat 1: Mr_Dick666 ($107.50 in chips) 
Seat 2: sta$igk ($113.66 in chips) 
Seat 3: BGS013 ($107.27 in chips) 
Seat 4: hope321 ($133.80 in chips) 
Seat 5: mr.Jckpot ($138.14 in chips) 
Seat 6: GuigaMan ($100 in chips) 
Mr_Dick666: posts small blind $0.50
sta$igk: posts big blind $1
*** HOLE CARDS ***
BGS013: folds 
hope321: folds 
mr.Jckpot: folds 
GuigaMan: folds 
Mr_Dick666: folds 
Uncalled bet ($0.50) returned to sta$igk
sta$igk collected $1 from pot
sta$igk: doesn't show hand 
*** SUMMARY ***
Total pot $1 | Rake $0 
Seat 1: Mr_Dick666 (small blind) folded before Flop
Seat 2: sta$igk (big blind) collected ($1)
Seat 3: BGS013 folded before Flop (didn't bet)
Seat 4: hope321 folded before Flop (didn't bet)
Seat 5: mr.Jckpot folded before Flop (didn't bet)
Seat 6: GuigaMan (button) folded before Flop (didn't bet)



PokerStars Hand #254534337895:  Hold'em No Limit ($0.50/$1.00 USD) - 2025/01/24 20:22:08 WET [2025/01/24 15:22:08 ET]
Table 'Merga IV' 6-max Seat #1 is the button
Seat 1: Mr_Dick666 ($107 in chips) 
Seat 2: sta$igk ($114.16 in chips) 
Seat 3: BGS013 ($107.27 in chips) 
Seat 4: hope321 ($133.80 in chips) 
Seat 5: mr.Jckpot ($138.14 in chips) 
Seat 6: GuigaMan ($100 in chips) 
sta$igk: posts small blind $0.50
BGS013: posts big blind $1
*** HOLE CARDS ***
hope321: calls $1
mr.Jckpot: folds 
GuigaMan: folds 
Mr_Dick666: folds 
sta$igk: folds 
BGS013: checks 
*** FLOP *** [5s 3h Jc]
BGS013: checks 
hope321: checks 
*** TURN *** [5s 3h Jc] [Qs]
BGS013: checks 
hope321: checks 
*** RIVER *** [5s 3h Jc Qs] [6c]
BGS013: checks 
hope321: checks 
*** SHOW DOWN ***
BGS013: shows [4c 3s] (a pair of Threes)
hope321: mucks hand 
BGS013 collected $2.38 from pot
*** SUMMARY ***
Total pot $2.50 | Rake $0.12 
Board [5s 3h Jc Qs 6c]
Seat 1: Mr_Dick666 (button) folded before Flop (didn't bet)
Seat 2: sta$igk (small blind) folded before Flop
Seat 3: BGS013 (big blind) showed [4c 3s] and won ($2.38) with a pair of Threes
Seat 4: hope321 mucked
Seat 5: mr.Jckpot folded before Flop (didn't bet)
Seat 6: GuigaMan folded before Flop (didn't bet)



PokerStars Hand #254534352591:  Hold'em No Limit ($0.50/$1.00 USD) - 2025/01/24 20:22:56 WET [2025/01/24 15:22:56 ET]
Table 'Merga IV' 6-max Seat #2 is the button
Seat 1: Mr_Dick666 ($107 in chips) 
Seat 2: sta$igk ($113.66 in chips) 
Seat 3: BGS013 ($108.65 in chips) 
Seat 4: hope321 ($132.80 in chips) 
Seat 5: mr.Jckpot ($138.14 in chips) 
Seat 6: GuigaMan ($100 in chips) 
BGS013: posts small blind $0.50
hope321: posts big blind $1
*** HOLE CARDS ***
mr.Jckpot: folds 
GuigaMan: folds 
Mr_Dick666: folds 
sta$igk: folds 
BGS013: folds 
Uncalled bet ($0.50) returned to hope321
hope321 collected $1 from pot
*** SUMMARY ***
Total pot $1 | Rake $0 
Seat 1: Mr_Dick666 folded before Flop (didn't bet)
Seat 2: sta$igk (button) folded before Flop (didn't bet)
Seat 3: BGS013 (small blind) folded before Flop
Seat 4: hope321 (big blind) collected ($1)
Seat 5: mr.Jckpot folded before Flop (didn't bet)
Seat 6: GuigaMan folded before Flop (didn't bet)



PokerStars Hand #254534356056:  Hold'em No Limit ($0.50/$1.00 USD) - 2025/01/24 20:23:07 WET [2025/01/24 15:23:07 ET]
Table 'Merga IV' 6-max Seat #3 is the button
Seat 1: Mr_Dick666 ($107 in chips) 
Seat 2: sta$igk ($113.66 in chips) 
Seat 3: BGS013 ($108.15 in chips) 
Seat 4: hope321 ($133.30 in chips) 
Seat 5: mr.Jckpot ($138.14 in chips) 
Seat 6: GuigaMan ($100 in chips) 
hope321: posts small blind $0.50
mr.Jckpot: posts big blind $1
*** HOLE CARDS ***
GuigaMan: folds 
Mr_Dick666: folds 
sta$igk: folds 
BGS013: raises $1.50 to $2.50
hope321: folds 
mr.Jckpot: folds 
Uncalled bet ($1.50) returned to BGS013
BGS013 collected $2.50 from pot
BGS013: doesn't show hand 
*** SUMMARY ***
Total pot $2.50 | Rake $0 
Seat 1: Mr_Dick666 folded before Flop (didn't bet)
Seat 2: sta$igk folded before Flop (didn't bet)
Seat 3: BGS013 (button) collected ($2.50)
Seat 4: hope321 (small blind) folded before Flop
Seat 5: mr.Jckpot (big blind) folded before Flop
Seat 6: GuigaMan folded before Flop (didn't bet)



PokerStars Hand #254534361377:  Hold'em No Limit ($0.50/$1.00 USD) - 2025/01/24 20:23:24 WET [2025/01/24 15:23:24 ET]
Table 'Merga IV' 6-max Seat #4 is the button
Seat 1: Mr_Dick666 ($107 in chips) 
Seat 2: sta$igk ($113.66 in chips) 
Seat 3: BGS013 ($109.65 in chips) 
Seat 4: hope321 ($132.80 in chips) 
Seat 5: mr.Jckpot ($137.14 in chips) 
Seat 6: GuigaMan ($100 in chips) 
mr.Jckpot: posts small blind $0.50
GuigaMan: posts big blind $1
*** HOLE CARDS ***
Mr_Dick666: folds 
sta$igk: raises $1.50 to $2.50
BGS013: folds 
hope321: folds 
mr.Jckpot: folds 
GuigaMan: folds 
Uncalled bet ($1.50) returned to sta$igk
sta$igk collected $2.50 from pot
sta$igk: doesn't show hand 
*** SUMMARY ***
Total pot $2.50 | Rake $0 
Seat 1: Mr_Dick666 folded before Flop (didn't bet)
Seat 2: sta$igk collected ($2.50)
Seat 3: BGS013 folded before Flop (didn't bet)
Seat 4: hope321 (button) folded before Flop (didn't bet)
Seat 5: mr.Jckpot (small blind) folded before Flop
Seat 6: GuigaMan (big blind) folded before Flop



PokerStars Hand #254534365624:  Hold'em No Limit ($0.50/$1.00 USD) - 2025/01/24 20:23:38 WET [2025/01/24 15:23:38 ET]
Table 'Merga IV' 6-max Seat #5 is the button
Seat 1: Mr_Dick666 ($107 in chips) 
Seat 2: sta$igk ($115.16 in chips) 
Seat 3: BGS013 ($109.65 in chips) 
Seat 4: hope321 ($132.80 in chips) 
Seat 5: mr.Jckpot ($136.64 in chips) 
Seat 6: GuigaMan ($100 in chips) 
GuigaMan: posts small blind $0.50
Mr_Dick666: posts big blind $1
*** HOLE CARDS ***
sta$igk: folds 
BGS013 has timed out
BGS013: folds 
hope321: folds 
mr.Jckpot: folds 
GuigaMan: folds 
Uncalled bet ($0.50) returned to Mr_Dick666
Mr_Dick666 collected $1 from pot
Mr_Dick666: doesn't show hand 
*** SUMMARY ***
Total pot $1 | Rake $0 
Seat 1: Mr_Dick666 (big blind) collected ($1)
Seat 2: sta$igk folded before Flop (didn't bet)
Seat 3: BGS013 folded before Flop (didn't bet)
Seat 4: hope321 folded before Flop (didn't bet)
Seat 5: mr.Jckpot (button) folded before Flop (didn't bet)
Seat 6: GuigaMan (small blind) folded before Flop



PokerStars Hand #254534372551:  Hold'em No Limit ($0.50/$1.00 USD) - 2025/01/24 20:24:00 WET [2025/01/24 15:24:00 ET]
Table 'Merga IV' 6-max Seat #6 is the button
Seat 1: Mr_Dick666 ($107.50 in chips) 
Seat 2: sta$igk ($115.16 in chips) 
Seat 3: BGS013 ($109.65 in chips) 
Seat 4: hope321 ($132.80 in chips) 
Seat 5: mr.Jckpot ($136.64 in chips) 
Seat 6: GuigaMan ($100 in chips) 
Mr_Dick666: posts small blind $0.50
sta$igk: posts big blind $1
*** HOLE CARDS ***
BGS013: folds 
hope321: folds 
mr.Jckpot: folds 
GuigaMan: folds 
Mr_Dick666: folds 
Uncalled bet ($0.50) returned to sta$igk
sta$igk collected $1 from pot
sta$igk: doesn't show hand 
*** SUMMARY ***
Total pot $1 | Rake $0 
Seat 1: Mr_Dick666 (small blind) folded before Flop
Seat 2: sta$igk (big blind) collected ($1)
Seat 3: BGS013 folded before Flop (didn't bet)
Seat 4: hope321 folded before Flop (didn't bet)
Seat 5: mr.Jckpot folded before Flop (didn't bet)
Seat 6: GuigaMan (button) folded before Flop (didn't bet)



PokerStars Hand #254534375862:  Hold'em No Limit ($0.50/$1.00 USD) - 2025/01/24 20:24:11 WET [2025/01/24 15:24:11 ET]
Table 'Merga IV' 6-max Seat #1 is the button
Seat 1: Mr_Dick666 ($107 in chips) 
Seat 2: sta$igk ($115.66 in chips) 
Seat 3: BGS013 ($109.65 in chips) 
Seat 4: hope321 ($132.80 in chips) 
Seat 5: mr.Jckpot ($136.64 in chips) 
Seat 6: GuigaMan ($100 in chips) 
sta$igk: posts small blind $0.50
BGS013: posts big blind $1
*** HOLE CARDS ***
hope321: folds 
mr.Jckpot: folds 
GuigaMan: folds 
hope321 leaves the table
Mr_Dick666: raises $1.50 to $2.50
sta$igk: folds 
BGS013: folds 
Uncalled bet ($1.50) returned to Mr_Dick666
Mr_Dick666 collected $2.50 from pot
Mr_Dick666: doesn't show hand 
*** SUMMARY ***
Total pot $2.50 | Rake $0 
Seat 1: Mr_Dick666 (button) collected ($2.50)
Seat 2: sta$igk (small blind) folded before Flop
Seat 3: BGS013 (big blind) folded before Flop
Seat 4: hope321 folded before Flop (didn't bet)
Seat 5: mr.Jckpot folded before Flop (didn't bet)
Seat 6: GuigaMan folded before Flop (didn't bet)



PokerStars Hand #254534380492:  Hold'em No Limit ($0.50/$1.00 USD) - 2025/01/24 20:24:26 WET [2025/01/24 15:24:26 ET]
Table 'Merga IV' 6-max Seat #2 is the button
Seat 5: mr.Jckpot ($136.64 in chips) is sitting out
Seat 1: Mr_Dick666 ($108.50 in chips) 
Seat 2: sta$igk ($115.16 in chips) 
Seat 3: BGS013 ($108.65 in chips) 
Seat 6: GuigaMan ($100 in chips) 
BGS013: posts small blind $0.50
mr.Jckpot: is sitting out 
GuigaMan: posts big blind $1
*** HOLE CARDS ***
Mr_Dick666: folds 
sta$igk: folds 
BGS013: folds 
Uncalled bet ($0.50) returned to GuigaMan
GuigaMan collected $1 from pot
GuigaMan: doesn't show hand 
*** SUMMARY ***
Total pot $1 | Rake $0 
Seat 5: mr.Jckpot
Seat 1: Mr_Dick666 folded before Flop (didn't bet)
Seat 2: sta$igk (button) folded before Flop (didn't bet)
Seat 3: BGS013 (small blind) folded before Flop
Seat 6: GuigaMan (big blind) collected ($1)



PokerStars Hand #254534382902:  Hold'em No Limit ($0.50/$1.00 USD) - 2025/01/24 20:24:34 WET [2025/01/24 15:24:34 ET]
Table 'Merga IV' 6-max Seat #3 is the button
Seat 1: Mr_Dick666 ($108.50 in chips) is sitting out
Seat 5: mr.Jckpot ($136.64 in chips) is sitting out
Seat 2: sta$igk ($115.16 in chips) 
Seat 3: BGS013 ($108.15 in chips) 
Seat 6: GuigaMan ($100.50 in chips) 
GuigaMan: posts small blind $0.50
Mr_Dick666: is sitting out 
sta$igk: posts big blind $1
*** HOLE CARDS ***
BGS013: folds 
mr.Jckpot leaves the table
GuigaMan: folds 
Uncalled bet ($0.50) returned to sta$igk
BGS013 leaves the table
Mr_Dick666 leaves the table
sta$igk collected $1 from pot
sta$igk: doesn't show hand 
*** SUMMARY ***
Total pot $1 | Rake $0 
Seat 1: Mr_Dick666
Seat 5: mr.Jckpot
Seat 2: sta$igk (big blind) collected ($1)
Seat 3: BGS013 (button) folded before Flop (didn't bet)
Seat 6: GuigaMan (small blind) folded before Flop



