PokerStars Hand #254533905701:  Hold'em No Limit ($0.50/$1.00 USD) - 2025/01/24 19:57:16 WET [2025/01/24 14:57:16 ET]
Table 'Hydra V' 6-max Seat #6 is the button
Seat 4: laloo246 ($100 in chips) is sitting out
Seat 1: Maximysss85 ($100 in chips) 
Seat 2: joaquin612 ($100 in chips) 
Seat 3: PhoenixAssassin ($100 in chips) 
Seat 5: aaronbengert ($50 in chips) 
Seat 6: tintin641 ($100 in chips) 
Maximysss85: posts small blind $0.50
joaquin612: posts big blind $1
*** HOLE CARDS ***
PhoenixAssassin: folds 
aaronbengert: folds 
tintin641: raises $1.50 to $2.50
Maximysss85: raises $9 to $11.50
joaquin612: folds 
tintin641: folds 
Uncalled bet ($9) returned to Maximysss85
Maximysss85 collected $6 from pot
Maximysss85: doesn't show hand 
*** SUMMARY ***
Total pot $6 | Rake $0 
Seat 4: laloo246
Seat 1: Maximysss85 (small blind) collected ($6)
Seat 2: joaquin612 (big blind) folded before Flop
Seat 3: PhoenixAssassin folded before Flop (didn't bet)
Seat 5: aaronbengert folded before Flop (didn't bet)
Seat 6: tintin641 (button) folded before Flop



PokerStars Hand #254533911268:  Hold'em No Limit ($0.50/$1.00 USD) - 2025/01/24 19:57:41 WET [2025/01/24 14:57:41 ET]
Table 'Hydra V' 6-max Seat #1 is the button
Seat 4: laloo246 ($100 in chips) is sitting out
Seat 1: Maximysss85 ($103.50 in chips) 
Seat 2: joaquin612 ($100 in chips) 
Seat 3: PhoenixAssassin ($100 in chips) 
Seat 5: aaronbengert ($50 in chips) 
Seat 6: tintin641 ($100 in chips) 
joaquin612: posts small blind $0.50
PhoenixAssassin: posts big blind $1
laloo246: is sitting out 
*** HOLE CARDS ***
laloo246 leaves the table
aaronbengert: folds 
tintin641: folds 
Maximysss85: folds 
joaquin612: folds 
Uncalled bet ($0.50) returned to PhoenixAssassin
JUANS2 joins the table at seat #4 
PhoenixAssassin collected $1 from pot
PhoenixAssassin: doesn't show hand 
*** SUMMARY ***
Total pot $1 | Rake $0 
Seat 4: laloo246
Seat 1: Maximysss85 (button) folded before Flop (didn't bet)
Seat 2: joaquin612 (small blind) folded before Flop
Seat 3: PhoenixAssassin (big blind) collected ($1)
Seat 5: aaronbengert folded before Flop (didn't bet)
Seat 6: tintin641 folded before Flop (didn't bet)



PokerStars Hand #254533914015:  Hold'em No Limit ($0.50/$1.00 USD) - 2025/01/24 19:57:55 WET [2025/01/24 14:57:55 ET]
Table 'Hydra V' 6-max Seat #2 is the button
Seat 1: Maximysss85 ($103.50 in chips) 
Seat 2: joaquin612 ($100 in chips) 
Seat 3: PhoenixAssassin ($100.50 in chips) 
Seat 4: JUANS2 ($100 in chips) 
Seat 5: aaronbengert ($50 in chips) 
Seat 6: tintin641 ($100 in chips) 
PhoenixAssassin: posts small blind $0.50
JUANS2: posts big blind $1
*** HOLE CARDS ***
aaronbengert: folds 
tintin641: folds 
Maximysss85: raises $1.50 to $2.50
joaquin612: folds 
PhoenixAssassin: folds 
JUANS2: folds 
Uncalled bet ($1.50) returned to Maximysss85
Maximysss85 collected $2.50 from pot
Maximysss85: doesn't show hand 
*** SUMMARY ***
Total pot $2.50 | Rake $0 
Seat 1: Maximysss85 collected ($2.50)
Seat 2: joaquin612 (button) folded before Flop (didn't bet)
Seat 3: PhoenixAssassin (small blind) folded before Flop
Seat 4: JUANS2 (big blind) folded before Flop
Seat 5: aaronbengert folded before Flop (didn't bet)
Seat 6: tintin641 folded before Flop (didn't bet)



PokerStars Hand #254533917449:  Hold'em No Limit ($0.50/$1.00 USD) - 2025/01/24 19:58:11 WET [2025/01/24 14:58:11 ET]
Table 'Hydra V' 6-max Seat #3 is the button
Seat 1: Maximysss85 ($105 in chips) 
Seat 2: joaquin612 ($100 in chips) 
Seat 3: PhoenixAssassin ($100 in chips) 
Seat 4: JUANS2 ($100 in chips) 
Seat 5: aaronbengert ($50 in chips) 
Seat 6: tintin641 ($100 in chips) 
JUANS2: posts small blind $0.50
aaronbengert: posts big blind $1
*** HOLE CARDS ***
tintin641: folds 
Maximysss85: raises $1.50 to $2.50
joaquin612: folds 
PhoenixAssassin: folds 
JUANS2: folds 
aaronbengert: calls $1.50
*** FLOP *** [Th 5c 4s]
aaronbengert: bets $3
Maximysss85: raises $11.22 to $14.22
aaronbengert: folds 
Uncalled bet ($11.22) returned to Maximysss85
Maximysss85 collected $10.92 from pot
Maximysss85: doesn't show hand 
*** SUMMARY ***
Total pot $11.50 | Rake $0.58 
Board [Th 5c 4s]
Seat 1: Maximysss85 collected ($10.92)
Seat 2: joaquin612 folded before Flop (didn't bet)
Seat 3: PhoenixAssassin (button) folded before Flop (didn't bet)
Seat 4: JUANS2 (small blind) folded before Flop
Seat 5: aaronbengert (big blind) folded on the Flop
Seat 6: tintin641 folded before Flop (didn't bet)



PokerStars Hand #254533923658:  Hold'em No Limit ($0.50/$1.00 USD) - 2025/01/24 19:58:41 WET [2025/01/24 14:58:41 ET]
Table 'Hydra V' 6-max Seat #4 is the button
Seat 1: Maximysss85 ($110.42 in chips) 
Seat 2: joaquin612 ($100 in chips) 
Seat 3: PhoenixAssassin ($100 in chips) 
Seat 4: JUANS2 ($100 in chips) 
Seat 5: aaronbengert ($44.50 in chips) 
Seat 6: tintin641 ($100 in chips) 
aaronbengert: posts small blind $0.50
tintin641: posts big blind $1
*** HOLE CARDS ***
Maximysss85: folds 
joaquin612: folds 
PhoenixAssassin: folds 
JUANS2: raises $1.50 to $2.50
aaronbengert: folds 
tintin641: folds 
Uncalled bet ($1.50) returned to JUANS2
JUANS2 collected $2.50 from pot
JUANS2: doesn't show hand 
*** SUMMARY ***
Total pot $2.50 | Rake $0 
Seat 1: Maximysss85 folded before Flop (didn't bet)
Seat 2: joaquin612 folded before Flop (didn't bet)
Seat 3: PhoenixAssassin folded before Flop (didn't bet)
Seat 4: JUANS2 (button) collected ($2.50)
Seat 5: aaronbengert (small blind) folded before Flop
Seat 6: tintin641 (big blind) folded before Flop



PokerStars Hand #254533927232:  Hold'em No Limit ($0.50/$1.00 USD) - 2025/01/24 19:58:57 WET [2025/01/24 14:58:57 ET]
Table 'Hydra V' 6-max Seat #5 is the button
Seat 1: Maximysss85 ($110.42 in chips) 
Seat 2: joaquin612 ($100 in chips) 
Seat 3: PhoenixAssassin ($100 in chips) 
Seat 4: JUANS2 ($101.50 in chips) 
Seat 5: aaronbengert ($44 in chips) 
Seat 6: tintin641 ($100 in chips) 
tintin641: posts small blind $0.50
Maximysss85: posts big blind $1
*** HOLE CARDS ***
joaquin612: folds 
PhoenixAssassin: folds 
JUANS2: folds 
aaronbengert: raises $3 to $4
tintin641: folds 
Maximysss85: folds 
Uncalled bet ($3) returned to aaronbengert
aaronbengert collected $2.50 from pot
aaronbengert: doesn't show hand 
*** SUMMARY ***
Total pot $2.50 | Rake $0 
Seat 1: Maximysss85 (big blind) folded before Flop
Seat 2: joaquin612 folded before Flop (didn't bet)
Seat 3: PhoenixAssassin folded before Flop (didn't bet)
Seat 4: JUANS2 folded before Flop (didn't bet)
Seat 5: aaronbengert (button) collected ($2.50)
Seat 6: tintin641 (small blind) folded before Flop



PokerStars Hand #254533931049:  Hold'em No Limit ($0.50/$1.00 USD) - 2025/01/24 19:59:15 WET [2025/01/24 14:59:15 ET]
Table 'Hydra V' 6-max Seat #6 is the button
Seat 1: Maximysss85 ($109.42 in chips) 
Seat 2: joaquin612 ($100 in chips) 
Seat 3: PhoenixAssassin ($100 in chips) 
Seat 4: JUANS2 ($101.50 in chips) 
Seat 5: aaronbengert ($45.50 in chips) 
Seat 6: tintin641 ($100 in chips) 
Maximysss85: posts small blind $0.50
joaquin612: posts big blind $1
*** HOLE CARDS ***
PhoenixAssassin: folds 
JUANS2: folds 
aaronbengert: calls $1
tintin641: folds 
Maximysss85: raises $4.50 to $5.50
joaquin612: folds 
aaronbengert: folds 
Uncalled bet ($4.50) returned to Maximysss85
Maximysss85 collected $3 from pot
Maximysss85: doesn't show hand 
*** SUMMARY ***
Total pot $3 | Rake $0 
Seat 1: Maximysss85 (small blind) collected ($3)
Seat 2: joaquin612 (big blind) folded before Flop
Seat 3: PhoenixAssassin folded before Flop (didn't bet)
Seat 4: JUANS2 folded before Flop (didn't bet)
Seat 5: aaronbengert folded before Flop
Seat 6: tintin641 (button) folded before Flop (didn't bet)



PokerStars Hand #254533934859:  Hold'em No Limit ($0.50/$1.00 USD) - 2025/01/24 19:59:33 WET [2025/01/24 14:59:33 ET]
Table 'Hydra V' 6-max Seat #1 is the button
Seat 1: Maximysss85 ($111.42 in chips) 
Seat 2: joaquin612 ($100 in chips) 
Seat 3: PhoenixAssassin ($100 in chips) 
Seat 4: JUANS2 ($101.50 in chips) 
Seat 5: aaronbengert ($44.50 in chips) 
Seat 6: tintin641 ($100 in chips) 
joaquin612: posts small blind $0.50
PhoenixAssassin: posts big blind $1
*** HOLE CARDS ***
JUANS2: raises $1.50 to $2.50
aaronbengert: folds 
tintin641: folds 
Maximysss85: folds 
joaquin612: raises $8.50 to $11
PhoenixAssassin: folds 
JUANS2: calls $8.50
*** FLOP *** [Td 3h 9c]
joaquin612: bets $16.39
JUANS2: folds 
Uncalled bet ($16.39) returned to joaquin612
joaquin612 collected $21.85 from pot
joaquin612: doesn't show hand 
*** SUMMARY ***
Total pot $23 | Rake $1.15 
Board [Td 3h 9c]
Seat 1: Maximysss85 (button) folded before Flop (didn't bet)
Seat 2: joaquin612 (small blind) collected ($21.85)
Seat 3: PhoenixAssassin (big blind) folded before Flop
Seat 4: JUANS2 folded on the Flop
Seat 5: aaronbengert folded before Flop (didn't bet)
Seat 6: tintin641 folded before Flop (didn't bet)



PokerStars Hand #254533945602:  Hold'em No Limit ($0.50/$1.00 USD) - 2025/01/24 20:00:23 WET [2025/01/24 15:00:23 ET]
Table 'Hydra V' 6-max Seat #2 is the button
Seat 1: Maximysss85 ($111.42 in chips) 
Seat 2: joaquin612 ($110.85 in chips) 
Seat 3: PhoenixAssassin ($100 in chips) 
Seat 4: JUANS2 ($100 in chips) 
Seat 5: aaronbengert ($44.50 in chips) 
Seat 6: tintin641 ($100 in chips) 
PhoenixAssassin: posts small blind $0.50
JUANS2: posts big blind $1
*** HOLE CARDS ***
aaronbengert: folds 
tintin641: folds 
Maximysss85: folds 
joaquin612: folds 
PhoenixAssassin: raises $2 to $3
JUANS2: raises $6 to $9
PhoenixAssassin: folds 
Uncalled bet ($6) returned to JUANS2
JUANS2 collected $6 from pot
JUANS2: doesn't show hand 
*** SUMMARY ***
Total pot $6 | Rake $0 
Seat 1: Maximysss85 folded before Flop (didn't bet)
Seat 2: joaquin612 (button) folded before Flop (didn't bet)
Seat 3: PhoenixAssassin (small blind) folded before Flop
Seat 4: JUANS2 (big blind) collected ($6)
Seat 5: aaronbengert folded before Flop (didn't bet)
Seat 6: tintin641 folded before Flop (didn't bet)



PokerStars Hand #254533950524:  Hold'em No Limit ($0.50/$1.00 USD) - 2025/01/24 20:00:45 WET [2025/01/24 15:00:45 ET]
Table 'Hydra V' 6-max Seat #3 is the button
Seat 1: Maximysss85 ($111.42 in chips) 
Seat 2: joaquin612 ($110.85 in chips) 
Seat 3: PhoenixAssassin ($100 in chips) 
Seat 4: JUANS2 ($103 in chips) 
Seat 5: aaronbengert ($44.50 in chips) 
Seat 6: tintin641 ($100 in chips) 
JUANS2: posts small blind $0.50
aaronbengert: posts big blind $1
*** HOLE CARDS ***
tintin641: folds 
Maximysss85: folds 
joaquin612: folds 
PhoenixAssassin: folds 
JUANS2: folds 
Uncalled bet ($0.50) returned to aaronbengert
aaronbengert collected $1 from pot
aaronbengert: doesn't show hand 
*** SUMMARY ***
Total pot $1 | Rake $0 
Seat 1: Maximysss85 folded before Flop (didn't bet)
Seat 2: joaquin612 folded before Flop (didn't bet)
Seat 3: PhoenixAssassin (button) folded before Flop (didn't bet)
Seat 4: JUANS2 (small blind) folded before Flop
Seat 5: aaronbengert (big blind) collected ($1)
Seat 6: tintin641 folded before Flop (didn't bet)



PokerStars Hand #254533952396:  Hold'em No Limit ($0.50/$1.00 USD) - 2025/01/24 20:00:53 WET [2025/01/24 15:00:53 ET]
Table 'Hydra V' 6-max Seat #4 is the button
Seat 1: Maximysss85 ($111.42 in chips) 
Seat 2: joaquin612 ($110.85 in chips) 
Seat 3: PhoenixAssassin ($100 in chips) 
Seat 4: JUANS2 ($102.50 in chips) 
Seat 5: aaronbengert ($45 in chips) 
Seat 6: tintin641 ($100 in chips) 
aaronbengert: posts small blind $0.50
tintin641: posts big blind $1
*** HOLE CARDS ***
Maximysss85: folds 
joaquin612: folds 
PhoenixAssassin: raises $1.50 to $2.50
JUANS2: folds 
aaronbengert: folds 
tintin641: folds 
Uncalled bet ($1.50) returned to PhoenixAssassin
PhoenixAssassin collected $2.50 from pot
PhoenixAssassin: doesn't show hand 
*** SUMMARY ***
Total pot $2.50 | Rake $0 
Seat 1: Maximysss85 folded before Flop (didn't bet)
Seat 2: joaquin612 folded before Flop (didn't bet)
Seat 3: PhoenixAssassin collected ($2.50)
Seat 4: JUANS2 (button) folded before Flop (didn't bet)
Seat 5: aaronbengert (small blind) folded before Flop
Seat 6: tintin641 (big blind) folded before Flop



PokerStars Hand #254533955813:  Hold'em No Limit ($0.50/$1.00 USD) - 2025/01/24 20:01:07 WET [2025/01/24 15:01:07 ET]
Table 'Hydra V' 6-max Seat #5 is the button
Seat 1: Maximysss85 ($111.42 in chips) is sitting out
Seat 2: joaquin612 ($110.85 in chips) 
Seat 3: PhoenixAssassin ($101.50 in chips) 
Seat 4: JUANS2 ($102.50 in chips) 
Seat 5: aaronbengert ($44.50 in chips) 
Seat 6: tintin641 ($100 in chips) 
tintin641: posts small blind $0.50
Maximysss85: is sitting out 
joaquin612: posts big blind $1
*** HOLE CARDS ***
Maximysss85 leaves the table
PhoenixAssassin: raises $1.20 to $2.20
michasia joins the table at seat #1 
JUANS2: folds 
aaronbengert: calls $2.20
tintin641: folds 
joaquin612: folds 
*** FLOP *** [7d 9c 3h]
PhoenixAssassin: checks 
aaronbengert: checks 
*** TURN *** [7d 9c 3h] [Kd]
PhoenixAssassin: checks 
aaronbengert: bets $2
PhoenixAssassin: calls $2
*** RIVER *** [7d 9c 3h Kd] [5d]
PhoenixAssassin: checks 
aaronbengert: bets $4
PhoenixAssassin: folds 
Uncalled bet ($4) returned to aaronbengert
aaronbengert collected $9.40 from pot
aaronbengert: doesn't show hand 
*** SUMMARY ***
Total pot $9.90 | Rake $0.50 
Board [7d 9c 3h Kd 5d]
Seat 1: Maximysss85
Seat 2: joaquin612 (big blind) folded before Flop
Seat 3: PhoenixAssassin folded on the River
Seat 4: JUANS2 folded before Flop (didn't bet)
Seat 5: aaronbengert (button) collected ($9.40)
Seat 6: tintin641 (small blind) folded before Flop



PokerStars Hand #254533976176:  Hold'em No Limit ($0.50/$1.00 USD) - 2025/01/24 20:02:25 WET [2025/01/24 15:02:25 ET]
Table 'Hydra V' 6-max Seat #6 is the button
Seat 1: michasia ($100 in chips) is sitting out
Seat 2: joaquin612 ($109.85 in chips) 
Seat 3: PhoenixAssassin ($100 in chips) 
Seat 4: JUANS2 ($102.50 in chips) 
Seat 5: aaronbengert ($49.70 in chips) 
Seat 6: tintin641 ($100 in chips) 
joaquin612: posts small blind $0.50
PhoenixAssassin: posts big blind $1
*** HOLE CARDS ***
JUANS2: folds 
aaronbengert: calls $1
tintin641: folds 
joaquin612: folds 
PhoenixAssassin: checks 
*** FLOP *** [8c 3h Th]
PhoenixAssassin: checks 
aaronbengert: bets $1
PhoenixAssassin: folds 
Uncalled bet ($1) returned to aaronbengert
aaronbengert collected $2.38 from pot
aaronbengert: doesn't show hand 
*** SUMMARY ***
Total pot $2.50 | Rake $0.12 
Board [8c 3h Th]
Seat 1: michasia
Seat 2: joaquin612 (small blind) folded before Flop
Seat 3: PhoenixAssassin (big blind) folded on the Flop
Seat 4: JUANS2 folded before Flop (didn't bet)
Seat 5: aaronbengert collected ($2.38)
Seat 6: tintin641 (button) folded before Flop (didn't bet)



PokerStars Hand #254533984662:  Hold'em No Limit ($0.50/$1.00 USD) - 2025/01/24 20:02:54 WET [2025/01/24 15:02:54 ET]
Table 'Hydra V' 6-max Seat #2 is the button
Seat 1: michasia ($100 in chips) is sitting out
Seat 2: joaquin612 ($109.35 in chips) 
Seat 3: PhoenixAssassin ($100 in chips) 
Seat 4: JUANS2 ($102.50 in chips) 
Seat 5: aaronbengert ($51.08 in chips) 
Seat 6: tintin641 ($100 in chips) 
PhoenixAssassin: posts small blind $0.50
JUANS2: posts big blind $1
michasia: sits out 
*** HOLE CARDS ***
aaronbengert: folds 
tintin641: folds 
joaquin612: raises $1.50 to $2.50
PhoenixAssassin: raises $9.50 to $12
JUANS2: folds 
joaquin612: calls $9.50
*** FLOP *** [9h Qd 5h]
PhoenixAssassin: checks 
joaquin612: checks 
*** TURN *** [9h Qd 5h] [4s]
PhoenixAssassin: checks 
joaquin612: bets $7.84
PhoenixAssassin: calls $7.84
*** RIVER *** [9h Qd 5h 4s] [Kh]
PhoenixAssassin: checks 
joaquin612: checks 
*** SHOW DOWN ***
PhoenixAssassin: shows [Ac 4c] (a pair of Fours)
joaquin612: shows [8d 8h] (a pair of Eights)
joaquin612 collected $38.65 from pot
*** SUMMARY ***
Total pot $40.68 | Rake $2.03 
Board [9h Qd 5h 4s Kh]
Seat 1: michasia
Seat 2: joaquin612 (button) showed [8d 8h] and won ($38.65) with a pair of Eights
Seat 3: PhoenixAssassin (small blind) showed [Ac 4c] and lost with a pair of Fours
Seat 4: JUANS2 (big blind) folded before Flop
Seat 5: aaronbengert folded before Flop (didn't bet)
Seat 6: tintin641 folded before Flop (didn't bet)



PokerStars Hand #254534008014:  Hold'em No Limit ($0.50/$1.00 USD) - 2025/01/24 20:04:13 WET [2025/01/24 15:04:13 ET]
Table 'Hydra V' 6-max Seat #3 is the button
Seat 1: michasia ($100 in chips) is sitting out
Seat 2: joaquin612 ($128.16 in chips) 
Seat 3: PhoenixAssassin ($100 in chips) 
Seat 4: JUANS2 ($101.50 in chips) 
Seat 5: aaronbengert ($51.08 in chips) 
Seat 6: tintin641 ($100 in chips) 
JUANS2: posts small blind $0.50
aaronbengert: posts big blind $1
michasia: sits out 
*** HOLE CARDS ***
tintin641: folds 
joaquin612: folds 
PhoenixAssassin: folds 
JUANS2: raises $2 to $3
aaronbengert: calls $2
*** FLOP *** [7c 6h 4c]
JUANS2: checks 
aaronbengert: bets $3
JUANS2: calls $3
*** TURN *** [7c 6h 4c] [2s]
JUANS2: checks 
aaronbengert: bets $4
JUANS2: calls $4
*** RIVER *** [7c 6h 4c 2s] [6d]
JUANS2: checks 
aaronbengert: bets $11.50
JUANS2: raises $44.50 to $56
aaronbengert: calls $29.58 and is all-in
Uncalled bet ($14.92) returned to JUANS2
*** SHOW DOWN ***
JUANS2: shows [6s 5s] (three of a kind, Sixes)
aaronbengert: shows [6c 8s] (three of a kind, Sixes - Eight kicker)
aaronbengert collected $99.66 from pot
*** SUMMARY ***
Total pot $102.16 | Rake $2.50 
Board [7c 6h 4c 2s 6d]
Seat 1: michasia
Seat 2: joaquin612 folded before Flop (didn't bet)
Seat 3: PhoenixAssassin (button) folded before Flop (didn't bet)
Seat 4: JUANS2 (small blind) showed [6s 5s] and lost with three of a kind, Sixes
Seat 5: aaronbengert (big blind) showed [6c 8s] and won ($99.66) with three of a kind, Sixes
Seat 6: tintin641 folded before Flop (didn't bet)



PokerStars Hand #254534032051:  Hold'em No Limit ($0.50/$1.00 USD) - 2025/01/24 20:05:34 WET [2025/01/24 15:05:34 ET]
Table 'Hydra V' 6-max Seat #4 is the button
Seat 1: michasia ($100 in chips) is sitting out
Seat 2: joaquin612 ($128.16 in chips) 
Seat 3: PhoenixAssassin ($100 in chips) 
Seat 4: JUANS2 ($100 in chips) 
Seat 5: aaronbengert ($99.66 in chips) 
Seat 6: tintin641 ($100 in chips) 
aaronbengert: posts small blind $0.50
tintin641: posts big blind $1
michasia: sits out 
*** HOLE CARDS ***
joaquin612: folds 
PhoenixAssassin: folds 
JUANS2: raises $1.50 to $2.50
aaronbengert: calls $2
tintin641: folds 
*** FLOP *** [6h 2s 3d]
aaronbengert: checks 
JUANS2: bets $1.88
aaronbengert: calls $1.88
*** TURN *** [6h 2s 3d] [6s]
aaronbengert: checks 
JUANS2: bets $8.50
aaronbengert: folds 
Uncalled bet ($8.50) returned to JUANS2
JUANS2 collected $9.27 from pot
JUANS2: doesn't show hand 
*** SUMMARY ***
Total pot $9.76 | Rake $0.49 
Board [6h 2s 3d 6s]
Seat 1: michasia
Seat 2: joaquin612 folded before Flop (didn't bet)
Seat 3: PhoenixAssassin folded before Flop (didn't bet)
Seat 4: JUANS2 (button) collected ($9.27)
Seat 5: aaronbengert (small blind) folded on the Turn
Seat 6: tintin641 (big blind) folded before Flop



PokerStars Hand #254534045500:  Hold'em No Limit ($0.50/$1.00 USD) - 2025/01/24 20:06:18 WET [2025/01/24 15:06:18 ET]
Table 'Hydra V' 6-max Seat #5 is the button
Seat 1: michasia ($100 in chips) 
Seat 2: joaquin612 ($128.16 in chips) 
Seat 3: PhoenixAssassin ($100 in chips) 
Seat 4: JUANS2 ($104.89 in chips) 
Seat 5: aaronbengert ($95.28 in chips) 
Seat 6: tintin641 ($100 in chips) 
tintin641: posts small blind $0.50
michasia: posts big blind $1
*** HOLE CARDS ***
joaquin612: folds 
PhoenixAssassin: folds 
JUANS2: folds 
aaronbengert: raises $2 to $3
tintin641: folds 
michasia: folds 
Uncalled bet ($2) returned to aaronbengert
aaronbengert collected $2.50 from pot
aaronbengert: doesn't show hand 
*** SUMMARY ***
Total pot $2.50 | Rake $0 
Seat 1: michasia (big blind) folded before Flop
Seat 2: joaquin612 folded before Flop (didn't bet)
Seat 3: PhoenixAssassin folded before Flop (didn't bet)
Seat 4: JUANS2 folded before Flop (didn't bet)
Seat 5: aaronbengert (button) collected ($2.50)
Seat 6: tintin641 (small blind) folded before Flop



PokerStars Hand #254534050109:  Hold'em No Limit ($0.50/$1.00 USD) - 2025/01/24 20:06:34 WET [2025/01/24 15:06:34 ET]
Table 'Hydra V' 6-max Seat #6 is the button
Seat 1: michasia ($100 in chips) 
Seat 2: joaquin612 ($128.16 in chips) 
Seat 3: PhoenixAssassin ($100 in chips) 
Seat 4: JUANS2 ($104.89 in chips) 
Seat 5: aaronbengert ($96.78 in chips) 
Seat 6: tintin641 ($100 in chips) 
michasia: posts small blind $0.50
joaquin612: posts big blind $1
*** HOLE CARDS ***
PhoenixAssassin: folds 
JUANS2: raises $1.50 to $2.50
aaronbengert: calls $2.50
tintin641: folds 
michasia: folds 
joaquin612: folds 
*** FLOP *** [7c Ad 8d]
JUANS2: checks 
aaronbengert: bets $1
JUANS2: calls $1
*** TURN *** [7c Ad 8d] [7h]
JUANS2: checks 
aaronbengert: bets $4
JUANS2: folds 
Uncalled bet ($4) returned to aaronbengert
aaronbengert collected $8.08 from pot
aaronbengert: doesn't show hand 
*** SUMMARY ***
Total pot $8.50 | Rake $0.42 
Board [7c Ad 8d 7h]
Seat 1: michasia (small blind) folded before Flop
Seat 2: joaquin612 (big blind) folded before Flop
Seat 3: PhoenixAssassin folded before Flop (didn't bet)
Seat 4: JUANS2 folded on the Turn
Seat 5: aaronbengert collected ($8.08)
Seat 6: tintin641 (button) folded before Flop (didn't bet)



PokerStars Hand #254534068015:  Hold'em No Limit ($0.50/$1.00 USD) - 2025/01/24 20:07:32 WET [2025/01/24 15:07:32 ET]
Table 'Hydra V' 6-max Seat #1 is the button
Seat 3: PhoenixAssassin ($100 in chips) is sitting out
Seat 1: michasia ($100 in chips) 
Seat 2: joaquin612 ($127.16 in chips) 
Seat 4: JUANS2 ($101.39 in chips) 
Seat 5: aaronbengert ($101.36 in chips) 
Seat 6: tintin641 ($100 in chips) 
joaquin612: posts small blind $0.50
PhoenixAssassin: is sitting out 
JUANS2: posts big blind $1
*** HOLE CARDS ***
aaronbengert: raises $2 to $3
PhoenixAssassin leaves the table
tintin641: folds 
michasia: folds 
joaquin612: folds 
JUANS2: calls $2
*** FLOP *** [Ah 7s 8c]
JUANS2: checks 
aaronbengert: checks 
*** TURN *** [Ah 7s 8c] [Jc]
JUANS2: bets $5
aaronbengert: folds 
Uncalled bet ($5) returned to JUANS2
JUANS2 collected $6.18 from pot
JUANS2: doesn't show hand 
*** SUMMARY ***
Total pot $6.50 | Rake $0.32 
Board [Ah 7s 8c Jc]
Seat 3: PhoenixAssassin
Seat 1: michasia (button) folded before Flop (didn't bet)
Seat 2: joaquin612 (small blind) folded before Flop
Seat 4: JUANS2 (big blind) collected ($6.18)
Seat 5: aaronbengert folded on the Turn
Seat 6: tintin641 folded before Flop (didn't bet)



PokerStars Hand #254534088123:  Hold'em No Limit ($0.50/$1.00 USD) - 2025/01/24 20:08:38 WET [2025/01/24 15:08:38 ET]
Table 'Hydra V' 6-max Seat #2 is the button
Seat 1: michasia ($100 in chips) 
Seat 2: joaquin612 ($126.66 in chips) 
Seat 4: JUANS2 ($104.57 in chips) 
Seat 5: aaronbengert ($98.36 in chips) 
Seat 6: tintin641 ($100 in chips) 
JUANS2: posts small blind $0.50
aaronbengert: posts big blind $1
*** HOLE CARDS ***
tintin641: folds 
michasia: folds 
joaquin612: raises $2 to $3
vadjkeee joins the table at seat #3 
JUANS2: folds 
aaronbengert: calls $2
*** FLOP *** [9h 6s Qh]
aaronbengert: checks 
joaquin612: bets $2.04
aaronbengert: calls $2.04
*** TURN *** [9h 6s Qh] [8s]
aaronbengert: bets $3
joaquin612: calls $3
*** RIVER *** [9h 6s Qh 8s] [7h]
aaronbengert: bets $7
joaquin612: raises $23 to $30
aaronbengert: folds 
Uncalled bet ($23) returned to joaquin612
joaquin612 collected $29.05 from pot
joaquin612: doesn't show hand 
*** SUMMARY ***
Total pot $30.58 | Rake $1.53 
Board [9h 6s Qh 8s 7h]
Seat 1: michasia folded before Flop (didn't bet)
Seat 2: joaquin612 (button) collected ($29.05)
Seat 4: JUANS2 (small blind) folded before Flop
Seat 5: aaronbengert (big blind) folded on the River
Seat 6: tintin641 folded before Flop (didn't bet)



PokerStars Hand #254534112144:  Hold'em No Limit ($0.50/$1.00 USD) - 2025/01/24 20:09:56 WET [2025/01/24 15:09:56 ET]
Table 'Hydra V' 6-max Seat #4 is the button
Seat 3: vadjkeee ($100 in chips) is sitting out
Seat 1: michasia ($100 in chips) 
Seat 2: joaquin612 ($140.67 in chips) 
Seat 4: JUANS2 ($104.07 in chips) 
Seat 5: aaronbengert ($83.32 in chips) 
Seat 6: tintin641 ($100 in chips) 
aaronbengert: posts small blind $0.50
tintin641: posts big blind $1
vadjkeee: sits out 
*** HOLE CARDS ***
michasia: folds 
joaquin612: folds 
JUANS2: folds 
aaronbengert: calls $0.50
tintin641: raises $3 to $4
aaronbengert: folds 
Uncalled bet ($3) returned to tintin641
tintin641 collected $2 from pot
tintin641: doesn't show hand 
*** SUMMARY ***
Total pot $2 | Rake $0 
Seat 3: vadjkeee
Seat 1: michasia folded before Flop (didn't bet)
Seat 2: joaquin612 folded before Flop (didn't bet)
Seat 4: JUANS2 (button) folded before Flop (didn't bet)
Seat 5: aaronbengert (small blind) folded before Flop
Seat 6: tintin641 (big blind) collected ($2)



PokerStars Hand #254534118904:  Hold'em No Limit ($0.50/$1.00 USD) - 2025/01/24 20:10:19 WET [2025/01/24 15:10:19 ET]
Table 'Hydra V' 6-max Seat #5 is the button
Seat 3: vadjkeee ($100 in chips) is sitting out
Seat 1: michasia ($100 in chips) 
Seat 2: joaquin612 ($140.67 in chips) 
Seat 4: JUANS2 ($104.07 in chips) 
Seat 5: aaronbengert ($82.32 in chips) 
Seat 6: tintin641 ($101 in chips) 
tintin641: posts small blind $0.50
michasia: posts big blind $1
vadjkeee: sits out 
*** HOLE CARDS ***
joaquin612: folds 
JUANS2: folds 
aaronbengert: calls $1
tintin641: folds 
michasia: checks 
*** FLOP *** [Jc 5h Jh]
michasia: checks 
aaronbengert: checks 
*** TURN *** [Jc 5h Jh] [Qc]
michasia: checks 
aaronbengert: checks 
*** RIVER *** [Jc 5h Jh Qc] [7h]
michasia: checks 
aaronbengert: bets $1
michasia: folds 
Uncalled bet ($1) returned to aaronbengert
aaronbengert collected $2.38 from pot
aaronbengert: doesn't show hand 
*** SUMMARY ***
Total pot $2.50 | Rake $0.12 
Board [Jc 5h Jh Qc 7h]
Seat 3: vadjkeee
Seat 1: michasia (big blind) folded on the River
Seat 2: joaquin612 folded before Flop (didn't bet)
Seat 4: JUANS2 folded before Flop (didn't bet)
Seat 5: aaronbengert (button) collected ($2.38)
Seat 6: tintin641 (small blind) folded before Flop



PokerStars Hand #254534127771:  Hold'em No Limit ($0.50/$1.00 USD) - 2025/01/24 20:10:47 WET [2025/01/24 15:10:47 ET]
Table 'Hydra V' 6-max Seat #6 is the button
Seat 3: vadjkeee ($100 in chips) is sitting out
Seat 1: michasia ($100 in chips) 
Seat 2: joaquin612 ($140.67 in chips) 
Seat 4: JUANS2 ($104.07 in chips) 
Seat 5: aaronbengert ($83.70 in chips) 
Seat 6: tintin641 ($100.50 in chips) 
michasia: posts small blind $0.50
joaquin612: posts big blind $1
vadjkeee: sits out 
*** HOLE CARDS ***
JUANS2: folds 
aaronbengert: calls $1
tintin641: folds 
michasia: folds 
joaquin612: checks 
*** FLOP *** [Ks 3h As]
joaquin612: checks 
aaronbengert: checks 
*** TURN *** [Ks 3h As] [6c]
joaquin612: checks 
aaronbengert: checks 
*** RIVER *** [Ks 3h As 6c] [2h]
joaquin612: bets $1
aaronbengert: folds 
Uncalled bet ($1) returned to joaquin612
joaquin612 collected $2.38 from pot
joaquin612: doesn't show hand 
*** SUMMARY ***
Total pot $2.50 | Rake $0.12 
Board [Ks 3h As 6c 2h]
Seat 3: vadjkeee
Seat 1: michasia (small blind) folded before Flop
Seat 2: joaquin612 (big blind) collected ($2.38)
Seat 4: JUANS2 folded before Flop (didn't bet)
Seat 5: aaronbengert folded on the River
Seat 6: tintin641 (button) folded before Flop (didn't bet)



PokerStars Hand #254534136861:  Hold'em No Limit ($0.50/$1.00 USD) - 2025/01/24 20:11:17 WET [2025/01/24 15:11:17 ET]
Table 'Hydra V' 6-max Seat #2 is the button
Seat 1: michasia ($100 in chips) is sitting out
Seat 3: vadjkeee ($100 in chips) is sitting out
Seat 2: joaquin612 ($142.05 in chips) 
Seat 4: JUANS2 ($104.07 in chips) 
Seat 5: aaronbengert ($82.70 in chips) 
Seat 6: tintin641 ($100.50 in chips) 
JUANS2: posts small blind $0.50
aaronbengert: posts big blind $1
*** HOLE CARDS ***
tintin641: folds 
joaquin612: raises $1.50 to $2.50
JUANS2: folds 
aaronbengert: calls $1.50
*** FLOP *** [6h 6d 9c]
aaronbengert: checks 
joaquin612: bets $1.72
aaronbengert: folds 
Uncalled bet ($1.72) returned to joaquin612
joaquin612 collected $5.22 from pot
joaquin612: doesn't show hand 
*** SUMMARY ***
Total pot $5.50 | Rake $0.28 
Board [6h 6d 9c]
Seat 1: michasia
Seat 3: vadjkeee
Seat 2: joaquin612 (button) collected ($5.22)
Seat 4: JUANS2 (small blind) folded before Flop
Seat 5: aaronbengert (big blind) folded on the Flop
Seat 6: tintin641 folded before Flop (didn't bet)



PokerStars Hand #254534144224:  Hold'em No Limit ($0.50/$1.00 USD) - 2025/01/24 20:11:41 WET [2025/01/24 15:11:41 ET]
Table 'Hydra V' 6-max Seat #4 is the button
Seat 1: michasia ($100 in chips) is sitting out
Seat 3: vadjkeee ($100 in chips) is sitting out
Seat 2: joaquin612 ($144.77 in chips) 
Seat 4: JUANS2 ($103.57 in chips) 
Seat 5: aaronbengert ($80.20 in chips) 
Seat 6: tintin641 ($100.50 in chips) 
aaronbengert: posts small blind $0.50
tintin641: posts big blind $1
vadjkeee: sits out 
*** HOLE CARDS ***
joaquin612: folds 
JUANS2: raises $1.50 to $2.50
aaronbengert: folds 
tintin641: folds 
Uncalled bet ($1.50) returned to JUANS2
JUANS2 collected $2.50 from pot
JUANS2: doesn't show hand 
*** SUMMARY ***
Total pot $2.50 | Rake $0 
Seat 1: michasia
Seat 3: vadjkeee
Seat 2: joaquin612 folded before Flop (didn't bet)
Seat 4: JUANS2 (button) collected ($2.50)
Seat 5: aaronbengert (small blind) folded before Flop
Seat 6: tintin641 (big blind) folded before Flop



PokerStars Hand #254534147963:  Hold'em No Limit ($0.50/$1.00 USD) - 2025/01/24 20:11:53 WET [2025/01/24 15:11:53 ET]
Table 'Hydra V' 6-max Seat #5 is the button
Seat 1: michasia ($100 in chips) is sitting out
Seat 3: vadjkeee ($100 in chips) is sitting out
Seat 2: joaquin612 ($144.77 in chips) 
Seat 4: JUANS2 ($105.07 in chips) 
Seat 5: aaronbengert ($79.70 in chips) 
Seat 6: tintin641 ($100 in chips) 
tintin641: posts small blind $0.50
joaquin612: posts big blind $1
vadjkeee: sits out 
*** HOLE CARDS ***
JUANS2: folds 
aaronbengert: folds 
tintin641: folds 
Uncalled bet ($0.50) returned to joaquin612
joaquin612 collected $1 from pot
joaquin612: doesn't show hand 
*** SUMMARY ***
Total pot $1 | Rake $0 
Seat 1: michasia
Seat 3: vadjkeee
Seat 2: joaquin612 (big blind) collected ($1)
Seat 4: JUANS2 folded before Flop (didn't bet)
Seat 5: aaronbengert (button) folded before Flop (didn't bet)
Seat 6: tintin641 (small blind) folded before Flop



PokerStars Hand #254534152542:  Hold'em No Limit ($0.50/$1.00 USD) - 2025/01/24 20:12:08 WET [2025/01/24 15:12:08 ET]
Table 'Hydra V' 6-max Seat #6 is the button
Seat 1: michasia ($100 in chips) is sitting out
Seat 2: joaquin612 ($145.27 in chips) 
Seat 3: vadjkeee ($100 in chips) 
Seat 4: JUANS2 ($105.07 in chips) 
Seat 5: aaronbengert ($79.70 in chips) 
Seat 6: tintin641 ($100 in chips) 
joaquin612: posts small blind $0.50
vadjkeee: posts big blind $1
*** HOLE CARDS ***
JUANS2: raises $1.50 to $2.50
aaronbengert: calls $2.50
tintin641: folds 
joaquin612: folds 
vadjkeee: folds 
*** FLOP *** [Kh 2s Jd]
JUANS2: bets $2.04
aaronbengert: raises $3.04 to $5.08
JUANS2: calls $3.04
*** TURN *** [Kh 2s Jd] [5c]
JUANS2: checks 
aaronbengert: bets $8
JUANS2: calls $8
*** RIVER *** [Kh 2s Jd 5c] [Qs]
JUANS2: checks 
aaronbengert: checks 
*** SHOW DOWN ***
JUANS2: shows [As Th] (a straight, Ten to Ace)
aaronbengert: mucks hand 
JUANS2 collected $31.03 from pot
*** SUMMARY ***
Total pot $32.66 | Rake $1.63 
Board [Kh 2s Jd 5c Qs]
Seat 1: michasia
Seat 2: joaquin612 (small blind) folded before Flop
Seat 3: vadjkeee (big blind) folded before Flop
Seat 4: JUANS2 showed [As Th] and won ($31.03) with a straight, Ten to Ace
Seat 5: aaronbengert mucked
Seat 6: tintin641 (button) folded before Flop (didn't bet)



PokerStars Hand #254534171617:  Hold'em No Limit ($0.50/$1.00 USD) - 2025/01/24 20:13:10 WET [2025/01/24 15:13:10 ET]
Table 'Hydra V' 6-max Seat #2 is the button
Seat 1: michasia ($100 in chips) is sitting out
Seat 2: joaquin612 ($144.77 in chips) 
Seat 3: vadjkeee ($100 in chips) 
Seat 4: JUANS2 ($120.52 in chips) 
Seat 5: aaronbengert ($64.12 in chips) 
Seat 6: tintin641 ($100 in chips) 
vadjkeee: posts small blind $0.50
JUANS2: posts big blind $1
*** HOLE CARDS ***
aaronbengert: folds 
tintin641: folds 
joaquin612: folds 
vadjkeee: folds 
Uncalled bet ($0.50) returned to JUANS2
JUANS2 collected $1 from pot
JUANS2: doesn't show hand 
*** SUMMARY ***
Total pot $1 | Rake $0 
Seat 1: michasia
Seat 2: joaquin612 (button) folded before Flop (didn't bet)
Seat 3: vadjkeee (small blind) folded before Flop
Seat 4: JUANS2 (big blind) collected ($1)
Seat 5: aaronbengert folded before Flop (didn't bet)
Seat 6: tintin641 folded before Flop (didn't bet)



PokerStars Hand #254534178016:  Hold'em No Limit ($0.50/$1.00 USD) - 2025/01/24 20:13:31 WET [2025/01/24 15:13:31 ET]
Table 'Hydra V' 6-max Seat #3 is the button
Seat 1: michasia ($100 in chips) is sitting out
Seat 2: joaquin612 ($144.77 in chips) 
Seat 3: vadjkeee ($100 in chips) 
Seat 4: JUANS2 ($121.02 in chips) 
Seat 5: aaronbengert ($64.12 in chips) 
Seat 6: tintin641 ($100 in chips) 
JUANS2: posts small blind $0.50
aaronbengert: posts big blind $1
*** HOLE CARDS ***
tintin641: folds 
joaquin612: folds 
vadjkeee: raises $2 to $3
JUANS2: folds 
aaronbengert: folds 
Uncalled bet ($2) returned to vadjkeee
vadjkeee collected $2.50 from pot
vadjkeee: doesn't show hand 
*** SUMMARY ***
Total pot $2.50 | Rake $0 
Seat 1: michasia
Seat 2: joaquin612 folded before Flop (didn't bet)
Seat 3: vadjkeee (button) collected ($2.50)
Seat 4: JUANS2 (small blind) folded before Flop
Seat 5: aaronbengert (big blind) folded before Flop
Seat 6: tintin641 folded before Flop (didn't bet)



PokerStars Hand #254534182733:  Hold'em No Limit ($0.50/$1.00 USD) - 2025/01/24 20:13:46 WET [2025/01/24 15:13:46 ET]
Table 'Hydra V' 6-max Seat #4 is the button
Seat 1: michasia ($100 in chips) is sitting out
Seat 2: joaquin612 ($144.77 in chips) 
Seat 3: vadjkeee ($101.50 in chips) 
Seat 4: JUANS2 ($120.52 in chips) 
Seat 5: aaronbengert ($63.12 in chips) 
Seat 6: tintin641 ($100 in chips) 
aaronbengert: posts small blind $0.50
tintin641: posts big blind $1
*** HOLE CARDS ***
joaquin612: raises $1.50 to $2.50
vadjkeee: folds 
JUANS2: folds 
aaronbengert: calls $2
tintin641: folds 
*** FLOP *** [Qh Kd 3d]
aaronbengert: bets $2
joaquin612: raises $3.20 to $5.20
aaronbengert: folds 
Uncalled bet ($3.20) returned to joaquin612
joaquin612 collected $9.50 from pot
joaquin612: doesn't show hand 
*** SUMMARY ***
Total pot $10 | Rake $0.50 
Board [Qh Kd 3d]
Seat 1: michasia
Seat 2: joaquin612 collected ($9.50)
Seat 3: vadjkeee folded before Flop (didn't bet)
Seat 4: JUANS2 (button) folded before Flop (didn't bet)
Seat 5: aaronbengert (small blind) folded on the Flop
Seat 6: tintin641 (big blind) folded before Flop



PokerStars Hand #254534197651:  Hold'em No Limit ($0.50/$1.00 USD) - 2025/01/24 20:14:34 WET [2025/01/24 15:14:34 ET]
Table 'Hydra V' 6-max Seat #5 is the button
Seat 1: michasia ($100 in chips) is sitting out
Seat 2: joaquin612 ($149.77 in chips) 
Seat 3: vadjkeee ($101.50 in chips) 
Seat 4: JUANS2 ($120.52 in chips) 
Seat 5: aaronbengert ($58.62 in chips) 
Seat 6: tintin641 ($100 in chips) 
tintin641: posts small blind $0.50
joaquin612: posts big blind $1
*** HOLE CARDS ***
vadjkeee: raises $1.50 to $2.50
JUANS2: folds 
aaronbengert: folds 
tintin641: folds 
joaquin612: folds 
Uncalled bet ($1.50) returned to vadjkeee
vadjkeee collected $2.50 from pot
vadjkeee: doesn't show hand 
*** SUMMARY ***
Total pot $2.50 | Rake $0 
Seat 1: michasia
Seat 2: joaquin612 (big blind) folded before Flop
Seat 3: vadjkeee collected ($2.50)
Seat 4: JUANS2 folded before Flop (didn't bet)
Seat 5: aaronbengert (button) folded before Flop (didn't bet)
Seat 6: tintin641 (small blind) folded before Flop



PokerStars Hand #254534201636:  Hold'em No Limit ($0.50/$1.00 USD) - 2025/01/24 20:14:47 WET [2025/01/24 15:14:47 ET]
Table 'Hydra V' 6-max Seat #6 is the button
Seat 1: michasia ($100 in chips) is sitting out
Seat 2: joaquin612 ($148.77 in chips) 
Seat 3: vadjkeee ($103 in chips) 
Seat 4: JUANS2 ($120.52 in chips) 
Seat 5: aaronbengert ($58.62 in chips) 
Seat 6: tintin641 ($100 in chips) 
joaquin612: posts small blind $0.50
vadjkeee: posts big blind $1
*** HOLE CARDS ***
JUANS2: folds 
aaronbengert: calls $1
tintin641: raises $3 to $4
joaquin612: folds 
vadjkeee: folds 
aaronbengert: folds 
Uncalled bet ($3) returned to tintin641
tintin641 collected $3.50 from pot
tintin641: doesn't show hand 
*** SUMMARY ***
Total pot $3.50 | Rake $0 
Seat 1: michasia
Seat 2: joaquin612 (small blind) folded before Flop
Seat 3: vadjkeee (big blind) folded before Flop
Seat 4: JUANS2 folded before Flop (didn't bet)
Seat 5: aaronbengert folded before Flop
Seat 6: tintin641 (button) collected ($3.50)



PokerStars Hand #254534210719:  Hold'em No Limit ($0.50/$1.00 USD) - 2025/01/24 20:15:17 WET [2025/01/24 15:15:17 ET]
Table 'Hydra V' 6-max Seat #2 is the button
Seat 1: michasia ($100 in chips) is sitting out
Seat 2: joaquin612 ($148.27 in chips) 
Seat 3: vadjkeee ($102 in chips) 
Seat 4: JUANS2 ($120.52 in chips) 
Seat 5: aaronbengert ($57.62 in chips) 
Seat 6: tintin641 ($102.50 in chips) 
vadjkeee: posts small blind $0.50
JUANS2: posts big blind $1
michasia: sits out 
*** HOLE CARDS ***
aaronbengert: folds 
tintin641: folds 
joaquin612: raises $1.50 to $2.50
vadjkeee: folds 
JUANS2: folds 
Uncalled bet ($1.50) returned to joaquin612
joaquin612 collected $2.50 from pot
joaquin612: doesn't show hand 
*** SUMMARY ***
Total pot $2.50 | Rake $0 
Seat 1: michasia
Seat 2: joaquin612 (button) collected ($2.50)
Seat 3: vadjkeee (small blind) folded before Flop
Seat 4: JUANS2 (big blind) folded before Flop
Seat 5: aaronbengert folded before Flop (didn't bet)
Seat 6: tintin641 folded before Flop (didn't bet)



PokerStars Hand #254534215485:  Hold'em No Limit ($0.50/$1.00 USD) - 2025/01/24 20:15:32 WET [2025/01/24 15:15:32 ET]
Table 'Hydra V' 6-max Seat #3 is the button
Seat 1: michasia ($100 in chips) is sitting out
Seat 2: joaquin612 ($149.77 in chips) 
Seat 3: vadjkeee ($101.50 in chips) 
Seat 4: JUANS2 ($119.52 in chips) 
Seat 5: aaronbengert ($57.62 in chips) 
Seat 6: tintin641 ($102.50 in chips) 
JUANS2: posts small blind $0.50
aaronbengert: posts big blind $1
michasia: sits out 
*** HOLE CARDS ***
tintin641: folds 
joaquin612: folds 
vadjkeee: raises $2 to $3
JUANS2: folds 
aaronbengert: folds 
Uncalled bet ($2) returned to vadjkeee
vadjkeee collected $2.50 from pot
vadjkeee: doesn't show hand 
*** SUMMARY ***
Total pot $2.50 | Rake $0 
Seat 1: michasia
Seat 2: joaquin612 folded before Flop (didn't bet)
Seat 3: vadjkeee (button) collected ($2.50)
Seat 4: JUANS2 (small blind) folded before Flop
Seat 5: aaronbengert (big blind) folded before Flop
Seat 6: tintin641 folded before Flop (didn't bet)



PokerStars Hand #254534222728:  Hold'em No Limit ($0.50/$1.00 USD) - 2025/01/24 20:15:55 WET [2025/01/24 15:15:55 ET]
Table 'Hydra V' 6-max Seat #4 is the button
Seat 1: michasia ($100 in chips) is sitting out
Seat 2: joaquin612 ($149.77 in chips) 
Seat 3: vadjkeee ($103 in chips) 
Seat 4: JUANS2 ($119.02 in chips) 
Seat 5: aaronbengert ($56.62 in chips) 
Seat 6: tintin641 ($102.50 in chips) 
aaronbengert: posts small blind $0.50
tintin641: posts big blind $1
michasia: sits out 
*** HOLE CARDS ***
joaquin612: folds 
vadjkeee: folds 
JUANS2: raises $1.50 to $2.50
aaronbengert: folds 
tintin641: folds 
Uncalled bet ($1.50) returned to JUANS2
JUANS2 collected $2.50 from pot
JUANS2: doesn't show hand 
*** SUMMARY ***
Total pot $2.50 | Rake $0 
Seat 1: michasia
Seat 2: joaquin612 folded before Flop (didn't bet)
Seat 3: vadjkeee folded before Flop (didn't bet)
Seat 4: JUANS2 (button) collected ($2.50)
Seat 5: aaronbengert (small blind) folded before Flop
Seat 6: tintin641 (big blind) folded before Flop



PokerStars Hand #254534234944:  Hold'em No Limit ($0.50/$1.00 USD) - 2025/01/24 20:16:35 WET [2025/01/24 15:16:35 ET]
Table 'Hydra V' 6-max Seat #5 is the button
Seat 1: michasia ($100 in chips) 
Seat 2: joaquin612 ($149.77 in chips) 
Seat 3: vadjkeee ($103 in chips) 
Seat 4: JUANS2 ($120.52 in chips) 
Seat 5: aaronbengert ($56.12 in chips) 
Seat 6: tintin641 ($101.50 in chips) 
tintin641: posts small blind $0.50
michasia: posts big blind $1
*** HOLE CARDS ***
joaquin612: folds 
vadjkeee: folds 
JUANS2: folds 
aaronbengert: folds 
tintin641: folds 
Uncalled bet ($0.50) returned to michasia
michasia collected $1 from pot
michasia: doesn't show hand 
*** SUMMARY ***
Total pot $1 | Rake $0 
Seat 1: michasia (big blind) collected ($1)
Seat 2: joaquin612 folded before Flop (didn't bet)
Seat 3: vadjkeee folded before Flop (didn't bet)
Seat 4: JUANS2 folded before Flop (didn't bet)
Seat 5: aaronbengert (button) folded before Flop (didn't bet)
Seat 6: tintin641 (small blind) folded before Flop



PokerStars Hand #254534239985:  Hold'em No Limit ($0.50/$1.00 USD) - 2025/01/24 20:16:51 WET [2025/01/24 15:16:51 ET]
Table 'Hydra V' 6-max Seat #6 is the button
Seat 1: michasia ($100.50 in chips) 
Seat 2: joaquin612 ($149.77 in chips) 
Seat 3: vadjkeee ($103 in chips) 
Seat 4: JUANS2 ($120.52 in chips) 
Seat 5: aaronbengert ($56.12 in chips) 
Seat 6: tintin641 ($101 in chips) 
michasia: posts small blind $0.50
joaquin612: posts big blind $1
*** HOLE CARDS ***
vadjkeee: folds 
JUANS2: folds 
aaronbengert: folds 
tintin641: folds 
michasia: raises $2 to $3
joaquin612: folds 
Uncalled bet ($2) returned to michasia
michasia collected $2 from pot
michasia: doesn't show hand 
*** SUMMARY ***
Total pot $2 | Rake $0 
Seat 1: michasia (small blind) collected ($2)
Seat 2: joaquin612 (big blind) folded before Flop
Seat 3: vadjkeee folded before Flop (didn't bet)
Seat 4: JUANS2 folded before Flop (didn't bet)
Seat 5: aaronbengert folded before Flop (didn't bet)
Seat 6: tintin641 (button) folded before Flop (didn't bet)



PokerStars Hand #254534248533:  Hold'em No Limit ($0.50/$1.00 USD) - 2025/01/24 20:17:19 WET [2025/01/24 15:17:19 ET]
Table 'Hydra V' 6-max Seat #1 is the button
Seat 1: michasia ($101.50 in chips) 
Seat 2: joaquin612 ($148.77 in chips) 
Seat 3: vadjkeee ($103 in chips) 
Seat 4: JUANS2 ($120.52 in chips) 
Seat 5: aaronbengert ($56.12 in chips) 
Seat 6: tintin641 ($101 in chips) 
joaquin612: posts small blind $0.50
vadjkeee: posts big blind $1
*** HOLE CARDS ***
JUANS2: folds 
aaronbengert: calls $1
tintin641: folds 
michasia: folds 
joaquin612: calls $0.50
vadjkeee: checks 
*** FLOP *** [Tc 7s 2h]
joaquin612: checks 
vadjkeee: checks 
aaronbengert: checks 
*** TURN *** [Tc 7s 2h] [5s]
joaquin612: checks 
vadjkeee: bets $2.14
aaronbengert: calls $2.14
joaquin612: folds 
*** RIVER *** [Tc 7s 2h 5s] [3d]
vadjkeee: bets $1.73
aaronbengert: calls $1.73
*** SHOW DOWN ***
vadjkeee: shows [Qs 7d] (a pair of Sevens)
aaronbengert: shows [Td 8c] (a pair of Tens)
aaronbengert collected $10.20 from pot
*** SUMMARY ***
Total pot $10.74 | Rake $0.54 
Board [Tc 7s 2h 5s 3d]
Seat 1: michasia (button) folded before Flop (didn't bet)
Seat 2: joaquin612 (small blind) folded on the Turn
Seat 3: vadjkeee (big blind) showed [Qs 7d] and lost with a pair of Sevens
Seat 4: JUANS2 folded before Flop (didn't bet)
Seat 5: aaronbengert showed [Td 8c] and won ($10.20) with a pair of Tens
Seat 6: tintin641 folded before Flop (didn't bet)



PokerStars Hand #254534270631:  Hold'em No Limit ($0.50/$1.00 USD) - 2025/01/24 20:18:31 WET [2025/01/24 15:18:31 ET]
Table 'Hydra V' 6-max Seat #2 is the button
Seat 1: michasia ($101.50 in chips) 
Seat 2: joaquin612 ($147.77 in chips) 
Seat 3: vadjkeee ($100 in chips) 
Seat 4: JUANS2 ($120.52 in chips) 
Seat 5: aaronbengert ($61.45 in chips) 
Seat 6: tintin641 ($101 in chips) 
vadjkeee: posts small blind $0.50
JUANS2: posts big blind $1
*** HOLE CARDS ***
aaronbengert: calls $1
tintin641: folds 
michasia: folds 
joaquin612: folds 
vadjkeee: raises $4 to $5
JUANS2: folds 
aaronbengert: folds 
Uncalled bet ($4) returned to vadjkeee
vadjkeee collected $3 from pot
vadjkeee: doesn't show hand 
*** SUMMARY ***
Total pot $3 | Rake $0 
Seat 1: michasia folded before Flop (didn't bet)
Seat 2: joaquin612 (button) folded before Flop (didn't bet)
Seat 3: vadjkeee (small blind) collected ($3)
Seat 4: JUANS2 (big blind) folded before Flop
Seat 5: aaronbengert folded before Flop
Seat 6: tintin641 folded before Flop (didn't bet)



PokerStars Hand #254534277538:  Hold'em No Limit ($0.50/$1.00 USD) - 2025/01/24 20:18:53 WET [2025/01/24 15:18:53 ET]
Table 'Hydra V' 6-max Seat #3 is the button
Seat 1: michasia ($101.50 in chips) 
Seat 2: joaquin612 ($147.77 in chips) 
Seat 3: vadjkeee ($102 in chips) 
Seat 4: JUANS2 ($119.52 in chips) 
Seat 5: aaronbengert ($60.45 in chips) 
Seat 6: tintin641 ($101 in chips) 
JUANS2: posts small blind $0.50
aaronbengert: posts big blind $1
*** HOLE CARDS ***
tintin641: folds 
michasia: raises $1.60 to $2.60
joaquin612: folds 
vadjkeee: folds 
JUANS2: folds 
aaronbengert: folds 
Uncalled bet ($1.60) returned to michasia
michasia collected $2.50 from pot
michasia: doesn't show hand 
*** SUMMARY ***
Total pot $2.50 | Rake $0 
Seat 1: michasia collected ($2.50)
Seat 2: joaquin612 folded before Flop (didn't bet)
Seat 3: vadjkeee (button) folded before Flop (didn't bet)
Seat 4: JUANS2 (small blind) folded before Flop
Seat 5: aaronbengert (big blind) folded before Flop
Seat 6: tintin641 folded before Flop (didn't bet)



PokerStars Hand #254534282404:  Hold'em No Limit ($0.50/$1.00 USD) - 2025/01/24 20:19:09 WET [2025/01/24 15:19:09 ET]
Table 'Hydra V' 6-max Seat #4 is the button
Seat 1: michasia ($103 in chips) 
Seat 2: joaquin612 ($147.77 in chips) 
Seat 3: vadjkeee ($102 in chips) 
Seat 4: JUANS2 ($119.02 in chips) 
Seat 5: aaronbengert ($59.45 in chips) 
Seat 6: tintin641 ($101 in chips) 
aaronbengert: posts small blind $0.50
tintin641: posts big blind $1
*** HOLE CARDS ***
michasia: folds 
joaquin612: folds 
vadjkeee: folds 
JUANS2: folds 
aaronbengert: calls $0.50
tintin641: checks 
*** FLOP *** [2s 7s Jh]
aaronbengert: bets $1
tintin641: folds 
Uncalled bet ($1) returned to aaronbengert
aaronbengert collected $1.90 from pot
aaronbengert: doesn't show hand 
*** SUMMARY ***
Total pot $2 | Rake $0.10 
Board [2s 7s Jh]
Seat 1: michasia folded before Flop (didn't bet)
Seat 2: joaquin612 folded before Flop (didn't bet)
Seat 3: vadjkeee folded before Flop (didn't bet)
Seat 4: JUANS2 (button) folded before Flop (didn't bet)
Seat 5: aaronbengert (small blind) collected ($1.90)
Seat 6: tintin641 (big blind) folded on the Flop



PokerStars Hand #254534291803:  Hold'em No Limit ($0.50/$1.00 USD) - 2025/01/24 20:19:39 WET [2025/01/24 15:19:39 ET]
Table 'Hydra V' 6-max Seat #5 is the button
Seat 1: michasia ($103 in chips) 
Seat 2: joaquin612 ($147.77 in chips) 
Seat 3: vadjkeee ($102 in chips) 
Seat 4: JUANS2 ($119.02 in chips) 
Seat 5: aaronbengert ($60.35 in chips) 
Seat 6: tintin641 ($100 in chips) 
tintin641: posts small blind $0.50
michasia: posts big blind $1
*** HOLE CARDS ***
joaquin612: folds 
vadjkeee: folds 
JUANS2: raises $1.50 to $2.50
aaronbengert: calls $2.50
tintin641: folds 
michasia: folds 
*** FLOP *** [Jc Ts Ad]
JUANS2: bets $3.09
aaronbengert: calls $3.09
*** TURN *** [Jc Ts Ad] [2c]
JUANS2: bets $10
aaronbengert: calls $10
*** RIVER *** [Jc Ts Ad 2c] [8d]
JUANS2: bets $17.50
aaronbengert: raises $27.26 to $44.76 and is all-in
JUANS2: folds 
Uncalled bet ($27.26) returned to aaronbengert
aaronbengert collected $65.18 from pot
aaronbengert: doesn't show hand 
*** SUMMARY ***
Total pot $67.68 | Rake $2.50 
Board [Jc Ts Ad 2c 8d]
Seat 1: michasia (big blind) folded before Flop
Seat 2: joaquin612 folded before Flop (didn't bet)
Seat 3: vadjkeee folded before Flop (didn't bet)
Seat 4: JUANS2 folded on the River
Seat 5: aaronbengert (button) collected ($65.18)
Seat 6: tintin641 (small blind) folded before Flop



PokerStars Hand #254534324664:  Hold'em No Limit ($0.50/$1.00 USD) - 2025/01/24 20:21:25 WET [2025/01/24 15:21:25 ET]
Table 'Hydra V' 6-max Seat #6 is the button
Seat 1: michasia ($102 in chips) 
Seat 2: joaquin612 ($147.77 in chips) 
Seat 3: vadjkeee ($102 in chips) 
Seat 4: JUANS2 ($100 in chips) 
Seat 5: aaronbengert ($92.44 in chips) 
Seat 6: tintin641 ($100 in chips) 
michasia: posts small blind $0.50
joaquin612: posts big blind $1
*** HOLE CARDS ***
vadjkeee: folds 
JUANS2: raises $1.20 to $2.20
aaronbengert: folds 
tintin641: folds 
michasia: folds 
joaquin612: calls $1.20
*** FLOP *** [5s Jc 6h]
joaquin612: checks 
JUANS2: bets $1.54
joaquin612: raises $4.96 to $6.50
JUANS2: calls $4.96
*** TURN *** [5s Jc 6h] [As]
joaquin612: checks 
JUANS2: checks 
*** RIVER *** [5s Jc 6h As] [8h]
joaquin612: checks 
JUANS2: checks 
*** SHOW DOWN ***
joaquin612: shows [Th 9h] (high card Ace)
JUANS2: shows [Ks Kd] (a pair of Kings)
JUANS2 collected $17 from pot
*** SUMMARY ***
Total pot $17.90 | Rake $0.90 
Board [5s Jc 6h As 8h]
Seat 1: michasia (small blind) folded before Flop
Seat 2: joaquin612 (big blind) showed [Th 9h] and lost with high card Ace
Seat 3: vadjkeee folded before Flop (didn't bet)
Seat 4: JUANS2 showed [Ks Kd] and won ($17) with a pair of Kings
Seat 5: aaronbengert folded before Flop (didn't bet)
Seat 6: tintin641 (button) folded before Flop (didn't bet)



PokerStars Hand #254534350126:  Hold'em No Limit ($0.50/$1.00 USD) - 2025/01/24 20:22:47 WET [2025/01/24 15:22:47 ET]
Table 'Hydra V' 6-max Seat #1 is the button
Seat 1: michasia ($101.50 in chips) 
Seat 2: joaquin612 ($139.07 in chips) 
Seat 3: vadjkeee ($102 in chips) 
Seat 4: JUANS2 ($108.30 in chips) 
Seat 5: aaronbengert ($92.44 in chips) 
Seat 6: tintin641 ($100 in chips) 
joaquin612: posts small blind $0.50
vadjkeee: posts big blind $1
*** HOLE CARDS ***
JUANS2: raises $1.20 to $2.20
aaronbengert: folds 
tintin641: folds 
michasia: folds 
joaquin612: folds 
vadjkeee: folds 
Uncalled bet ($1.20) returned to JUANS2
JUANS2 collected $2.50 from pot
JUANS2: doesn't show hand 
*** SUMMARY ***
Total pot $2.50 | Rake $0 
Seat 1: michasia (button) folded before Flop (didn't bet)
Seat 2: joaquin612 (small blind) folded before Flop
Seat 3: vadjkeee (big blind) folded before Flop
Seat 4: JUANS2 collected ($2.50)
Seat 5: aaronbengert folded before Flop (didn't bet)
Seat 6: tintin641 folded before Flop (didn't bet)



PokerStars Hand #254534357293:  Hold'em No Limit ($0.50/$1.00 USD) - 2025/01/24 20:23:11 WET [2025/01/24 15:23:11 ET]
Table 'Hydra V' 6-max Seat #2 is the button
Seat 1: michasia ($101.50 in chips) 
Seat 2: joaquin612 ($138.57 in chips) 
Seat 3: vadjkeee ($101 in chips) 
Seat 4: JUANS2 ($109.80 in chips) 
Seat 5: aaronbengert ($92.44 in chips) 
Seat 6: tintin641 ($100 in chips) 
vadjkeee: posts small blind $0.50
JUANS2: posts big blind $1
*** HOLE CARDS ***
aaronbengert: calls $1
tintin641: folds 
michasia: folds 
joaquin612: folds 
vadjkeee: folds 
JUANS2: checks 
*** FLOP *** [As Ts 2d]
JUANS2: checks 
aaronbengert: checks 
*** TURN *** [As Ts 2d] [Jd]
JUANS2: bets $1.79
aaronbengert: folds 
Uncalled bet ($1.79) returned to JUANS2
JUANS2 collected $2.38 from pot
JUANS2: doesn't show hand 
*** SUMMARY ***
Total pot $2.50 | Rake $0.12 
Board [As Ts 2d Jd]
Seat 1: michasia folded before Flop (didn't bet)
Seat 2: joaquin612 (button) folded before Flop (didn't bet)
Seat 3: vadjkeee (small blind) folded before Flop
Seat 4: JUANS2 (big blind) collected ($2.38)
Seat 5: aaronbengert folded on the Turn
Seat 6: tintin641 folded before Flop (didn't bet)



PokerStars Hand #254534368438:  Hold'em No Limit ($0.50/$1.00 USD) - 2025/01/24 20:23:47 WET [2025/01/24 15:23:47 ET]
Table 'Hydra V' 6-max Seat #3 is the button
Seat 1: michasia ($101.50 in chips) 
Seat 2: joaquin612 ($138.57 in chips) 
Seat 3: vadjkeee ($100.50 in chips) 
Seat 4: JUANS2 ($111.18 in chips) 
Seat 5: aaronbengert ($91.44 in chips) 
Seat 6: tintin641 ($100 in chips) 
JUANS2: posts small blind $0.50
aaronbengert: posts big blind $1
*** HOLE CARDS ***
tintin641: folds 
michasia: folds 
joaquin612: folds 
vadjkeee: raises $1.50 to $2.50
JUANS2: folds 
aaronbengert: calls $1.50
*** FLOP *** [3d 6s 5s]
aaronbengert: checks 
vadjkeee: bets $3.92
aaronbengert: calls $3.92
*** TURN *** [3d 6s 5s] [8s]
aaronbengert: bets $3
vadjkeee: raises $11 to $14
aaronbengert: folds 
Uncalled bet ($11) returned to vadjkeee
vadjkeee collected $18.37 from pot
vadjkeee: doesn't show hand 
*** SUMMARY ***
Total pot $19.34 | Rake $0.97 
Board [3d 6s 5s 8s]
Seat 1: michasia folded before Flop (didn't bet)
Seat 2: joaquin612 folded before Flop (didn't bet)
Seat 3: vadjkeee (button) collected ($18.37)
Seat 4: JUANS2 (small blind) folded before Flop
Seat 5: aaronbengert (big blind) folded on the Turn
Seat 6: tintin641 folded before Flop (didn't bet)



PokerStars Hand #254534388122:  Hold'em No Limit ($0.50/$1.00 USD) - 2025/01/24 20:24:51 WET [2025/01/24 15:24:51 ET]
Table 'Hydra V' 6-max Seat #4 is the button
Seat 1: michasia ($101.50 in chips) 
Seat 2: joaquin612 ($138.57 in chips) 
Seat 3: vadjkeee ($109.45 in chips) 
Seat 4: JUANS2 ($110.68 in chips) 
Seat 5: aaronbengert ($82.02 in chips) 
Seat 6: tintin641 ($100 in chips) 
aaronbengert: posts small blind $0.50
tintin641: posts big blind $1
*** HOLE CARDS ***
michasia: folds 
joaquin612: raises $1.50 to $2.50
vadjkeee: folds 
JUANS2: folds 
aaronbengert: folds 
tintin641: folds 
Uncalled bet ($1.50) returned to joaquin612
joaquin612 collected $2.50 from pot
joaquin612: doesn't show hand 
*** SUMMARY ***
Total pot $2.50 | Rake $0 
Seat 1: michasia folded before Flop (didn't bet)
Seat 2: joaquin612 collected ($2.50)
Seat 3: vadjkeee folded before Flop (didn't bet)
Seat 4: JUANS2 (button) folded before Flop (didn't bet)
Seat 5: aaronbengert (small blind) folded before Flop
Seat 6: tintin641 (big blind) folded before Flop



PokerStars Hand #254534396295:  Hold'em No Limit ($0.50/$1.00 USD) - 2025/01/24 20:25:17 WET [2025/01/24 15:25:17 ET]
Table 'Hydra V' 6-max Seat #5 is the button
Seat 1: michasia ($101.50 in chips) 
Seat 2: joaquin612 ($140.07 in chips) 
Seat 3: vadjkeee ($109.45 in chips) 
Seat 4: JUANS2 ($110.68 in chips) 
Seat 5: aaronbengert ($81.52 in chips) 
Seat 6: tintin641 ($100 in chips) 
tintin641: posts small blind $0.50
michasia: posts big blind $1
*** HOLE CARDS ***
joaquin612: folds 
vadjkeee: raises $1.50 to $2.50
JUANS2: folds 
aaronbengert: folds 
tintin641: folds 
michasia: folds 
Uncalled bet ($1.50) returned to vadjkeee
vadjkeee collected $2.50 from pot
vadjkeee: doesn't show hand 
*** SUMMARY ***
Total pot $2.50 | Rake $0 
Seat 1: michasia (big blind) folded before Flop
Seat 2: joaquin612 folded before Flop (didn't bet)
Seat 3: vadjkeee collected ($2.50)
Seat 4: JUANS2 folded before Flop (didn't bet)
Seat 5: aaronbengert (button) folded before Flop (didn't bet)
Seat 6: tintin641 (small blind) folded before Flop



PokerStars Hand #254534405717:  Hold'em No Limit ($0.50/$1.00 USD) - 2025/01/24 20:25:48 WET [2025/01/24 15:25:48 ET]
Table 'Hydra V' 6-max Seat #6 is the button
Seat 1: michasia ($100.50 in chips) 
Seat 2: joaquin612 ($140.07 in chips) 
Seat 3: vadjkeee ($110.95 in chips) 
Seat 4: JUANS2 ($110.68 in chips) 
Seat 5: aaronbengert ($81.52 in chips) 
Seat 6: tintin641 ($100 in chips) 
michasia: posts small blind $0.50
joaquin612: posts big blind $1
*** HOLE CARDS ***
vadjkeee: folds 
JUANS2: folds 
aaronbengert: calls $1
tintin641: folds 
michasia: folds 
joaquin612: checks 
*** FLOP *** [3d 2c Kh]
joaquin612: checks 
aaronbengert: bets $1
joaquin612: calls $1
*** TURN *** [3d 2c Kh] [4h]
joaquin612: checks 
aaronbengert: bets $1
joaquin612: folds 
Uncalled bet ($1) returned to aaronbengert
aaronbengert collected $4.28 from pot
aaronbengert: doesn't show hand 
*** SUMMARY ***
Total pot $4.50 | Rake $0.22 
Board [3d 2c Kh 4h]
Seat 1: michasia (small blind) folded before Flop
Seat 2: joaquin612 (big blind) folded on the Turn
Seat 3: vadjkeee folded before Flop (didn't bet)
Seat 4: JUANS2 folded before Flop (didn't bet)
Seat 5: aaronbengert collected ($4.28)
Seat 6: tintin641 (button) folded before Flop (didn't bet)



PokerStars Hand #254534418130:  Hold'em No Limit ($0.50/$1.00 USD) - 2025/01/24 20:26:28 WET [2025/01/24 15:26:28 ET]
Table 'Hydra V' 6-max Seat #1 is the button
Seat 1: michasia ($100 in chips) 
Seat 2: joaquin612 ($138.07 in chips) 
Seat 3: vadjkeee ($110.95 in chips) 
Seat 4: JUANS2 ($110.68 in chips) 
Seat 5: aaronbengert ($83.80 in chips) 
Seat 6: tintin641 ($100 in chips) 
joaquin612: posts small blind $0.50
vadjkeee: posts big blind $1
*** HOLE CARDS ***
JUANS2: folds 
aaronbengert: folds 
tintin641: folds 
michasia: folds 
joaquin612: folds 
Uncalled bet ($0.50) returned to vadjkeee
vadjkeee collected $1 from pot
vadjkeee: doesn't show hand 
*** SUMMARY ***
Total pot $1 | Rake $0 
Seat 1: michasia (button) folded before Flop (didn't bet)
Seat 2: joaquin612 (small blind) folded before Flop
Seat 3: vadjkeee (big blind) collected ($1)
Seat 4: JUANS2 folded before Flop (didn't bet)
Seat 5: aaronbengert folded before Flop (didn't bet)
Seat 6: tintin641 folded before Flop (didn't bet)



PokerStars Hand #254534423909:  Hold'em No Limit ($0.50/$1.00 USD) - 2025/01/24 20:26:47 WET [2025/01/24 15:26:47 ET]
Table 'Hydra V' 6-max Seat #2 is the button
Seat 1: michasia ($100 in chips) 
Seat 2: joaquin612 ($137.57 in chips) 
Seat 3: vadjkeee ($111.45 in chips) 
Seat 4: JUANS2 ($110.68 in chips) 
Seat 5: aaronbengert ($83.80 in chips) 
Seat 6: tintin641 ($100 in chips) 
vadjkeee: posts small blind $0.50
JUANS2: posts big blind $1
*** HOLE CARDS ***
aaronbengert: folds 
tintin641: folds 
michasia: folds 
joaquin612: folds 
vadjkeee: raises $2 to $3
JUANS2: calls $2
*** FLOP *** [9h Qs 3h]
vadjkeee: checks 
JUANS2: checks 
*** TURN *** [9h Qs 3h] [Jh]
vadjkeee: checks 
JUANS2: bets $4.28
vadjkeee: calls $4.28
*** RIVER *** [9h Qs 3h Jh] [5d]
vadjkeee: checks 
JUANS2: checks 
*** SHOW DOWN ***
vadjkeee: shows [Ad 7h] (high card Ace)
JUANS2: mucks hand 
vadjkeee collected $13.83 from pot
*** SUMMARY ***
Total pot $14.56 | Rake $0.73 
Board [9h Qs 3h Jh 5d]
Seat 1: michasia folded before Flop (didn't bet)
Seat 2: joaquin612 (button) folded before Flop (didn't bet)
Seat 3: vadjkeee (small blind) showed [Ad 7h] and won ($13.83) with high card Ace
Seat 4: JUANS2 (big blind) mucked
Seat 5: aaronbengert folded before Flop (didn't bet)
Seat 6: tintin641 folded before Flop (didn't bet)



PokerStars Hand #254534443861:  Hold'em No Limit ($0.50/$1.00 USD) - 2025/01/24 20:27:51 WET [2025/01/24 15:27:51 ET]
Table 'Hydra V' 6-max Seat #3 is the button
Seat 1: michasia ($100 in chips) 
Seat 2: joaquin612 ($137.57 in chips) 
Seat 3: vadjkeee ($118 in chips) 
Seat 4: JUANS2 ($103.40 in chips) 
Seat 5: aaronbengert ($83.80 in chips) 
Seat 6: tintin641 ($100 in chips) 
JUANS2: posts small blind $0.50
aaronbengert: posts big blind $1
*** HOLE CARDS ***
tintin641: folds 
michasia: folds 
joaquin612: folds 
vadjkeee: raises $1.50 to $2.50
JUANS2: folds 
aaronbengert: folds 
Uncalled bet ($1.50) returned to vadjkeee
vadjkeee collected $2.50 from pot
vadjkeee: doesn't show hand 
*** SUMMARY ***
Total pot $2.50 | Rake $0 
Seat 1: michasia folded before Flop (didn't bet)
Seat 2: joaquin612 folded before Flop (didn't bet)
Seat 3: vadjkeee (button) collected ($2.50)
Seat 4: JUANS2 (small blind) folded before Flop
Seat 5: aaronbengert (big blind) folded before Flop
Seat 6: tintin641 folded before Flop (didn't bet)



PokerStars Hand #254534448458:  Hold'em No Limit ($0.50/$1.00 USD) - 2025/01/24 20:28:06 WET [2025/01/24 15:28:06 ET]
Table 'Hydra V' 6-max Seat #4 is the button
Seat 1: michasia ($100 in chips) 
Seat 2: joaquin612 ($137.57 in chips) 
Seat 3: vadjkeee ($119.50 in chips) 
Seat 4: JUANS2 ($102.90 in chips) 
Seat 5: aaronbengert ($82.80 in chips) 
Seat 6: tintin641 ($100 in chips) 
aaronbengert: posts small blind $0.50
tintin641: posts big blind $1
*** HOLE CARDS ***
michasia: folds 
joaquin612: folds 
vadjkeee: folds 
JUANS2: folds 
aaronbengert: calls $0.50
tintin641: raises $3 to $4
aaronbengert: calls $3
*** FLOP *** [Ad 6c Kd]
aaronbengert: checks 
tintin641: checks 
*** TURN *** [Ad 6c Kd] [7s]
aaronbengert: bets $5
tintin641: calls $5
*** RIVER *** [Ad 6c Kd 7s] [6s]
aaronbengert: checks 
tintin641: bets $5.64
aaronbengert: calls $5.64
*** SHOW DOWN ***
tintin641: shows [5c 4s] (a pair of Sixes)
aaronbengert: shows [As 5s] (two pair, Aces and Sixes)
aaronbengert collected $27.82 from pot
*** SUMMARY ***
Total pot $29.28 | Rake $1.46 
Board [Ad 6c Kd 7s 6s]
Seat 1: michasia folded before Flop (didn't bet)
Seat 2: joaquin612 folded before Flop (didn't bet)
Seat 3: vadjkeee folded before Flop (didn't bet)
Seat 4: JUANS2 (button) folded before Flop (didn't bet)
Seat 5: aaronbengert (small blind) showed [As 5s] and won ($27.82) with two pair, Aces and Sixes
Seat 6: tintin641 (big blind) showed [5c 4s] and lost with a pair of Sixes



PokerStars Hand #254534469763:  Hold'em No Limit ($0.50/$1.00 USD) - 2025/01/24 20:29:16 WET [2025/01/24 15:29:16 ET]
Table 'Hydra V' 6-max Seat #5 is the button
Seat 1: michasia ($100 in chips) 
Seat 2: joaquin612 ($137.57 in chips) 
Seat 3: vadjkeee ($119.50 in chips) 
Seat 4: JUANS2 ($102.90 in chips) 
Seat 5: aaronbengert ($95.98 in chips) 
Seat 6: tintin641 ($100 in chips) 
tintin641: posts small blind $0.50
michasia: posts big blind $1
*** HOLE CARDS ***
joaquin612: folds 
vadjkeee: folds 
JUANS2: folds 
aaronbengert: calls $1
tintin641: raises $4 to $5
michasia: folds 
aaronbengert: calls $4
*** FLOP *** [8h 7c 6h]
tintin641: checks 
aaronbengert: bets $3
tintin641: calls $3
*** TURN *** [8h 7c 6h] [Qd]
tintin641: checks 
aaronbengert: checks 
*** RIVER *** [8h 7c 6h Qd] [Qs]
tintin641: bets $24.23
aaronbengert: folds 
Uncalled bet ($24.23) returned to tintin641
tintin641 collected $16.15 from pot
tintin641: doesn't show hand 
*** SUMMARY ***
Total pot $17 | Rake $0.85 
Board [8h 7c 6h Qd Qs]
Seat 1: michasia (big blind) folded before Flop
Seat 2: joaquin612 folded before Flop (didn't bet)
Seat 3: vadjkeee folded before Flop (didn't bet)
Seat 4: JUANS2 folded before Flop (didn't bet)
Seat 5: aaronbengert (button) folded on the River
Seat 6: tintin641 (small blind) collected ($16.15)



PokerStars Hand #254534548671:  Hold'em No Limit ($0.50/$1.00 USD) - 2025/01/24 20:33:36 WET [2025/01/24 15:33:36 ET]
Table 'Hydra V' 6-max Seat #3 is the button
Seat 1: michasia ($100 in chips) 
Seat 2: joaquin612 ($136.07 in chips) 
Seat 3: vadjkeee ($118 in chips) 
Seat 4: JUANS2 ($105.46 in chips) 
Seat 5: aaronbengert ($41.07 in chips) 
Seat 6: tintin641 ($153.06 in chips) 
JUANS2: posts small blind $0.50
aaronbengert: posts big blind $1
*** HOLE CARDS ***
tintin641: folds 
michasia: folds 
joaquin612: folds 
vadjkeee: folds 
JUANS2: folds 
Uncalled bet ($0.50) returned to aaronbengert
aaronbengert collected $1 from pot
aaronbengert: doesn't show hand 
*** SUMMARY ***
Total pot $1 | Rake $0 
Seat 1: michasia folded before Flop (didn't bet)
Seat 2: joaquin612 folded before Flop (didn't bet)
Seat 3: vadjkeee (button) folded before Flop (didn't bet)
Seat 4: JUANS2 (small blind) folded before Flop
Seat 5: aaronbengert (big blind) collected ($1)
Seat 6: tintin641 folded before Flop (didn't bet)



PokerStars Hand #254534552935:  Hold'em No Limit ($0.50/$1.00 USD) - 2025/01/24 20:33:49 WET [2025/01/24 15:33:49 ET]
Table 'Hydra V' 6-max Seat #4 is the button
Seat 1: michasia ($100 in chips) 
Seat 2: joaquin612 ($136.07 in chips) 
Seat 3: vadjkeee ($118 in chips) 
Seat 4: JUANS2 ($104.96 in chips) 
Seat 5: aaronbengert ($41.57 in chips) 
Seat 6: tintin641 ($153.06 in chips) 
aaronbengert: posts small blind $0.50
tintin641: posts big blind $1
*** HOLE CARDS ***
michasia: folds 
joaquin612: raises $1.50 to $2.50
vadjkeee: folds 
JUANS2: folds 
aaronbengert: raises $3.50 to $6
tintin641: folds 
joaquin612: calls $3.50
*** FLOP *** [7d 2d Jd]
aaronbengert: bets $5
joaquin612: folds 
Uncalled bet ($5) returned to aaronbengert
aaronbengert collected $12.35 from pot
aaronbengert: doesn't show hand 
*** SUMMARY ***
Total pot $13 | Rake $0.65 
Board [7d 2d Jd]
Seat 1: michasia folded before Flop (didn't bet)
Seat 2: joaquin612 folded on the Flop
Seat 3: vadjkeee folded before Flop (didn't bet)
Seat 4: JUANS2 (button) folded before Flop (didn't bet)
Seat 5: aaronbengert (small blind) collected ($12.35)
Seat 6: tintin641 (big blind) folded before Flop



PokerStars Hand #254534561888:  Hold'em No Limit ($0.50/$1.00 USD) - 2025/01/24 20:34:19 WET [2025/01/24 15:34:19 ET]
Table 'Hydra V' 6-max Seat #5 is the button
Seat 1: michasia ($100 in chips) 
Seat 2: joaquin612 ($130.07 in chips) 
Seat 3: vadjkeee ($118 in chips) 
Seat 4: JUANS2 ($104.96 in chips) 
Seat 5: aaronbengert ($47.92 in chips) 
Seat 6: tintin641 ($152.06 in chips) 
tintin641: posts small blind $0.50
michasia: posts big blind $1
*** HOLE CARDS ***
joaquin612: folds 
vadjkeee: folds 
JUANS2: folds 
aaronbengert: calls $1
tintin641: folds 
michasia: checks 
*** FLOP *** [7h Jc 9s]
michasia: checks 
aaronbengert: bets $2
michasia: folds 
Uncalled bet ($2) returned to aaronbengert
aaronbengert collected $2.38 from pot
aaronbengert: doesn't show hand 
*** SUMMARY ***
Total pot $2.50 | Rake $0.12 
Board [7h Jc 9s]
Seat 1: michasia (big blind) folded on the Flop
Seat 2: joaquin612 folded before Flop (didn't bet)
Seat 3: vadjkeee folded before Flop (didn't bet)
Seat 4: JUANS2 folded before Flop (didn't bet)
Seat 5: aaronbengert (button) collected ($2.38)
Seat 6: tintin641 (small blind) folded before Flop



PokerStars Hand #254534571721:  Hold'em No Limit ($0.50/$1.00 USD) - 2025/01/24 20:34:51 WET [2025/01/24 15:34:51 ET]
Table 'Hydra V' 6-max Seat #6 is the button
Seat 1: michasia ($100 in chips) 
Seat 2: joaquin612 ($130.07 in chips) 
Seat 3: vadjkeee ($118 in chips) 
Seat 4: JUANS2 ($104.96 in chips) 
Seat 5: aaronbengert ($49.30 in chips) 
Seat 6: tintin641 ($151.56 in chips) 
michasia: posts small blind $0.50
joaquin612: posts big blind $1
*** HOLE CARDS ***
vadjkeee: folds 
JUANS2: folds 
aaronbengert: folds 
tintin641: raises $1.50 to $2.50
michasia: folds 
joaquin612: folds 
Uncalled bet ($1.50) returned to tintin641
tintin641 collected $2.50 from pot
tintin641: doesn't show hand 
*** SUMMARY ***
Total pot $2.50 | Rake $0 
Seat 1: michasia (small blind) folded before Flop
Seat 2: joaquin612 (big blind) folded before Flop
Seat 3: vadjkeee folded before Flop (didn't bet)
Seat 4: JUANS2 folded before Flop (didn't bet)
Seat 5: aaronbengert folded before Flop (didn't bet)
Seat 6: tintin641 (button) collected ($2.50)



PokerStars Hand #254534578047:  Hold'em No Limit ($0.50/$1.00 USD) - 2025/01/24 20:35:12 WET [2025/01/24 15:35:12 ET]
Table 'Hydra V' 6-max Seat #1 is the button
Seat 1: michasia ($100 in chips) 
Seat 2: joaquin612 ($129.07 in chips) 
Seat 3: vadjkeee ($118 in chips) 
Seat 4: JUANS2 ($104.96 in chips) 
Seat 5: aaronbengert ($49.30 in chips) 
Seat 6: tintin641 ($153.06 in chips) 
joaquin612: posts small blind $0.50
vadjkeee: posts big blind $1
*** HOLE CARDS ***
JUANS2: folds 
aaronbengert: folds 
tintin641: folds 
michasia: folds 
joaquin612: folds 
Uncalled bet ($0.50) returned to vadjkeee
vadjkeee collected $1 from pot
vadjkeee: doesn't show hand 
*** SUMMARY ***
Total pot $1 | Rake $0 
Seat 1: michasia (button) folded before Flop (didn't bet)
Seat 2: joaquin612 (small blind) folded before Flop
Seat 3: vadjkeee (big blind) collected ($1)
Seat 4: JUANS2 folded before Flop (didn't bet)
Seat 5: aaronbengert folded before Flop (didn't bet)
Seat 6: tintin641 folded before Flop (didn't bet)



PokerStars Hand #254534585518:  Hold'em No Limit ($0.50/$1.00 USD) - 2025/01/24 20:35:36 WET [2025/01/24 15:35:36 ET]
Table 'Hydra V' 6-max Seat #2 is the button
Seat 1: michasia ($100 in chips) 
Seat 2: joaquin612 ($128.57 in chips) 
Seat 3: vadjkeee ($118.50 in chips) 
Seat 4: JUANS2 ($104.96 in chips) 
Seat 5: aaronbengert ($49.30 in chips) 
Seat 6: tintin641 ($153.06 in chips) 
vadjkeee: posts small blind $0.50
JUANS2: posts big blind $1
*** HOLE CARDS ***
aaronbengert: folds 
tintin641: raises $1.50 to $2.50
michasia: folds 
joaquin612: folds 
vadjkeee: folds 
JUANS2: folds 
Uncalled bet ($1.50) returned to tintin641
tintin641 collected $2.50 from pot
tintin641: doesn't show hand 
*** SUMMARY ***
Total pot $2.50 | Rake $0 
Seat 1: michasia folded before Flop (didn't bet)
Seat 2: joaquin612 (button) folded before Flop (didn't bet)
Seat 3: vadjkeee (small blind) folded before Flop
Seat 4: JUANS2 (big blind) folded before Flop
Seat 5: aaronbengert folded before Flop (didn't bet)
Seat 6: tintin641 collected ($2.50)



PokerStars Hand #254534593035:  Hold'em No Limit ($0.50/$1.00 USD) - 2025/01/24 20:36:01 WET [2025/01/24 15:36:01 ET]
Table 'Hydra V' 6-max Seat #3 is the button
Seat 1: michasia ($100 in chips) 
Seat 2: joaquin612 ($128.57 in chips) 
Seat 3: vadjkeee ($118 in chips) 
Seat 4: JUANS2 ($103.96 in chips) 
Seat 5: aaronbengert ($49.30 in chips) 
Seat 6: tintin641 ($154.56 in chips) 
JUANS2: posts small blind $0.50
aaronbengert: posts big blind $1
*** HOLE CARDS ***
tintin641: raises $1.50 to $2.50
michasia: folds 
joaquin612: folds 
vadjkeee: folds 
JUANS2: folds 
aaronbengert: calls $1.50
*** FLOP *** [9c 9s Ac]
aaronbengert: checks 
tintin641: bets $1.72
aaronbengert: folds 
Uncalled bet ($1.72) returned to tintin641
tintin641 collected $5.22 from pot
tintin641: doesn't show hand 
*** SUMMARY ***
Total pot $5.50 | Rake $0.28 
Board [9c 9s Ac]
Seat 1: michasia folded before Flop (didn't bet)
Seat 2: joaquin612 folded before Flop (didn't bet)
Seat 3: vadjkeee (button) folded before Flop (didn't bet)
Seat 4: JUANS2 (small blind) folded before Flop
Seat 5: aaronbengert (big blind) folded on the Flop
Seat 6: tintin641 collected ($5.22)



PokerStars Hand #254534603747:  Hold'em No Limit ($0.50/$1.00 USD) - 2025/01/24 20:36:36 WET [2025/01/24 15:36:36 ET]
Table 'Hydra V' 6-max Seat #4 is the button
Seat 1: michasia ($100 in chips) 
Seat 2: joaquin612 ($128.57 in chips) 
Seat 3: vadjkeee ($118 in chips) 
Seat 4: JUANS2 ($103.46 in chips) 
Seat 5: aaronbengert ($46.80 in chips) 
Seat 6: tintin641 ($157.28 in chips) 
aaronbengert: posts small blind $0.50
tintin641: posts big blind $1
*** HOLE CARDS ***
michasia: folds 
joaquin612: folds 
vadjkeee: raises $2 to $3
JUANS2: folds 
aaronbengert: folds 
tintin641: raises $10 to $13
vadjkeee: calls $10
*** FLOP *** [Ad 9c 7s]
tintin641: bets $8.31
vadjkeee: calls $8.31
*** TURN *** [Ad 9c 7s] [Qc]
tintin641: checks 
vadjkeee: bets $26
tintin641: folds 
Uncalled bet ($26) returned to vadjkeee
vadjkeee collected $40.96 from pot
vadjkeee: doesn't show hand 
*** SUMMARY ***
Total pot $43.12 | Rake $2.16 
Board [Ad 9c 7s Qc]
Seat 1: michasia folded before Flop (didn't bet)
Seat 2: joaquin612 folded before Flop (didn't bet)
Seat 3: vadjkeee collected ($40.96)
Seat 4: JUANS2 (button) folded before Flop (didn't bet)
Seat 5: aaronbengert (small blind) folded before Flop
Seat 6: tintin641 (big blind) folded on the Turn



PokerStars Hand #254534628847:  Hold'em No Limit ($0.50/$1.00 USD) - 2025/01/24 20:38:00 WET [2025/01/24 15:38:00 ET]
Table 'Hydra V' 6-max Seat #5 is the button
Seat 1: michasia ($100 in chips) 
Seat 2: joaquin612 ($128.57 in chips) 
Seat 3: vadjkeee ($137.65 in chips) 
Seat 4: JUANS2 ($103.46 in chips) 
Seat 5: aaronbengert ($46.30 in chips) 
Seat 6: tintin641 ($135.97 in chips) 
tintin641: posts small blind $0.50
michasia: posts big blind $1
*** HOLE CARDS ***
joaquin612: raises $1.50 to $2.50
vadjkeee: folds 
JUANS2: folds 
aaronbengert: raises $3.50 to $6
tintin641: folds 
michasia: folds 
joaquin612: calls $3.50
*** FLOP *** [4d 9c 5c]
joaquin612: checks 
aaronbengert: bets $3
joaquin612: calls $3
*** TURN *** [4d 9c 5c] [Qs]
joaquin612: bets $3.50
aaronbengert: calls $3.50
*** RIVER *** [4d 9c 5c Qs] [5s]
joaquin612: checks 
aaronbengert: bets $8
joaquin612: folds 
Uncalled bet ($8) returned to aaronbengert
aaronbengert collected $25.18 from pot
aaronbengert: doesn't show hand 
*** SUMMARY ***
Total pot $26.50 | Rake $1.32 
Board [4d 9c 5c Qs 5s]
Seat 1: michasia (big blind) folded before Flop
Seat 2: joaquin612 folded on the River
Seat 3: vadjkeee folded before Flop (didn't bet)
Seat 4: JUANS2 folded before Flop (didn't bet)
Seat 5: aaronbengert (button) collected ($25.18)
Seat 6: tintin641 (small blind) folded before Flop



PokerStars Hand #254534649682:  Hold'em No Limit ($0.50/$1.00 USD) - 2025/01/24 20:39:08 WET [2025/01/24 15:39:08 ET]
Table 'Hydra V' 6-max Seat #6 is the button
Seat 1: michasia ($100 in chips) 
Seat 2: joaquin612 ($116.07 in chips) 
Seat 3: vadjkeee ($137.65 in chips) 
Seat 4: JUANS2 ($103.46 in chips) 
Seat 5: aaronbengert ($58.98 in chips) 
Seat 6: tintin641 ($135.47 in chips) 
michasia: posts small blind $0.50
joaquin612: posts big blind $1
*** HOLE CARDS ***
vadjkeee: folds 
JUANS2: folds 
aaronbengert: calls $1
tintin641: raises $3 to $4
michasia: folds 
joaquin612: folds 
aaronbengert: folds 
Uncalled bet ($3) returned to tintin641
tintin641 collected $3.50 from pot
tintin641: doesn't show hand 
*** SUMMARY ***
Total pot $3.50 | Rake $0 
Seat 1: michasia (small blind) folded before Flop
Seat 2: joaquin612 (big blind) folded before Flop
Seat 3: vadjkeee folded before Flop (didn't bet)
Seat 4: JUANS2 folded before Flop (didn't bet)
Seat 5: aaronbengert folded before Flop
Seat 6: tintin641 (button) collected ($3.50)



PokerStars Hand #254534662011:  Hold'em No Limit ($0.50/$1.00 USD) - 2025/01/24 20:39:49 WET [2025/01/24 15:39:49 ET]
Table 'Hydra V' 6-max Seat #1 is the button
Seat 1: michasia ($100 in chips) 
Seat 2: joaquin612 ($115.07 in chips) 
Seat 3: vadjkeee ($137.65 in chips) 
Seat 4: JUANS2 ($103.46 in chips) 
Seat 5: aaronbengert ($57.98 in chips) 
Seat 6: tintin641 ($137.97 in chips) 
joaquin612: posts small blind $0.50
vadjkeee: posts big blind $1
*** HOLE CARDS ***
JUANS2: folds 
aaronbengert: calls $1
tintin641: folds 
michasia: folds 
joaquin612: calls $0.50
vadjkeee: checks 
*** FLOP *** [Jh 9c Ac]
joaquin612: checks 
vadjkeee: checks 
aaronbengert: checks 
*** TURN *** [Jh 9c Ac] [Kh]
joaquin612: checks 
vadjkeee: checks 
aaronbengert: checks 
*** RIVER *** [Jh 9c Ac Kh] [Tc]
joaquin612: bets $1
vadjkeee: folds 
aaronbengert: calls $1
*** SHOW DOWN ***
joaquin612: shows [Qs 4d] (a straight, Ten to Ace)
aaronbengert: mucks hand 
joaquin612 collected $4.75 from pot
*** SUMMARY ***
Total pot $5 | Rake $0.25 
Board [Jh 9c Ac Kh Tc]
Seat 1: michasia (button) folded before Flop (didn't bet)
Seat 2: joaquin612 (small blind) showed [Qs 4d] and won ($4.75) with a straight, Ten to Ace
Seat 3: vadjkeee (big blind) folded on the River
Seat 4: JUANS2 folded before Flop (didn't bet)
Seat 5: aaronbengert mucked
Seat 6: tintin641 folded before Flop (didn't bet)



PokerStars Hand #254534682081:  Hold'em No Limit ($0.50/$1.00 USD) - 2025/01/24 20:40:56 WET [2025/01/24 15:40:56 ET]
Table 'Hydra V' 6-max Seat #2 is the button
Seat 1: michasia ($100 in chips) 
Seat 2: joaquin612 ($117.82 in chips) 
Seat 3: vadjkeee ($136.65 in chips) 
Seat 4: JUANS2 ($103.46 in chips) 
Seat 5: aaronbengert ($55.98 in chips) 
Seat 6: tintin641 ($137.97 in chips) 
vadjkeee: posts small blind $0.50
JUANS2: posts big blind $1
*** HOLE CARDS ***
aaronbengert: calls $1
tintin641: folds 
michasia: raises $2.50 to $3.50
joaquin612: folds 
vadjkeee: folds 
JUANS2: folds 
aaronbengert: calls $2.50
*** FLOP *** [7s 2c Js]
aaronbengert: checks 
michasia: bets $5.39
aaronbengert: folds 
Uncalled bet ($5.39) returned to michasia
michasia collected $8.08 from pot
michasia: doesn't show hand 
*** SUMMARY ***
Total pot $8.50 | Rake $0.42 
Board [7s 2c Js]
Seat 1: michasia collected ($8.08)
Seat 2: joaquin612 (button) folded before Flop (didn't bet)
Seat 3: vadjkeee (small blind) folded before Flop
Seat 4: JUANS2 (big blind) folded before Flop
Seat 5: aaronbengert folded on the Flop
Seat 6: tintin641 folded before Flop (didn't bet)



PokerStars Hand #254534697274:  Hold'em No Limit ($0.50/$1.00 USD) - 2025/01/24 20:41:47 WET [2025/01/24 15:41:47 ET]
Table 'Hydra V' 6-max Seat #3 is the button
Seat 1: michasia ($104.58 in chips) 
Seat 2: joaquin612 ($117.82 in chips) 
Seat 3: vadjkeee ($136.15 in chips) 
Seat 4: JUANS2 ($102.46 in chips) 
Seat 5: aaronbengert ($52.48 in chips) 
Seat 6: tintin641 ($137.97 in chips) 
JUANS2: posts small blind $0.50
aaronbengert: posts big blind $1
*** HOLE CARDS ***
tintin641: raises $1.50 to $2.50
michasia: folds 
joaquin612: folds 
vadjkeee: folds 
JUANS2: raises $8 to $10.50
aaronbengert: folds 
tintin641: folds 
Uncalled bet ($8) returned to JUANS2
JUANS2 collected $6 from pot
JUANS2: doesn't show hand 
*** SUMMARY ***
Total pot $6 | Rake $0 
Seat 1: michasia folded before Flop (didn't bet)
Seat 2: joaquin612 folded before Flop (didn't bet)
Seat 3: vadjkeee (button) folded before Flop (didn't bet)
Seat 4: JUANS2 (small blind) collected ($6)
Seat 5: aaronbengert (big blind) folded before Flop
Seat 6: tintin641 folded before Flop



PokerStars Hand #254534705794:  Hold'em No Limit ($0.50/$1.00 USD) - 2025/01/24 20:42:15 WET [2025/01/24 15:42:15 ET]
Table 'Hydra V' 6-max Seat #4 is the button
Seat 6: tintin641 ($135.47 in chips) is sitting out
Seat 1: michasia ($104.58 in chips) 
Seat 2: joaquin612 ($117.82 in chips) 
Seat 3: vadjkeee ($136.15 in chips) 
Seat 4: JUANS2 ($105.96 in chips) 
Seat 5: aaronbengert ($51.48 in chips) 
aaronbengert: posts small blind $0.50
tintin641: is sitting out 
michasia: posts big blind $1
*** HOLE CARDS ***
tintin641 leaves the table
joaquin612: folds 
vadjkeee: folds 
JUANS2: folds 
aaronbengert: raises $1 to $2
michasia: folds 
Uncalled bet ($1) returned to aaronbengert
aaronbengert collected $2 from pot
Seavus10 joins the table at seat #6 
aaronbengert: doesn't show hand 
*** SUMMARY ***
Total pot $2 | Rake $0 
Seat 6: tintin641
Seat 1: michasia (big blind) folded before Flop
Seat 2: joaquin612 folded before Flop (didn't bet)
Seat 3: vadjkeee folded before Flop (didn't bet)
Seat 4: JUANS2 (button) folded before Flop (didn't bet)
Seat 5: aaronbengert (small blind) collected ($2)



PokerStars Hand #254534709318:  Hold'em No Limit ($0.50/$1.00 USD) - 2025/01/24 20:42:27 WET [2025/01/24 15:42:27 ET]
Table 'Hydra V' 6-max Seat #5 is the button
Seat 6: Seavus10 ($100 in chips) is sitting out
Seat 1: michasia ($103.58 in chips) 
Seat 2: joaquin612 ($117.82 in chips) 
Seat 3: vadjkeee ($136.15 in chips) 
Seat 4: JUANS2 ($105.96 in chips) 
Seat 5: aaronbengert ($52.48 in chips) 
michasia: posts small blind $0.50
joaquin612: posts big blind $1
*** HOLE CARDS ***
vadjkeee: folds 
JUANS2: folds 
aaronbengert: calls $1
michasia: folds 
joaquin612: checks 
*** FLOP *** [9h 7s 3s]
joaquin612: checks 
aaronbengert: bets $1
joaquin612: folds 
Uncalled bet ($1) returned to aaronbengert
aaronbengert collected $2.38 from pot
aaronbengert: doesn't show hand 
*** SUMMARY ***
Total pot $2.50 | Rake $0.12 
Board [9h 7s 3s]
Seat 6: Seavus10
Seat 1: michasia (small blind) folded before Flop
Seat 2: joaquin612 (big blind) folded on the Flop
Seat 3: vadjkeee folded before Flop (didn't bet)
Seat 4: JUANS2 folded before Flop (didn't bet)
Seat 5: aaronbengert (button) collected ($2.38)



PokerStars Hand #254534715513:  Hold'em No Limit ($0.50/$1.00 USD) - 2025/01/24 20:42:47 WET [2025/01/24 15:42:47 ET]
Table 'Hydra V' 6-max Seat #1 is the button
Seat 6: Seavus10 ($100 in chips) is sitting out
Seat 1: michasia ($103.08 in chips) 
Seat 2: joaquin612 ($116.82 in chips) 
Seat 3: vadjkeee ($136.15 in chips) 
Seat 4: JUANS2 ($105.96 in chips) 
Seat 5: aaronbengert ($53.86 in chips) 
joaquin612: posts small blind $0.50
vadjkeee: posts big blind $1
Seavus10: sits out 
*** HOLE CARDS ***
JUANS2: folds 
aaronbengert: folds 
michasia: folds 
joaquin612: folds 
Uncalled bet ($0.50) returned to vadjkeee
vadjkeee collected $1 from pot
vadjkeee: doesn't show hand 
*** SUMMARY ***
Total pot $1 | Rake $0 
Seat 6: Seavus10
Seat 1: michasia (button) folded before Flop (didn't bet)
Seat 2: joaquin612 (small blind) folded before Flop
Seat 3: vadjkeee (big blind) collected ($1)
Seat 4: JUANS2 folded before Flop (didn't bet)
Seat 5: aaronbengert folded before Flop (didn't bet)



PokerStars Hand #254534719239:  Hold'em No Limit ($0.50/$1.00 USD) - 2025/01/24 20:43:00 WET [2025/01/24 15:43:00 ET]
Table 'Hydra V' 6-max Seat #2 is the button
Seat 6: Seavus10 ($100 in chips) is sitting out
Seat 1: michasia ($103.08 in chips) 
Seat 2: joaquin612 ($116.32 in chips) 
Seat 3: vadjkeee ($136.65 in chips) 
Seat 4: JUANS2 ($105.96 in chips) 
Seat 5: aaronbengert ($53.86 in chips) 
vadjkeee: posts small blind $0.50
JUANS2: posts big blind $1
Seavus10: sits out 
*** HOLE CARDS ***
aaronbengert: calls $1
michasia: raises $2.50 to $3.50
joaquin612: folds 
vadjkeee: folds 
JUANS2: folds 
aaronbengert: folds 
Uncalled bet ($2.50) returned to michasia
michasia collected $3.50 from pot
michasia: doesn't show hand 
*** SUMMARY ***
Total pot $3.50 | Rake $0 
Seat 6: Seavus10
Seat 1: michasia collected ($3.50)
Seat 2: joaquin612 (button) folded before Flop (didn't bet)
Seat 3: vadjkeee (small blind) folded before Flop
Seat 4: JUANS2 (big blind) folded before Flop
Seat 5: aaronbengert folded before Flop



PokerStars Hand #254534728436:  Hold'em No Limit ($0.50/$1.00 USD) - 2025/01/24 20:43:30 WET [2025/01/24 15:43:30 ET]
Table 'Hydra V' 6-max Seat #3 is the button
Seat 6: Seavus10 ($100 in chips) is sitting out
Seat 1: michasia ($105.58 in chips) 
Seat 2: joaquin612 ($116.32 in chips) 
Seat 3: vadjkeee ($136.15 in chips) 
Seat 4: JUANS2 ($104.96 in chips) 
Seat 5: aaronbengert ($52.86 in chips) 
JUANS2: posts small blind $0.50
aaronbengert: posts big blind $1
Seavus10: sits out 
*** HOLE CARDS ***
michasia: raises $1.60 to $2.60
joaquin612: calls $2.60
vadjkeee: folds 
JUANS2: folds 
aaronbengert: folds 
*** FLOP *** [4c Ac 2s]
michasia: checks 
joaquin612: checks 
*** TURN *** [4c Ac 2s] [7s]
michasia: checks 
joaquin612: bets $4.77
michasia: calls $4.77
*** RIVER *** [4c Ac 2s 7s] [3c]
michasia: checks 
joaquin612: bets $11.57
michasia: folds 
Uncalled bet ($11.57) returned to joaquin612
joaquin612 collected $15.43 from pot
joaquin612: doesn't show hand 
*** SUMMARY ***
Total pot $16.24 | Rake $0.81 
Board [4c Ac 2s 7s 3c]
Seat 6: Seavus10
Seat 1: michasia folded on the River
Seat 2: joaquin612 collected ($15.43)
Seat 3: vadjkeee (button) folded before Flop (didn't bet)
Seat 4: JUANS2 (small blind) folded before Flop
Seat 5: aaronbengert (big blind) folded before Flop



PokerStars Hand #254534740346:  Hold'em No Limit ($0.50/$1.00 USD) - 2025/01/24 20:44:10 WET [2025/01/24 15:44:10 ET]
Table 'Hydra V' 6-max Seat #4 is the button
Seat 1: michasia ($100 in chips) 
Seat 2: joaquin612 ($124.38 in chips) 
Seat 3: vadjkeee ($136.15 in chips) 
Seat 4: JUANS2 ($104.46 in chips) 
Seat 5: aaronbengert ($51.86 in chips) 
Seat 6: Seavus10 ($100 in chips) 
aaronbengert: posts small blind $0.50
Seavus10: posts big blind $1
*** HOLE CARDS ***
michasia: folds 
joaquin612: folds 
vadjkeee: raises $2 to $3
JUANS2: folds 
aaronbengert: folds 
Seavus10: calls $2
*** FLOP *** [Jd Qs 8d]
Seavus10: checks 
vadjkeee: bets $4.14
Seavus10: raises $9.28 to $13.42
vadjkeee: folds 
Uncalled bet ($9.28) returned to Seavus10
Seavus10 collected $14.04 from pot
Seavus10: doesn't show hand 
*** SUMMARY ***
Total pot $14.78 | Rake $0.74 
Board [Jd Qs 8d]
Seat 1: michasia folded before Flop (didn't bet)
Seat 2: joaquin612 folded before Flop (didn't bet)
Seat 3: vadjkeee folded on the Flop
Seat 4: JUANS2 (button) folded before Flop (didn't bet)
Seat 5: aaronbengert (small blind) folded before Flop
Seat 6: Seavus10 (big blind) collected ($14.04)



PokerStars Hand #254534759062:  Hold'em No Limit ($0.50/$1.00 USD) - 2025/01/24 20:45:12 WET [2025/01/24 15:45:12 ET]
Table 'Hydra V' 6-max Seat #5 is the button
Seat 1: michasia ($100 in chips) 
Seat 2: joaquin612 ($124.38 in chips) 
Seat 3: vadjkeee ($129.01 in chips) 
Seat 4: JUANS2 ($104.46 in chips) 
Seat 5: aaronbengert ($51.36 in chips) 
Seat 6: Seavus10 ($106.90 in chips) 
Seavus10: posts small blind $0.50
michasia: posts big blind $1
*** HOLE CARDS ***
joaquin612: folds 
vadjkeee: raises $1.50 to $2.50
JUANS2: folds 
aaronbengert: calls $2.50
Seavus10: folds 
michasia: folds 
*** FLOP *** [8s 8d 6d]
vadjkeee: bets $1.24
aaronbengert: calls $1.24
*** TURN *** [8s 8d 6d] [9d]
vadjkeee: checks 
aaronbengert: checks 
*** RIVER *** [8s 8d 6d 9d] [Tc]
vadjkeee: checks 
aaronbengert: checks 
*** SHOW DOWN ***
vadjkeee: shows [Kc Qs] (a pair of Eights)
aaronbengert: shows [Ah Js] (a pair of Eights - Ace kicker)
aaronbengert collected $8.53 from pot
*** SUMMARY ***
Total pot $8.98 | Rake $0.45 
Board [8s 8d 6d 9d Tc]
Seat 1: michasia (big blind) folded before Flop
Seat 2: joaquin612 folded before Flop (didn't bet)
Seat 3: vadjkeee showed [Kc Qs] and lost with a pair of Eights
Seat 4: JUANS2 folded before Flop (didn't bet)
Seat 5: aaronbengert (button) showed [Ah Js] and won ($8.53) with a pair of Eights
Seat 6: Seavus10 (small blind) folded before Flop



PokerStars Hand #254534769651:  Hold'em No Limit ($0.50/$1.00 USD) - 2025/01/24 20:45:48 WET [2025/01/24 15:45:48 ET]
Table 'Hydra V' 6-max Seat #6 is the button
Seat 1: michasia ($100 in chips) 
Seat 2: joaquin612 ($124.38 in chips) 
Seat 3: vadjkeee ($125.27 in chips) 
Seat 4: JUANS2 ($104.46 in chips) 
Seat 5: aaronbengert ($56.15 in chips) 
Seat 6: Seavus10 ($106.40 in chips) 
michasia: posts small blind $0.50
joaquin612: posts big blind $1
*** HOLE CARDS ***
vadjkeee: folds 
JUANS2: folds 
aaronbengert: raises $2 to $3
Seavus10: raises $6 to $9
michasia: folds 
joaquin612: raises $15 to $24
aaronbengert: raises $32.15 to $56.15 and is all-in
Seavus10: folds 
joaquin612: calls $32.15
*** FLOP *** [4h 6s 6h]
*** TURN *** [4h 6s 6h] [Kc]
*** RIVER *** [4h 6s 6h Kc] [4d]
*** SHOW DOWN ***
joaquin612: shows [Ac Ah] (two pair, Aces and Sixes)
aaronbengert: shows [Ad Qh] (two pair, Sixes and Fours)
joaquin612 collected $119.30 from pot
*** SUMMARY ***
Total pot $121.80 | Rake $2.50 
Board [4h 6s 6h Kc 4d]
Seat 1: michasia (small blind) folded before Flop
Seat 2: joaquin612 (big blind) showed [Ac Ah] and won ($119.30) with two pair, Aces and Sixes
Seat 3: vadjkeee folded before Flop (didn't bet)
Seat 4: JUANS2 folded before Flop (didn't bet)
Seat 5: aaronbengert showed [Ad Qh] and lost with two pair, Sixes and Fours
Seat 6: Seavus10 (button) folded before Flop



PokerStars Hand #254534787870:  Hold'em No Limit ($0.50/$1.00 USD) - 2025/01/24 20:46:48 WET [2025/01/24 15:46:48 ET]
Table 'Hydra V' 6-max Seat #1 is the button
Seat 5: aaronbengert ($0 in chips) is sitting out
Seat 1: michasia ($100 in chips) 
Seat 2: joaquin612 ($187.53 in chips) 
Seat 3: vadjkeee ($125.27 in chips) 
Seat 4: JUANS2 ($104.46 in chips) 
Seat 6: Seavus10 ($100 in chips) 
joaquin612: posts small blind $0.50
vadjkeee: posts big blind $1
*** HOLE CARDS ***
aaronbengert leaves the table
JUANS2: folds 
Seavus10: folds 
michasia: raises $1.80 to $2.80
joaquin612: folds 
vadjkeee: folds 
Uncalled bet ($1.80) returned to michasia
michasia collected $2.50 from pot
michasia: doesn't show hand 
*** SUMMARY ***
Total pot $2.50 | Rake $0 
Seat 5: aaronbengert
Seat 1: michasia (button) collected ($2.50)
Seat 2: joaquin612 (small blind) folded before Flop
Seat 3: vadjkeee (big blind) folded before Flop
Seat 4: JUANS2 folded before Flop (didn't bet)
Seat 6: Seavus10 folded before Flop (didn't bet)



PokerStars Hand #254534794260:  Hold'em No Limit ($0.50/$1.00 USD) - 2025/01/24 20:47:10 WET [2025/01/24 15:47:10 ET]
Table 'Hydra V' 6-max Seat #2 is the button
Seat 4: JUANS2 ($104.46 in chips) is sitting out
Seat 1: michasia ($101.50 in chips) 
Seat 2: joaquin612 ($187.03 in chips) 
Seat 3: vadjkeee ($124.27 in chips) 
Seat 6: Seavus10 ($100 in chips) 
vadjkeee: posts small blind $0.50
JUANS2: is sitting out 
Seavus10: posts big blind $1
*** HOLE CARDS ***
michasia: folds 
joaquin612: folds 
vadjkeee: folds 
Uncalled bet ($0.50) returned to Seavus10
JUANS2 leaves the table
Seavus10 collected $1 from pot
Seavus10: doesn't show hand 
*** SUMMARY ***
Total pot $1 | Rake $0 
Seat 4: JUANS2
Seat 1: michasia folded before Flop (didn't bet)
Seat 2: joaquin612 (button) folded before Flop (didn't bet)
Seat 3: vadjkeee (small blind) folded before Flop
Seat 6: Seavus10 (big blind) collected ($1)



