PokerStars Hand #254525018732:  Hold'em No Limit ($0.50/$1.00 USD) - 2025/01/24 3:42:30 WET [2025/01/23 22:42:30 ET]
Table 'Kartvelia IV' 6-max Seat #4 is the button
Seat 1: Melenya ($100 in chips) 
Seat 2: Sadyhov V.V. ($123.53 in chips) 
Seat 3: trillnaz ($43.39 in chips) 
Seat 4: ptolejmus ($30.97 in chips) 
Seat 5: rao999 ($100 in chips) 
Seat 6: BoyLoc0 ($211.82 in chips) 
rao999: posts small blind $0.50
BoyLoc0: posts big blind $1
*** HOLE CARDS ***
Melenya: folds 
Sadyhov V.V.: folds 
trillnaz: folds 
ptolejmus: folds 
rao999: folds 
Uncalled bet ($0.50) returned to BoyLoc0
BoyLoc0 collected $1 from pot
BoyLoc0: doesn't show hand 
*** SUMMARY ***
Total pot $1 | Rake $0 
Seat 1: Melenya folded before Flop (didn't bet)
Seat 2: Sadyhov V.V. folded before Flop (didn't bet)
Seat 3: trillnaz folded before Flop (didn't bet)
Seat 4: ptolejmus (button) folded before Flop (didn't bet)
Seat 5: rao999 (small blind) folded before Flop
Seat 6: BoyLoc0 (big blind) collected ($1)



PokerStars Hand #254525020995:  Hold'em No Limit ($0.50/$1.00 USD) - 2025/01/24 3:42:49 WET [2025/01/23 22:42:49 ET]
Table 'Kartvelia IV' 6-max Seat #5 is the button
Seat 1: Melenya ($100 in chips) 
Seat 2: Sadyhov V.V. ($123.53 in chips) 
Seat 3: trillnaz ($43.39 in chips) 
Seat 4: ptolejmus ($30.97 in chips) 
Seat 5: rao999 ($100 in chips) 
Seat 6: BoyLoc0 ($212.32 in chips) 
BoyLoc0: posts small blind $0.50
Melenya: posts big blind $1
*** HOLE CARDS ***
Sadyhov V.V.: folds 
Sadyhov V.V. leaves the table
trillnaz: folds 
ptolejmus: folds 
rao999: folds 
BoyLoc0: folds 
Uncalled bet ($0.50) returned to Melenya
Melenya collected $1 from pot
Melenya: doesn't show hand 
*** SUMMARY ***
Total pot $1 | Rake $0 
Seat 1: Melenya (big blind) collected ($1)
Seat 2: Sadyhov V.V. folded before Flop (didn't bet)
Seat 3: trillnaz folded before Flop (didn't bet)
Seat 4: ptolejmus folded before Flop (didn't bet)
Seat 5: rao999 (button) folded before Flop (didn't bet)
Seat 6: BoyLoc0 (small blind) folded before Flop



PokerStars Hand #254525023183:  Hold'em No Limit ($0.50/$1.00 USD) - 2025/01/24 3:43:08 WET [2025/01/23 22:43:08 ET]
Table 'Kartvelia IV' 6-max Seat #6 is the button
Seat 1: Melenya ($100.50 in chips) 
Seat 3: trillnaz ($43.39 in chips) 
Seat 4: ptolejmus ($30.97 in chips) 
Seat 5: rao999 ($100 in chips) 
Seat 6: BoyLoc0 ($211.82 in chips) 
Melenya: posts small blind $0.50
trillnaz: posts big blind $1
*** HOLE CARDS ***
ptolejmus: folds 
rao999: folds 
BoyLoc0: folds 
7bekon7 joins the table at seat #2 
Melenya: folds 
Uncalled bet ($0.50) returned to trillnaz
trillnaz collected $1 from pot
*** SUMMARY ***
Total pot $1 | Rake $0 
Seat 1: Melenya (small blind) folded before Flop
Seat 3: trillnaz (big blind) collected ($1)
Seat 4: ptolejmus folded before Flop (didn't bet)
Seat 5: rao999 folded before Flop (didn't bet)
Seat 6: BoyLoc0 (button) folded before Flop (didn't bet)



PokerStars Hand #254525025019:  Hold'em No Limit ($0.50/$1.00 USD) - 2025/01/24 3:43:22 WET [2025/01/23 22:43:22 ET]
Table 'Kartvelia IV' 6-max Seat #1 is the button
Seat 2: 7bekon7 ($100 in chips) is sitting out
Seat 4: ptolejmus ($30.97 in chips) is sitting out
Seat 1: Melenya ($100 in chips) 
Seat 3: trillnaz ($43.89 in chips) 
Seat 5: rao999 ($100 in chips) 
Seat 6: BoyLoc0 ($211.82 in chips) 
trillnaz: posts small blind $0.50
ptolejmus: is sitting out 
rao999: posts big blind $1
*** HOLE CARDS ***
BoyLoc0: folds 
Melenya: folds 
ptolejmus leaves the table
trillnaz: raises $2 to $3
rao999: calls $2
*** FLOP *** [Ks Qh Tc]
trillnaz: checks 
rao999: checks 
*** TURN *** [Ks Qh Tc] [9d]
trillnaz: bets $5
7bekon7 leaves the table
rao999: calls $5
*** RIVER *** [Ks Qh Tc 9d] [8s]
7bekon7 joins the table at seat #4 
trillnaz: checks 
rao999: checks 
*** SHOW DOWN ***
trillnaz: shows [Jc Qc] (a straight, Nine to King)
rao999: mucks hand 
trillnaz collected $15.20 from pot
*** SUMMARY ***
Total pot $16 | Rake $0.80 
Board [Ks Qh Tc 9d 8s]
Seat 2: 7bekon7
Seat 4: ptolejmus
Seat 1: Melenya (button) folded before Flop (didn't bet)
Seat 3: trillnaz (small blind) showed [Jc Qc] and won ($15.20) with a straight, Nine to King
Seat 5: rao999 (big blind) mucked
Seat 6: BoyLoc0 folded before Flop (didn't bet)



PokerStars Hand #254525031112:  Hold'em No Limit ($0.50/$1.00 USD) - 2025/01/24 3:44:14 WET [2025/01/23 22:44:14 ET]
Table 'Kartvelia IV' 6-max Seat #3 is the button
Seat 4: 7bekon7 ($100 in chips) is sitting out
Seat 1: Melenya ($100 in chips) 
Seat 3: trillnaz ($51.09 in chips) 
Seat 5: rao999 ($100 in chips) 
Seat 6: BoyLoc0 ($211.82 in chips) 
rao999: posts small blind $0.50
Drummino1993 joins the table at seat #2 
Drummino1993 is disconnected 
BoyLoc0: posts big blind $1
*** HOLE CARDS ***
Melenya: folds 
trillnaz: folds 
rao999: folds 
Uncalled bet ($0.50) returned to BoyLoc0
BoyLoc0 collected $1 from pot
BoyLoc0: doesn't show hand 
*** SUMMARY ***
Total pot $1 | Rake $0 
Seat 4: 7bekon7
Seat 1: Melenya folded before Flop (didn't bet)
Seat 3: trillnaz (button) folded before Flop (didn't bet)
Seat 5: rao999 (small blind) folded before Flop
Seat 6: BoyLoc0 (big blind) collected ($1)



PokerStars Hand #254525032960:  Hold'em No Limit ($0.50/$1.00 USD) - 2025/01/24 3:44:30 WET [2025/01/23 22:44:30 ET]
Table 'Kartvelia IV' 6-max Seat #5 is the button
Seat 4: 7bekon7 ($100 in chips) is sitting out
Seat 1: Melenya ($100 in chips) 
Seat 2: Drummino1993 ($24.77 in chips) 
Seat 3: trillnaz ($51.09 in chips) 
Seat 5: rao999 ($100 in chips) 
Seat 6: BoyLoc0 ($212.32 in chips) 
BoyLoc0: posts small blind $0.50
Melenya: posts big blind $1
Drummino1993: posts big blind $1
7bekon7: sits out 
*** HOLE CARDS ***
Drummino1993: checks 
trillnaz: folds 
rao999: folds 
BoyLoc0: folds 
Melenya: checks 
*** FLOP *** [Kc 7h As]
Melenya: checks 
Drummino1993: bets $1
Melenya: folds 
Uncalled bet ($1) returned to Drummino1993
Drummino1993 collected $2.38 from pot
*** SUMMARY ***
Total pot $2.50 | Rake $0.12 
Board [Kc 7h As]
Seat 4: 7bekon7
Seat 1: Melenya (big blind) folded on the Flop
Seat 2: Drummino1993 collected ($2.38)
Seat 3: trillnaz folded before Flop (didn't bet)
Seat 5: rao999 (button) folded before Flop (didn't bet)
Seat 6: BoyLoc0 (small blind) folded before Flop



PokerStars Hand #254525038479:  Hold'em No Limit ($0.50/$1.00 USD) - 2025/01/24 3:45:16 WET [2025/01/23 22:45:16 ET]
Table 'Kartvelia IV' 6-max Seat #6 is the button
Seat 4: 7bekon7 ($100 in chips) is sitting out
Seat 1: Melenya ($100 in chips) 
Seat 2: Drummino1993 ($26.15 in chips) 
Seat 3: trillnaz ($51.09 in chips) 
Seat 5: rao999 ($100 in chips) 
Seat 6: BoyLoc0 ($211.82 in chips) 
Melenya: posts small blind $0.50
Drummino1993: posts big blind $1
7bekon7: sits out 
*** HOLE CARDS ***
trillnaz: calls $1
rao999: folds 
BoyLoc0: folds 
Melenya: folds 
Drummino1993: checks 
*** FLOP *** [7c Jh 2s]
Drummino1993: checks 
trillnaz: bets $1
Drummino1993: calls $1
*** TURN *** [7c Jh 2s] [3h]
Drummino1993: checks 
trillnaz: checks 
*** RIVER *** [7c Jh 2s 3h] [Ad]
Drummino1993: checks 
trillnaz: bets $3
Drummino1993: folds 
Uncalled bet ($3) returned to trillnaz
trillnaz collected $4.28 from pot
trillnaz: doesn't show hand 
*** SUMMARY ***
Total pot $4.50 | Rake $0.22 
Board [7c Jh 2s 3h Ad]
Seat 4: 7bekon7
Seat 1: Melenya (small blind) folded before Flop
Seat 2: Drummino1993 (big blind) folded on the River
Seat 3: trillnaz collected ($4.28)
Seat 5: rao999 folded before Flop (didn't bet)
Seat 6: BoyLoc0 (button) folded before Flop (didn't bet)



PokerStars Hand #254525045474:  Hold'em No Limit ($0.50/$1.00 USD) - 2025/01/24 3:46:16 WET [2025/01/23 22:46:16 ET]
Table 'Kartvelia IV' 6-max Seat #1 is the button
Seat 4: 7bekon7 ($100 in chips) is sitting out
Seat 1: Melenya ($100 in chips) 
Seat 2: Drummino1993 ($24.15 in chips) 
Seat 3: trillnaz ($53.37 in chips) 
Seat 5: rao999 ($100 in chips) 
Seat 6: BoyLoc0 ($211.82 in chips) 
Drummino1993: posts small blind $0.50
trillnaz: posts big blind $1
7bekon7: sits out 
*** HOLE CARDS ***
rao999: folds 
BoyLoc0: folds 
Melenya: folds 
Drummino1993: folds 
Uncalled bet ($0.50) returned to trillnaz
trillnaz collected $1 from pot
*** SUMMARY ***
Total pot $1 | Rake $0 
Seat 4: 7bekon7
Seat 1: Melenya (button) folded before Flop (didn't bet)
Seat 2: Drummino1993 (small blind) folded before Flop
Seat 3: trillnaz (big blind) collected ($1)
Seat 5: rao999 folded before Flop (didn't bet)
Seat 6: BoyLoc0 folded before Flop (didn't bet)



PokerStars Hand #254525046714:  Hold'em No Limit ($0.50/$1.00 USD) - 2025/01/24 3:46:27 WET [2025/01/23 22:46:27 ET]
Table 'Kartvelia IV' 6-max Seat #2 is the button
Seat 1: Melenya ($100 in chips) 
Seat 2: Drummino1993 ($23.65 in chips) 
Seat 3: trillnaz ($53.87 in chips) 
Seat 4: 7bekon7 ($100 in chips) 
Seat 5: rao999 ($100 in chips) 
Seat 6: BoyLoc0 ($211.82 in chips) 
trillnaz: posts small blind $0.50
7bekon7: posts big blind $1
*** HOLE CARDS ***
rao999: raises $1.50 to $2.50
BoyLoc0: folds 
Melenya: raises $5 to $7.50
Drummino1993: calls $7.50
trillnaz: folds 
7bekon7: folds 
rao999: folds 
*** FLOP *** [2s 8c 2c]
Melenya: bets $18.05
Drummino1993: calls $16.15 and is all-in
Uncalled bet ($1.90) returned to Melenya
*** TURN *** [2s 8c 2c] [6c]
*** RIVER *** [2s 8c 2c 6c] [Ah]
*** SHOW DOWN ***
Melenya: shows [7h 7c] (two pair, Sevens and Deuces)
Drummino1993: shows [Qd Qh] (two pair, Queens and Deuces)
Drummino1993 collected $48.80 from pot
*** SUMMARY ***
Total pot $51.30 | Rake $2.50 
Board [2s 8c 2c 6c Ah]
Seat 1: Melenya showed [7h 7c] and lost with two pair, Sevens and Deuces
Seat 2: Drummino1993 (button) showed [Qd Qh] and won ($48.80) with two pair, Queens and Deuces
Seat 3: trillnaz (small blind) folded before Flop
Seat 4: 7bekon7 (big blind) folded before Flop
Seat 5: rao999 folded before Flop
Seat 6: BoyLoc0 folded before Flop (didn't bet)



PokerStars Hand #254525052857:  Hold'em No Limit ($0.50/$1.00 USD) - 2025/01/24 3:47:19 WET [2025/01/23 22:47:19 ET]
Table 'Kartvelia IV' 6-max Seat #3 is the button
Seat 1: Melenya ($100 in chips) 
Seat 2: Drummino1993 ($48.80 in chips) 
Seat 3: trillnaz ($53.37 in chips) 
Seat 4: 7bekon7 ($100 in chips) 
Seat 5: rao999 ($100 in chips) 
Seat 6: BoyLoc0 ($211.82 in chips) 
7bekon7: posts small blind $0.50
rao999: posts big blind $1
*** HOLE CARDS ***
BoyLoc0: folds 
Melenya: folds 
Drummino1993: calls $1
trillnaz: folds 
7bekon7: folds 
rao999: checks 
*** FLOP *** [7c Kc Ts]
rao999: checks 
Drummino1993: checks 
*** TURN *** [7c Kc Ts] [Qh]
rao999: checks 
Drummino1993: checks 
*** RIVER *** [7c Kc Ts Qh] [3s]
rao999: checks 
Drummino1993: checks 
*** SHOW DOWN ***
rao999: shows [4s 4h] (a pair of Fours)
Drummino1993: mucks hand 
rao999 collected $2.38 from pot
*** SUMMARY ***
Total pot $2.50 | Rake $0.12 
Board [7c Kc Ts Qh 3s]
Seat 1: Melenya folded before Flop (didn't bet)
Seat 2: Drummino1993 mucked
Seat 3: trillnaz (button) folded before Flop (didn't bet)
Seat 4: 7bekon7 (small blind) folded before Flop
Seat 5: rao999 (big blind) showed [4s 4h] and won ($2.38) with a pair of Fours
Seat 6: BoyLoc0 folded before Flop (didn't bet)



PokerStars Hand #254525059809:  Hold'em No Limit ($0.50/$1.00 USD) - 2025/01/24 3:48:18 WET [2025/01/23 22:48:18 ET]
Table 'Kartvelia IV' 6-max Seat #4 is the button
Seat 1: Melenya ($100 in chips) 
Seat 2: Drummino1993 ($47.80 in chips) 
Seat 3: trillnaz ($53.37 in chips) 
Seat 4: 7bekon7 ($100 in chips) 
Seat 5: rao999 ($101.38 in chips) 
Seat 6: BoyLoc0 ($211.82 in chips) 
rao999: posts small blind $0.50
BoyLoc0: posts big blind $1
*** HOLE CARDS ***
Melenya: folds 
Drummino1993: folds 
trillnaz: raises $2 to $3
7bekon7: folds 
rao999: folds 
BoyLoc0: calls $2
*** FLOP *** [8d Qc 5c]
BoyLoc0: checks 
trillnaz: checks 
*** TURN *** [8d Qc 5c] [4s]
BoyLoc0: bets $4.64
trillnaz: folds 
Uncalled bet ($4.64) returned to BoyLoc0
BoyLoc0 collected $6.18 from pot
BoyLoc0: doesn't show hand 
*** SUMMARY ***
Total pot $6.50 | Rake $0.32 
Board [8d Qc 5c 4s]
Seat 1: Melenya folded before Flop (didn't bet)
Seat 2: Drummino1993 folded before Flop (didn't bet)
Seat 3: trillnaz folded on the Turn
Seat 4: 7bekon7 (button) folded before Flop (didn't bet)
Seat 5: rao999 (small blind) folded before Flop
Seat 6: BoyLoc0 (big blind) collected ($6.18)



PokerStars Hand #254525064706:  Hold'em No Limit ($0.50/$1.00 USD) - 2025/01/24 3:49:01 WET [2025/01/23 22:49:01 ET]
Table 'Kartvelia IV' 6-max Seat #5 is the button
Seat 1: Melenya ($100 in chips) 
Seat 2: Drummino1993 ($47.80 in chips) 
Seat 3: trillnaz ($50.37 in chips) 
Seat 4: 7bekon7 ($100 in chips) 
Seat 5: rao999 ($100.88 in chips) 
Seat 6: BoyLoc0 ($215 in chips) 
BoyLoc0: posts small blind $0.50
Melenya: posts big blind $1
*** HOLE CARDS ***
Drummino1993: folds 
trillnaz: calls $1
7bekon7: folds 
rao999: folds 
BoyLoc0: calls $0.50
Melenya: raises $5 to $6
trillnaz: calls $5
BoyLoc0: folds 
*** FLOP *** [Jd 9d 2s]
Melenya: checks 
trillnaz: bets $7.18
Melenya: folds 
Uncalled bet ($7.18) returned to trillnaz
trillnaz collected $12.35 from pot
trillnaz: doesn't show hand 
*** SUMMARY ***
Total pot $13 | Rake $0.65 
Board [Jd 9d 2s]
Seat 1: Melenya (big blind) folded on the Flop
Seat 2: Drummino1993 folded before Flop (didn't bet)
Seat 3: trillnaz collected ($12.35)
Seat 4: 7bekon7 folded before Flop (didn't bet)
Seat 5: rao999 (button) folded before Flop (didn't bet)
Seat 6: BoyLoc0 (small blind) folded before Flop



PokerStars Hand #254525071616:  Hold'em No Limit ($0.50/$1.00 USD) - 2025/01/24 3:50:01 WET [2025/01/23 22:50:01 ET]
Table 'Kartvelia IV' 6-max Seat #6 is the button
Seat 1: Melenya ($100 in chips) 
Seat 2: Drummino1993 ($47.80 in chips) 
Seat 3: trillnaz ($56.72 in chips) 
Seat 4: 7bekon7 ($100 in chips) 
Seat 5: rao999 ($100.88 in chips) 
Seat 6: BoyLoc0 ($214 in chips) 
Melenya: posts small blind $0.50
Drummino1993: posts big blind $1
*** HOLE CARDS ***
trillnaz: calls $1
7bekon7: folds 
rao999: folds 
BoyLoc0: folds 
Melenya: folds 
Drummino1993: checks 
*** FLOP *** [8c 9s Qc]
Drummino1993: checks 
trillnaz: bets $1
Drummino1993: folds 
Uncalled bet ($1) returned to trillnaz
trillnaz collected $2.38 from pot
*** SUMMARY ***
Total pot $2.50 | Rake $0.12 
Board [8c 9s Qc]
Seat 1: Melenya (small blind) folded before Flop
Seat 2: Drummino1993 (big blind) folded on the Flop
Seat 3: trillnaz collected ($2.38)
Seat 4: 7bekon7 folded before Flop (didn't bet)
Seat 5: rao999 folded before Flop (didn't bet)
Seat 6: BoyLoc0 (button) folded before Flop (didn't bet)



PokerStars Hand #254525081735:  Hold'em No Limit ($0.50/$1.00 USD) - 2025/01/24 3:51:30 WET [2025/01/23 22:51:30 ET]
Table 'Kartvelia IV' 6-max Seat #1 is the button
Seat 1: Melenya ($100 in chips) 
Seat 2: Drummino1993 ($46.80 in chips) 
Seat 3: trillnaz ($58.10 in chips) 
Seat 4: 7bekon7 ($100 in chips) 
Seat 5: rao999 ($100.88 in chips) 
Seat 6: BoyLoc0 ($214 in chips) 
Drummino1993: posts small blind $0.50
trillnaz: posts big blind $1
*** HOLE CARDS ***
7bekon7: raises $3 to $4
rao999: folds 
BoyLoc0: folds 
Melenya: folds 
Drummino1993: folds 
trillnaz: folds 
Uncalled bet ($3) returned to 7bekon7
7bekon7 collected $2.50 from pot
7bekon7: doesn't show hand 
*** SUMMARY ***
Total pot $2.50 | Rake $0 
Seat 1: Melenya (button) folded before Flop (didn't bet)
Seat 2: Drummino1993 (small blind) folded before Flop
Seat 3: trillnaz (big blind) folded before Flop
Seat 4: 7bekon7 collected ($2.50)
Seat 5: rao999 folded before Flop (didn't bet)
Seat 6: BoyLoc0 folded before Flop (didn't bet)



PokerStars Hand #254525085019:  Hold'em No Limit ($0.50/$1.00 USD) - 2025/01/24 3:51:58 WET [2025/01/23 22:51:58 ET]
Table 'Kartvelia IV' 6-max Seat #2 is the button
Seat 1: Melenya ($100 in chips) 
Seat 2: Drummino1993 ($46.30 in chips) 
Seat 3: trillnaz ($57.10 in chips) 
Seat 4: 7bekon7 ($101.50 in chips) 
Seat 5: rao999 ($100.88 in chips) 
Seat 6: BoyLoc0 ($214 in chips) 
trillnaz: posts small blind $0.50
7bekon7: posts big blind $1
*** HOLE CARDS ***
rao999: folds 
BoyLoc0: folds 
Melenya: folds 
Drummino1993: raises $1 to $2
trillnaz: calls $1.50
7bekon7: folds 
*** FLOP *** [6c Kd 8d]
trillnaz: checks 
Drummino1993: bets $2.38
trillnaz: calls $2.38
*** TURN *** [6c Kd 8d] [5h]
trillnaz: checks 
Drummino1993: checks 
*** RIVER *** [6c Kd 8d 5h] [Tc]
trillnaz: checks 
Drummino1993: checks 
*** SHOW DOWN ***
trillnaz: shows [Ts Ah] (a pair of Tens)
Drummino1993: mucks hand 
trillnaz collected $9.27 from pot
*** SUMMARY ***
Total pot $9.76 | Rake $0.49 
Board [6c Kd 8d 5h Tc]
Seat 1: Melenya folded before Flop (didn't bet)
Seat 2: Drummino1993 (button) mucked
Seat 3: trillnaz (small blind) showed [Ts Ah] and won ($9.27) with a pair of Tens
Seat 4: 7bekon7 (big blind) folded before Flop
Seat 5: rao999 folded before Flop (didn't bet)
Seat 6: BoyLoc0 folded before Flop (didn't bet)



PokerStars Hand #254525090644:  Hold'em No Limit ($0.50/$1.00 USD) - 2025/01/24 3:52:48 WET [2025/01/23 22:52:48 ET]
Table 'Kartvelia IV' 6-max Seat #3 is the button
Seat 1: Melenya ($100 in chips) 
Seat 2: Drummino1993 ($41.92 in chips) 
Seat 3: trillnaz ($61.99 in chips) 
Seat 4: 7bekon7 ($100.50 in chips) 
Seat 5: rao999 ($100.88 in chips) 
Seat 6: BoyLoc0 ($214 in chips) 
7bekon7: posts small blind $0.50
rao999: posts big blind $1
*** HOLE CARDS ***
BoyLoc0: folds 
Melenya: raises $1 to $2
Drummino1993: calls $2
trillnaz: calls $2
7bekon7: folds 
rao999: folds 
*** FLOP *** [4h 5c 3h]
Melenya: checks 
Drummino1993: checks 
trillnaz: bets $7.12
Melenya: folds 
Drummino1993: calls $7.12
*** TURN *** [4h 5c 3h] [Js]
Drummino1993: checks 
trillnaz: checks 
*** RIVER *** [4h 5c 3h Js] [Kh]
Drummino1993: checks 
trillnaz: bets $15
Drummino1993: folds 
Uncalled bet ($15) returned to trillnaz
trillnaz collected $20.65 from pot
trillnaz: doesn't show hand 
*** SUMMARY ***
Total pot $21.74 | Rake $1.09 
Board [4h 5c 3h Js Kh]
Seat 1: Melenya folded on the Flop
Seat 2: Drummino1993 folded on the River
Seat 3: trillnaz (button) collected ($20.65)
Seat 4: 7bekon7 (small blind) folded before Flop
Seat 5: rao999 (big blind) folded before Flop
Seat 6: BoyLoc0 folded before Flop (didn't bet)



PokerStars Hand #254525101835:  Hold'em No Limit ($0.50/$1.00 USD) - 2025/01/24 3:54:25 WET [2025/01/23 22:54:25 ET]
Table 'Kartvelia IV' 6-max Seat #4 is the button
Seat 1: Melenya ($100 in chips) 
Seat 2: Drummino1993 ($32.80 in chips) 
Seat 3: trillnaz ($73.52 in chips) 
Seat 4: 7bekon7 ($100 in chips) 
Seat 5: rao999 ($100 in chips) 
Seat 6: BoyLoc0 ($214 in chips) 
rao999: posts small blind $0.50
BoyLoc0: posts big blind $1
*** HOLE CARDS ***
Melenya: folds 
Drummino1993: folds 
trillnaz: calls $1
7bekon7: raises $3 to $4
rao999: raises $8 to $12
BoyLoc0: folds 
trillnaz: folds 
7bekon7: folds 
Uncalled bet ($8) returned to rao999
rao999 collected $10 from pot
rao999: doesn't show hand 
*** SUMMARY ***
Total pot $10 | Rake $0 
Seat 1: Melenya folded before Flop (didn't bet)
Seat 2: Drummino1993 folded before Flop (didn't bet)
Seat 3: trillnaz folded before Flop
Seat 4: 7bekon7 (button) folded before Flop
Seat 5: rao999 (small blind) collected ($10)
Seat 6: BoyLoc0 (big blind) folded before Flop



PokerStars Hand #254525107658:  Hold'em No Limit ($0.50/$1.00 USD) - 2025/01/24 3:55:18 WET [2025/01/23 22:55:18 ET]
Table 'Kartvelia IV' 6-max Seat #5 is the button
Seat 1: Melenya ($100 in chips) 
Seat 2: Drummino1993 ($32.80 in chips) 
Seat 3: trillnaz ($72.52 in chips) 
Seat 4: 7bekon7 ($100 in chips) 
Seat 5: rao999 ($106 in chips) 
Seat 6: BoyLoc0 ($213 in chips) 
BoyLoc0: posts small blind $0.50
Melenya: posts big blind $1
*** HOLE CARDS ***
Drummino1993: raises $2 to $3
trillnaz: calls $3
7bekon7: folds 
rao999: folds 
BoyLoc0: folds 
Melenya: calls $2
*** FLOP *** [3s 4c 9h]
Melenya: checks 
Drummino1993: bets $4
trillnaz: calls $4
Melenya: folds 
*** TURN *** [3s 4c 9h] [8c]
Drummino1993: checks 
trillnaz: checks 
*** RIVER *** [3s 4c 9h 8c] [Th]
Drummino1993: checks 
trillnaz: checks 
*** SHOW DOWN ***
Drummino1993: shows [Ks Qs] (high card King)
trillnaz: mucks hand 
Drummino1993 collected $16.62 from pot
*** SUMMARY ***
Total pot $17.50 | Rake $0.88 
Board [3s 4c 9h 8c Th]
Seat 1: Melenya (big blind) folded on the Flop
Seat 2: Drummino1993 showed [Ks Qs] and won ($16.62) with high card King
Seat 3: trillnaz mucked
Seat 4: 7bekon7 folded before Flop (didn't bet)
Seat 5: rao999 (button) folded before Flop (didn't bet)
Seat 6: BoyLoc0 (small blind) folded before Flop



PokerStars Hand #254525114688:  Hold'em No Limit ($0.50/$1.00 USD) - 2025/01/24 3:56:35 WET [2025/01/23 22:56:35 ET]
Table 'Kartvelia IV' 6-max Seat #6 is the button
Seat 1: Melenya ($100 in chips) 
Seat 2: Drummino1993 ($42.42 in chips) 
Seat 3: trillnaz ($65.52 in chips) 
Seat 4: 7bekon7 ($100 in chips) 
Seat 5: rao999 ($106 in chips) 
Seat 6: BoyLoc0 ($212.50 in chips) 
Melenya: posts small blind $0.50
Drummino1993: posts big blind $1
*** HOLE CARDS ***
trillnaz has timed out
trillnaz: folds 
7bekon7: folds 
rao999: folds 
BoyLoc0: folds 
Melenya: folds 
Uncalled bet ($0.50) returned to Drummino1993
Drummino1993 collected $1 from pot
*** SUMMARY ***
Total pot $1 | Rake $0 
Seat 1: Melenya (small blind) folded before Flop
Seat 2: Drummino1993 (big blind) collected ($1)
Seat 3: trillnaz folded before Flop (didn't bet)
Seat 4: 7bekon7 folded before Flop (didn't bet)
Seat 5: rao999 folded before Flop (didn't bet)
Seat 6: BoyLoc0 (button) folded before Flop (didn't bet)



PokerStars Hand #254525117141:  Hold'em No Limit ($0.50/$1.00 USD) - 2025/01/24 3:57:01 WET [2025/01/23 22:57:01 ET]
Table 'Kartvelia IV' 6-max Seat #1 is the button
Seat 3: trillnaz ($65.52 in chips) is sitting out
Seat 1: Melenya ($100 in chips) 
Seat 2: Drummino1993 ($42.92 in chips) 
Seat 4: 7bekon7 ($100 in chips) 
Seat 5: rao999 ($106 in chips) 
Seat 6: BoyLoc0 ($212.50 in chips) 
Drummino1993: posts small blind $0.50
7bekon7: posts big blind $1
*** HOLE CARDS ***
rao999: raises $1.50 to $2.50
BoyLoc0: raises $5 to $7.50
Melenya: folds 
Drummino1993: folds 
7bekon7: folds 
rao999: calls $5
*** FLOP *** [9c 5h Qd]
rao999: checks 
BoyLoc0: bets $5.17
rao999: calls $5.17
*** TURN *** [9c 5h Qd] [6c]
rao999: checks 
BoyLoc0: bets $17.13
rao999: raises $76.20 to $93.33 and is all-in
BoyLoc0: calls $76.20
*** RIVER *** [9c 5h Qd 6c] [3s]
*** SHOW DOWN ***
rao999: shows [6h 6s] (three of a kind, Sixes)
BoyLoc0: shows [Tc Jc] (high card Queen)
rao999 cashed out the hand for $145.69 | Cash Out Fee $2.97
*** SUMMARY ***
Total pot $213.50 | Rake $2.50 
Board [9c 5h Qd 6c 3s]
Seat 3: trillnaz
Seat 1: Melenya (button) folded before Flop (didn't bet)
Seat 2: Drummino1993 (small blind) folded before Flop
Seat 4: 7bekon7 (big blind) folded before Flop
Seat 5: rao999 showed [6h 6s] and won ($211) with three of a kind, Sixes (pot not awarded as player cashed out)
Seat 6: BoyLoc0 showed [Tc Jc] and lost with high card Queen



PokerStars Hand #254525126617:  Hold'em No Limit ($0.50/$1.00 USD) - 2025/01/24 3:58:45 WET [2025/01/23 22:58:45 ET]
Table 'Kartvelia IV' 6-max Seat #2 is the button
Seat 3: trillnaz ($65.52 in chips) is sitting out
Seat 1: Melenya ($100 in chips) 
Seat 2: Drummino1993 ($42.42 in chips) 
Seat 4: 7bekon7 ($100 in chips) 
Seat 5: rao999 ($145.69 in chips) 
Seat 6: BoyLoc0 ($106.50 in chips) 
7bekon7: posts small blind $0.50
rao999: posts big blind $1
*** HOLE CARDS ***
BoyLoc0: raises $1.50 to $2.50
Melenya: folds 
Drummino1993: calls $2.50
7bekon7: folds 
rao999: calls $1.50
*** FLOP *** [Qc 6d 8h]
rao999: checks 
BoyLoc0: checks 
Drummino1993: checks 
*** TURN *** [Qc 6d 8h] [Ks]
rao999: checks 
BoyLoc0: bets $5.70
Drummino1993: folds 
rao999: folds 
Uncalled bet ($5.70) returned to BoyLoc0
BoyLoc0 collected $7.60 from pot
BoyLoc0: doesn't show hand 
*** SUMMARY ***
Total pot $8 | Rake $0.40 
Board [Qc 6d 8h Ks]
Seat 3: trillnaz
Seat 1: Melenya folded before Flop (didn't bet)
Seat 2: Drummino1993 (button) folded on the Turn
Seat 4: 7bekon7 (small blind) folded before Flop
Seat 5: rao999 (big blind) folded on the Turn
Seat 6: BoyLoc0 collected ($7.60)



PokerStars Hand #254524359813:  Hold'em No Limit ($0.50/$1.00 USD) - 2025/01/24 3:21:19 WET [2025/01/23 22:21:19 ET]
Table 'Kartvelia IV' 6-max Seat #2 is the button
Seat 1: Melenya ($100 in chips) is sitting out
Seat 2: Sadyhov V.V. ($100 in chips) 
Seat 3: trillnaz ($45.65 in chips) 
Seat 4: nastja336 ($143.15 in chips) 
Seat 5: rao999 ($101.70 in chips) 
Seat 6: BoyLoc0 ($113.54 in chips) 
trillnaz: posts small blind $0.50
nastja336: posts big blind $1
Melenya: sits out 
*** HOLE CARDS ***
rao999: folds 
BoyLoc0: folds 
Sadyhov V.V.: raises $1.50 to $2.50
trillnaz: calls $2
nastja336: folds 
*** FLOP *** [5s Kd 4s]
trillnaz: checks 
Sadyhov V.V.: bets $1.88
trillnaz has timed out
trillnaz: folds 
Uncalled bet ($1.88) returned to Sadyhov V.V.
Sadyhov V.V. collected $5.70 from pot
Sadyhov V.V.: doesn't show hand 
*** SUMMARY ***
Total pot $6 | Rake $0.30 
Board [5s Kd 4s]
Seat 1: Melenya
Seat 2: Sadyhov V.V. (button) collected ($5.70)
Seat 3: trillnaz (small blind) folded on the Flop
Seat 4: nastja336 (big blind) folded before Flop
Seat 5: rao999 folded before Flop (didn't bet)
Seat 6: BoyLoc0 folded before Flop (didn't bet)



PokerStars Hand #254525151731:  Hold'em No Limit ($0.50/$1.00 USD) - 2025/01/24 4:02:47 WET [2025/01/23 23:02:47 ET]
Table 'Kartvelia IV' 6-max Seat #1 is the button
Seat 1: Melenya ($100 in chips) 
Seat 2: Drummino1993 ($38.92 in chips) 
Seat 3: trillnaz ($101.35 in chips) 
Seat 4: 7bekon7 ($100 in chips) 
Seat 5: rao999 ($142.69 in chips) 
Seat 6: BoyLoc0 ($110.10 in chips) 
Drummino1993: posts small blind $0.50
trillnaz: posts big blind $1
*** HOLE CARDS ***
7bekon7: folds 
rao999: raises $1.50 to $2.50
BoyLoc0: folds 
Melenya: folds 
Drummino1993: folds 
trillnaz: raises $3.50 to $6
rao999: calls $3.50
*** FLOP *** [5c As 3s]
trillnaz: bets $7.94
rao999: calls $7.94
*** TURN *** [5c As 3s] [7c]
trillnaz: bets $13.48
rao999: calls $13.48
*** RIVER *** [5c As 3s 7c] [8h]
trillnaz: checks 
rao999: checks 
*** SHOW DOWN ***
trillnaz: shows [Qh Qd] (a pair of Queens)
rao999: shows [Ad Th] (a pair of Aces)
rao999 collected $52.84 from pot
*** SUMMARY ***
Total pot $55.34 | Rake $2.50 
Board [5c As 3s 7c 8h]
Seat 1: Melenya (button) folded before Flop (didn't bet)
Seat 2: Drummino1993 (small blind) folded before Flop
Seat 3: trillnaz (big blind) showed [Qh Qd] and lost with a pair of Queens
Seat 4: 7bekon7 folded before Flop (didn't bet)
Seat 5: rao999 showed [Ad Th] and won ($52.84) with a pair of Aces
Seat 6: BoyLoc0 folded before Flop (didn't bet)



PokerStars Hand #254525160519:  Hold'em No Limit ($0.50/$1.00 USD) - 2025/01/24 4:04:05 WET [2025/01/23 23:04:05 ET]
Table 'Kartvelia IV' 6-max Seat #2 is the button
Seat 1: Melenya ($100 in chips) 
Seat 2: Drummino1993 ($38.42 in chips) 
Seat 3: trillnaz ($73.93 in chips) 
Seat 4: 7bekon7 ($100 in chips) 
Seat 5: rao999 ($168.11 in chips) 
Seat 6: BoyLoc0 ($110.10 in chips) 
trillnaz: posts small blind $0.50
7bekon7: posts big blind $1
*** HOLE CARDS ***
trillnaz is disconnected 
rao999: raises $1.50 to $2.50
BoyLoc0: folds 
Melenya: folds 
Drummino1993: calls $2.50
trillnaz is connected 
trillnaz: folds 
7bekon7: folds 
*** FLOP *** [4h 6d 7d]
rao999: checks 
Drummino1993: checks 
*** TURN *** [4h 6d 7d] [7s]
rao999: bets $2.04
Drummino1993: calls $2.04
*** RIVER *** [4h 6d 7d 7s] [6c]
rao999: bets $6.63
Drummino1993: calls $6.63
*** SHOW DOWN ***
rao999: shows [5h 5d] (two pair, Sevens and Sixes)
Drummino1993: shows [Ad Kc] (two pair, Sevens and Sixes - Ace kicker)
Drummino1993 collected $22.65 from pot
*** SUMMARY ***
Total pot $23.84 | Rake $1.19 
Board [4h 6d 7d 7s 6c]
Seat 1: Melenya folded before Flop (didn't bet)
Seat 2: Drummino1993 (button) showed [Ad Kc] and won ($22.65) with two pair, Sevens and Sixes
Seat 3: trillnaz (small blind) folded before Flop
Seat 4: 7bekon7 (big blind) folded before Flop
Seat 5: rao999 showed [5h 5d] and lost with two pair, Sevens and Sixes
Seat 6: BoyLoc0 folded before Flop (didn't bet)



PokerStars Hand #254525168400:  Hold'em No Limit ($0.50/$1.00 USD) - 2025/01/24 4:05:14 WET [2025/01/23 23:05:14 ET]
Table 'Kartvelia IV' 6-max Seat #3 is the button
Seat 1: Melenya ($100 in chips) 
Seat 2: Drummino1993 ($49.90 in chips) 
Seat 3: trillnaz ($73.43 in chips) 
Seat 4: 7bekon7 ($100 in chips) 
Seat 5: rao999 ($156.94 in chips) 
Seat 6: BoyLoc0 ($110.10 in chips) 
7bekon7: posts small blind $0.50
rao999: posts big blind $1
*** HOLE CARDS ***
BoyLoc0: folds 
Melenya: folds 
Drummino1993: calls $1
trillnaz: calls $1
7bekon7: calls $0.50
rao999: checks 
*** FLOP *** [8c 2s 9c]
7bekon7: checks 
rao999: checks 
Drummino1993: checks 
trillnaz: bets $3.80
7bekon7: folds 
rao999: folds 
Drummino1993: calls $3.80
*** TURN *** [8c 2s 9c] [3c]
Drummino1993: checks 
trillnaz: checks 
*** RIVER *** [8c 2s 9c 3c] [5s]
Drummino1993: checks 
trillnaz: bets $9.02
Drummino1993: folds 
Uncalled bet ($9.02) returned to trillnaz
trillnaz collected $11.02 from pot
trillnaz: doesn't show hand 
*** SUMMARY ***
Total pot $11.60 | Rake $0.58 
Board [8c 2s 9c 3c 5s]
Seat 1: Melenya folded before Flop (didn't bet)
Seat 2: Drummino1993 folded on the River
Seat 3: trillnaz (button) collected ($11.02)
Seat 4: 7bekon7 (small blind) folded on the Flop
Seat 5: rao999 (big blind) folded on the Flop
Seat 6: BoyLoc0 folded before Flop (didn't bet)



PokerStars Hand #254525178299:  Hold'em No Limit ($0.50/$1.00 USD) - 2025/01/24 4:06:42 WET [2025/01/23 23:06:42 ET]
Table 'Kartvelia IV' 6-max Seat #4 is the button
Seat 1: Melenya ($100 in chips) 
Seat 2: Drummino1993 ($45.10 in chips) 
Seat 3: trillnaz ($79.65 in chips) 
Seat 4: 7bekon7 ($100 in chips) 
Seat 5: rao999 ($155.94 in chips) 
Seat 6: BoyLoc0 ($110.10 in chips) 
rao999: posts small blind $0.50
BoyLoc0: posts big blind $1
*** HOLE CARDS ***
Melenya: folds 
Drummino1993: raises $1 to $2
trillnaz has timed out
trillnaz: folds 
7bekon7: folds 
rao999: folds 
BoyLoc0: folds 
Uncalled bet ($1) returned to Drummino1993
Drummino1993 collected $2.50 from pot
*** SUMMARY ***
Total pot $2.50 | Rake $0 
Seat 1: Melenya folded before Flop (didn't bet)
Seat 2: Drummino1993 collected ($2.50)
Seat 3: trillnaz folded before Flop (didn't bet)
Seat 4: 7bekon7 (button) folded before Flop (didn't bet)
Seat 5: rao999 (small blind) folded before Flop
Seat 6: BoyLoc0 (big blind) folded before Flop



PokerStars Hand #254525181531:  Hold'em No Limit ($0.50/$1.00 USD) - 2025/01/24 4:07:12 WET [2025/01/23 23:07:12 ET]
Table 'Kartvelia IV' 6-max Seat #5 is the button
Seat 3: trillnaz ($79.65 in chips) is sitting out
Seat 1: Melenya ($100 in chips) 
Seat 2: Drummino1993 ($46.60 in chips) 
Seat 4: 7bekon7 ($100 in chips) 
Seat 5: rao999 ($155.44 in chips) 
Seat 6: BoyLoc0 ($109.10 in chips) 
BoyLoc0: posts small blind $0.50
Melenya: posts big blind $1
*** HOLE CARDS ***
Drummino1993: calls $1
7bekon7: raises $4 to $5
rao999: calls $5
BoyLoc0: folds 
Melenya: folds 
Drummino1993: folds 
*** FLOP *** [Jh 4s Kc]
7bekon7: checks 
rao999: bets $5
7bekon7: calls $5
*** TURN *** [Jh 4s Kc] [7d]
7bekon7: checks 
rao999: bets $14.11
7bekon7: calls $14.11
*** RIVER *** [Jh 4s Kc 7d] [Td]
7bekon7: checks 
rao999: checks 
*** SHOW DOWN ***
7bekon7: shows [Ac Jc] (a pair of Jacks)
rao999: shows [Qd Kh] (a pair of Kings)
rao999 collected $48.22 from pot
*** SUMMARY ***
Total pot $50.72 | Rake $2.50 
Board [Jh 4s Kc 7d Td]
Seat 3: trillnaz
Seat 1: Melenya (big blind) folded before Flop
Seat 2: Drummino1993 folded before Flop
Seat 4: 7bekon7 showed [Ac Jc] and lost with a pair of Jacks
Seat 5: rao999 (button) showed [Qd Kh] and won ($48.22) with a pair of Kings
Seat 6: BoyLoc0 (small blind) folded before Flop



PokerStars Hand #254525190182:  Hold'em No Limit ($0.50/$1.00 USD) - 2025/01/24 4:08:30 WET [2025/01/23 23:08:30 ET]
Table 'Kartvelia IV' 6-max Seat #6 is the button
Seat 1: Melenya ($100 in chips) 
Seat 2: Drummino1993 ($45.60 in chips) 
Seat 3: trillnaz ($79.65 in chips) 
Seat 4: 7bekon7 ($100 in chips) 
Seat 5: rao999 ($179.55 in chips) 
Seat 6: BoyLoc0 ($108.60 in chips) 
Melenya: posts small blind $0.50
Drummino1993: posts big blind $1
*** HOLE CARDS ***
trillnaz: folds 
7bekon7: folds 
rao999: folds 
BoyLoc0: raises $1.50 to $2.50
Melenya: folds 
Drummino1993: calls $1.50
*** FLOP *** [6d 7s Jh]
Drummino1993: checks 
BoyLoc0: bets $1.72
Drummino1993: calls $1.72
*** TURN *** [6d 7s Jh] [2h]
Drummino1993: checks 
BoyLoc0: checks 
*** RIVER *** [6d 7s Jh 2h] [Kd]
Drummino1993: checks 
BoyLoc0: checks 
*** SHOW DOWN ***
Drummino1993: shows [Js 3d] (a pair of Jacks)
BoyLoc0: mucks hand 
Drummino1993 collected $8.49 from pot
*** SUMMARY ***
Total pot $8.94 | Rake $0.45 
Board [6d 7s Jh 2h Kd]
Seat 1: Melenya (small blind) folded before Flop
Seat 2: Drummino1993 (big blind) showed [Js 3d] and won ($8.49) with a pair of Jacks
Seat 3: trillnaz folded before Flop (didn't bet)
Seat 4: 7bekon7 folded before Flop (didn't bet)
Seat 5: rao999 folded before Flop (didn't bet)
Seat 6: BoyLoc0 (button) mucked



PokerStars Hand #254525194916:  Hold'em No Limit ($0.50/$1.00 USD) - 2025/01/24 4:09:12 WET [2025/01/23 23:09:12 ET]
Table 'Kartvelia IV' 6-max Seat #1 is the button
Seat 1: Melenya ($100 in chips) 
Seat 2: Drummino1993 ($49.87 in chips) 
Seat 3: trillnaz ($79.65 in chips) 
Seat 4: 7bekon7 ($100 in chips) 
Seat 5: rao999 ($179.55 in chips) 
Seat 6: BoyLoc0 ($104.38 in chips) 
Drummino1993: posts small blind $0.50
trillnaz: posts big blind $1
*** HOLE CARDS ***
7bekon7: folds 
rao999: folds 
BoyLoc0: folds 
Melenya: raises $1.50 to $2.50
Drummino1993: calls $2
trillnaz: folds 
*** FLOP *** [Jc Kd 2d]
Drummino1993: checks 
Melenya: bets $1.90
Drummino1993: calls $1.90
*** TURN *** [Jc Kd 2d] [6s]
Drummino1993: bets $4.66
Melenya: calls $4.66
*** RIVER *** [Jc Kd 2d 6s] [9h]
Drummino1993: bets $9.08
Melenya: calls $9.08
*** SHOW DOWN ***
Drummino1993: shows [Kc Ac] (a pair of Kings)
Melenya: mucks hand 
Drummino1993 collected $35.42 from pot
*** SUMMARY ***
Total pot $37.28 | Rake $1.86 
Board [Jc Kd 2d 6s 9h]
Seat 1: Melenya (button) mucked
Seat 2: Drummino1993 (small blind) showed [Kc Ac] and won ($35.42) with a pair of Kings
Seat 3: trillnaz (big blind) folded before Flop
Seat 4: 7bekon7 folded before Flop (didn't bet)
Seat 5: rao999 folded before Flop (didn't bet)
Seat 6: BoyLoc0 folded before Flop (didn't bet)



PokerStars Hand #254525202023:  Hold'em No Limit ($0.50/$1.00 USD) - 2025/01/24 4:10:16 WET [2025/01/23 23:10:16 ET]
Table 'Kartvelia IV' 6-max Seat #2 is the button
Seat 1: Melenya ($100 in chips) 
Seat 2: Drummino1993 ($67.15 in chips) 
Seat 3: trillnaz ($78.65 in chips) 
Seat 4: 7bekon7 ($100 in chips) 
Seat 5: rao999 ($179.55 in chips) 
Seat 6: BoyLoc0 ($104.38 in chips) 
trillnaz: posts small blind $0.50
7bekon7: posts big blind $1
*** HOLE CARDS ***
rao999: folds 
BoyLoc0: folds 
Melenya: raises $1.30 to $2.30
Drummino1993: calls $2.30
trillnaz: calls $1.80
7bekon7: calls $1.30
*** FLOP *** [Ac 6h Td]
trillnaz: checks 
7bekon7: checks 
Melenya: checks 
Drummino1993: checks 
*** TURN *** [Ac 6h Td] [5h]
trillnaz: checks 
7bekon7: checks 
Melenya: bets $10.93
Drummino1993: folds 
trillnaz: calls $10.93
7bekon7: folds 
*** RIVER *** [Ac 6h Td 5h] [4s]
trillnaz has timed out
trillnaz: checks 
Melenya: bets $20.50
trillnaz: folds 
Uncalled bet ($20.50) returned to Melenya
Melenya collected $29.51 from pot
Melenya: doesn't show hand 
*** SUMMARY ***
Total pot $31.06 | Rake $1.55 
Board [Ac 6h Td 5h 4s]
Seat 1: Melenya collected ($29.51)
Seat 2: Drummino1993 (button) folded on the Turn
Seat 3: trillnaz (small blind) folded on the River
Seat 4: 7bekon7 (big blind) folded on the Turn
Seat 5: rao999 folded before Flop (didn't bet)
Seat 6: BoyLoc0 folded before Flop (didn't bet)



PokerStars Hand #254525216650:  Hold'em No Limit ($0.50/$1.00 USD) - 2025/01/24 4:12:30 WET [2025/01/23 23:12:30 ET]
Table 'Kartvelia IV' 6-max Seat #3 is the button
Seat 1: Melenya ($116.28 in chips) 
Seat 2: Drummino1993 ($64.85 in chips) 
Seat 3: trillnaz ($65.42 in chips) 
Seat 4: 7bekon7 ($100 in chips) 
Seat 5: rao999 ($179.55 in chips) 
Seat 6: BoyLoc0 ($104.38 in chips) 
7bekon7: posts small blind $0.50
rao999: posts big blind $1
*** HOLE CARDS ***
BoyLoc0: folds 
Melenya: folds 
Drummino1993: raises $2 to $3
trillnaz has timed out
trillnaz: folds 
7bekon7: raises $8 to $11
rao999: folds 
Drummino1993: calls $8
*** FLOP *** [2h 9d Kd]
7bekon7: checks 
Drummino1993: checks 
*** TURN *** [2h 9d Kd] [Td]
7bekon7: bets $5.46
Drummino1993: calls $5.46
*** RIVER *** [2h 9d Kd Td] [9c]
7bekon7: checks 
Drummino1993: checks 
*** SHOW DOWN ***
7bekon7: shows [Qh Qd] (two pair, Queens and Nines)
Drummino1993: mucks hand 
7bekon7 collected $32.22 from pot
*** SUMMARY ***
Total pot $33.92 | Rake $1.70 
Board [2h 9d Kd Td 9c]
Seat 1: Melenya folded before Flop (didn't bet)
Seat 2: Drummino1993 mucked
Seat 3: trillnaz (button) folded before Flop (didn't bet)
Seat 4: 7bekon7 (small blind) showed [Qh Qd] and won ($32.22) with two pair, Queens and Nines
Seat 5: rao999 (big blind) folded before Flop
Seat 6: BoyLoc0 folded before Flop (didn't bet)



PokerStars Hand #254525225159:  Hold'em No Limit ($0.50/$1.00 USD) - 2025/01/24 4:13:49 WET [2025/01/23 23:13:49 ET]
Table 'Kartvelia IV' 6-max Seat #4 is the button
Seat 1: Melenya ($116.28 in chips) 
Seat 2: Drummino1993 ($48.39 in chips) 
Seat 3: trillnaz ($65.42 in chips) 
Seat 4: 7bekon7 ($115.76 in chips) 
Seat 5: rao999 ($178.55 in chips) 
Seat 6: BoyLoc0 ($104.38 in chips) 
rao999: posts small blind $0.50
BoyLoc0: posts big blind $1
*** HOLE CARDS ***
Melenya: folds 
Drummino1993: folds 
trillnaz: calls $1
7bekon7: raises $4 to $5
rao999: folds 
BoyLoc0: folds 
trillnaz: calls $4
*** FLOP *** [3d Ac As]
trillnaz: checks 
7bekon7: bets $2.73
trillnaz: raises $3.73 to $6.46
Drummino1993 is disconnected 
7bekon7: folds 
Uncalled bet ($3.73) returned to trillnaz
trillnaz collected $16.11 from pot
trillnaz: doesn't show hand 
*** SUMMARY ***
Total pot $16.96 | Rake $0.85 
Board [3d Ac As]
Seat 1: Melenya folded before Flop (didn't bet)
Seat 2: Drummino1993 folded before Flop (didn't bet)
Seat 3: trillnaz collected ($16.11)
Seat 4: 7bekon7 (button) folded on the Flop
Seat 5: rao999 (small blind) folded before Flop
Seat 6: BoyLoc0 (big blind) folded before Flop



PokerStars Hand #254525232877:  Hold'em No Limit ($0.50/$1.00 USD) - 2025/01/24 4:15:00 WET [2025/01/23 23:15:00 ET]
Table 'Kartvelia IV' 6-max Seat #5 is the button
Seat 1: Melenya ($116.28 in chips) 
Seat 2: Drummino1993 ($48.39 in chips) 
Seat 3: trillnaz ($73.80 in chips) 
Seat 4: 7bekon7 ($108.03 in chips) 
Seat 5: rao999 ($178.05 in chips) 
Seat 6: BoyLoc0 ($103.38 in chips) 
BoyLoc0: posts small blind $0.50
Melenya: posts big blind $1
*** HOLE CARDS ***
Drummino1993 is connected 
Drummino1993: folds 
trillnaz has timed out
trillnaz: folds 
7bekon7: raises $1.25 to $2.25
rao999: folds 
BoyLoc0: folds 
Melenya: raises $10.75 to $13
7bekon7: folds 
Uncalled bet ($10.75) returned to Melenya
Melenya collected $5 from pot
Melenya: doesn't show hand 
*** SUMMARY ***
Total pot $5 | Rake $0 
Seat 1: Melenya (big blind) collected ($5)
Seat 2: Drummino1993 folded before Flop (didn't bet)
Seat 3: trillnaz folded before Flop (didn't bet)
Seat 4: 7bekon7 folded before Flop
Seat 5: rao999 (button) folded before Flop (didn't bet)
Seat 6: BoyLoc0 (small blind) folded before Flop



PokerStars Hand #254525236591:  Hold'em No Limit ($0.50/$1.00 USD) - 2025/01/24 4:15:36 WET [2025/01/23 23:15:36 ET]
Table 'Kartvelia IV' 6-max Seat #6 is the button
Seat 1: Melenya ($119.03 in chips) 
Seat 2: Drummino1993 ($48.39 in chips) 
Seat 3: trillnaz ($73.80 in chips) 
Seat 4: 7bekon7 ($105.78 in chips) 
Seat 5: rao999 ($178.05 in chips) 
Seat 6: BoyLoc0 ($102.88 in chips) 
Melenya: posts small blind $0.50
Drummino1993: posts big blind $1
*** HOLE CARDS ***
trillnaz: calls $1
7bekon7: folds 
rao999: folds 
BoyLoc0: folds 
Melenya: raises $3 to $4
Drummino1993: calls $3
trillnaz: calls $3
*** FLOP *** [4c 9h Ad]
Melenya: checks 
Drummino1993: checks 
trillnaz: checks 
*** TURN *** [4c 9h Ad] [Jc]
Melenya: bets $7.64
Drummino1993: folds 
trillnaz: folds 
Uncalled bet ($7.64) returned to Melenya
Melenya collected $11.40 from pot
Melenya: doesn't show hand 
*** SUMMARY ***
Total pot $12 | Rake $0.60 
Board [4c 9h Ad Jc]
Seat 1: Melenya (small blind) collected ($11.40)
Seat 2: Drummino1993 (big blind) folded on the Turn
Seat 3: trillnaz folded on the Turn
Seat 4: 7bekon7 folded before Flop (didn't bet)
Seat 5: rao999 folded before Flop (didn't bet)
Seat 6: BoyLoc0 (button) folded before Flop (didn't bet)



PokerStars Hand #254525245725:  Hold'em No Limit ($0.50/$1.00 USD) - 2025/01/24 4:17:02 WET [2025/01/23 23:17:02 ET]
Table 'Kartvelia IV' 6-max Seat #1 is the button
Seat 1: Melenya ($126.43 in chips) 
Seat 2: Drummino1993 ($44.39 in chips) 
Seat 3: trillnaz ($69.80 in chips) 
Seat 4: 7bekon7 ($105.78 in chips) 
Seat 5: rao999 ($178.05 in chips) 
Seat 6: BoyLoc0 ($102.88 in chips) 
Drummino1993: posts small blind $0.50
trillnaz: posts big blind $1
*** HOLE CARDS ***
7bekon7: folds 
rao999: raises $1.50 to $2.50
BoyLoc0: folds 
Melenya: folds 
Drummino1993: calls $2
trillnaz: calls $1.50
*** FLOP *** [3c 3s 4d]
Drummino1993: checks 
trillnaz: checks 
rao999: checks 
*** TURN *** [3c 3s 4d] [3h]
Drummino1993: checks 
trillnaz has timed out
trillnaz: checks 
rao999: checks 
*** RIVER *** [3c 3s 4d 3h] [Qh]
Drummino1993: checks 
trillnaz: checks 
rao999: bets $3
Drummino1993: folds 
trillnaz: folds 
Uncalled bet ($3) returned to rao999
rao999 collected $7.12 from pot
rao999: doesn't show hand 
*** SUMMARY ***
Total pot $7.50 | Rake $0.38 
Board [3c 3s 4d 3h Qh]
Seat 1: Melenya (button) folded before Flop (didn't bet)
Seat 2: Drummino1993 (small blind) folded on the River
Seat 3: trillnaz (big blind) folded on the River
Seat 4: 7bekon7 folded before Flop (didn't bet)
Seat 5: rao999 collected ($7.12)
Seat 6: BoyLoc0 folded before Flop (didn't bet)



PokerStars Hand #254525254744:  Hold'em No Limit ($0.50/$1.00 USD) - 2025/01/24 4:18:27 WET [2025/01/23 23:18:27 ET]
Table 'Kartvelia IV' 6-max Seat #2 is the button
Seat 1: Melenya ($126.43 in chips) 
Seat 2: Drummino1993 ($41.89 in chips) 
Seat 3: trillnaz ($67.30 in chips) 
Seat 4: 7bekon7 ($105.78 in chips) 
Seat 5: rao999 ($182.67 in chips) 
Seat 6: BoyLoc0 ($102.88 in chips) 
trillnaz: posts small blind $0.50
7bekon7: posts big blind $1
*** HOLE CARDS ***
rao999: folds 
BoyLoc0: folds 
Melenya: raises $1.30 to $2.30
Drummino1993: calls $2.30
trillnaz: calls $1.80
7bekon7: folds 
*** FLOP *** [Tc Kc 3d]
trillnaz: checks 
Melenya: checks 
Drummino1993: checks 
*** TURN *** [Tc Kc 3d] [8s]
trillnaz: bets $3
Melenya: folds 
Drummino1993: folds 
Uncalled bet ($3) returned to trillnaz
trillnaz collected $7.50 from pot
trillnaz: doesn't show hand 
*** SUMMARY ***
Total pot $7.90 | Rake $0.40 
Board [Tc Kc 3d 8s]
Seat 1: Melenya folded on the Turn
Seat 2: Drummino1993 (button) folded on the Turn
Seat 3: trillnaz (small blind) collected ($7.50)
Seat 4: 7bekon7 (big blind) folded before Flop
Seat 5: rao999 folded before Flop (didn't bet)
Seat 6: BoyLoc0 folded before Flop (didn't bet)



PokerStars Hand #254525260431:  Hold'em No Limit ($0.50/$1.00 USD) - 2025/01/24 4:19:20 WET [2025/01/23 23:19:20 ET]
Table 'Kartvelia IV' 6-max Seat #3 is the button
Seat 1: Melenya ($124.13 in chips) 
Seat 2: Drummino1993 ($39.59 in chips) 
Seat 3: trillnaz ($72.50 in chips) 
Seat 4: 7bekon7 ($104.78 in chips) 
Seat 5: rao999 ($182.67 in chips) 
Seat 6: BoyLoc0 ($102.88 in chips) 
7bekon7: posts small blind $0.50
rao999: posts big blind $1
*** HOLE CARDS ***
BoyLoc0: folds 
Melenya: folds 
Drummino1993: calls $1
trillnaz: calls $1
7bekon7: folds 
rao999: checks 
*** FLOP *** [7d 9d 7h]
rao999: checks 
Drummino1993: checks 
trillnaz: checks 
*** TURN *** [7d 9d 7h] [6s]
rao999: checks 
Drummino1993: checks 
trillnaz: checks 
*** RIVER *** [7d 9d 7h 6s] [Qs]
rao999: bets $2.19
Drummino1993: raises $3.85 to $6.04
trillnaz has timed out
trillnaz: folds 
rao999: folds 
Uncalled bet ($3.85) returned to Drummino1993
Drummino1993 collected $7.49 from pot
*** SUMMARY ***
Total pot $7.88 | Rake $0.39 
Board [7d 9d 7h 6s Qs]
Seat 1: Melenya folded before Flop (didn't bet)
Seat 2: Drummino1993 collected ($7.49)
Seat 3: trillnaz (button) folded on the River
Seat 4: 7bekon7 (small blind) folded before Flop
Seat 5: rao999 (big blind) folded on the River
Seat 6: BoyLoc0 folded before Flop (didn't bet)



PokerStars Hand #254525271934:  Hold'em No Limit ($0.50/$1.00 USD) - 2025/01/24 4:21:08 WET [2025/01/23 23:21:08 ET]
Table 'Kartvelia IV' 6-max Seat #4 is the button
Seat 1: Melenya ($124.13 in chips) 
Seat 2: Drummino1993 ($43.89 in chips) 
Seat 3: trillnaz ($71.50 in chips) 
Seat 4: 7bekon7 ($104.28 in chips) 
Seat 5: rao999 ($179.48 in chips) 
Seat 6: BoyLoc0 ($102.88 in chips) 
rao999: posts small blind $0.50
BoyLoc0: posts big blind $1
*** HOLE CARDS ***
Melenya: folds 
Drummino1993: folds 
trillnaz has timed out
trillnaz: folds 
7bekon7: raises $1.25 to $2.25
rao999: folds 
BoyLoc0: folds 
Uncalled bet ($1.25) returned to 7bekon7
7bekon7 collected $2.50 from pot
7bekon7: doesn't show hand 
*** SUMMARY ***
Total pot $2.50 | Rake $0 
Seat 1: Melenya folded before Flop (didn't bet)
Seat 2: Drummino1993 folded before Flop (didn't bet)
Seat 3: trillnaz folded before Flop (didn't bet)
Seat 4: 7bekon7 (button) collected ($2.50)
Seat 5: rao999 (small blind) folded before Flop
Seat 6: BoyLoc0 (big blind) folded before Flop



PokerStars Hand #254525274961:  Hold'em No Limit ($0.50/$1.00 USD) - 2025/01/24 4:21:37 WET [2025/01/23 23:21:37 ET]
Table 'Kartvelia IV' 6-max Seat #5 is the button
Seat 1: Melenya ($124.13 in chips) 
Seat 2: Drummino1993 ($43.89 in chips) 
Seat 3: trillnaz ($71.50 in chips) 
Seat 4: 7bekon7 ($105.78 in chips) 
Seat 5: rao999 ($178.98 in chips) 
Seat 6: BoyLoc0 ($101.88 in chips) 
BoyLoc0: posts small blind $0.50
Melenya: posts big blind $1
*** HOLE CARDS ***
Drummino1993: calls $1
trillnaz: folds 
7bekon7: raises $3 to $4
rao999: folds 
BoyLoc0: folds 
Melenya: folds 
Drummino1993: calls $3
*** FLOP *** [2d 7d 4d]
Drummino1993: checks 
7bekon7: checks 
*** TURN *** [2d 7d 4d] [Js]
Drummino1993: checks 
7bekon7: checks 
*** RIVER *** [2d 7d 4d Js] [Kd]
Drummino1993: checks 
7bekon7: checks 
*** SHOW DOWN ***
Drummino1993: shows [8h Qh] (high card King)
7bekon7: shows [Ah 9h] (high card Ace)
7bekon7 collected $9.02 from pot
*** SUMMARY ***
Total pot $9.50 | Rake $0.48 
Board [2d 7d 4d Js Kd]
Seat 1: Melenya (big blind) folded before Flop
Seat 2: Drummino1993 showed [8h Qh] and lost with high card King
Seat 3: trillnaz folded before Flop (didn't bet)
Seat 4: 7bekon7 showed [Ah 9h] and won ($9.02) with high card Ace
Seat 5: rao999 (button) folded before Flop (didn't bet)
Seat 6: BoyLoc0 (small blind) folded before Flop



PokerStars Hand #254525283928:  Hold'em No Limit ($0.50/$1.00 USD) - 2025/01/24 4:23:01 WET [2025/01/23 23:23:01 ET]
Table 'Kartvelia IV' 6-max Seat #6 is the button
Seat 1: Melenya ($123.13 in chips) 
Seat 2: Drummino1993 ($39.89 in chips) 
Seat 3: trillnaz ($71.50 in chips) 
Seat 4: 7bekon7 ($110.80 in chips) 
Seat 5: rao999 ($178.98 in chips) 
Seat 6: BoyLoc0 ($101.38 in chips) 
Melenya: posts small blind $0.50
Drummino1993: posts big blind $1
*** HOLE CARDS ***
trillnaz: folds 
7bekon7: folds 
rao999: folds 
BoyLoc0: folds 
Melenya: raises $2 to $3
Drummino1993: calls $2
*** FLOP *** [8c Kd 6c]
Melenya: checks 
Drummino1993: checks 
*** TURN *** [8c Kd 6c] [9h]
Melenya: checks 
Drummino1993: checks 
*** RIVER *** [8c Kd 6c 9h] [Ts]
Melenya: checks 
Drummino1993: bets $5.70
Melenya: folds 
Uncalled bet ($5.70) returned to Drummino1993
Drummino1993 collected $5.70 from pot
*** SUMMARY ***
Total pot $6 | Rake $0.30 
Board [8c Kd 6c 9h Ts]
Seat 1: Melenya (small blind) folded on the River
Seat 2: Drummino1993 (big blind) collected ($5.70)
Seat 3: trillnaz folded before Flop (didn't bet)
Seat 4: 7bekon7 folded before Flop (didn't bet)
Seat 5: rao999 folded before Flop (didn't bet)
Seat 6: BoyLoc0 (button) folded before Flop (didn't bet)



PokerStars Hand #254525292442:  Hold'em No Limit ($0.50/$1.00 USD) - 2025/01/24 4:24:20 WET [2025/01/23 23:24:20 ET]
Table 'Kartvelia IV' 6-max Seat #1 is the button
Seat 1: Melenya ($120.13 in chips) 
Seat 2: Drummino1993 ($42.59 in chips) 
Seat 3: trillnaz ($71.50 in chips) 
Seat 4: 7bekon7 ($110.80 in chips) 
Seat 5: rao999 ($178.98 in chips) 
Seat 6: BoyLoc0 ($101.38 in chips) 
Drummino1993: posts small blind $0.50
trillnaz: posts big blind $1
*** HOLE CARDS ***
7bekon7: folds 
rao999: folds 
BoyLoc0: folds 
Melenya: folds 
Drummino1993: calls $0.50
trillnaz: checks 
*** FLOP *** [Th 7c 4d]
Drummino1993: checks 
trillnaz: checks 
*** TURN *** [Th 7c 4d] [3d]
Drummino1993: checks 
trillnaz: checks 
*** RIVER *** [Th 7c 4d 3d] [Qs]
Drummino1993: checks 
trillnaz: checks 
*** SHOW DOWN ***
Drummino1993: shows [5c 8s] (high card Queen)
trillnaz: shows [3h 6d] (a pair of Threes)
trillnaz collected $1.90 from pot
*** SUMMARY ***
Total pot $2 | Rake $0.10 
Board [Th 7c 4d 3d Qs]
Seat 1: Melenya (button) folded before Flop (didn't bet)
Seat 2: Drummino1993 (small blind) showed [5c 8s] and lost with high card Queen
Seat 3: trillnaz (big blind) showed [3h 6d] and won ($1.90) with a pair of Threes
Seat 4: 7bekon7 folded before Flop (didn't bet)
Seat 5: rao999 folded before Flop (didn't bet)
Seat 6: BoyLoc0 folded before Flop (didn't bet)



PokerStars Hand #254525298567:  Hold'em No Limit ($0.50/$1.00 USD) - 2025/01/24 4:25:16 WET [2025/01/23 23:25:16 ET]
Table 'Kartvelia IV' 6-max Seat #2 is the button
Seat 1: Melenya ($120.13 in chips) 
Seat 2: Drummino1993 ($41.59 in chips) 
Seat 3: trillnaz ($72.40 in chips) 
Seat 4: 7bekon7 ($110.80 in chips) 
Seat 5: rao999 ($178.98 in chips) 
Seat 6: BoyLoc0 ($101.38 in chips) 
trillnaz: posts small blind $0.50
7bekon7: posts big blind $1
*** HOLE CARDS ***
rao999: folds 
BoyLoc0: folds 
Melenya: folds 
rao999 leaves the table
Drummino1993: calls $1
trillnaz has timed out
trillnaz: folds 
7bekon7: checks 
*** FLOP *** [3d 8h 7s]
7bekon7: checks 
Drummino1993: checks 
*** TURN *** [3d 8h 7s] [Ts]
7bekon7: checks 
Drummino1993: bets $1.19
Aleqseuka joins the table at seat #5 
7bekon7: calls $1.19
*** RIVER *** [3d 8h 7s Ts] [9h]
7bekon7: bets $3.48
Drummino1993: calls $3.48
*** SHOW DOWN ***
7bekon7: shows [Jd 6h] (a straight, Seven to Jack)
Drummino1993: mucks hand 
7bekon7 collected $11.25 from pot
*** SUMMARY ***
Total pot $11.84 | Rake $0.59 
Board [3d 8h 7s Ts 9h]
Seat 1: Melenya folded before Flop (didn't bet)
Seat 2: Drummino1993 (button) mucked
Seat 3: trillnaz (small blind) folded before Flop
Seat 4: 7bekon7 (big blind) showed [Jd 6h] and won ($11.25) with a straight, Seven to Jack
Seat 5: rao999 folded before Flop (didn't bet)
Seat 6: BoyLoc0 folded before Flop (didn't bet)



PokerStars Hand #254525307436:  Hold'em No Limit ($0.50/$1.00 USD) - 2025/01/24 4:26:40 WET [2025/01/23 23:26:40 ET]
Table 'Kartvelia IV' 6-max Seat #3 is the button
Seat 1: Melenya ($120.13 in chips) 
Seat 2: Drummino1993 ($35.92 in chips) 
Seat 3: trillnaz ($71.90 in chips) 
Seat 4: 7bekon7 ($116.38 in chips) 
Seat 5: Aleqseuka ($118.76 in chips) 
Seat 6: BoyLoc0 ($101.38 in chips) 
7bekon7: posts small blind $0.50
Aleqseuka: posts big blind $1
*** HOLE CARDS ***
BoyLoc0: folds 
Melenya: folds 
Drummino1993: folds 
trillnaz: raises $3 to $4
7bekon7: folds 
Aleqseuka: calls $3
*** FLOP *** [6s 5s Tc]
Aleqseuka: checks 
trillnaz: bets $4.04
Aleqseuka: calls $4.04
*** TURN *** [6s 5s Tc] [2c]
Aleqseuka: checks 
trillnaz: bets $8.88
Aleqseuka: folds 
Uncalled bet ($8.88) returned to trillnaz
trillnaz collected $15.75 from pot
trillnaz: doesn't show hand 
*** SUMMARY ***
Total pot $16.58 | Rake $0.83 
Board [6s 5s Tc 2c]
Seat 1: Melenya folded before Flop (didn't bet)
Seat 2: Drummino1993 folded before Flop (didn't bet)
Seat 3: trillnaz (button) collected ($15.75)
Seat 4: 7bekon7 (small blind) folded before Flop
Seat 5: Aleqseuka (big blind) folded on the Turn
Seat 6: BoyLoc0 folded before Flop (didn't bet)



PokerStars Hand #254525315085:  Hold'em No Limit ($0.50/$1.00 USD) - 2025/01/24 4:27:53 WET [2025/01/23 23:27:53 ET]
Table 'Kartvelia IV' 6-max Seat #4 is the button
Seat 1: Melenya ($120.13 in chips) 
Seat 2: Drummino1993 ($35.92 in chips) 
Seat 3: trillnaz ($79.61 in chips) 
Seat 4: 7bekon7 ($115.88 in chips) 
Seat 5: Aleqseuka ($110.72 in chips) 
Seat 6: BoyLoc0 ($101.38 in chips) 
Aleqseuka: posts small blind $0.50
BoyLoc0: posts big blind $1
*** HOLE CARDS ***
Melenya: folds 
Drummino1993: calls $1
trillnaz: folds 
7bekon7: folds 
Aleqseuka: folds 
BoyLoc0: checks 
*** FLOP *** [8d 4s 9h]
BoyLoc0: checks 
Drummino1993: bets $1.19
BoyLoc0: folds 
Uncalled bet ($1.19) returned to Drummino1993
Drummino1993 collected $2.38 from pot
*** SUMMARY ***
Total pot $2.50 | Rake $0.12 
Board [8d 4s 9h]
Seat 1: Melenya folded before Flop (didn't bet)
Seat 2: Drummino1993 collected ($2.38)
Seat 3: trillnaz folded before Flop (didn't bet)
Seat 4: 7bekon7 (button) folded before Flop (didn't bet)
Seat 5: Aleqseuka (small blind) folded before Flop
Seat 6: BoyLoc0 (big blind) folded on the Flop



PokerStars Hand #254525319665:  Hold'em No Limit ($0.50/$1.00 USD) - 2025/01/24 4:28:37 WET [2025/01/23 23:28:37 ET]
Table 'Kartvelia IV' 6-max Seat #5 is the button
Seat 1: Melenya ($120.13 in chips) is sitting out
Seat 2: Drummino1993 ($37.30 in chips) 
Seat 3: trillnaz ($79.61 in chips) 
Seat 4: 7bekon7 ($115.88 in chips) 
Seat 5: Aleqseuka ($110.22 in chips) 
Seat 6: BoyLoc0 ($100.38 in chips) 
BoyLoc0: posts small blind $0.50
Melenya: is sitting out 
Drummino1993: posts big blind $1
*** HOLE CARDS ***
trillnaz has timed out
trillnaz: folds 
7bekon7: folds 
Aleqseuka: raises $1.50 to $2.50
BoyLoc0: folds 
Drummino1993: calls $1.50
*** FLOP *** [8d Ac 7c]
Drummino1993: checks 
Aleqseuka: checks 
*** TURN *** [8d Ac 7c] [Td]
Drummino1993: checks 
Aleqseuka: bets $3.45
Drummino1993: calls $3.45
*** RIVER *** [8d Ac 7c Td] [3h]
Drummino1993: checks 
Aleqseuka: bets $7.77
Drummino1993: folds 
Uncalled bet ($7.77) returned to Aleqseuka
Aleqseuka collected $11.78 from pot
Aleqseuka: doesn't show hand 
*** SUMMARY ***
Total pot $12.40 | Rake $0.62 
Board [8d Ac 7c Td 3h]
Seat 1: Melenya
Seat 2: Drummino1993 (big blind) folded on the River
Seat 3: trillnaz folded before Flop (didn't bet)
Seat 4: 7bekon7 folded before Flop (didn't bet)
Seat 5: Aleqseuka (button) collected ($11.78)
Seat 6: BoyLoc0 (small blind) folded before Flop



PokerStars Hand #254525326016:  Hold'em No Limit ($0.50/$1.00 USD) - 2025/01/24 4:29:38 WET [2025/01/23 23:29:38 ET]
Table 'Kartvelia IV' 6-max Seat #6 is the button
Seat 1: Melenya ($120.13 in chips) is sitting out
Seat 2: Drummino1993 ($31.35 in chips) 
Seat 3: trillnaz ($79.61 in chips) 
Seat 4: 7bekon7 ($115.88 in chips) 
Seat 5: Aleqseuka ($116.05 in chips) 
Seat 6: BoyLoc0 ($100 in chips) 
Drummino1993: posts small blind $0.50
trillnaz: posts big blind $1
*** HOLE CARDS ***
7bekon7: folds 
Aleqseuka: raises $1.50 to $2.50
BoyLoc0: folds 
Drummino1993: folds 
trillnaz: calls $1.50
*** FLOP *** [8c Qd Ac]
trillnaz: checks 
Aleqseuka: checks 
*** TURN *** [8c Qd Ac] [Jh]
trillnaz: bets $3
Aleqseuka: folds 
Uncalled bet ($3) returned to trillnaz
trillnaz collected $5.22 from pot
trillnaz: doesn't show hand 
*** SUMMARY ***
Total pot $5.50 | Rake $0.28 
Board [8c Qd Ac Jh]
Seat 1: Melenya
Seat 2: Drummino1993 (small blind) folded before Flop
Seat 3: trillnaz (big blind) collected ($5.22)
Seat 4: 7bekon7 folded before Flop (didn't bet)
Seat 5: Aleqseuka folded on the Turn
Seat 6: BoyLoc0 (button) folded before Flop (didn't bet)



PokerStars Hand #254525331610:  Hold'em No Limit ($0.50/$1.00 USD) - 2025/01/24 4:30:31 WET [2025/01/23 23:30:31 ET]
Table 'Kartvelia IV' 6-max Seat #2 is the button
Seat 1: Melenya ($120.13 in chips) is sitting out
Seat 2: Drummino1993 ($30.85 in chips) 
Seat 3: trillnaz ($82.33 in chips) 
Seat 4: 7bekon7 ($115.88 in chips) 
Seat 5: Aleqseuka ($113.55 in chips) 
Seat 6: BoyLoc0 ($100 in chips) 
trillnaz: posts small blind $0.50
7bekon7: posts big blind $1
*** HOLE CARDS ***
Aleqseuka: folds 
BoyLoc0: folds 
Drummino1993: calls $1
trillnaz: folds 
7bekon7: checks 
*** FLOP *** [Ks Kc 4h]
7bekon7: checks 
Drummino1993: checks 
*** TURN *** [Ks Kc 4h] [3c]
7bekon7: checks 
Drummino1993: checks 
*** RIVER *** [Ks Kc 4h 3c] [7c]
7bekon7: bets $1.19
Drummino1993: folds 
Uncalled bet ($1.19) returned to 7bekon7
7bekon7 collected $2.38 from pot
7bekon7: doesn't show hand 
*** SUMMARY ***
Total pot $2.50 | Rake $0.12 
Board [Ks Kc 4h 3c 7c]
Seat 1: Melenya
Seat 2: Drummino1993 (button) folded on the River
Seat 3: trillnaz (small blind) folded before Flop
Seat 4: 7bekon7 (big blind) collected ($2.38)
Seat 5: Aleqseuka folded before Flop (didn't bet)
Seat 6: BoyLoc0 folded before Flop (didn't bet)



PokerStars Hand #254525338104:  Hold'em No Limit ($0.50/$1.00 USD) - 2025/01/24 4:31:33 WET [2025/01/23 23:31:33 ET]
Table 'Kartvelia IV' 6-max Seat #3 is the button
Seat 1: Melenya ($120.13 in chips) is sitting out
Seat 5: Aleqseuka ($113.55 in chips) is sitting out
Seat 2: Drummino1993 ($29.85 in chips) 
Seat 3: trillnaz ($81.83 in chips) 
Seat 4: 7bekon7 ($117.26 in chips) 
Seat 6: BoyLoc0 ($100 in chips) 
7bekon7: posts small blind $0.50
Aleqseuka: is sitting out 
BoyLoc0: posts big blind $1
*** HOLE CARDS ***
Drummino1993: calls $1
trillnaz: folds 
7bekon7: raises $3 to $4
BoyLoc0: raises $8 to $12
Drummino1993: folds 
7bekon7: calls $8
*** FLOP *** [6d Jh 7d]
7bekon7: checks 
BoyLoc0: bets $12
7bekon7: calls $12
*** TURN *** [6d Jh 7d] [3c]
7bekon7: checks 
BoyLoc0: checks 
*** RIVER *** [6d Jh 7d 3c] [5h]
7bekon7: checks 
BoyLoc0: checks 
*** SHOW DOWN ***
7bekon7: shows [8s 8d] (a pair of Eights)
BoyLoc0: mucks hand 
7bekon7 collected $48 from pot
*** SUMMARY ***
Total pot $49 | Rake $1 
Board [6d Jh 7d 3c 5h]
Seat 1: Melenya
Seat 5: Aleqseuka
Seat 2: Drummino1993 folded before Flop
Seat 3: trillnaz (button) folded before Flop (didn't bet)
Seat 4: 7bekon7 (small blind) showed [8s 8d] and won ($48) with a pair of Eights
Seat 6: BoyLoc0 (big blind) mucked



PokerStars Hand #254525348183:  Hold'em No Limit ($0.50/$1.00 USD) - 2025/01/24 4:33:09 WET [2025/01/23 23:33:09 ET]
Table 'Kartvelia IV' 6-max Seat #4 is the button
Seat 5: Aleqseuka ($113.55 in chips) is sitting out
Seat 1: Melenya ($120.13 in chips) 
Seat 2: Drummino1993 ($28.85 in chips) 
Seat 3: trillnaz ($81.83 in chips) 
Seat 4: 7bekon7 ($141.26 in chips) 
Seat 6: BoyLoc0 ($100 in chips) 
BoyLoc0: posts small blind $0.50
Melenya: posts big blind $1
*** HOLE CARDS ***
Drummino1993: calls $1
trillnaz: calls $1
7bekon7: folds 
BoyLoc0: calls $0.50
Melenya: checks 
*** FLOP *** [8s Kc Td]
BoyLoc0: checks 
Melenya: checks 
Drummino1993: bets $2
trillnaz: calls $2
BoyLoc0: raises $7.35 to $9.35
Melenya: folds 
Drummino1993: calls $7.35
trillnaz: folds 
*** TURN *** [8s Kc Td] [9h]
BoyLoc0: bets $18.60
Drummino1993: calls $18.50 and is all-in
Uncalled bet ($0.10) returned to BoyLoc0
*** RIVER *** [8s Kc Td 9h] [Qs]
*** SHOW DOWN ***
BoyLoc0: shows [Jh Qc] (a straight, Nine to King)
Drummino1993: shows [Ks 5h] (a pair of Kings)
BoyLoc0 collected $59.20 from pot
*** SUMMARY ***
Total pot $61.70 | Rake $2.50 
Board [8s Kc Td 9h Qs]
Seat 5: Aleqseuka
Seat 1: Melenya (big blind) folded on the Flop
Seat 2: Drummino1993 showed [Ks 5h] and lost with a pair of Kings
Seat 3: trillnaz folded on the Flop
Seat 4: 7bekon7 (button) folded before Flop (didn't bet)
Seat 6: BoyLoc0 (small blind) showed [Jh Qc] and won ($59.20) with a straight, Nine to King



PokerStars Hand #254525355803:  Hold'em No Limit ($0.50/$1.00 USD) - 2025/01/24 4:34:21 WET [2025/01/23 23:34:21 ET]
Table 'Kartvelia IV' 6-max Seat #6 is the button
Seat 2: Drummino1993 ($0 in chips) is sitting out
Seat 5: Aleqseuka ($113.55 in chips) is sitting out
Seat 1: Melenya ($119.13 in chips) 
Seat 3: trillnaz ($78.83 in chips) 
Seat 4: 7bekon7 ($141.26 in chips) 
Seat 6: BoyLoc0 ($130.35 in chips) 
Melenya: posts small blind $0.50
trillnaz: posts big blind $1
*** HOLE CARDS ***
7bekon7: folds 
BoyLoc0: raises $1.50 to $2.50
Melenya: folds 
trillnaz: calls $1.50
*** FLOP *** [9d 4s Qc]
trillnaz: checks 
BoyLoc0: bets $1.72
trillnaz: calls $1.72
*** TURN *** [9d 4s Qc] [9s]
trillnaz: checks 
BoyLoc0: checks 
*** RIVER *** [9d 4s Qc 9s] [4d]
trillnaz: checks 
BoyLoc0: bets $6.37
trillnaz: folds 
Uncalled bet ($6.37) returned to BoyLoc0
BoyLoc0 collected $8.49 from pot
BoyLoc0: doesn't show hand 
*** SUMMARY ***
Total pot $8.94 | Rake $0.45 
Board [9d 4s Qc 9s 4d]
Seat 2: Drummino1993
Seat 5: Aleqseuka
Seat 1: Melenya (small blind) folded before Flop
Seat 3: trillnaz (big blind) folded on the River
Seat 4: 7bekon7 folded before Flop (didn't bet)
Seat 6: BoyLoc0 (button) collected ($8.49)



PokerStars Hand #254525361581:  Hold'em No Limit ($0.50/$1.00 USD) - 2025/01/24 4:35:17 WET [2025/01/23 23:35:17 ET]
Table 'Kartvelia IV' 6-max Seat #1 is the button
Seat 2: Drummino1993 ($24.79 in chips) is sitting out
Seat 5: Aleqseuka ($113.55 in chips) is sitting out
Seat 1: Melenya ($118.63 in chips) 
Seat 3: trillnaz ($74.61 in chips) 
Seat 4: 7bekon7 ($141.26 in chips) 
Seat 6: BoyLoc0 ($134.62 in chips) 
trillnaz: posts small blind $0.50
7bekon7: posts big blind $1
*** HOLE CARDS ***
BoyLoc0: folds 
Melenya: raises $1.50 to $2.50
trillnaz has timed out
trillnaz: folds 
7bekon7: calls $1.50
*** FLOP *** [Kh 6h Qc]
7bekon7: checks 
Melenya: bets $6.52
7bekon7: folds 
Uncalled bet ($6.52) returned to Melenya
Melenya collected $5.22 from pot
Melenya: doesn't show hand 
*** SUMMARY ***
Total pot $5.50 | Rake $0.28 
Board [Kh 6h Qc]
Seat 2: Drummino1993
Seat 5: Aleqseuka
Seat 1: Melenya (button) collected ($5.22)
Seat 3: trillnaz (small blind) folded before Flop
Seat 4: 7bekon7 (big blind) folded on the Flop
Seat 6: BoyLoc0 folded before Flop (didn't bet)



PokerStars Hand #254525370802:  Hold'em No Limit ($0.50/$1.00 USD) - 2025/01/24 4:36:46 WET [2025/01/23 23:36:46 ET]
Table 'Kartvelia IV' 6-max Seat #3 is the button
Seat 5: Aleqseuka ($113.55 in chips) is sitting out
Seat 1: Melenya ($121.35 in chips) 
Seat 2: Drummino1993 ($24.79 in chips) 
Seat 3: trillnaz ($74.11 in chips) 
Seat 4: 7bekon7 ($138.76 in chips) 
Seat 6: BoyLoc0 ($134.62 in chips) 
7bekon7: posts small blind $0.50
BoyLoc0: posts big blind $1
Drummino1993: posts small & big blinds $1.50
*** HOLE CARDS ***
Melenya: folds 
Drummino1993: checks 
trillnaz has timed out
trillnaz: folds 
7bekon7: calls $0.50
BoyLoc0: checks 
*** FLOP *** [Js 5c Ad]
7bekon7: bets $1
BoyLoc0: folds 
Drummino1993: calls $1
*** TURN *** [Js 5c Ad] [3d]
7bekon7: bets $2.61
Drummino1993: calls $2.61
*** RIVER *** [Js 5c Ad 3d] [Kc]
7bekon7: bets $2.55
Drummino1993: calls $2.55
*** SHOW DOWN ***
7bekon7: shows [Ah 8c] (a pair of Aces)
Drummino1993: shows [3h 5d] (two pair, Fives and Threes)
Drummino1993 collected $15.03 from pot
*** SUMMARY ***
Total pot $15.82 | Rake $0.79 
Board [Js 5c Ad 3d Kc]
Seat 5: Aleqseuka
Seat 1: Melenya folded before Flop (didn't bet)
Seat 2: Drummino1993 showed [3h 5d] and won ($15.03) with two pair, Fives and Threes
Seat 3: trillnaz (button) folded before Flop (didn't bet)
Seat 4: 7bekon7 (small blind) showed [Ah 8c] and lost with a pair of Aces
Seat 6: BoyLoc0 (big blind) folded on the Flop



PokerStars Hand #254525377247:  Hold'em No Limit ($0.50/$1.00 USD) - 2025/01/24 4:37:48 WET [2025/01/23 23:37:48 ET]
Table 'Kartvelia IV' 6-max Seat #4 is the button
Seat 5: Aleqseuka ($113.55 in chips) is sitting out
Seat 1: Melenya ($121.35 in chips) 
Seat 2: Drummino1993 ($32.16 in chips) 
Seat 3: trillnaz ($74.11 in chips) 
Seat 4: 7bekon7 ($131.60 in chips) 
Seat 6: BoyLoc0 ($133.62 in chips) 
BoyLoc0: posts small blind $0.50
Melenya: posts big blind $1
*** HOLE CARDS ***
Drummino1993: folds 
trillnaz: folds 
7bekon7: raises $1.25 to $2.25
BoyLoc0: folds 
Melenya: folds 
Uncalled bet ($1.25) returned to 7bekon7
7bekon7 collected $2.50 from pot
7bekon7: doesn't show hand 
*** SUMMARY ***
Total pot $2.50 | Rake $0 
Seat 5: Aleqseuka
Seat 1: Melenya (big blind) folded before Flop
Seat 2: Drummino1993 folded before Flop (didn't bet)
Seat 3: trillnaz folded before Flop (didn't bet)
Seat 4: 7bekon7 (button) collected ($2.50)
Seat 6: BoyLoc0 (small blind) folded before Flop



PokerStars Hand #254525379564:  Hold'em No Limit ($0.50/$1.00 USD) - 2025/01/24 4:38:10 WET [2025/01/23 23:38:10 ET]
Table 'Kartvelia IV' 6-max Seat #6 is the button
Seat 5: Aleqseuka ($113.55 in chips) is sitting out
Seat 1: Melenya ($120.35 in chips) 
Seat 2: Drummino1993 ($32.16 in chips) 
Seat 3: trillnaz ($74.11 in chips) 
Seat 4: 7bekon7 ($133.10 in chips) 
Seat 6: BoyLoc0 ($133.12 in chips) 
Melenya: posts small blind $0.50
Drummino1993: posts big blind $1
Aleqseuka: sits out 
*** HOLE CARDS ***
trillnaz: folds 
7bekon7: raises $1.50 to $2.50
BoyLoc0: folds 
Melenya: folds 
Drummino1993: calls $1.50
*** FLOP *** [7s 5s Kh]
Drummino1993: checks 
7bekon7: checks 
*** TURN *** [7s 5s Kh] [7d]
Drummino1993: checks 
7bekon7: checks 
*** RIVER *** [7s 5s Kh 7d] [9c]
Drummino1993: checks 
7bekon7: bets $1.96
Drummino1993: folds 
Uncalled bet ($1.96) returned to 7bekon7
7bekon7 collected $5.22 from pot
7bekon7: doesn't show hand 
*** SUMMARY ***
Total pot $5.50 | Rake $0.28 
Board [7s 5s Kh 7d 9c]
Seat 5: Aleqseuka
Seat 1: Melenya (small blind) folded before Flop
Seat 2: Drummino1993 (big blind) folded on the River
Seat 3: trillnaz folded before Flop (didn't bet)
Seat 4: 7bekon7 collected ($5.22)
Seat 6: BoyLoc0 (button) folded before Flop (didn't bet)



PokerStars Hand #254525385274:  Hold'em No Limit ($0.50/$1.00 USD) - 2025/01/24 4:39:05 WET [2025/01/23 23:39:05 ET]
Table 'Kartvelia IV' 6-max Seat #1 is the button
Seat 5: Aleqseuka ($113.55 in chips) is sitting out
Seat 1: Melenya ($119.85 in chips) 
Seat 2: Drummino1993 ($29.66 in chips) 
Seat 3: trillnaz ($74.11 in chips) 
Seat 4: 7bekon7 ($135.82 in chips) 
Seat 6: BoyLoc0 ($133.12 in chips) 
Drummino1993: posts small blind $0.50
trillnaz: posts big blind $1
Aleqseuka: sits out 
*** HOLE CARDS ***
7bekon7: folds 
BoyLoc0: folds 
Melenya: raises $1.50 to $2.50
Drummino1993: calls $2
trillnaz: calls $1.50
*** FLOP *** [Ad 7s 7d]
Drummino1993: checks 
trillnaz: checks 
Melenya: bets $5.34
Drummino1993: folds 
trillnaz: folds 
Uncalled bet ($5.34) returned to Melenya
Melenya collected $7.12 from pot
Melenya: doesn't show hand 
*** SUMMARY ***
Total pot $7.50 | Rake $0.38 
Board [Ad 7s 7d]
Seat 5: Aleqseuka
Seat 1: Melenya (button) collected ($7.12)
Seat 2: Drummino1993 (small blind) folded on the Flop
Seat 3: trillnaz (big blind) folded on the Flop
Seat 4: 7bekon7 folded before Flop (didn't bet)
Seat 6: BoyLoc0 folded before Flop (didn't bet)



PokerStars Hand #254525392267:  Hold'em No Limit ($0.50/$1.00 USD) - 2025/01/24 4:40:13 WET [2025/01/23 23:40:13 ET]
Table 'Kartvelia IV' 6-max Seat #2 is the button
Seat 5: Aleqseuka ($113.55 in chips) is sitting out
Seat 1: Melenya ($124.47 in chips) 
Seat 2: Drummino1993 ($27.16 in chips) 
Seat 3: trillnaz ($71.61 in chips) 
Seat 4: 7bekon7 ($135.82 in chips) 
Seat 6: BoyLoc0 ($133.12 in chips) 
trillnaz: posts small blind $0.50
7bekon7: posts big blind $1
Aleqseuka: sits out 
*** HOLE CARDS ***
BoyLoc0: folds 
Melenya: folds 
Drummino1993: calls $1
trillnaz: calls $0.50
7bekon7: checks 
*** FLOP *** [Ah Js 9c]
trillnaz: checks 
7bekon7: checks 
Drummino1993: bets $1
trillnaz: calls $1
7bekon7: folds 
*** TURN *** [Ah Js 9c] [2c]
trillnaz: checks 
Drummino1993: bets $2
trillnaz: calls $2
*** RIVER *** [Ah Js 9c 2c] [Ks]
trillnaz: bets $8.55
Drummino1993: folds 
Uncalled bet ($8.55) returned to trillnaz
trillnaz collected $8.55 from pot
trillnaz: doesn't show hand 
*** SUMMARY ***
Total pot $9 | Rake $0.45 
Board [Ah Js 9c 2c Ks]
Seat 5: Aleqseuka
Seat 1: Melenya folded before Flop (didn't bet)
Seat 2: Drummino1993 (button) folded on the River
Seat 3: trillnaz (small blind) collected ($8.55)
Seat 4: 7bekon7 (big blind) folded on the Flop
Seat 6: BoyLoc0 folded before Flop (didn't bet)



PokerStars Hand #254525400363:  Hold'em No Limit ($0.50/$1.00 USD) - 2025/01/24 4:41:32 WET [2025/01/23 23:41:32 ET]
Table 'Kartvelia IV' 6-max Seat #3 is the button
Seat 1: Melenya ($124.47 in chips) 
Seat 2: Drummino1993 ($23.16 in chips) 
Seat 3: trillnaz ($76.16 in chips) 
Seat 4: 7bekon7 ($134.82 in chips) 
Seat 5: Aleqseuka ($113.55 in chips) 
Seat 6: BoyLoc0 ($133.12 in chips) 
7bekon7: posts small blind $0.50
Aleqseuka: posts big blind $1
*** HOLE CARDS ***
BoyLoc0: folds 
Melenya: raises $1 to $2
Drummino1993: folds 
trillnaz: calls $2
7bekon7: folds 
Aleqseuka: folds 
*** FLOP *** [Td 4d 4s]
Melenya: bets $3.92
trillnaz: folds 
Uncalled bet ($3.92) returned to Melenya
Melenya collected $5.22 from pot
Melenya: doesn't show hand 
*** SUMMARY ***
Total pot $5.50 | Rake $0.28 
Board [Td 4d 4s]
Seat 1: Melenya collected ($5.22)
Seat 2: Drummino1993 folded before Flop (didn't bet)
Seat 3: trillnaz (button) folded on the Flop
Seat 4: 7bekon7 (small blind) folded before Flop
Seat 5: Aleqseuka (big blind) folded before Flop
Seat 6: BoyLoc0 folded before Flop (didn't bet)



PokerStars Hand #254525402979:  Hold'em No Limit ($0.50/$1.00 USD) - 2025/01/24 4:41:57 WET [2025/01/23 23:41:57 ET]
Table 'Kartvelia IV' 6-max Seat #4 is the button
Seat 1: Melenya ($127.69 in chips) 
Seat 2: Drummino1993 ($23.16 in chips) 
Seat 3: trillnaz ($74.16 in chips) 
Seat 4: 7bekon7 ($134.32 in chips) 
Seat 5: Aleqseuka ($112.55 in chips) 
Seat 6: BoyLoc0 ($133.12 in chips) 
Aleqseuka: posts small blind $0.50
BoyLoc0: posts big blind $1
*** HOLE CARDS ***
Melenya: folds 
Drummino1993: folds 
trillnaz: folds 
7bekon7: folds 
Aleqseuka: raises $2 to $3
BoyLoc0: folds 
Uncalled bet ($2) returned to Aleqseuka
Aleqseuka collected $2 from pot
Aleqseuka: doesn't show hand 
*** SUMMARY ***
Total pot $2 | Rake $0 
Seat 1: Melenya folded before Flop (didn't bet)
Seat 2: Drummino1993 folded before Flop (didn't bet)
Seat 3: trillnaz folded before Flop (didn't bet)
Seat 4: 7bekon7 (button) folded before Flop (didn't bet)
Seat 5: Aleqseuka (small blind) collected ($2)
Seat 6: BoyLoc0 (big blind) folded before Flop



PokerStars Hand #254525405183:  Hold'em No Limit ($0.50/$1.00 USD) - 2025/01/24 4:42:19 WET [2025/01/23 23:42:19 ET]
Table 'Kartvelia IV' 6-max Seat #5 is the button
Seat 1: Melenya ($127.69 in chips) 
Seat 2: Drummino1993 ($23.16 in chips) 
Seat 3: trillnaz ($74.16 in chips) 
Seat 4: 7bekon7 ($134.32 in chips) 
Seat 5: Aleqseuka ($113.55 in chips) 
Seat 6: BoyLoc0 ($132.12 in chips) 
BoyLoc0: posts small blind $0.50
Melenya: posts big blind $1
*** HOLE CARDS ***
Drummino1993: folds 
trillnaz: folds 
7bekon7: raises $1.25 to $2.25
Aleqseuka: folds 
BoyLoc0: folds 
Melenya: raises $10.75 to $13
7bekon7: folds 
Uncalled bet ($10.75) returned to Melenya
Melenya collected $5 from pot
Melenya: doesn't show hand 
*** SUMMARY ***
Total pot $5 | Rake $0 
Seat 1: Melenya (big blind) collected ($5)
Seat 2: Drummino1993 folded before Flop (didn't bet)
Seat 3: trillnaz folded before Flop (didn't bet)
Seat 4: 7bekon7 folded before Flop
Seat 5: Aleqseuka (button) folded before Flop (didn't bet)
Seat 6: BoyLoc0 (small blind) folded before Flop



PokerStars Hand #254525407818:  Hold'em No Limit ($0.50/$1.00 USD) - 2025/01/24 4:42:45 WET [2025/01/23 23:42:45 ET]
Table 'Kartvelia IV' 6-max Seat #6 is the button
Seat 1: Melenya ($130.44 in chips) 
Seat 2: Drummino1993 ($23.16 in chips) 
Seat 3: trillnaz ($74.16 in chips) 
Seat 4: 7bekon7 ($132.07 in chips) 
Seat 5: Aleqseuka ($113.55 in chips) 
Seat 6: BoyLoc0 ($131.62 in chips) 
Melenya: posts small blind $0.50
Drummino1993: posts big blind $1
*** HOLE CARDS ***
trillnaz: calls $1
7bekon7: folds 
Aleqseuka: folds 
BoyLoc0: folds 
Melenya: calls $0.50
Drummino1993: raises $2 to $3
trillnaz: calls $2
Melenya: folds 
*** FLOP *** [3s 6s 4d]
Drummino1993: bets $3.33
trillnaz: folds 
Uncalled bet ($3.33) returned to Drummino1993
Drummino1993 collected $6.65 from pot
*** SUMMARY ***
Total pot $7 | Rake $0.35 
Board [3s 6s 4d]
Seat 1: Melenya (small blind) folded before Flop
Seat 2: Drummino1993 (big blind) collected ($6.65)
Seat 3: trillnaz folded on the Flop
Seat 4: 7bekon7 folded before Flop (didn't bet)
Seat 5: Aleqseuka folded before Flop (didn't bet)
Seat 6: BoyLoc0 (button) folded before Flop (didn't bet)



PokerStars Hand #254525411948:  Hold'em No Limit ($0.50/$1.00 USD) - 2025/01/24 4:43:26 WET [2025/01/23 23:43:26 ET]
Table 'Kartvelia IV' 6-max Seat #1 is the button
Seat 1: Melenya ($129.44 in chips) 
Seat 2: Drummino1993 ($26.81 in chips) 
Seat 3: trillnaz ($71.16 in chips) 
Seat 4: 7bekon7 ($132.07 in chips) 
Seat 5: Aleqseuka ($113.55 in chips) 
Seat 6: BoyLoc0 ($131.62 in chips) 
Drummino1993: posts small blind $0.50
trillnaz: posts big blind $1
*** HOLE CARDS ***
7bekon7: folds 
Aleqseuka: folds 
BoyLoc0: folds 
Melenya: folds 
Drummino1993: calls $0.50
trillnaz: checks 
*** FLOP *** [2d 9s Ah]
Drummino1993: bets $1
trillnaz: folds 
Uncalled bet ($1) returned to Drummino1993
Drummino1993 collected $1.90 from pot
*** SUMMARY ***
Total pot $2 | Rake $0.10 
Board [2d 9s Ah]
Seat 1: Melenya (button) folded before Flop (didn't bet)
Seat 2: Drummino1993 (small blind) collected ($1.90)
Seat 3: trillnaz (big blind) folded on the Flop
Seat 4: 7bekon7 folded before Flop (didn't bet)
Seat 5: Aleqseuka folded before Flop (didn't bet)
Seat 6: BoyLoc0 folded before Flop (didn't bet)



PokerStars Hand #254525415209:  Hold'em No Limit ($0.50/$1.00 USD) - 2025/01/24 4:43:59 WET [2025/01/23 23:43:59 ET]
Table 'Kartvelia IV' 6-max Seat #2 is the button
Seat 1: Melenya ($129.44 in chips) 
Seat 2: Drummino1993 ($27.71 in chips) 
Seat 3: trillnaz ($70.16 in chips) 
Seat 4: 7bekon7 ($132.07 in chips) 
Seat 5: Aleqseuka ($113.55 in chips) 
Seat 6: BoyLoc0 ($131.62 in chips) 
trillnaz: posts small blind $0.50
7bekon7: posts big blind $1
*** HOLE CARDS ***
Aleqseuka: raises $1.35 to $2.35
BoyLoc0: folds 
Melenya: folds 
Drummino1993: calls $2.35
trillnaz: calls $1.85
7bekon7: folds 
*** FLOP *** [Ac 6h 8d]
trillnaz: checks 
Aleqseuka: checks 
Drummino1993: checks 
*** TURN *** [Ac 6h 8d] [2d]
trillnaz: checks 
Aleqseuka: checks 
Drummino1993: checks 
*** RIVER *** [Ac 6h 8d 2d] [4s]
trillnaz: checks 
Aleqseuka: checks 
Drummino1993: checks 
*** SHOW DOWN ***
trillnaz: shows [9h Qh] (high card Ace)
Aleqseuka: shows [Ks Qs] (high card Ace - King kicker)
Drummino1993: shows [3d 2h] (a pair of Deuces)
Drummino1993 collected $7.65 from pot
*** SUMMARY ***
Total pot $8.05 | Rake $0.40 
Board [Ac 6h 8d 2d 4s]
Seat 1: Melenya folded before Flop (didn't bet)
Seat 2: Drummino1993 (button) showed [3d 2h] and won ($7.65) with a pair of Deuces
Seat 3: trillnaz (small blind) showed [9h Qh] and lost with high card Ace
Seat 4: 7bekon7 (big blind) folded before Flop
Seat 5: Aleqseuka showed [Ks Qs] and lost with high card Ace
Seat 6: BoyLoc0 folded before Flop (didn't bet)



PokerStars Hand #254525434028:  Hold'em No Limit ($0.50/$1.00 USD) - 2025/01/24 4:47:07 WET [2025/01/23 23:47:07 ET]
Table 'Kartvelia IV' 6-max Seat #5 is the button
Seat 1: Melenya ($129.44 in chips) is sitting out
Seat 2: Drummino1993 ($37.09 in chips) 
Seat 3: trillnaz ($67.81 in chips) 
Seat 4: 7bekon7 ($130.57 in chips) 
Seat 5: Aleqseuka ($108.20 in chips) 
Seat 6: BoyLoc0 ($130.62 in chips) 
BoyLoc0: posts small blind $0.50
Melenya: is sitting out 
Drummino1993: posts big blind $1
*** HOLE CARDS ***
Melenya leaves the table
trillnaz: folds 
7bekon7: folds 
Aleqseuka: raises $1.50 to $2.50
BoyLoc0: raises $7.50 to $10
Drummino1993: folds 
Aleqseuka: calls $7.50
*** FLOP *** [8d As Qh]
BoyLoc0: bets $6.58
CashfishT joins the table at seat #1 
Aleqseuka: calls $6.58
*** TURN *** [8d As Qh] [Ks]
BoyLoc0: bets $22
Aleqseuka: calls $22
*** RIVER *** [8d As Qh Ks] [5c]
BoyLoc0: bets $92.04 and is all-in
Aleqseuka: calls $69.62 and is all-in
Uncalled bet ($22.42) returned to BoyLoc0
*** SHOW DOWN ***
BoyLoc0: shows [Qs Jc] (a pair of Queens)
Aleqseuka: shows [Ts Js] (a straight, Ten to Ace)
Aleqseuka collected $214.90 from pot
*** SUMMARY ***
Total pot $217.40 | Rake $2.50 
Board [8d As Qh Ks 5c]
Seat 1: Melenya
Seat 2: Drummino1993 (big blind) folded before Flop
Seat 3: trillnaz folded before Flop (didn't bet)
Seat 4: 7bekon7 folded before Flop (didn't bet)
Seat 5: Aleqseuka (button) showed [Ts Js] and won ($214.90) with a straight, Ten to Ace
Seat 6: BoyLoc0 (small blind) showed [Qs Jc] and lost with a pair of Queens



PokerStars Hand #254525442471:  Hold'em No Limit ($0.50/$1.00 USD) - 2025/01/24 4:48:32 WET [2025/01/23 23:48:32 ET]
Table 'Kartvelia IV' 6-max Seat #6 is the button
Seat 1: CashfishT ($100 in chips) is sitting out
Seat 2: Drummino1993 ($36.09 in chips) 
Seat 3: trillnaz ($67.81 in chips) 
Seat 4: 7bekon7 ($130.57 in chips) 
Seat 5: Aleqseuka ($214.90 in chips) 
Seat 6: BoyLoc0 ($100 in chips) 
Drummino1993: posts small blind $0.50
trillnaz: posts big blind $1
*** HOLE CARDS ***
7bekon7: folds 
Aleqseuka: folds 
BoyLoc0: raises $1.50 to $2.50
Drummino1993: folds 
trillnaz: calls $1.50
*** FLOP *** [8c 2h 9s]
trillnaz: checks 
BoyLoc0: bets $3.92
trillnaz: calls $3.92
*** TURN *** [8c 2h 9s] [9d]
trillnaz: checks 
BoyLoc0: bets $9.50
trillnaz: folds 
Uncalled bet ($9.50) returned to BoyLoc0
BoyLoc0 collected $12.67 from pot
BoyLoc0: doesn't show hand 
*** SUMMARY ***
Total pot $13.34 | Rake $0.67 
Board [8c 2h 9s 9d]
Seat 1: CashfishT
Seat 2: Drummino1993 (small blind) folded before Flop
Seat 3: trillnaz (big blind) folded on the Turn
Seat 4: 7bekon7 folded before Flop (didn't bet)
Seat 5: Aleqseuka folded before Flop (didn't bet)
Seat 6: BoyLoc0 (button) collected ($12.67)



PokerStars Hand #254525446542:  Hold'em No Limit ($0.50/$1.00 USD) - 2025/01/24 4:49:13 WET [2025/01/23 23:49:13 ET]
Table 'Kartvelia IV' 6-max Seat #2 is the button
Seat 1: CashfishT ($100 in chips) is sitting out
Seat 2: Drummino1993 ($35.59 in chips) 
Seat 3: trillnaz ($61.39 in chips) 
Seat 4: 7bekon7 ($130.57 in chips) 
Seat 5: Aleqseuka ($214.90 in chips) 
Seat 6: BoyLoc0 ($106.25 in chips) 
trillnaz: posts small blind $0.50
7bekon7: posts big blind $1
CashfishT: sits out 
*** HOLE CARDS ***
Aleqseuka: raises $1.35 to $2.35
BoyLoc0: raises $5.15 to $7.50
Drummino1993: folds 
trillnaz: folds 
7bekon7: folds 
Aleqseuka: folds 
Uncalled bet ($5.15) returned to BoyLoc0
BoyLoc0 collected $6.20 from pot
BoyLoc0: doesn't show hand 
*** SUMMARY ***
Total pot $6.20 | Rake $0 
Seat 1: CashfishT
Seat 2: Drummino1993 (button) folded before Flop (didn't bet)
Seat 3: trillnaz (small blind) folded before Flop
Seat 4: 7bekon7 (big blind) folded before Flop
Seat 5: Aleqseuka folded before Flop
Seat 6: BoyLoc0 collected ($6.20)



PokerStars Hand #254525451036:  Hold'em No Limit ($0.50/$1.00 USD) - 2025/01/24 4:49:58 WET [2025/01/23 23:49:58 ET]
Table 'Kartvelia IV' 6-max Seat #3 is the button
Seat 1: CashfishT ($100 in chips) is sitting out
Seat 2: Drummino1993 ($35.59 in chips) 
Seat 3: trillnaz ($60.89 in chips) 
Seat 4: 7bekon7 ($129.57 in chips) 
Seat 5: Aleqseuka ($212.55 in chips) 
Seat 6: BoyLoc0 ($110.10 in chips) 
7bekon7: posts small blind $0.50
Aleqseuka: posts big blind $1
CashfishT: sits out 
*** HOLE CARDS ***
BoyLoc0: folds 
Drummino1993: calls $1
trillnaz: raises $2 to $3
7bekon7: raises $8 to $11
Aleqseuka: folds 
Drummino1993: folds 
trillnaz: calls $8
*** FLOP *** [Qs Jd Kc]
7bekon7: checks 
trillnaz: checks 
*** TURN *** [Qs Jd Kc] [Ts]
7bekon7: bets $11.40
trillnaz: folds 
Uncalled bet ($11.40) returned to 7bekon7
7bekon7 collected $22.80 from pot
7bekon7: doesn't show hand 
*** SUMMARY ***
Total pot $24 | Rake $1.20 
Board [Qs Jd Kc Ts]
Seat 1: CashfishT
Seat 2: Drummino1993 folded before Flop
Seat 3: trillnaz (button) folded on the Turn
Seat 4: 7bekon7 (small blind) collected ($22.80)
Seat 5: Aleqseuka (big blind) folded before Flop
Seat 6: BoyLoc0 folded before Flop (didn't bet)



PokerStars Hand #254525459136:  Hold'em No Limit ($0.50/$1.00 USD) - 2025/01/24 4:51:20 WET [2025/01/23 23:51:20 ET]
Table 'Kartvelia IV' 6-max Seat #4 is the button
Seat 1: CashfishT ($100 in chips) is sitting out
Seat 2: Drummino1993 ($34.59 in chips) 
Seat 3: trillnaz ($49.89 in chips) 
Seat 4: 7bekon7 ($141.37 in chips) 
Seat 5: Aleqseuka ($211.55 in chips) 
Seat 6: BoyLoc0 ($110.10 in chips) 
Aleqseuka: posts small blind $0.50
BoyLoc0: posts big blind $1
CashfishT: sits out 
*** HOLE CARDS ***
Drummino1993: folds 
trillnaz: raises $2 to $3
7bekon7: folds 
Aleqseuka: folds 
BoyLoc0: calls $2
*** FLOP *** [Ts 5d 6d]
BoyLoc0: checks 
trillnaz: checks 
*** TURN *** [Ts 5d 6d] [4h]
BoyLoc0: bets $4.64
trillnaz: folds 
Uncalled bet ($4.64) returned to BoyLoc0
BoyLoc0 collected $6.18 from pot
BoyLoc0: doesn't show hand 
*** SUMMARY ***
Total pot $6.50 | Rake $0.32 
Board [Ts 5d 6d 4h]
Seat 1: CashfishT
Seat 2: Drummino1993 folded before Flop (didn't bet)
Seat 3: trillnaz folded on the Turn
Seat 4: 7bekon7 (button) folded before Flop (didn't bet)
Seat 5: Aleqseuka (small blind) folded before Flop
Seat 6: BoyLoc0 (big blind) collected ($6.18)



PokerStars Hand #254525466015:  Hold'em No Limit ($0.50/$1.00 USD) - 2025/01/24 4:52:30 WET [2025/01/23 23:52:30 ET]
Table 'Kartvelia IV' 6-max Seat #5 is the button
Seat 1: CashfishT ($100 in chips) 
Seat 2: Drummino1993 ($34.59 in chips) 
Seat 3: trillnaz ($46.89 in chips) 
Seat 4: 7bekon7 ($141.37 in chips) 
Seat 5: Aleqseuka ($211.05 in chips) 
Seat 6: BoyLoc0 ($113.28 in chips) 
BoyLoc0: posts small blind $0.50
CashfishT: posts big blind $1
*** HOLE CARDS ***
Drummino1993: calls $1
trillnaz: calls $1
7bekon7: calls $1
Aleqseuka: raises $5 to $6
BoyLoc0: folds 
CashfishT: folds 
Drummino1993: calls $5
trillnaz: calls $5
7bekon7: folds 
*** FLOP *** [Ah Qh 4d]
Drummino1993: checks 
trillnaz: checks 
Aleqseuka: bets $7.99
Drummino1993: calls $7.99
trillnaz: folds 
*** TURN *** [Ah Qh 4d] [Qc]
Drummino1993: checks 
Aleqseuka: bets $29.46
Drummino1993: folds 
Uncalled bet ($29.46) returned to Aleqseuka
Aleqseuka collected $34.66 from pot
Aleqseuka: doesn't show hand 
*** SUMMARY ***
Total pot $36.48 | Rake $1.82 
Board [Ah Qh 4d Qc]
Seat 1: CashfishT (big blind) folded before Flop
Seat 2: Drummino1993 folded on the Turn
Seat 3: trillnaz folded on the Flop
Seat 4: 7bekon7 folded before Flop
Seat 5: Aleqseuka (button) collected ($34.66)
Seat 6: BoyLoc0 (small blind) folded before Flop



PokerStars Hand #254525475238:  Hold'em No Limit ($0.50/$1.00 USD) - 2025/01/24 4:54:06 WET [2025/01/23 23:54:06 ET]
Table 'Kartvelia IV' 6-max Seat #6 is the button
Seat 1: CashfishT ($100 in chips) 
Seat 2: Drummino1993 ($20.60 in chips) 
Seat 3: trillnaz ($40.89 in chips) 
Seat 4: 7bekon7 ($140.37 in chips) 
Seat 5: Aleqseuka ($231.72 in chips) 
Seat 6: BoyLoc0 ($112.78 in chips) 
CashfishT: posts small blind $0.50
Drummino1993: posts big blind $1
*** HOLE CARDS ***
trillnaz: folds 
7bekon7: folds 
Aleqseuka: folds 
BoyLoc0: folds 
CashfishT: raises $2 to $3
Drummino1993: folds 
Uncalled bet ($2) returned to CashfishT
CashfishT collected $2 from pot
CashfishT: doesn't show hand 
*** SUMMARY ***
Total pot $2 | Rake $0 
Seat 1: CashfishT (small blind) collected ($2)
Seat 2: Drummino1993 (big blind) folded before Flop
Seat 3: trillnaz folded before Flop (didn't bet)
Seat 4: 7bekon7 folded before Flop (didn't bet)
Seat 5: Aleqseuka folded before Flop (didn't bet)
Seat 6: BoyLoc0 (button) folded before Flop (didn't bet)



PokerStars Hand #254525478585:  Hold'em No Limit ($0.50/$1.00 USD) - 2025/01/24 4:54:42 WET [2025/01/23 23:54:42 ET]
Table 'Kartvelia IV' 6-max Seat #1 is the button
Seat 1: CashfishT ($101 in chips) 
Seat 2: Drummino1993 ($19.60 in chips) 
Seat 3: trillnaz ($40.89 in chips) 
Seat 4: 7bekon7 ($140.37 in chips) 
Seat 5: Aleqseuka ($231.72 in chips) 
Seat 6: BoyLoc0 ($112.78 in chips) 
Drummino1993: posts small blind $0.50
trillnaz: posts big blind $1
*** HOLE CARDS ***
7bekon7: folds 
Aleqseuka: folds 
BoyLoc0: folds 
CashfishT: folds 
Drummino1993: raises $2 to $3
trillnaz: folds 
Uncalled bet ($2) returned to Drummino1993
Drummino1993 collected $2 from pot
*** SUMMARY ***
Total pot $2 | Rake $0 
Seat 1: CashfishT (button) folded before Flop (didn't bet)
Seat 2: Drummino1993 (small blind) collected ($2)
Seat 3: trillnaz (big blind) folded before Flop
Seat 4: 7bekon7 folded before Flop (didn't bet)
Seat 5: Aleqseuka folded before Flop (didn't bet)
Seat 6: BoyLoc0 folded before Flop (didn't bet)



PokerStars Hand #254525480330:  Hold'em No Limit ($0.50/$1.00 USD) - 2025/01/24 4:55:00 WET [2025/01/23 23:55:00 ET]
Table 'Kartvelia IV' 6-max Seat #2 is the button
Seat 1: CashfishT ($101 in chips) 
Seat 2: Drummino1993 ($20.60 in chips) 
Seat 3: trillnaz ($39.89 in chips) 
Seat 4: 7bekon7 ($140.37 in chips) 
Seat 5: Aleqseuka ($231.72 in chips) 
Seat 6: BoyLoc0 ($112.78 in chips) 
trillnaz: posts small blind $0.50
7bekon7: posts big blind $1
*** HOLE CARDS ***
Aleqseuka: folds 
BoyLoc0: folds 
CashfishT: raises $1.20 to $2.20
Drummino1993: calls $2.20
trillnaz: calls $1.70
7bekon7: folds 
*** FLOP *** [2h 9c Ac]
trillnaz: checks 
CashfishT: bets $2.38
Drummino1993: calls $2.38
trillnaz: folds 
*** TURN *** [2h 9c Ac] [As]
CashfishT: checks 
Drummino1993: checks 
*** RIVER *** [2h 9c Ac As] [8s]
CashfishT: checks 
Drummino1993: checks 
*** SHOW DOWN ***
CashfishT: shows [5c 6c] (a pair of Aces)
Drummino1993: shows [Ah 7c] (three of a kind, Aces)
Drummino1993 collected $11.74 from pot
*** SUMMARY ***
Total pot $12.36 | Rake $0.62 
Board [2h 9c Ac As 8s]
Seat 1: CashfishT showed [5c 6c] and lost with a pair of Aces
Seat 2: Drummino1993 (button) showed [Ah 7c] and won ($11.74) with three of a kind, Aces
Seat 3: trillnaz (small blind) folded on the Flop
Seat 4: 7bekon7 (big blind) folded before Flop
Seat 5: Aleqseuka folded before Flop (didn't bet)
Seat 6: BoyLoc0 folded before Flop (didn't bet)



PokerStars Hand #254525483561:  Hold'em No Limit ($0.50/$1.00 USD) - 2025/01/24 4:55:39 WET [2025/01/23 23:55:39 ET]
Table 'Kartvelia IV' 6-max Seat #3 is the button
Seat 1: CashfishT ($100 in chips) 
Seat 2: Drummino1993 ($27.76 in chips) 
Seat 3: trillnaz ($37.69 in chips) 
Seat 4: 7bekon7 ($139.37 in chips) 
Seat 5: Aleqseuka ($231.72 in chips) 
Seat 6: BoyLoc0 ($112.78 in chips) 
7bekon7: posts small blind $0.50
Aleqseuka: posts big blind $1
*** HOLE CARDS ***
BoyLoc0: folds 
CashfishT: folds 
Drummino1993: calls $1
trillnaz: calls $1
7bekon7: folds 
Aleqseuka: checks 
*** FLOP *** [Td Js Qc]
Aleqseuka: checks 
Drummino1993: checks 
trillnaz: checks 
*** TURN *** [Td Js Qc] [Ks]
Aleqseuka: checks 
Drummino1993: checks 
trillnaz: checks 
*** RIVER *** [Td Js Qc Ks] [9s]
Aleqseuka: checks 
Drummino1993: checks 
trillnaz: checks 
*** SHOW DOWN ***
Aleqseuka: shows [8c 5c] (a straight, Nine to King)
Drummino1993: shows [Th 7d] (a straight, Nine to King)
trillnaz: shows [7s Kc] (a straight, Nine to King)
Aleqseuka collected $1.11 from pot
Drummino1993 collected $1.11 from pot
trillnaz collected $1.10 from pot
*** SUMMARY ***
Total pot $3.50 | Rake $0.18 
Board [Td Js Qc Ks 9s]
Seat 1: CashfishT folded before Flop (didn't bet)
Seat 2: Drummino1993 showed [Th 7d] and won ($1.11) with a straight, Nine to King
Seat 3: trillnaz (button) showed [7s Kc] and won ($1.10) with a straight, Nine to King
Seat 4: 7bekon7 (small blind) folded before Flop
Seat 5: Aleqseuka (big blind) showed [8c 5c] and won ($1.11) with a straight, Nine to King
Seat 6: BoyLoc0 folded before Flop (didn't bet)



PokerStars Hand #254525488212:  Hold'em No Limit ($0.50/$1.00 USD) - 2025/01/24 4:56:39 WET [2025/01/23 23:56:39 ET]
Table 'Kartvelia IV' 6-max Seat #4 is the button
Seat 1: CashfishT ($100 in chips) 
Seat 2: Drummino1993 ($27.87 in chips) 
Seat 3: trillnaz ($37.79 in chips) 
Seat 4: 7bekon7 ($138.87 in chips) 
Seat 5: Aleqseuka ($231.83 in chips) 
Seat 6: BoyLoc0 ($112.78 in chips) 
Aleqseuka: posts small blind $0.50
BoyLoc0: posts big blind $1
*** HOLE CARDS ***
CashfishT: raises $1.20 to $2.20
Drummino1993: calls $2.20
trillnaz: raises $35.59 to $37.79 and is all-in
7bekon7: folds 
Aleqseuka: folds 
BoyLoc0: folds 
CashfishT: folds 
Drummino1993: folds 
Uncalled bet ($35.59) returned to trillnaz
trillnaz collected $8.10 from pot
trillnaz: doesn't show hand 
*** SUMMARY ***
Total pot $8.10 | Rake $0 
Seat 1: CashfishT folded before Flop
Seat 2: Drummino1993 folded before Flop
Seat 3: trillnaz collected ($8.10)
Seat 4: 7bekon7 (button) folded before Flop (didn't bet)
Seat 5: Aleqseuka (small blind) folded before Flop
Seat 6: BoyLoc0 (big blind) folded before Flop



PokerStars Hand #254525490984:  Hold'em No Limit ($0.50/$1.00 USD) - 2025/01/24 4:57:15 WET [2025/01/23 23:57:15 ET]
Table 'Kartvelia IV' 6-max Seat #5 is the button
Seat 1: CashfishT ($100 in chips) 
Seat 2: Drummino1993 ($25.67 in chips) 
Seat 3: trillnaz ($43.69 in chips) 
Seat 4: 7bekon7 ($138.87 in chips) 
Seat 5: Aleqseuka ($231.33 in chips) 
Seat 6: BoyLoc0 ($111.78 in chips) 
BoyLoc0: posts small blind $0.50
CashfishT: posts big blind $1
*** HOLE CARDS ***
Drummino1993: calls $1
trillnaz: folds 
7bekon7: folds 
Aleqseuka: folds 
BoyLoc0: folds 
CashfishT: checks 
*** FLOP *** [Th Td 3s]
CashfishT: checks 
Drummino1993: checks 
*** TURN *** [Th Td 3s] [Kd]
CashfishT: checks 
Drummino1993: checks 
*** RIVER *** [Th Td 3s Kd] [8h]
CashfishT: checks 
Drummino1993: checks 
*** SHOW DOWN ***
CashfishT: shows [Qd 8c] (two pair, Tens and Eights)
Drummino1993: mucks hand 
CashfishT collected $2.38 from pot
*** SUMMARY ***
Total pot $2.50 | Rake $0.12 
Board [Th Td 3s Kd 8h]
Seat 1: CashfishT (big blind) showed [Qd 8c] and won ($2.38) with two pair, Tens and Eights
Seat 2: Drummino1993 mucked
Seat 3: trillnaz folded before Flop (didn't bet)
Seat 4: 7bekon7 folded before Flop (didn't bet)
Seat 5: Aleqseuka (button) folded before Flop (didn't bet)
Seat 6: BoyLoc0 (small blind) folded before Flop



PokerStars Hand #254525495036:  Hold'em No Limit ($0.50/$1.00 USD) - 2025/01/24 4:58:08 WET [2025/01/23 23:58:08 ET]
Table 'Kartvelia IV' 6-max Seat #6 is the button
Seat 1: CashfishT ($101.38 in chips) 
Seat 2: Drummino1993 ($24.67 in chips) 
Seat 3: trillnaz ($43.69 in chips) 
Seat 4: 7bekon7 ($138.87 in chips) 
Seat 5: Aleqseuka ($231.33 in chips) 
Seat 6: BoyLoc0 ($111.28 in chips) 
CashfishT: posts small blind $0.50
Drummino1993: posts big blind $1
*** HOLE CARDS ***
trillnaz has timed out
trillnaz: folds 
7bekon7: folds 
Aleqseuka: folds 
BoyLoc0: folds 
CashfishT: folds 
Uncalled bet ($0.50) returned to Drummino1993
Drummino1993 collected $1 from pot
*** SUMMARY ***
Total pot $1 | Rake $0 
Seat 1: CashfishT (small blind) folded before Flop
Seat 2: Drummino1993 (big blind) collected ($1)
Seat 3: trillnaz folded before Flop (didn't bet)
Seat 4: 7bekon7 folded before Flop (didn't bet)
Seat 5: Aleqseuka folded before Flop (didn't bet)
Seat 6: BoyLoc0 (button) folded before Flop (didn't bet)



PokerStars Hand #254525496840:  Hold'em No Limit ($0.50/$1.00 USD) - 2025/01/24 4:58:30 WET [2025/01/23 23:58:30 ET]
Table 'Kartvelia IV' 6-max Seat #1 is the button
Seat 1: CashfishT ($100.88 in chips) 
Seat 2: Drummino1993 ($25.17 in chips) 
Seat 3: trillnaz ($43.69 in chips) 
Seat 4: 7bekon7 ($138.87 in chips) 
Seat 5: Aleqseuka ($231.33 in chips) 
Seat 6: BoyLoc0 ($111.28 in chips) 
Drummino1993: posts small blind $0.50
trillnaz: posts big blind $1
*** HOLE CARDS ***
7bekon7: folds 
Aleqseuka: folds 
BoyLoc0: raises $1.50 to $2.50
CashfishT: folds 
Drummino1993: calls $2
trillnaz has timed out
trillnaz: folds 
*** FLOP *** [6s 7d As]
Drummino1993: checks 
BoyLoc0: bets $4.28
Drummino1993: calls $4.28
*** TURN *** [6s 7d As] [5d]
Drummino1993: checks 
BoyLoc0: checks 
*** RIVER *** [6s 7d As 5d] [9h]
Drummino1993: checks 
BoyLoc0: bets $20.75
Drummino1993: calls $18.39 and is all-in
Uncalled bet ($2.36) returned to BoyLoc0
*** SHOW DOWN ***
BoyLoc0: shows [8s 7s] (a straight, Five to Nine)
Drummino1993: shows [9c Ad] (two pair, Aces and Nines)
BoyLoc0 collected $48.84 from pot
*** SUMMARY ***
Total pot $51.34 | Rake $2.50 
Board [6s 7d As 5d 9h]
Seat 1: CashfishT (button) folded before Flop (didn't bet)
Seat 2: Drummino1993 (small blind) showed [9c Ad] and lost with two pair, Aces and Nines
Seat 3: trillnaz (big blind) folded before Flop
Seat 4: 7bekon7 folded before Flop (didn't bet)
Seat 5: Aleqseuka folded before Flop (didn't bet)
Seat 6: BoyLoc0 showed [8s 7s] and won ($48.84) with a straight, Five to Nine



PokerStars Hand #254525501880:  Hold'em No Limit ($0.50/$1.00 USD) - 2025/01/24 4:59:36 WET [2025/01/23 23:59:36 ET]
Table 'Kartvelia IV' 6-max Seat #3 is the button
Seat 2: Drummino1993 ($0 in chips) is sitting out
Seat 1: CashfishT ($100.88 in chips) 
Seat 3: trillnaz ($42.69 in chips) 
Seat 4: 7bekon7 ($138.87 in chips) 
Seat 5: Aleqseuka ($231.33 in chips) 
Seat 6: BoyLoc0 ($134.95 in chips) 
7bekon7: posts small blind $0.50
Aleqseuka: posts big blind $1
*** HOLE CARDS ***
BoyLoc0: raises $1.50 to $2.50
CashfishT: folds 
trillnaz: calls $2.50
7bekon7: folds 
Aleqseuka: folds 
*** FLOP *** [4h Qh 2c]
BoyLoc0: bets $2.04
trillnaz: calls $2.04
*** TURN *** [4h Qh 2c] [Ac]
BoyLoc0: checks 
trillnaz: bets $8.03
BoyLoc0: folds 
Uncalled bet ($8.03) returned to trillnaz
trillnaz collected $10.05 from pot
trillnaz: doesn't show hand 
*** SUMMARY ***
Total pot $10.58 | Rake $0.53 
Board [4h Qh 2c Ac]
Seat 2: Drummino1993
Seat 1: CashfishT folded before Flop (didn't bet)
Seat 3: trillnaz (button) collected ($10.05)
Seat 4: 7bekon7 (small blind) folded before Flop
Seat 5: Aleqseuka (big blind) folded before Flop
Seat 6: BoyLoc0 folded on the Turn



PokerStars Hand #254525505708:  Hold'em No Limit ($0.50/$1.00 USD) - 2025/01/24 5:00:25 WET [2025/01/24 0:00:25 ET]
Table 'Kartvelia IV' 6-max Seat #4 is the button
Seat 1: CashfishT ($100.88 in chips) 
Seat 2: Drummino1993 ($24.78 in chips) 
Seat 3: trillnaz ($48.20 in chips) 
Seat 4: 7bekon7 ($138.37 in chips) 
Seat 5: Aleqseuka ($230.33 in chips) 
Seat 6: BoyLoc0 ($130.41 in chips) 
Aleqseuka: posts small blind $0.50
BoyLoc0: posts big blind $1
*** HOLE CARDS ***
CashfishT: folds 
Drummino1993: calls $1
trillnaz: folds 
7bekon7: raises $3 to $4
Aleqseuka: folds 
BoyLoc0: folds 
Drummino1993: calls $3
*** FLOP *** [Kh 5h Kd]
Drummino1993: checks 
7bekon7: bets $2.26
Drummino1993: calls $2.26
*** TURN *** [Kh 5h Kd] [2d]
Drummino1993: checks 
7bekon7: checks 
*** RIVER *** [Kh 5h Kd 2d] [Ah]
Drummino1993: checks 
7bekon7: checks 
*** SHOW DOWN ***
Drummino1993: shows [Jd Th] (a pair of Kings)
7bekon7: mucks hand 
Drummino1993 collected $13.32 from pot
*** SUMMARY ***
Total pot $14.02 | Rake $0.70 
Board [Kh 5h Kd 2d Ah]
Seat 1: CashfishT folded before Flop (didn't bet)
Seat 2: Drummino1993 showed [Jd Th] and won ($13.32) with a pair of Kings
Seat 3: trillnaz folded before Flop (didn't bet)
Seat 4: 7bekon7 (button) mucked
Seat 5: Aleqseuka (small blind) folded before Flop
Seat 6: BoyLoc0 (big blind) folded before Flop



PokerStars Hand #254525510471:  Hold'em No Limit ($0.50/$1.00 USD) - 2025/01/24 5:01:19 WET [2025/01/24 0:01:19 ET]
Table 'Kartvelia IV' 6-max Seat #5 is the button
Seat 1: CashfishT ($100.88 in chips) 
Seat 2: Drummino1993 ($31.84 in chips) 
Seat 3: trillnaz ($48.20 in chips) 
Seat 4: 7bekon7 ($132.11 in chips) 
Seat 5: Aleqseuka ($229.83 in chips) 
Seat 6: BoyLoc0 ($129.41 in chips) 
BoyLoc0: posts small blind $0.50
CashfishT: posts big blind $1
*** HOLE CARDS ***
Drummino1993: calls $1
trillnaz has timed out
trillnaz: folds 
7bekon7: raises $3 to $4
Aleqseuka: raises $3.50 to $7.50
BoyLoc0: folds 
CashfishT: folds 
Drummino1993: calls $6.50
7bekon7: calls $3.50
*** FLOP *** [2h 2s 7c]
Drummino1993: checks 
7bekon7: checks 
Aleqseuka: bets $12.54
Drummino1993: calls $12.54
7bekon7: folds 
*** TURN *** [2h 2s 7c] [Kd]
Drummino1993: checks 
Aleqseuka: bets $25.65
Drummino1993: calls $11.80 and is all-in
Uncalled bet ($13.85) returned to Aleqseuka
*** RIVER *** [2h 2s 7c Kd] [3h]
*** SHOW DOWN ***
Drummino1993: shows [5d 5c] (two pair, Fives and Deuces)
Aleqseuka: shows [Qh Jh] (a pair of Deuces)
Drummino1993 cashed out the hand for $59.40 | Cash Out Fee $1.21
*** SUMMARY ***
Total pot $72.68 | Rake $2.50 
Board [2h 2s 7c Kd 3h]
Seat 1: CashfishT (big blind) folded before Flop
Seat 2: Drummino1993 showed [5d 5c] and won ($70.18) with two pair, Fives and Deuces (pot not awarded as player cashed out)
Seat 3: trillnaz folded before Flop (didn't bet)
Seat 4: 7bekon7 folded on the Flop
Seat 5: Aleqseuka (button) showed [Qh Jh] and lost with a pair of Deuces
Seat 6: BoyLoc0 (small blind) folded before Flop



PokerStars Hand #254525518543:  Hold'em No Limit ($0.50/$1.00 USD) - 2025/01/24 5:02:48 WET [2025/01/24 0:02:48 ET]
Table 'Kartvelia IV' 6-max Seat #6 is the button
Seat 1: CashfishT ($100 in chips) 
Seat 2: Drummino1993 ($59.40 in chips) 
Seat 3: trillnaz ($48.20 in chips) 
Seat 4: 7bekon7 ($124.61 in chips) 
Seat 5: Aleqseuka ($197.99 in chips) 
Seat 6: BoyLoc0 ($128.91 in chips) 
CashfishT: posts small blind $0.50
Drummino1993: posts big blind $1
*** HOLE CARDS ***
trillnaz has timed out
trillnaz: folds 
7bekon7: folds 
Aleqseuka: folds 
BoyLoc0: folds 
CashfishT: raises $2 to $3
Drummino1993: calls $2
*** FLOP *** [5s 8c Kd]
CashfishT: bets $2.85
Drummino1993: calls $2.85
*** TURN *** [5s 8c Kd] [Tc]
CashfishT: bets $9
Drummino1993: folds 
Uncalled bet ($9) returned to CashfishT
CashfishT collected $11.12 from pot
CashfishT: doesn't show hand 
*** SUMMARY ***
Total pot $11.70 | Rake $0.58 
Board [5s 8c Kd Tc]
Seat 1: CashfishT (small blind) collected ($11.12)
Seat 2: Drummino1993 (big blind) folded on the Turn
Seat 3: trillnaz folded before Flop (didn't bet)
Seat 4: 7bekon7 folded before Flop (didn't bet)
Seat 5: Aleqseuka folded before Flop (didn't bet)
Seat 6: BoyLoc0 (button) folded before Flop (didn't bet)



PokerStars Hand #254525522634:  Hold'em No Limit ($0.50/$1.00 USD) - 2025/01/24 5:03:33 WET [2025/01/24 0:03:33 ET]
Table 'Kartvelia IV' 6-max Seat #1 is the button
Seat 1: CashfishT ($105.27 in chips) 
Seat 2: Drummino1993 ($53.55 in chips) 
Seat 3: trillnaz ($48.20 in chips) 
Seat 4: 7bekon7 ($124.61 in chips) 
Seat 5: Aleqseuka ($197.99 in chips) 
Seat 6: BoyLoc0 ($128.91 in chips) 
Drummino1993: posts small blind $0.50
trillnaz: posts big blind $1
*** HOLE CARDS ***
7bekon7: folds 
Aleqseuka: raises $1.35 to $2.35
BoyLoc0: folds 
CashfishT: folds 
Drummino1993: calls $1.85
trillnaz: calls $1.35
*** FLOP *** [9s Ad Ks]
Drummino1993: checks 
trillnaz: checks 
Aleqseuka: checks 
*** TURN *** [9s Ad Ks] [3d]
Drummino1993: checks 
trillnaz: bets $3
Aleqseuka: folds 
Drummino1993: folds 
Uncalled bet ($3) returned to trillnaz
trillnaz collected $6.70 from pot
trillnaz: doesn't show hand 
*** SUMMARY ***
Total pot $7.05 | Rake $0.35 
Board [9s Ad Ks 3d]
Seat 1: CashfishT (button) folded before Flop (didn't bet)
Seat 2: Drummino1993 (small blind) folded on the Turn
Seat 3: trillnaz (big blind) collected ($6.70)
Seat 4: 7bekon7 folded before Flop (didn't bet)
Seat 5: Aleqseuka folded on the Turn
Seat 6: BoyLoc0 folded before Flop (didn't bet)



PokerStars Hand #254525528003:  Hold'em No Limit ($0.50/$1.00 USD) - 2025/01/24 5:04:32 WET [2025/01/24 0:04:32 ET]
Table 'Kartvelia IV' 6-max Seat #2 is the button
Seat 1: CashfishT ($105.27 in chips) 
Seat 2: Drummino1993 ($51.20 in chips) 
Seat 3: trillnaz ($52.55 in chips) 
Seat 4: 7bekon7 ($124.61 in chips) 
Seat 5: Aleqseuka ($195.64 in chips) 
Seat 6: BoyLoc0 ($128.91 in chips) 
trillnaz: posts small blind $0.50
7bekon7: posts big blind $1
*** HOLE CARDS ***
Aleqseuka: folds 
BoyLoc0: folds 
CashfishT: folds 
Drummino1993: calls $1
trillnaz: raises $2 to $3
7bekon7: calls $2
Drummino1993: calls $2
*** FLOP *** [5d 4d 8s]
trillnaz: bets $5
7bekon7: raises $9.28 to $14.28
Drummino1993: folds 
trillnaz: folds 
Uncalled bet ($9.28) returned to 7bekon7
7bekon7 collected $18.05 from pot
7bekon7: doesn't show hand 
*** SUMMARY ***
Total pot $19 | Rake $0.95 
Board [5d 4d 8s]
Seat 1: CashfishT folded before Flop (didn't bet)
Seat 2: Drummino1993 (button) folded on the Flop
Seat 3: trillnaz (small blind) folded on the Flop
Seat 4: 7bekon7 (big blind) collected ($18.05)
Seat 5: Aleqseuka folded before Flop (didn't bet)
Seat 6: BoyLoc0 folded before Flop (didn't bet)



PokerStars Hand #254525533474:  Hold'em No Limit ($0.50/$1.00 USD) - 2025/01/24 5:05:32 WET [2025/01/24 0:05:32 ET]
Table 'Kartvelia IV' 6-max Seat #3 is the button
Seat 5: Aleqseuka ($195.64 in chips) is sitting out
Seat 1: CashfishT ($105.27 in chips) 
Seat 2: Drummino1993 ($48.20 in chips) 
Seat 3: trillnaz ($44.55 in chips) 
Seat 4: 7bekon7 ($134.66 in chips) 
Seat 6: BoyLoc0 ($128.91 in chips) 
7bekon7: posts small blind $0.50
Aleqseuka: is sitting out 
BoyLoc0: posts big blind $1
*** HOLE CARDS ***
CashfishT: folds 
Drummino1993: calls $1
trillnaz has timed out
trillnaz: folds 
7bekon7: folds 
BoyLoc0: raises $4 to $5
Drummino1993: calls $4
*** FLOP *** [6s 8h 7c]
BoyLoc0: checks 
Drummino1993: bets $4.99
BoyLoc0: calls $4.99
*** TURN *** [6s 8h 7c] [Qh]
BoyLoc0: checks 
Drummino1993: checks 
*** RIVER *** [6s 8h 7c Qh] [As]
BoyLoc0: bets $6.42
Drummino1993: folds 
Uncalled bet ($6.42) returned to BoyLoc0
BoyLoc0 collected $19.46 from pot
BoyLoc0: doesn't show hand 
*** SUMMARY ***
Total pot $20.48 | Rake $1.02 
Board [6s 8h 7c Qh As]
Seat 5: Aleqseuka
Seat 1: CashfishT folded before Flop (didn't bet)
Seat 2: Drummino1993 folded on the River
Seat 3: trillnaz (button) folded before Flop (didn't bet)
Seat 4: 7bekon7 (small blind) folded before Flop
Seat 6: BoyLoc0 (big blind) collected ($19.46)



PokerStars Hand #254525540934:  Hold'em No Limit ($0.50/$1.00 USD) - 2025/01/24 5:06:54 WET [2025/01/24 0:06:54 ET]
Table 'Kartvelia IV' 6-max Seat #4 is the button
Seat 5: Aleqseuka ($195.64 in chips) is sitting out
Seat 1: CashfishT ($105.27 in chips) 
Seat 2: Drummino1993 ($38.21 in chips) 
Seat 3: trillnaz ($44.55 in chips) 
Seat 4: 7bekon7 ($134.16 in chips) 
Seat 6: BoyLoc0 ($138.38 in chips) 
BoyLoc0: posts small blind $0.50
CashfishT: posts big blind $1
*** HOLE CARDS ***
Drummino1993: raises $2 to $3
trillnaz: calls $3
7bekon7: raises $10 to $13
BoyLoc0: folds 
CashfishT: folds 
Drummino1993: calls $10
trillnaz: raises $31.55 to $44.55 and is all-in
7bekon7: calls $31.55
Drummino1993: calls $25.21 and is all-in
*** FLOP *** [As 3c Kd]
*** TURN *** [As 3c Kd] [4h]
*** RIVER *** [As 3c Kd 4h] [7d]
*** SHOW DOWN ***
trillnaz: shows [Ac Qd] (a pair of Aces)
7bekon7: shows [Jc Jh] (a pair of Jacks)
trillnaz collected $12.68 from side pot
Drummino1993: shows [4d 4c] (three of a kind, Fours)
Drummino1993 cashed out the hand for $20.37 | Cash Out Fee $0.42
*** SUMMARY ***
Total pot $128.81 Main pot $113.63. Side pot $12.68. | Rake $2.50 
Board [As 3c Kd 4h 7d]
Seat 5: Aleqseuka
Seat 1: CashfishT (big blind) folded before Flop
Seat 2: Drummino1993 showed [4d 4c] and won ($113.63) with three of a kind, Fours (pot not awarded as player cashed out)
Seat 3: trillnaz showed [Ac Qd] and won ($12.68) with a pair of Aces
Seat 4: 7bekon7 (button) showed [Jc Jh] and lost with a pair of Jacks
Seat 6: BoyLoc0 (small blind) folded before Flop



PokerStars Hand #254525547054:  Hold'em No Limit ($0.50/$1.00 USD) - 2025/01/24 5:08:01 WET [2025/01/24 0:08:01 ET]
Table 'Kartvelia IV' 6-max Seat #6 is the button
Seat 5: Aleqseuka ($195.64 in chips) is sitting out
Seat 1: CashfishT ($104.27 in chips) 
Seat 2: Drummino1993 ($20.37 in chips) 
Seat 3: trillnaz ($12.68 in chips) 
Seat 4: 7bekon7 ($100 in chips) 
Seat 6: BoyLoc0 ($137.88 in chips) 
CashfishT: posts small blind $0.50
Drummino1993: posts big blind $1
*** HOLE CARDS ***
trillnaz has timed out
trillnaz: folds 
7bekon7: raises $1.50 to $2.50
BoyLoc0: folds 
CashfishT: folds 
Drummino1993: calls $1.50
*** FLOP *** [5c Qh 6c]
Drummino1993: checks 
7bekon7: bets $2.61
Drummino1993: calls $2.61
*** TURN *** [5c Qh 6c] [3h]
Drummino1993: checks 
7bekon7: bets $20.36
Drummino1993: folds 
Uncalled bet ($20.36) returned to 7bekon7
7bekon7 collected $10.18 from pot
7bekon7: doesn't show hand 
*** SUMMARY ***
Total pot $10.72 | Rake $0.54 
Board [5c Qh 6c 3h]
Seat 5: Aleqseuka
Seat 1: CashfishT (small blind) folded before Flop
Seat 2: Drummino1993 (big blind) folded on the Turn
Seat 3: trillnaz folded before Flop (didn't bet)
Seat 4: 7bekon7 collected ($10.18)
Seat 6: BoyLoc0 (button) folded before Flop (didn't bet)



PokerStars Hand #254525550962:  Hold'em No Limit ($0.50/$1.00 USD) - 2025/01/24 5:08:43 WET [2025/01/24 0:08:43 ET]
Table 'Kartvelia IV' 6-max Seat #1 is the button
Seat 5: Aleqseuka ($195.64 in chips) is sitting out
Seat 1: CashfishT ($103.77 in chips) 
Seat 2: Drummino1993 ($15.26 in chips) 
Seat 3: trillnaz ($12.68 in chips) 
Seat 4: 7bekon7 ($105.07 in chips) 
Seat 6: BoyLoc0 ($137.88 in chips) 
Drummino1993: posts small blind $0.50
trillnaz: posts big blind $1
*** HOLE CARDS ***
7bekon7: folds 
BoyLoc0: raises $1.50 to $2.50
CashfishT: folds 
Drummino1993: calls $2
trillnaz: calls $1.50
*** FLOP *** [3h Ac 6s]
Drummino1993: bets $12.76 and is all-in
Aleqseuka leaves the table
trillnaz: folds 
BoyLoc0: calls $12.76
*** TURN *** [3h Ac 6s] [6c]
*** RIVER *** [3h Ac 6s 6c] [9h]
*** SHOW DOWN ***
Drummino1993: shows [Ad 5s] (two pair, Aces and Sixes)
BoyLoc0: shows [5h As] (two pair, Aces and Sixes)
Drummino1993 collected $15.69 from pot
BoyLoc0 collected $15.68 from pot
*** SUMMARY ***
Total pot $33.02 | Rake $1.65 
Board [3h Ac 6s 6c 9h]
Seat 5: Aleqseuka
Seat 1: CashfishT (button) folded before Flop (didn't bet)
Seat 2: Drummino1993 (small blind) showed [Ad 5s] and won ($15.69) with two pair, Aces and Sixes
Seat 3: trillnaz (big blind) folded on the Flop
Seat 4: 7bekon7 folded before Flop (didn't bet)
Seat 6: BoyLoc0 showed [5h As] and won ($15.68) with two pair, Aces and Sixes



PokerStars Hand #254525556259:  Hold'em No Limit ($0.50/$1.00 USD) - 2025/01/24 5:09:40 WET [2025/01/24 0:09:40 ET]
Table 'Kartvelia IV' 6-max Seat #2 is the button
Seat 1: CashfishT ($103.77 in chips) 
Seat 2: Drummino1993 ($15.69 in chips) 
Seat 3: trillnaz ($10.18 in chips) 
Seat 4: 7bekon7 ($105.07 in chips) 
Seat 6: BoyLoc0 ($138.30 in chips) 
trillnaz: posts small blind $0.50
7bekon7: posts big blind $1
*** HOLE CARDS ***
BoyLoc0: folds 
CashfishT: raises $1.20 to $2.20
Drummino1993: calls $2.20
trillnaz: raises $7.98 to $10.18 and is all-in
7bekon7: folds 
CashfishT: raises $24.32 to $34.50
Drummino1993: folds 
Uncalled bet ($24.32) returned to CashfishT
Supermegopro joins the table at seat #5 
*** FLOP *** [Qd 3d Ac]
*** TURN *** [Qd 3d Ac] [8h]
*** RIVER *** [Qd 3d Ac 8h] [Ah]
*** SHOW DOWN ***
trillnaz: shows [Tc 9c] (a pair of Aces)
CashfishT: shows [Js As] (three of a kind, Aces)
CashfishT collected $22.38 from pot
*** SUMMARY ***
Total pot $23.56 | Rake $1.18 
Board [Qd 3d Ac 8h Ah]
Seat 1: CashfishT showed [Js As] and won ($22.38) with three of a kind, Aces
Seat 2: Drummino1993 (button) folded before Flop
Seat 3: trillnaz (small blind) showed [Tc 9c] and lost with a pair of Aces
Seat 4: 7bekon7 (big blind) folded before Flop
Seat 6: BoyLoc0 folded before Flop (didn't bet)



PokerStars Hand #254525560521:  Hold'em No Limit ($0.50/$1.00 USD) - 2025/01/24 5:10:26 WET [2025/01/24 0:10:26 ET]
Table 'Kartvelia IV' 6-max Seat #4 is the button
Seat 3: trillnaz ($0 in chips) is sitting out
Seat 5: Supermegopro ($100 in chips) is sitting out
Seat 1: CashfishT ($115.97 in chips) 
Seat 2: Drummino1993 ($13.49 in chips) 
Seat 4: 7bekon7 ($104.07 in chips) 
Seat 6: BoyLoc0 ($138.30 in chips) 
BoyLoc0: posts small blind $0.50
CashfishT: posts big blind $1
*** HOLE CARDS ***
Drummino1993: raises $12.49 to $13.49 and is all-in
trillnaz is disconnected 
7bekon7: folds 
BoyLoc0: folds 
CashfishT: folds 
Uncalled bet ($12.49) returned to Drummino1993
Drummino1993 collected $2.50 from pot
*** SUMMARY ***
Total pot $2.50 | Rake $0 
Seat 3: trillnaz
Seat 5: Supermegopro
Seat 1: CashfishT (big blind) folded before Flop
Seat 2: Drummino1993 collected ($2.50)
Seat 4: 7bekon7 (button) folded before Flop (didn't bet)
Seat 6: BoyLoc0 (small blind) folded before Flop



PokerStars Hand #254525562108:  Hold'em No Limit ($0.50/$1.00 USD) - 2025/01/24 5:10:43 WET [2025/01/24 0:10:43 ET]
Table 'Kartvelia IV' 6-max Seat #6 is the button
Seat 3: trillnaz ($0 in chips) is sitting out
Seat 5: Supermegopro ($100 in chips) is sitting out
Seat 1: CashfishT ($114.97 in chips) 
Seat 2: Drummino1993 ($14.99 in chips) 
Seat 4: 7bekon7 ($104.07 in chips) 
Seat 6: BoyLoc0 ($137.80 in chips) 
CashfishT: posts small blind $0.50
Drummino1993: posts big blind $1
Supermegopro: sits out 
*** HOLE CARDS ***
7bekon7: folds 
BoyLoc0: folds 
CashfishT: folds 
Uncalled bet ($0.50) returned to Drummino1993
Drummino1993 collected $1 from pot
*** SUMMARY ***
Total pot $1 | Rake $0 
Seat 3: trillnaz
Seat 5: Supermegopro
Seat 1: CashfishT (small blind) folded before Flop
Seat 2: Drummino1993 (big blind) collected ($1)
Seat 4: 7bekon7 folded before Flop (didn't bet)
Seat 6: BoyLoc0 (button) folded before Flop (didn't bet)



PokerStars Hand #254525563199:  Hold'em No Limit ($0.50/$1.00 USD) - 2025/01/24 5:10:54 WET [2025/01/24 0:10:54 ET]
Table 'Kartvelia IV' 6-max Seat #1 is the button
Seat 3: trillnaz ($0 in chips) is sitting out
Seat 5: Supermegopro ($100 in chips) is sitting out
Seat 1: CashfishT ($114.47 in chips) 
Seat 2: Drummino1993 ($15.49 in chips) 
Seat 4: 7bekon7 ($104.07 in chips) 
Seat 6: BoyLoc0 ($137.80 in chips) 
Drummino1993: posts small blind $0.50
7bekon7: posts big blind $1
Supermegopro: sits out 
*** HOLE CARDS ***
BoyLoc0: folds 
CashfishT: folds 
Drummino1993: folds 
Uncalled bet ($0.50) returned to 7bekon7
7bekon7 collected $1 from pot
7bekon7: doesn't show hand 
*** SUMMARY ***
Total pot $1 | Rake $0 
Seat 3: trillnaz
Seat 5: Supermegopro
Seat 1: CashfishT (button) folded before Flop (didn't bet)
Seat 2: Drummino1993 (small blind) folded before Flop
Seat 4: 7bekon7 (big blind) collected ($1)
Seat 6: BoyLoc0 folded before Flop (didn't bet)



PokerStars Hand #254525564063:  Hold'em No Limit ($0.50/$1.00 USD) - 2025/01/24 5:11:04 WET [2025/01/24 0:11:04 ET]
Table 'Kartvelia IV' 6-max Seat #2 is the button
Seat 3: trillnaz ($0 in chips) is sitting out
Seat 1: CashfishT ($114.47 in chips) 
Seat 2: Drummino1993 ($14.99 in chips) 
Seat 4: 7bekon7 ($104.57 in chips) 
Seat 5: Supermegopro ($100 in chips) 
Seat 6: BoyLoc0 ($137.80 in chips) 
7bekon7: posts small blind $0.50
Supermegopro: posts big blind $1
*** HOLE CARDS ***
BoyLoc0: folds 
CashfishT: raises $1.20 to $2.20
Drummino1993: folds 
7bekon7: folds 
Supermegopro: folds 
Uncalled bet ($1.20) returned to CashfishT
CashfishT collected $2.50 from pot
CashfishT: doesn't show hand 
*** SUMMARY ***
Total pot $2.50 | Rake $0 
Seat 3: trillnaz
Seat 1: CashfishT collected ($2.50)
Seat 2: Drummino1993 (button) folded before Flop (didn't bet)
Seat 4: 7bekon7 (small blind) folded before Flop
Seat 5: Supermegopro (big blind) folded before Flop
Seat 6: BoyLoc0 folded before Flop (didn't bet)



PokerStars Hand #254525565941:  Hold'em No Limit ($0.50/$1.00 USD) - 2025/01/24 5:11:25 WET [2025/01/24 0:11:25 ET]
Table 'Kartvelia IV' 6-max Seat #4 is the button
Seat 3: trillnaz ($0 in chips) is sitting out
Seat 1: CashfishT ($115.97 in chips) 
Seat 2: Drummino1993 ($14.99 in chips) 
Seat 4: 7bekon7 ($104.07 in chips) 
Seat 5: Supermegopro ($100 in chips) 
Seat 6: BoyLoc0 ($137.80 in chips) 
Supermegopro: posts small blind $0.50
BoyLoc0: posts big blind $1
*** HOLE CARDS ***
CashfishT: folds 
Drummino1993: raises $2 to $3
7bekon7: folds 
Supermegopro: folds 
BoyLoc0: folds 
Uncalled bet ($2) returned to Drummino1993
Drummino1993 collected $2.50 from pot
*** SUMMARY ***
Total pot $2.50 | Rake $0 
Seat 3: trillnaz
Seat 1: CashfishT folded before Flop (didn't bet)
Seat 2: Drummino1993 collected ($2.50)
Seat 4: 7bekon7 (button) folded before Flop (didn't bet)
Seat 5: Supermegopro (small blind) folded before Flop
Seat 6: BoyLoc0 (big blind) folded before Flop



PokerStars Hand #254525567373:  Hold'em No Limit ($0.50/$1.00 USD) - 2025/01/24 5:11:40 WET [2025/01/24 0:11:40 ET]
Table 'Kartvelia IV' 6-max Seat #5 is the button
Seat 3: trillnaz ($0 in chips) is sitting out
Seat 1: CashfishT ($115.97 in chips) 
Seat 2: Drummino1993 ($16.49 in chips) 
Seat 4: 7bekon7 ($104.07 in chips) 
Seat 5: Supermegopro ($100 in chips) 
Seat 6: BoyLoc0 ($136.80 in chips) 
BoyLoc0: posts small blind $0.50
CashfishT: posts big blind $1
*** HOLE CARDS ***
Drummino1993: raises $2 to $3
7bekon7: folds 
Supermegopro: folds 
BoyLoc0: folds 
CashfishT: folds 
Uncalled bet ($2) returned to Drummino1993
Drummino1993 collected $2.50 from pot
*** SUMMARY ***
Total pot $2.50 | Rake $0 
Seat 3: trillnaz
Seat 1: CashfishT (big blind) folded before Flop
Seat 2: Drummino1993 collected ($2.50)
Seat 4: 7bekon7 folded before Flop (didn't bet)
Seat 5: Supermegopro (button) folded before Flop (didn't bet)
Seat 6: BoyLoc0 (small blind) folded before Flop



PokerStars Hand #254525568632:  Hold'em No Limit ($0.50/$1.00 USD) - 2025/01/24 5:11:54 WET [2025/01/24 0:11:54 ET]
Table 'Kartvelia IV' 6-max Seat #6 is the button
Seat 3: trillnaz ($0 in chips) is sitting out
Seat 1: CashfishT ($114.97 in chips) 
Seat 2: Drummino1993 ($17.99 in chips) 
Seat 4: 7bekon7 ($104.07 in chips) 
Seat 5: Supermegopro ($100 in chips) 
Seat 6: BoyLoc0 ($136.30 in chips) 
CashfishT: posts small blind $0.50
Drummino1993: posts big blind $1
*** HOLE CARDS ***
7bekon7: raises $1.25 to $2.25
Supermegopro: folds 
BoyLoc0: folds 
CashfishT: raises $8.75 to $11
Drummino1993: folds 
7bekon7: folds 
Uncalled bet ($8.75) returned to CashfishT
CashfishT collected $5.50 from pot
CashfishT: doesn't show hand 
*** SUMMARY ***
Total pot $5.50 | Rake $0 
Seat 3: trillnaz
Seat 1: CashfishT (small blind) collected ($5.50)
Seat 2: Drummino1993 (big blind) folded before Flop
Seat 4: 7bekon7 folded before Flop
Seat 5: Supermegopro folded before Flop (didn't bet)
Seat 6: BoyLoc0 (button) folded before Flop (didn't bet)



PokerStars Hand #254525571104:  Hold'em No Limit ($0.50/$1.00 USD) - 2025/01/24 5:12:21 WET [2025/01/24 0:12:21 ET]
Table 'Kartvelia IV' 6-max Seat #1 is the button
Seat 3: trillnaz ($0 in chips) is sitting out
Seat 1: CashfishT ($118.22 in chips) 
Seat 2: Drummino1993 ($16.99 in chips) 
Seat 4: 7bekon7 ($101.82 in chips) 
Seat 5: Supermegopro ($100 in chips) 
Seat 6: BoyLoc0 ($136.30 in chips) 
Drummino1993: posts small blind $0.50
7bekon7: posts big blind $1
*** HOLE CARDS ***
Supermegopro: folds 
BoyLoc0: folds 
CashfishT: folds 
Drummino1993: folds 
Uncalled bet ($0.50) returned to 7bekon7
7bekon7 collected $1 from pot
7bekon7: doesn't show hand 
*** SUMMARY ***
Total pot $1 | Rake $0 
Seat 3: trillnaz
Seat 1: CashfishT (button) folded before Flop (didn't bet)
Seat 2: Drummino1993 (small blind) folded before Flop
Seat 4: 7bekon7 (big blind) collected ($1)
Seat 5: Supermegopro folded before Flop (didn't bet)
Seat 6: BoyLoc0 folded before Flop (didn't bet)



PokerStars Hand #254525572350:  Hold'em No Limit ($0.50/$1.00 USD) - 2025/01/24 5:12:35 WET [2025/01/24 0:12:35 ET]
Table 'Kartvelia IV' 6-max Seat #2 is the button
Seat 3: trillnaz ($0 in chips) is sitting out
Seat 1: CashfishT ($118.22 in chips) 
Seat 2: Drummino1993 ($16.49 in chips) 
Seat 4: 7bekon7 ($102.32 in chips) 
Seat 5: Supermegopro ($100 in chips) 
Seat 6: BoyLoc0 ($136.30 in chips) 
7bekon7: posts small blind $0.50
Supermegopro: posts big blind $1
*** HOLE CARDS ***
BoyLoc0: raises $1.50 to $2.50
CashfishT: folds 
Drummino1993: calls $2.50
7bekon7: folds 
Supermegopro: calls $1.50
*** FLOP *** [As 6s Jc]
Supermegopro: checks 
BoyLoc0: checks 
Drummino1993: checks 
*** TURN *** [As 6s Jc] [7s]
Supermegopro: checks 
BoyLoc0: bets $5.70
Drummino1993: calls $5.70
Supermegopro: folds 
*** RIVER *** [As 6s Jc 7s] [Qc]
BoyLoc0: bets $13.82
Drummino1993: calls $8.29 and is all-in
Uncalled bet ($5.53) returned to BoyLoc0
*** SHOW DOWN ***
BoyLoc0: shows [7h 7d] (three of a kind, Sevens)
Drummino1993: shows [Qs Th] (a pair of Queens)
BoyLoc0 collected $34.18 from pot
*** SUMMARY ***
Total pot $35.98 | Rake $1.80 
Board [As 6s Jc 7s Qc]
Seat 3: trillnaz
Seat 1: CashfishT folded before Flop (didn't bet)
Seat 2: Drummino1993 (button) showed [Qs Th] and lost with a pair of Queens
Seat 4: 7bekon7 (small blind) folded before Flop
Seat 5: Supermegopro (big blind) folded on the Turn
Seat 6: BoyLoc0 showed [7h 7d] and won ($34.18) with three of a kind, Sevens



PokerStars Hand #254525577399:  Hold'em No Limit ($0.50/$1.00 USD) - 2025/01/24 5:13:30 WET [2025/01/24 0:13:30 ET]
Table 'Kartvelia IV' 6-max Seat #4 is the button
Seat 2: Drummino1993 ($0 in chips) is sitting out
Seat 3: trillnaz ($0 in chips) is sitting out
Seat 1: CashfishT ($118.22 in chips) 
Seat 4: 7bekon7 ($101.82 in chips) 
Seat 5: Supermegopro ($100 in chips) 
Seat 6: BoyLoc0 ($153.99 in chips) 
Supermegopro: posts small blind $0.50
BoyLoc0: posts big blind $1
*** HOLE CARDS ***
CashfishT: folds 
7bekon7: folds 
Supermegopro: folds 
Uncalled bet ($0.50) returned to BoyLoc0
BoyLoc0 collected $1 from pot
BoyLoc0: doesn't show hand 
*** SUMMARY ***
Total pot $1 | Rake $0 
Seat 2: Drummino1993
Seat 3: trillnaz
Seat 1: CashfishT folded before Flop (didn't bet)
Seat 4: 7bekon7 (button) folded before Flop (didn't bet)
Seat 5: Supermegopro (small blind) folded before Flop
Seat 6: BoyLoc0 (big blind) collected ($1)



PokerStars Hand #254525578393:  Hold'em No Limit ($0.50/$1.00 USD) - 2025/01/24 5:13:41 WET [2025/01/24 0:13:41 ET]
Table 'Kartvelia IV' 6-max Seat #5 is the button
Seat 2: Drummino1993 ($0 in chips) is sitting out
Seat 3: trillnaz ($0 in chips) is sitting out
Seat 1: CashfishT ($118.22 in chips) 
Seat 4: 7bekon7 ($101.82 in chips) 
Seat 5: Supermegopro ($100 in chips) 
Seat 6: BoyLoc0 ($154.49 in chips) 
BoyLoc0: posts small blind $0.50
CashfishT: posts big blind $1
*** HOLE CARDS ***
7bekon7: folds 
Supermegopro: folds 
BoyLoc0: folds 
Uncalled bet ($0.50) returned to CashfishT
CashfishT collected $1 from pot
CashfishT: doesn't show hand 
*** SUMMARY ***
Total pot $1 | Rake $0 
Seat 2: Drummino1993
Seat 3: trillnaz
Seat 1: CashfishT (big blind) collected ($1)
Seat 4: 7bekon7 folded before Flop (didn't bet)
Seat 5: Supermegopro (button) folded before Flop (didn't bet)
Seat 6: BoyLoc0 (small blind) folded before Flop



PokerStars Hand #254525579349:  Hold'em No Limit ($0.50/$1.00 USD) - 2025/01/24 5:13:52 WET [2025/01/24 0:13:52 ET]
Table 'Kartvelia IV' 6-max Seat #6 is the button
Seat 2: Drummino1993 ($0 in chips) is sitting out
Seat 3: trillnaz ($0 in chips) is sitting out
Seat 1: CashfishT ($118.72 in chips) 
Seat 4: 7bekon7 ($101.82 in chips) 
Seat 5: Supermegopro ($100 in chips) 
Seat 6: BoyLoc0 ($153.99 in chips) 
CashfishT: posts small blind $0.50
7bekon7: posts big blind $1
*** HOLE CARDS ***
Supermegopro: folds 
BoyLoc0: raises $1.50 to $2.50
CashfishT: folds 
7bekon7: calls $1.50
*** FLOP *** [2h 4d 8d]
7bekon7: checks 
BoyLoc0: checks 
*** TURN *** [2h 4d 8d] [8c]
7bekon7: bets $2.61
BoyLoc0: folds 
Uncalled bet ($2.61) returned to 7bekon7
7bekon7 collected $5.22 from pot
7bekon7: doesn't show hand 
*** SUMMARY ***
Total pot $5.50 | Rake $0.28 
Board [2h 4d 8d 8c]
Seat 2: Drummino1993
Seat 3: trillnaz
Seat 1: CashfishT (small blind) folded before Flop
Seat 4: 7bekon7 (big blind) collected ($5.22)
Seat 5: Supermegopro folded before Flop (didn't bet)
Seat 6: BoyLoc0 (button) folded on the Turn



PokerStars Hand #254525582962:  Hold'em No Limit ($0.50/$1.00 USD) - 2025/01/24 5:14:32 WET [2025/01/24 0:14:32 ET]
Table 'Kartvelia IV' 6-max Seat #1 is the button
Seat 2: Drummino1993 ($18.59 in chips) is sitting out
Seat 3: trillnaz ($0 in chips) is sitting out
Seat 1: CashfishT ($118.22 in chips) 
Seat 4: 7bekon7 ($104.54 in chips) 
Seat 5: Supermegopro ($100 in chips) 
Seat 6: BoyLoc0 ($151.49 in chips) 
7bekon7: posts small blind $0.50
Supermegopro: posts big blind $1
*** HOLE CARDS ***
BoyLoc0: folds 
CashfishT: folds 
7bekon7: calls $0.50
Supermegopro: checks 
*** FLOP *** [Th 5c 2h]
7bekon7: checks 
Supermegopro: bets $1.27
7bekon7: folds 
Uncalled bet ($1.27) returned to Supermegopro
Supermegopro collected $1.90 from pot
Supermegopro: doesn't show hand 
*** SUMMARY ***
Total pot $2 | Rake $0.10 
Board [Th 5c 2h]
Seat 2: Drummino1993
Seat 3: trillnaz
Seat 1: CashfishT (button) folded before Flop (didn't bet)
Seat 4: 7bekon7 (small blind) folded on the Flop
Seat 5: Supermegopro (big blind) collected ($1.90)
Seat 6: BoyLoc0 folded before Flop (didn't bet)



PokerStars Hand #254525587536:  Hold'em No Limit ($0.50/$1.00 USD) - 2025/01/24 5:15:23 WET [2025/01/24 0:15:23 ET]
Table 'Kartvelia IV' 6-max Seat #4 is the button
Seat 3: trillnaz ($0 in chips) is sitting out
Seat 1: CashfishT ($118.22 in chips) 
Seat 2: Drummino1993 ($18.59 in chips) 
Seat 4: 7bekon7 ($103.54 in chips) 
Seat 5: Supermegopro ($100.90 in chips) 
Seat 6: BoyLoc0 ($151.49 in chips) 
Supermegopro: posts small blind $0.50
BoyLoc0: posts big blind $1
Drummino1993: posts small & big blinds $1.50
*** HOLE CARDS ***
CashfishT: folds 
Drummino1993: checks 
7bekon7: raises $3 to $4
Supermegopro: folds 
BoyLoc0: folds 
Drummino1993: calls $3
*** FLOP *** [4s Ah Tc]
Drummino1993: checks 
7bekon7: bets $2.38
Drummino1993: calls $2.38
*** TURN *** [4s Ah Tc] [7h]
Drummino1993: checks 
7bekon7: bets $3.51
Drummino1993: calls $3.51
*** RIVER *** [4s Ah Tc 7h] [2c]
Drummino1993: checks 
7bekon7: bets $10.35
BoyLoc0 leaves the table
Drummino1993: calls $8.20 and is all-in
Uncalled bet ($2.15) returned to 7bekon7
*** SHOW DOWN ***
7bekon7: shows [5c Ac] (a pair of Aces)
Drummino1993: shows [Ts 6d] (a pair of Tens)
7bekon7 collected $36.27 from pot
*** SUMMARY ***
Total pot $38.18 | Rake $1.91 
Board [4s Ah Tc 7h 2c]
Seat 3: trillnaz
Seat 1: CashfishT folded before Flop (didn't bet)
Seat 2: Drummino1993 showed [Ts 6d] and lost with a pair of Tens
Seat 4: 7bekon7 (button) showed [5c Ac] and won ($36.27) with a pair of Aces
Seat 5: Supermegopro (small blind) folded before Flop
Seat 6: BoyLoc0 (big blind) folded before Flop



PokerStars Hand #254525591397:  Hold'em No Limit ($0.50/$1.00 USD) - 2025/01/24 5:16:07 WET [2025/01/24 0:16:07 ET]
Table 'Kartvelia IV' 6-max Seat #5 is the button
Seat 2: Drummino1993 ($0 in chips) is sitting out
Seat 3: trillnaz ($0 in chips) is sitting out
Seat 1: CashfishT ($118.22 in chips) 
Seat 4: 7bekon7 ($121.72 in chips) 
Seat 5: Supermegopro ($100.40 in chips) 
CashfishT: posts small blind $0.50
7bekon7: posts big blind $1
*** HOLE CARDS ***
Supermegopro: raises $1.50 to $2.50
CashfishT: folds 
7bekon7: calls $1.50
*** FLOP *** [2s 3c Js]
7bekon7: checks 
Supermegopro: checks 
*** TURN *** [2s 3c Js] [3h]
7bekon7: checks 
Supermegopro: checks 
*** RIVER *** [2s 3c Js 3h] [Kc]
7bekon7: checks 
KeR888 joins the table at seat #6 
Supermegopro: bets $1.72
7bekon7: calls $1.72
*** SHOW DOWN ***
Supermegopro: shows [8s 9h] (a pair of Threes)
7bekon7: shows [Ah 7d] (a pair of Threes - Ace kicker)
7bekon7 collected $8.49 from pot
trillnaz leaves the table
*** SUMMARY ***
Total pot $8.94 | Rake $0.45 
Board [2s 3c Js 3h Kc]
Seat 2: Drummino1993
Seat 3: trillnaz
Seat 1: CashfishT (small blind) folded before Flop
Seat 4: 7bekon7 (big blind) showed [Ah 7d] and won ($8.49) with a pair of Threes
Seat 5: Supermegopro (button) showed [8s 9h] and lost with a pair of Threes



PokerStars Hand #254525596591:  Hold'em No Limit ($0.50/$1.00 USD) - 2025/01/24 5:17:05 WET [2025/01/24 0:17:05 ET]
Table 'Kartvelia IV' 6-max Seat #1 is the button
Seat 2: Drummino1993 ($24.78 in chips) is sitting out
Seat 6: KeR888 ($100 in chips) is sitting out
Seat 1: CashfishT ($117.72 in chips) 
Seat 4: 7bekon7 ($125.99 in chips) 
Seat 5: Supermegopro ($100 in chips) 
7bekon7: posts small blind $0.50
Supermegopro: posts big blind $1
KeR888: sits out 
*** HOLE CARDS ***
CashfishT: folds 
socito joins the table at seat #3 
7bekon7: raises $2 to $3
Supermegopro: raises $7 to $10
7bekon7: calls $7
*** FLOP *** [Qh Ts 3d]
7bekon7: checks 
Supermegopro: bets $12.67
7bekon7: folds 
Uncalled bet ($12.67) returned to Supermegopro
Supermegopro collected $19 from pot
Supermegopro: doesn't show hand 
*** SUMMARY ***
Total pot $20 | Rake $1 
Board [Qh Ts 3d]
Seat 2: Drummino1993
Seat 6: KeR888
Seat 1: CashfishT (button) folded before Flop (didn't bet)
Seat 4: 7bekon7 (small blind) folded on the Flop
Seat 5: Supermegopro (big blind) collected ($19)



PokerStars Hand #254525600897:  Hold'em No Limit ($0.50/$1.00 USD) - 2025/01/24 5:17:53 WET [2025/01/24 0:17:53 ET]
Table 'Kartvelia IV' 6-max Seat #4 is the button
Seat 3: socito ($100 in chips) is sitting out
Seat 1: CashfishT ($117.72 in chips) 
Seat 2: Drummino1993 ($24.78 in chips) 
Seat 4: 7bekon7 ($115.99 in chips) 
Seat 5: Supermegopro ($109 in chips) 
Seat 6: KeR888 ($100 in chips) 
Supermegopro: posts small blind $0.50
KeR888: posts big blind $1
Drummino1993: posts small & big blinds $1.50
socito: sits out 
*** HOLE CARDS ***
CashfishT: folds 
Drummino1993: checks 
7bekon7: folds 
Supermegopro: folds 
KeR888: raises $3 to $4
Drummino1993: calls $3
*** FLOP *** [7h Jd 3c]
KeR888: bets $6.41
Drummino1993: folds 
Uncalled bet ($6.41) returned to KeR888
KeR888 collected $8.55 from pot
KeR888: doesn't show hand 
*** SUMMARY ***
Total pot $9 | Rake $0.45 
Board [7h Jd 3c]
Seat 3: socito
Seat 1: CashfishT folded before Flop (didn't bet)
Seat 2: Drummino1993 folded on the Flop
Seat 4: 7bekon7 (button) folded before Flop (didn't bet)
Seat 5: Supermegopro (small blind) folded before Flop
Seat 6: KeR888 (big blind) collected ($8.55)



PokerStars Hand #254525603340:  Hold'em No Limit ($0.50/$1.00 USD) - 2025/01/24 5:18:21 WET [2025/01/24 0:18:21 ET]
Table 'Kartvelia IV' 6-max Seat #5 is the button
Seat 3: socito ($100 in chips) is sitting out
Seat 1: CashfishT ($117.72 in chips) 
Seat 2: Drummino1993 ($20.28 in chips) 
Seat 4: 7bekon7 ($115.99 in chips) 
Seat 5: Supermegopro ($108.50 in chips) 
Seat 6: KeR888 ($104.55 in chips) 
KeR888: posts small blind $0.50
CashfishT: posts big blind $1
socito: sits out 
*** HOLE CARDS ***
Drummino1993: folds 
7bekon7: folds 
Supermegopro: folds 
KeR888: folds 
Uncalled bet ($0.50) returned to CashfishT
CashfishT collected $1 from pot
CashfishT: doesn't show hand 
*** SUMMARY ***
Total pot $1 | Rake $0 
Seat 3: socito
Seat 1: CashfishT (big blind) collected ($1)
Seat 2: Drummino1993 folded before Flop (didn't bet)
Seat 4: 7bekon7 folded before Flop (didn't bet)
Seat 5: Supermegopro (button) folded before Flop (didn't bet)
Seat 6: KeR888 (small blind) folded before Flop



PokerStars Hand #254525604261:  Hold'em No Limit ($0.50/$1.00 USD) - 2025/01/24 5:18:31 WET [2025/01/24 0:18:31 ET]
Table 'Kartvelia IV' 6-max Seat #6 is the button
Seat 3: socito ($100 in chips) is sitting out
Seat 1: CashfishT ($118.22 in chips) 
Seat 2: Drummino1993 ($20.28 in chips) 
Seat 4: 7bekon7 ($115.99 in chips) 
Seat 5: Supermegopro ($108.50 in chips) 
Seat 6: KeR888 ($104.05 in chips) 
CashfishT: posts small blind $0.50
Drummino1993: posts big blind $1
socito: sits out 
*** HOLE CARDS ***
7bekon7: raises $1.25 to $2.25
Supermegopro: folds 
KeR888: folds 
CashfishT: folds 
Drummino1993: raises $5 to $7.25
7bekon7: folds 
Uncalled bet ($5) returned to Drummino1993
Drummino1993 collected $5 from pot
*** SUMMARY ***
Total pot $5 | Rake $0 
Seat 3: socito
Seat 1: CashfishT (small blind) folded before Flop
Seat 2: Drummino1993 (big blind) collected ($5)
Seat 4: 7bekon7 folded before Flop
Seat 5: Supermegopro folded before Flop (didn't bet)
Seat 6: KeR888 (button) folded before Flop (didn't bet)



PokerStars Hand #254525606923:  Hold'em No Limit ($0.50/$1.00 USD) - 2025/01/24 5:19:02 WET [2025/01/24 0:19:02 ET]
Table 'Kartvelia IV' 6-max Seat #1 is the button
Seat 1: CashfishT ($117.72 in chips) 
Seat 2: Drummino1993 ($23.03 in chips) 
Seat 3: socito ($100 in chips) 
Seat 4: 7bekon7 ($113.74 in chips) 
Seat 5: Supermegopro ($108.50 in chips) 
Seat 6: KeR888 ($104.05 in chips) 
Drummino1993: posts small blind $0.50
socito: posts big blind $1
*** HOLE CARDS ***
7bekon7: folds 
Supermegopro: folds 
KeR888: folds 
CashfishT: folds 
Drummino1993: calls $0.50
socito: checks 
*** FLOP *** [8c Kh 3d]
Drummino1993: checks 
socito: checks 
*** TURN *** [8c Kh 3d] [9c]
Drummino1993: bets $1.90
socito: folds 
Uncalled bet ($1.90) returned to Drummino1993
Drummino1993 collected $1.90 from pot
*** SUMMARY ***
Total pot $2 | Rake $0.10 
Board [8c Kh 3d 9c]
Seat 1: CashfishT (button) folded before Flop (didn't bet)
Seat 2: Drummino1993 (small blind) collected ($1.90)
Seat 3: socito (big blind) folded on the Turn
Seat 4: 7bekon7 folded before Flop (didn't bet)
Seat 5: Supermegopro folded before Flop (didn't bet)
Seat 6: KeR888 folded before Flop (didn't bet)



PokerStars Hand #254525611701:  Hold'em No Limit ($0.50/$1.00 USD) - 2025/01/24 5:19:57 WET [2025/01/24 0:19:57 ET]
Table 'Kartvelia IV' 6-max Seat #2 is the button
Seat 1: CashfishT ($117.72 in chips) 
Seat 2: Drummino1993 ($23.93 in chips) 
Seat 3: socito ($100 in chips) 
Seat 4: 7bekon7 ($113.74 in chips) 
Seat 5: Supermegopro ($108.50 in chips) 
Seat 6: KeR888 ($104.05 in chips) 
socito: posts small blind $0.50
7bekon7: posts big blind $1
*** HOLE CARDS ***
Supermegopro: raises $1.50 to $2.50
KeR888: folds 
CashfishT: folds 
Drummino1993: folds 
socito: folds 
7bekon7: folds 
Uncalled bet ($1.50) returned to Supermegopro
Supermegopro collected $2.50 from pot
Supermegopro: doesn't show hand 
*** SUMMARY ***
Total pot $2.50 | Rake $0 
Seat 1: CashfishT folded before Flop (didn't bet)
Seat 2: Drummino1993 (button) folded before Flop (didn't bet)
Seat 3: socito (small blind) folded before Flop
Seat 4: 7bekon7 (big blind) folded before Flop
Seat 5: Supermegopro collected ($2.50)
Seat 6: KeR888 folded before Flop (didn't bet)



PokerStars Hand #254525613761:  Hold'em No Limit ($0.50/$1.00 USD) - 2025/01/24 5:20:20 WET [2025/01/24 0:20:20 ET]
Table 'Kartvelia IV' 6-max Seat #3 is the button
Seat 1: CashfishT ($117.72 in chips) 
Seat 2: Drummino1993 ($23.93 in chips) 
Seat 3: socito ($100 in chips) 
Seat 4: 7bekon7 ($112.74 in chips) 
Seat 5: Supermegopro ($110 in chips) 
Seat 6: KeR888 ($104.05 in chips) 
7bekon7: posts small blind $0.50
Supermegopro: posts big blind $1
*** HOLE CARDS ***
KeR888: folds 
CashfishT: folds 
Drummino1993: folds 
socito: raises $1.50 to $2.50
7bekon7: folds 
Supermegopro: calls $1.50
*** FLOP *** [7d Ks 2d]
Supermegopro: checks 
socito: bets $1.72
Supermegopro: folds 
Uncalled bet ($1.72) returned to socito
socito collected $5.22 from pot
socito: doesn't show hand 
*** SUMMARY ***
Total pot $5.50 | Rake $0.28 
Board [7d Ks 2d]
Seat 1: CashfishT folded before Flop (didn't bet)
Seat 2: Drummino1993 folded before Flop (didn't bet)
Seat 3: socito (button) collected ($5.22)
Seat 4: 7bekon7 (small blind) folded before Flop
Seat 5: Supermegopro (big blind) folded on the Flop
Seat 6: KeR888 folded before Flop (didn't bet)



PokerStars Hand #254525617050:  Hold'em No Limit ($0.50/$1.00 USD) - 2025/01/24 5:20:58 WET [2025/01/24 0:20:58 ET]
Table 'Kartvelia IV' 6-max Seat #4 is the button
Seat 1: CashfishT ($117.72 in chips) 
Seat 2: Drummino1993 ($23.93 in chips) 
Seat 3: socito ($102.72 in chips) 
Seat 4: 7bekon7 ($112.24 in chips) 
Seat 5: Supermegopro ($107.50 in chips) 
Seat 6: KeR888 ($104.05 in chips) 
Supermegopro: posts small blind $0.50
KeR888: posts big blind $1
*** HOLE CARDS ***
CashfishT: raises $1.20 to $2.20
Drummino1993: calls $2.20
socito: folds 
7bekon7: folds 
Supermegopro: folds 
KeR888: folds 
*** FLOP *** [4h 7s Ac]
CashfishT: bets $1.85
Drummino1993: calls $1.85
*** TURN *** [4h 7s Ac] [6d]
CashfishT: checks 
Drummino1993: checks 
*** RIVER *** [4h 7s Ac 6d] [Jc]
CashfishT: bets $3.01
Drummino1993: folds 
Uncalled bet ($3.01) returned to CashfishT
CashfishT collected $9.12 from pot
CashfishT: doesn't show hand 
*** SUMMARY ***
Total pot $9.60 | Rake $0.48 
Board [4h 7s Ac 6d Jc]
Seat 1: CashfishT collected ($9.12)
Seat 2: Drummino1993 folded on the River
Seat 3: socito folded before Flop (didn't bet)
Seat 4: 7bekon7 (button) folded before Flop (didn't bet)
Seat 5: Supermegopro (small blind) folded before Flop
Seat 6: KeR888 (big blind) folded before Flop



PokerStars Hand #254525620199:  Hold'em No Limit ($0.50/$1.00 USD) - 2025/01/24 5:21:34 WET [2025/01/24 0:21:34 ET]
Table 'Kartvelia IV' 6-max Seat #5 is the button
Seat 1: CashfishT ($122.79 in chips) 
Seat 2: Drummino1993 ($19.88 in chips) 
Seat 3: socito ($102.72 in chips) 
Seat 4: 7bekon7 ($112.24 in chips) 
Seat 5: Supermegopro ($107 in chips) 
Seat 6: KeR888 ($103.05 in chips) 
KeR888: posts small blind $0.50
CashfishT: posts big blind $1
*** HOLE CARDS ***
Drummino1993: calls $1
socito: folds 
7bekon7: folds 
Supermegopro: folds 
KeR888: folds 
CashfishT: checks 
*** FLOP *** [As 5d Jd]
CashfishT: checks 
Drummino1993: bets $1
CashfishT: folds 
Uncalled bet ($1) returned to Drummino1993
Drummino1993 collected $2.38 from pot
*** SUMMARY ***
Total pot $2.50 | Rake $0.12 
Board [As 5d Jd]
Seat 1: CashfishT (big blind) folded on the Flop
Seat 2: Drummino1993 collected ($2.38)
Seat 3: socito folded before Flop (didn't bet)
Seat 4: 7bekon7 folded before Flop (didn't bet)
Seat 5: Supermegopro (button) folded before Flop (didn't bet)
Seat 6: KeR888 (small blind) folded before Flop



PokerStars Hand #254525622721:  Hold'em No Limit ($0.50/$1.00 USD) - 2025/01/24 5:22:03 WET [2025/01/24 0:22:03 ET]
Table 'Kartvelia IV' 6-max Seat #6 is the button
Seat 1: CashfishT ($121.79 in chips) 
Seat 2: Drummino1993 ($21.26 in chips) 
Seat 3: socito ($102.72 in chips) 
Seat 4: 7bekon7 ($112.24 in chips) 
Seat 5: Supermegopro ($107 in chips) 
Seat 6: KeR888 ($102.55 in chips) 
CashfishT: posts small blind $0.50
Drummino1993: posts big blind $1
*** HOLE CARDS ***
socito: folds 
7bekon7: folds 
Supermegopro: folds 
KeR888: folds 
CashfishT: folds 
Uncalled bet ($0.50) returned to Drummino1993
Drummino1993 collected $1 from pot
*** SUMMARY ***
Total pot $1 | Rake $0 
Seat 1: CashfishT (small blind) folded before Flop
Seat 2: Drummino1993 (big blind) collected ($1)
Seat 3: socito folded before Flop (didn't bet)
Seat 4: 7bekon7 folded before Flop (didn't bet)
Seat 5: Supermegopro folded before Flop (didn't bet)
Seat 6: KeR888 (button) folded before Flop (didn't bet)



PokerStars Hand #254525623833:  Hold'em No Limit ($0.50/$1.00 USD) - 2025/01/24 5:22:15 WET [2025/01/24 0:22:15 ET]
Table 'Kartvelia IV' 6-max Seat #1 is the button
Seat 1: CashfishT ($121.29 in chips) 
Seat 2: Drummino1993 ($21.76 in chips) 
Seat 3: socito ($102.72 in chips) 
Seat 4: 7bekon7 ($112.24 in chips) 
Seat 5: Supermegopro ($107 in chips) 
Seat 6: KeR888 ($102.55 in chips) 
Drummino1993: posts small blind $0.50
socito: posts big blind $1
*** HOLE CARDS ***
7bekon7: folds 
Supermegopro: folds 
KeR888: folds 
CashfishT: folds 
Drummino1993: folds 
Uncalled bet ($0.50) returned to socito
socito collected $1 from pot
socito: doesn't show hand 
*** SUMMARY ***
Total pot $1 | Rake $0 
Seat 1: CashfishT (button) folded before Flop (didn't bet)
Seat 2: Drummino1993 (small blind) folded before Flop
Seat 3: socito (big blind) collected ($1)
Seat 4: 7bekon7 folded before Flop (didn't bet)
Seat 5: Supermegopro folded before Flop (didn't bet)
Seat 6: KeR888 folded before Flop (didn't bet)



PokerStars Hand #254525624758:  Hold'em No Limit ($0.50/$1.00 USD) - 2025/01/24 5:22:26 WET [2025/01/24 0:22:26 ET]
Table 'Kartvelia IV' 6-max Seat #2 is the button
Seat 1: CashfishT ($121.29 in chips) 
Seat 2: Drummino1993 ($21.26 in chips) 
Seat 3: socito ($103.22 in chips) 
Seat 4: 7bekon7 ($112.24 in chips) 
Seat 5: Supermegopro ($107 in chips) 
Seat 6: KeR888 ($102.55 in chips) 
socito: posts small blind $0.50
7bekon7: posts big blind $1
*** HOLE CARDS ***
Supermegopro: folds 
KeR888: folds 
CashfishT: folds 
Drummino1993: raises $1 to $2
socito: folds 
7bekon7: calls $1
*** FLOP *** [Kd 5s 6d]
7bekon7: checks 
Drummino1993: bets $2
7bekon7: calls $2
*** TURN *** [Kd 5s 6d] [8d]
7bekon7: checks 
Drummino1993: checks 
*** RIVER *** [Kd 5s 6d 8d] [3h]
7bekon7: checks 
Drummino1993: bets $2
7bekon7: calls $2
*** SHOW DOWN ***
Drummino1993: shows [Kh Qh] (a pair of Kings)
7bekon7: mucks hand 
Drummino1993 collected $11.88 from pot
*** SUMMARY ***
Total pot $12.50 | Rake $0.62 
Board [Kd 5s 6d 8d 3h]
Seat 1: CashfishT folded before Flop (didn't bet)
Seat 2: Drummino1993 (button) showed [Kh Qh] and won ($11.88) with a pair of Kings
Seat 3: socito (small blind) folded before Flop
Seat 4: 7bekon7 (big blind) mucked
Seat 5: Supermegopro folded before Flop (didn't bet)
Seat 6: KeR888 folded before Flop (didn't bet)



PokerStars Hand #254525629573:  Hold'em No Limit ($0.50/$1.00 USD) - 2025/01/24 5:23:22 WET [2025/01/24 0:23:22 ET]
Table 'Kartvelia IV' 6-max Seat #3 is the button
Seat 1: CashfishT ($121.29 in chips) 
Seat 2: Drummino1993 ($27.14 in chips) 
Seat 3: socito ($102.72 in chips) 
Seat 4: 7bekon7 ($106.24 in chips) 
Seat 5: Supermegopro ($107 in chips) 
Seat 6: KeR888 ($102.55 in chips) 
7bekon7: posts small blind $0.50
Supermegopro: posts big blind $1
*** HOLE CARDS ***
KeR888: folds 
CashfishT: folds 
Drummino1993: calls $1
socito: folds 
7bekon7: folds 
Supermegopro: checks 
*** FLOP *** [6d Ts 4h]
Supermegopro: bets $1.59
Drummino1993: calls $1.59
*** TURN *** [6d Ts 4h] [Ah]
Supermegopro: bets $1.78
Drummino1993: calls $1.78
*** RIVER *** [6d Ts 4h Ah] [7h]
Supermegopro: checks 
Drummino1993: checks 
*** SHOW DOWN ***
Supermegopro: shows [Td 9s] (a pair of Tens)
Drummino1993: mucks hand 
Supermegopro collected $8.78 from pot
*** SUMMARY ***
Total pot $9.24 | Rake $0.46 
Board [6d Ts 4h Ah 7h]
Seat 1: CashfishT folded before Flop (didn't bet)
Seat 2: Drummino1993 mucked
Seat 3: socito (button) folded before Flop (didn't bet)
Seat 4: 7bekon7 (small blind) folded before Flop
Seat 5: Supermegopro (big blind) showed [Td 9s] and won ($8.78) with a pair of Tens
Seat 6: KeR888 folded before Flop (didn't bet)



PokerStars Hand #254525632179:  Hold'em No Limit ($0.50/$1.00 USD) - 2025/01/24 5:23:52 WET [2025/01/24 0:23:52 ET]
Table 'Kartvelia IV' 6-max Seat #4 is the button
Seat 1: CashfishT ($121.29 in chips) 
Seat 2: Drummino1993 ($22.77 in chips) 
Seat 3: socito ($102.72 in chips) 
Seat 4: 7bekon7 ($105.74 in chips) 
Seat 5: Supermegopro ($111.41 in chips) 
Seat 6: KeR888 ($102.55 in chips) 
Supermegopro: posts small blind $0.50
KeR888: posts big blind $1
*** HOLE CARDS ***
CashfishT: folds 
Drummino1993: folds 
socito: raises $1.50 to $2.50
7bekon7: folds 
Supermegopro: raises $10.50 to $13
KeR888: folds 
socito: folds 
Uncalled bet ($10.50) returned to Supermegopro
Supermegopro collected $6 from pot
Supermegopro: doesn't show hand 
*** SUMMARY ***
Total pot $6 | Rake $0 
Seat 1: CashfishT folded before Flop (didn't bet)
Seat 2: Drummino1993 folded before Flop (didn't bet)
Seat 3: socito folded before Flop
Seat 4: 7bekon7 (button) folded before Flop (didn't bet)
Seat 5: Supermegopro (small blind) collected ($6)
Seat 6: KeR888 (big blind) folded before Flop



PokerStars Hand #254525635674:  Hold'em No Limit ($0.50/$1.00 USD) - 2025/01/24 5:24:33 WET [2025/01/24 0:24:33 ET]
Table 'Kartvelia IV' 6-max Seat #5 is the button
Seat 1: CashfishT ($121.29 in chips) 
Seat 2: Drummino1993 ($22.77 in chips) 
Seat 3: socito ($100.22 in chips) 
Seat 4: 7bekon7 ($105.74 in chips) 
Seat 5: Supermegopro ($114.91 in chips) 
Seat 6: KeR888 ($101.55 in chips) 
KeR888: posts small blind $0.50
CashfishT: posts big blind $1
*** HOLE CARDS ***
Drummino1993: calls $1
socito: folds 
7bekon7: folds 
Supermegopro: folds 
KeR888: folds 
CashfishT: checks 
*** FLOP *** [Th 8d Ac]
CashfishT: checks 
Drummino1993: checks 
*** TURN *** [Th 8d Ac] [2d]
CashfishT: checks 
Drummino1993: checks 
*** RIVER *** [Th 8d Ac 2d] [Kc]
CashfishT: checks 
Drummino1993: checks 
*** SHOW DOWN ***
CashfishT: shows [4c 8h] (a pair of Eights)
Drummino1993: mucks hand 
CashfishT collected $2.38 from pot
*** SUMMARY ***
Total pot $2.50 | Rake $0.12 
Board [Th 8d Ac 2d Kc]
Seat 1: CashfishT (big blind) showed [4c 8h] and won ($2.38) with a pair of Eights
Seat 2: Drummino1993 mucked
Seat 3: socito folded before Flop (didn't bet)
Seat 4: 7bekon7 folded before Flop (didn't bet)
Seat 5: Supermegopro (button) folded before Flop (didn't bet)
Seat 6: KeR888 (small blind) folded before Flop



PokerStars Hand #254525639329:  Hold'em No Limit ($0.50/$1.00 USD) - 2025/01/24 5:25:16 WET [2025/01/24 0:25:16 ET]
Table 'Kartvelia IV' 6-max Seat #6 is the button
Seat 1: CashfishT ($122.67 in chips) 
Seat 2: Drummino1993 ($21.77 in chips) 
Seat 3: socito ($100.22 in chips) 
Seat 4: 7bekon7 ($105.74 in chips) 
Seat 5: Supermegopro ($114.91 in chips) 
Seat 6: KeR888 ($101.05 in chips) 
CashfishT: posts small blind $0.50
Drummino1993: posts big blind $1
*** HOLE CARDS ***
socito: folds 
7bekon7: folds 
Supermegopro: folds 
KeR888: folds 
CashfishT: folds 
Uncalled bet ($0.50) returned to Drummino1993
Drummino1993 collected $1 from pot
*** SUMMARY ***
Total pot $1 | Rake $0 
Seat 1: CashfishT (small blind) folded before Flop
Seat 2: Drummino1993 (big blind) collected ($1)
Seat 3: socito folded before Flop (didn't bet)
Seat 4: 7bekon7 folded before Flop (didn't bet)
Seat 5: Supermegopro folded before Flop (didn't bet)
Seat 6: KeR888 (button) folded before Flop (didn't bet)



PokerStars Hand #254525640444:  Hold'em No Limit ($0.50/$1.00 USD) - 2025/01/24 5:25:29 WET [2025/01/24 0:25:29 ET]
Table 'Kartvelia IV' 6-max Seat #1 is the button
Seat 1: CashfishT ($122.17 in chips) 
Seat 2: Drummino1993 ($22.27 in chips) 
Seat 3: socito ($100.22 in chips) 
Seat 4: 7bekon7 ($105.74 in chips) 
Seat 5: Supermegopro ($114.91 in chips) 
Seat 6: KeR888 ($101.05 in chips) 
Drummino1993: posts small blind $0.50
socito: posts big blind $1
*** HOLE CARDS ***
7bekon7: folds 
Supermegopro: folds 
KeR888: raises $1.50 to $2.50
CashfishT: folds 
Drummino1993: folds 
socito: folds 
Uncalled bet ($1.50) returned to KeR888
KeR888 collected $2.50 from pot
KeR888: doesn't show hand 
*** SUMMARY ***
Total pot $2.50 | Rake $0 
Seat 1: CashfishT (button) folded before Flop (didn't bet)
Seat 2: Drummino1993 (small blind) folded before Flop
Seat 3: socito (big blind) folded before Flop
Seat 4: 7bekon7 folded before Flop (didn't bet)
Seat 5: Supermegopro folded before Flop (didn't bet)
Seat 6: KeR888 collected ($2.50)



PokerStars Hand #254525642428:  Hold'em No Limit ($0.50/$1.00 USD) - 2025/01/24 5:25:52 WET [2025/01/24 0:25:52 ET]
Table 'Kartvelia IV' 6-max Seat #2 is the button
Seat 1: CashfishT ($122.17 in chips) 
Seat 2: Drummino1993 ($21.77 in chips) 
Seat 3: socito ($100 in chips) 
Seat 4: 7bekon7 ($105.74 in chips) 
Seat 5: Supermegopro ($114.91 in chips) 
Seat 6: KeR888 ($102.55 in chips) 
socito: posts small blind $0.50
7bekon7: posts big blind $1
*** HOLE CARDS ***
Supermegopro: folds 
KeR888: folds 
CashfishT: folds 
Drummino1993: raises $2 to $3
socito: folds 
7bekon7: raises $6.50 to $9.50
Drummino1993: folds 
Uncalled bet ($6.50) returned to 7bekon7
7bekon7 collected $6.50 from pot
7bekon7: doesn't show hand 
*** SUMMARY ***
Total pot $6.50 | Rake $0 
Seat 1: CashfishT folded before Flop (didn't bet)
Seat 2: Drummino1993 (button) folded before Flop
Seat 3: socito (small blind) folded before Flop
Seat 4: 7bekon7 (big blind) collected ($6.50)
Seat 5: Supermegopro folded before Flop (didn't bet)
Seat 6: KeR888 folded before Flop (didn't bet)



PokerStars Hand #254525644498:  Hold'em No Limit ($0.50/$1.00 USD) - 2025/01/24 5:26:16 WET [2025/01/24 0:26:16 ET]
Table 'Kartvelia IV' 6-max Seat #3 is the button
Seat 1: CashfishT ($122.17 in chips) 
Seat 2: Drummino1993 ($18.77 in chips) 
Seat 3: socito ($100 in chips) 
Seat 4: 7bekon7 ($109.24 in chips) 
Seat 5: Supermegopro ($114.91 in chips) 
Seat 6: KeR888 ($102.55 in chips) 
7bekon7: posts small blind $0.50
Supermegopro: posts big blind $1
*** HOLE CARDS ***
KeR888: folds 
CashfishT: folds 
Drummino1993: calls $1
socito: raises $2.50 to $3.50
7bekon7: folds 
Supermegopro: calls $2.50
Drummino1993: calls $2.50
*** FLOP *** [8c 7d 2c]
Supermegopro: checks 
Drummino1993: checks 
socito: checks 
*** TURN *** [8c 7d 2c] [5s]
Supermegopro: checks 
Drummino1993: checks 
socito: checks 
*** RIVER *** [8c 7d 2c 5s] [Qc]
Supermegopro: bets $4.97
Drummino1993: calls $4.97
socito: folds 
*** SHOW DOWN ***
Supermegopro: shows [4c Kc] (a flush, King high)
Drummino1993: mucks hand 
Supermegopro collected $19.89 from pot
*** SUMMARY ***
Total pot $20.94 | Rake $1.05 
Board [8c 7d 2c 5s Qc]
Seat 1: CashfishT folded before Flop (didn't bet)
Seat 2: Drummino1993 mucked
Seat 3: socito (button) folded on the River
Seat 4: 7bekon7 (small blind) folded before Flop
Seat 5: Supermegopro (big blind) showed [4c Kc] and won ($19.89) with a flush, King high
Seat 6: KeR888 folded before Flop (didn't bet)



PokerStars Hand #254525650680:  Hold'em No Limit ($0.50/$1.00 USD) - 2025/01/24 5:27:30 WET [2025/01/24 0:27:30 ET]
Table 'Kartvelia IV' 6-max Seat #4 is the button
Seat 1: CashfishT ($122.17 in chips) 
Seat 2: Drummino1993 ($10.30 in chips) 
Seat 3: socito ($100 in chips) 
Seat 4: 7bekon7 ($108.74 in chips) 
Seat 5: Supermegopro ($126.33 in chips) 
Seat 6: KeR888 ($102.55 in chips) 
Supermegopro: posts small blind $0.50
KeR888: posts big blind $1
*** HOLE CARDS ***
CashfishT: folds 
Drummino1993: folds 
socito: folds 
7bekon7: raises $1.25 to $2.25
Supermegopro: folds 
KeR888: folds 
Uncalled bet ($1.25) returned to 7bekon7
7bekon7 collected $2.50 from pot
7bekon7: doesn't show hand 
*** SUMMARY ***
Total pot $2.50 | Rake $0 
Seat 1: CashfishT folded before Flop (didn't bet)
Seat 2: Drummino1993 folded before Flop (didn't bet)
Seat 3: socito folded before Flop (didn't bet)
Seat 4: 7bekon7 (button) collected ($2.50)
Seat 5: Supermegopro (small blind) folded before Flop
Seat 6: KeR888 (big blind) folded before Flop



PokerStars Hand #254525653195:  Hold'em No Limit ($0.50/$1.00 USD) - 2025/01/24 5:28:00 WET [2025/01/24 0:28:00 ET]
Table 'Kartvelia IV' 6-max Seat #5 is the button
Seat 1: CashfishT ($122.17 in chips) 
Seat 2: Drummino1993 ($10.30 in chips) 
Seat 3: socito ($100 in chips) 
Seat 4: 7bekon7 ($110.24 in chips) 
Seat 5: Supermegopro ($125.83 in chips) 
Seat 6: KeR888 ($101.55 in chips) 
KeR888: posts small blind $0.50
CashfishT: posts big blind $1
*** HOLE CARDS ***
Drummino1993: raises $1 to $2
socito: folds 
7bekon7: folds 
Supermegopro: folds 
KeR888: folds 
CashfishT: calls $1
*** FLOP *** [Ad Js 5c]
CashfishT: checks 
Drummino1993: bets $2.14
CashfishT: raises $9.86 to $12
Drummino1993: calls $6.16 and is all-in
Uncalled bet ($3.70) returned to CashfishT
*** TURN *** [Ad Js 5c] [5d]
*** RIVER *** [Ad Js 5c 5d] [6c]
*** SHOW DOWN ***
CashfishT: shows [Ac 2c] (two pair, Aces and Fives)
Drummino1993: shows [Kd Kc] (two pair, Kings and Fives)
CashfishT collected $20.04 from pot
*** SUMMARY ***
Total pot $21.10 | Rake $1.06 
Board [Ad Js 5c 5d 6c]
Seat 1: CashfishT (big blind) showed [Ac 2c] and won ($20.04) with two pair, Aces and Fives
Seat 2: Drummino1993 showed [Kd Kc] and lost with two pair, Kings and Fives
Seat 3: socito folded before Flop (didn't bet)
Seat 4: 7bekon7 folded before Flop (didn't bet)
Seat 5: Supermegopro (button) folded before Flop (didn't bet)
Seat 6: KeR888 (small blind) folded before Flop



PokerStars Hand #254525657793:  Hold'em No Limit ($0.50/$1.00 USD) - 2025/01/24 5:28:54 WET [2025/01/24 0:28:54 ET]
Table 'Kartvelia IV' 6-max Seat #6 is the button
Seat 2: Drummino1993 ($0 in chips) is sitting out
Seat 1: CashfishT ($131.91 in chips) 
Seat 3: socito ($100 in chips) 
Seat 4: 7bekon7 ($110.24 in chips) 
Seat 5: Supermegopro ($125.83 in chips) 
Seat 6: KeR888 ($101.05 in chips) 
CashfishT: posts small blind $0.50
socito: posts big blind $1
*** HOLE CARDS ***
7bekon7: raises $1.25 to $2.25
Drummino1993 leaves the table
Supermegopro: folds 
KeR888: raises $5.25 to $7.50
CashfishT: folds 
socito: folds 
7bekon7: calls $5.25
*** FLOP *** [2c 4d Jc]
7bekon7: checks 
KeR888: bets $4.70
7bekon7: calls $4.70
*** TURN *** [2c 4d Jc] [Qs]
7bekon7: checks 
KeR888: checks 
*** RIVER *** [2c 4d Jc Qs] [4s]
7bekon7: checks 
KeR888: bets $18.45
7bekon7: folds 
Uncalled bet ($18.45) returned to KeR888
KeR888 collected $24.60 from pot
KeR888: doesn't show hand 
*** SUMMARY ***
Total pot $25.90 | Rake $1.30 
Board [2c 4d Jc Qs 4s]
Seat 2: Drummino1993
Seat 1: CashfishT (small blind) folded before Flop
Seat 3: socito (big blind) folded before Flop
Seat 4: 7bekon7 folded on the River
Seat 5: Supermegopro folded before Flop (didn't bet)
Seat 6: KeR888 (button) collected ($24.60)



PokerStars Hand #254525670596:  Hold'em No Limit ($0.50/$1.00 USD) - 2025/01/24 5:31:23 WET [2025/01/24 0:31:23 ET]
Table 'Kartvelia IV' 6-max Seat #3 is the button
Seat 3: socito ($100 in chips) 
Seat 4: fedevalle ($39.84 in chips) 
socito: posts small blind $0.50
fedevalle: posts big blind $1
*** HOLE CARDS ***
socito: folds 
Uncalled bet ($0.50) returned to fedevalle
fedevalle collected $1 from pot
socito leaves the table
*** SUMMARY ***
Total pot $1 | Rake $0 
Seat 3: socito (button) (small blind) folded before Flop
Seat 4: fedevalle (big blind) collected ($1)



PokerStars Hand #254524367120:  Hold'em No Limit ($0.50/$1.00 USD) - 2025/01/24 3:22:16 WET [2025/01/23 22:22:16 ET]
Table 'Kartvelia IV' 6-max Seat #4 is the button
Seat 1: Melenya ($100 in chips) is sitting out
Seat 3: trillnaz ($43.15 in chips) is sitting out
Seat 2: Sadyhov V.V. ($103.20 in chips) 
Seat 4: nastja336 ($142.15 in chips) 
Seat 5: rao999 ($101.70 in chips) 
Seat 6: BoyLoc0 ($113.54 in chips) 
rao999: posts small blind $0.50
BoyLoc0: posts big blind $1
Melenya: sits out 
*** HOLE CARDS ***
Sadyhov V.V.: raises $1.50 to $2.50
nastja336: folds 
rao999: folds 
BoyLoc0: folds 
Uncalled bet ($1.50) returned to Sadyhov V.V.
Sadyhov V.V. collected $2.50 from pot
Sadyhov V.V.: doesn't show hand 
*** SUMMARY ***
Total pot $2.50 | Rake $0 
Seat 1: Melenya
Seat 3: trillnaz
Seat 2: Sadyhov V.V. collected ($2.50)
Seat 4: nastja336 (button) folded before Flop (didn't bet)
Seat 5: rao999 (small blind) folded before Flop
Seat 6: BoyLoc0 (big blind) folded before Flop



PokerStars Hand #254524368662:  Hold'em No Limit ($0.50/$1.00 USD) - 2025/01/24 3:22:28 WET [2025/01/23 22:22:28 ET]
Table 'Kartvelia IV' 6-max Seat #5 is the button
Seat 1: Melenya ($100 in chips) 
Seat 2: Sadyhov V.V. ($104.70 in chips) 
Seat 3: trillnaz ($43.15 in chips) 
Seat 4: nastja336 ($142.15 in chips) 
Seat 5: rao999 ($101.20 in chips) 
Seat 6: BoyLoc0 ($112.54 in chips) 
BoyLoc0: posts small blind $0.50
Melenya: posts big blind $1
*** HOLE CARDS ***
Sadyhov V.V.: folds 
trillnaz: folds 
nastja336: raises $1.50 to $2.50
rao999: folds 
BoyLoc0: folds 
Melenya: folds 
Uncalled bet ($1.50) returned to nastja336
nastja336 collected $2.50 from pot
nastja336: doesn't show hand 
*** SUMMARY ***
Total pot $2.50 | Rake $0 
Seat 1: Melenya (big blind) folded before Flop
Seat 2: Sadyhov V.V. folded before Flop (didn't bet)
Seat 3: trillnaz folded before Flop (didn't bet)
Seat 4: nastja336 collected ($2.50)
Seat 5: rao999 (button) folded before Flop (didn't bet)
Seat 6: BoyLoc0 (small blind) folded before Flop



PokerStars Hand #254524371676:  Hold'em No Limit ($0.50/$1.00 USD) - 2025/01/24 3:22:51 WET [2025/01/23 22:22:51 ET]
Table 'Kartvelia IV' 6-max Seat #6 is the button
Seat 1: Melenya ($100 in chips) 
Seat 2: Sadyhov V.V. ($104.70 in chips) 
Seat 3: trillnaz ($43.15 in chips) 
Seat 4: nastja336 ($143.65 in chips) 
Seat 5: rao999 ($101.20 in chips) 
Seat 6: BoyLoc0 ($112.04 in chips) 
Melenya: posts small blind $0.50
Sadyhov V.V.: posts big blind $1
*** HOLE CARDS ***
trillnaz: folds 
nastja336: folds 
rao999: folds 
BoyLoc0: raises $1.50 to $2.50
Melenya: folds 
Sadyhov V.V.: folds 
Uncalled bet ($1.50) returned to BoyLoc0
BoyLoc0 collected $2.50 from pot
BoyLoc0: doesn't show hand 
*** SUMMARY ***
Total pot $2.50 | Rake $0 
Seat 1: Melenya (small blind) folded before Flop
Seat 2: Sadyhov V.V. (big blind) folded before Flop
Seat 3: trillnaz folded before Flop (didn't bet)
Seat 4: nastja336 folded before Flop (didn't bet)
Seat 5: rao999 folded before Flop (didn't bet)
Seat 6: BoyLoc0 (button) collected ($2.50)



PokerStars Hand #254524374539:  Hold'em No Limit ($0.50/$1.00 USD) - 2025/01/24 3:23:12 WET [2025/01/23 22:23:12 ET]
Table 'Kartvelia IV' 6-max Seat #1 is the button
Seat 1: Melenya ($100 in chips) 
Seat 2: Sadyhov V.V. ($103.70 in chips) 
Seat 3: trillnaz ($43.15 in chips) 
Seat 4: nastja336 ($143.65 in chips) 
Seat 5: rao999 ($101.20 in chips) 
Seat 6: BoyLoc0 ($113.54 in chips) 
Sadyhov V.V.: posts small blind $0.50
trillnaz: posts big blind $1
*** HOLE CARDS ***
nastja336: folds 
rao999: folds 
BoyLoc0: folds 
Melenya: folds 
Sadyhov V.V.: raises $2 to $3
trillnaz: folds 
Uncalled bet ($2) returned to Sadyhov V.V.
Sadyhov V.V. collected $2 from pot
Sadyhov V.V.: doesn't show hand 
*** SUMMARY ***
Total pot $2 | Rake $0 
Seat 1: Melenya (button) folded before Flop (didn't bet)
Seat 2: Sadyhov V.V. (small blind) collected ($2)
Seat 3: trillnaz (big blind) folded before Flop
Seat 4: nastja336 folded before Flop (didn't bet)
Seat 5: rao999 folded before Flop (didn't bet)
Seat 6: BoyLoc0 folded before Flop (didn't bet)



PokerStars Hand #254524377719:  Hold'em No Limit ($0.50/$1.00 USD) - 2025/01/24 3:23:37 WET [2025/01/23 22:23:37 ET]
Table 'Kartvelia IV' 6-max Seat #2 is the button
Seat 1: Melenya ($100 in chips) 
Seat 2: Sadyhov V.V. ($104.70 in chips) 
Seat 3: trillnaz ($42.15 in chips) 
Seat 4: nastja336 ($143.65 in chips) 
Seat 5: rao999 ($101.20 in chips) 
Seat 6: BoyLoc0 ($113.54 in chips) 
trillnaz: posts small blind $0.50
nastja336: posts big blind $1
*** HOLE CARDS ***
rao999: folds 
BoyLoc0: folds 
Melenya: folds 
Sadyhov V.V.: folds 
trillnaz: folds 
Uncalled bet ($0.50) returned to nastja336
nastja336 collected $1 from pot
nastja336: doesn't show hand 
*** SUMMARY ***
Total pot $1 | Rake $0 
Seat 1: Melenya folded before Flop (didn't bet)
Seat 2: Sadyhov V.V. (button) folded before Flop (didn't bet)
Seat 3: trillnaz (small blind) folded before Flop
Seat 4: nastja336 (big blind) collected ($1)
Seat 5: rao999 folded before Flop (didn't bet)
Seat 6: BoyLoc0 folded before Flop (didn't bet)



PokerStars Hand #254524379326:  Hold'em No Limit ($0.50/$1.00 USD) - 2025/01/24 3:23:49 WET [2025/01/23 22:23:49 ET]
Table 'Kartvelia IV' 6-max Seat #3 is the button
Seat 1: Melenya ($100 in chips) 
Seat 2: Sadyhov V.V. ($104.70 in chips) 
Seat 3: trillnaz ($41.65 in chips) 
Seat 4: nastja336 ($144.15 in chips) 
Seat 5: rao999 ($101.20 in chips) 
Seat 6: BoyLoc0 ($113.54 in chips) 
nastja336: posts small blind $0.50
rao999: posts big blind $1
*** HOLE CARDS ***
BoyLoc0: raises $1.50 to $2.50
Melenya: raises $5 to $7.50
Sadyhov V.V.: folds 
trillnaz: folds 
nastja336: folds 
rao999: folds 
BoyLoc0: calls $5
*** FLOP *** [5c 4c 8c]
BoyLoc0: checks 
Melenya: checks 
*** TURN *** [5c 4c 8c] [9d]
BoyLoc0: bets $11.76
Melenya: calls $11.76
*** RIVER *** [5c 4c 8c 9d] [3c]
BoyLoc0: checks 
Melenya: bets $28.52
BoyLoc0: raises $65.76 to $94.28 and is all-in
Melenya: calls $52.22 and is all-in
Uncalled bet ($13.54) returned to BoyLoc0
*** SHOW DOWN ***
BoyLoc0: shows [Kd Ac] (a flush, Ace high)
Melenya: shows [As Kc] (a flush, King high)
BoyLoc0 collected $199 from pot
*** SUMMARY ***
Total pot $201.50 | Rake $2.50 
Board [5c 4c 8c 9d 3c]
Seat 1: Melenya showed [As Kc] and lost with a flush, King high
Seat 2: Sadyhov V.V. folded before Flop (didn't bet)
Seat 3: trillnaz (button) folded before Flop (didn't bet)
Seat 4: nastja336 (small blind) folded before Flop
Seat 5: rao999 (big blind) folded before Flop
Seat 6: BoyLoc0 showed [Kd Ac] and won ($199) with a flush, Ace high



PokerStars Hand #254524893163:  Hold'em No Limit ($0.50/$1.00 USD) - 2025/01/24 3:25:37 WET [2025/01/23 22:25:37 ET]
Table 'Kartvelia IV' 6-max Seat #4 is the button
Seat 1: Melenya ($100 in chips) 
Seat 2: Sadyhov V.V. ($104.70 in chips) 
Seat 3: trillnaz ($41.65 in chips) 
Seat 4: nastja336 ($143.65 in chips) 
Seat 5: rao999 ($100.20 in chips) 
Seat 6: BoyLoc0 ($212.54 in chips) 
rao999: posts small blind $0.50
BoyLoc0: posts big blind $1
*** HOLE CARDS ***
Melenya: folds 
Sadyhov V.V.: folds 
trillnaz: folds 
nastja336: folds 
rao999: raises $2 to $3
BoyLoc0: calls $2
*** FLOP *** [Js Qs 8d]
rao999: bets $1.88
BoyLoc0: calls $1.88
*** TURN *** [Js Qs 8d] [8h]
rao999: checks 
BoyLoc0: checks 
*** RIVER *** [Js Qs 8d 8h] [Qc]
rao999: checks 
BoyLoc0: checks 
*** SHOW DOWN ***
rao999: shows [Tc Ah] (two pair, Queens and Eights)
BoyLoc0: shows [Jd Ts] (two pair, Queens and Jacks)
BoyLoc0 collected $9.27 from pot
*** SUMMARY ***
Total pot $9.76 | Rake $0.49 
Board [Js Qs 8d 8h Qc]
Seat 1: Melenya folded before Flop (didn't bet)
Seat 2: Sadyhov V.V. folded before Flop (didn't bet)
Seat 3: trillnaz folded before Flop (didn't bet)
Seat 4: nastja336 (button) folded before Flop (didn't bet)
Seat 5: rao999 (small blind) showed [Tc Ah] and lost with two pair, Queens and Eights
Seat 6: BoyLoc0 (big blind) showed [Jd Ts] and won ($9.27) with two pair, Queens and Jacks



PokerStars Hand #254524905493:  Hold'em No Limit ($0.50/$1.00 USD) - 2025/01/24 3:27:13 WET [2025/01/23 22:27:13 ET]
Table 'Kartvelia IV' 6-max Seat #5 is the button
Seat 1: Melenya ($100 in chips) is sitting out
Seat 2: Sadyhov V.V. ($104.70 in chips) 
Seat 3: trillnaz ($41.65 in chips) 
Seat 4: nastja336 ($143.65 in chips) 
Seat 5: rao999 ($100 in chips) 
Seat 6: BoyLoc0 ($216.93 in chips) 
BoyLoc0: posts small blind $0.50
Melenya: is sitting out 
Sadyhov V.V.: posts big blind $1
*** HOLE CARDS ***
trillnaz: folds 
nastja336: raises $1.50 to $2.50
rao999: folds 
BoyLoc0: folds 
Sadyhov V.V.: folds 
Uncalled bet ($1.50) returned to nastja336
nastja336 collected $2.50 from pot
nastja336: doesn't show hand 
*** SUMMARY ***
Total pot $2.50 | Rake $0 
Seat 1: Melenya
Seat 2: Sadyhov V.V. (big blind) folded before Flop
Seat 3: trillnaz folded before Flop (didn't bet)
Seat 4: nastja336 collected ($2.50)
Seat 5: rao999 (button) folded before Flop (didn't bet)
Seat 6: BoyLoc0 (small blind) folded before Flop



PokerStars Hand #254524909268:  Hold'em No Limit ($0.50/$1.00 USD) - 2025/01/24 3:27:42 WET [2025/01/23 22:27:42 ET]
Table 'Kartvelia IV' 6-max Seat #6 is the button
Seat 1: Melenya ($100 in chips) is sitting out
Seat 2: Sadyhov V.V. ($103.70 in chips) 
Seat 3: trillnaz ($41.65 in chips) 
Seat 4: nastja336 ($145.15 in chips) 
Seat 5: rao999 ($100 in chips) 
Seat 6: BoyLoc0 ($216.43 in chips) 
Sadyhov V.V.: posts small blind $0.50
trillnaz: posts big blind $1
*** HOLE CARDS ***
nastja336: raises $1.50 to $2.50
rao999: raises $5 to $7.50
BoyLoc0: folds 
Sadyhov V.V.: folds 
trillnaz: folds 
nastja336: folds 
Uncalled bet ($5) returned to rao999
rao999 collected $6.50 from pot
rao999: doesn't show hand 
*** SUMMARY ***
Total pot $6.50 | Rake $0 
Seat 1: Melenya
Seat 2: Sadyhov V.V. (small blind) folded before Flop
Seat 3: trillnaz (big blind) folded before Flop
Seat 4: nastja336 folded before Flop
Seat 5: rao999 collected ($6.50)
Seat 6: BoyLoc0 (button) folded before Flop (didn't bet)



PokerStars Hand #254524912393:  Hold'em No Limit ($0.50/$1.00 USD) - 2025/01/24 3:28:06 WET [2025/01/23 22:28:06 ET]
Table 'Kartvelia IV' 6-max Seat #2 is the button
Seat 1: Melenya ($100 in chips) is sitting out
Seat 2: Sadyhov V.V. ($103.20 in chips) 
Seat 3: trillnaz ($40.65 in chips) 
Seat 4: nastja336 ($142.65 in chips) 
Seat 5: rao999 ($104 in chips) 
Seat 6: BoyLoc0 ($216.43 in chips) 
trillnaz: posts small blind $0.50
nastja336: posts big blind $1
*** HOLE CARDS ***
rao999: folds 
BoyLoc0: raises $1.50 to $2.50
Sadyhov V.V.: folds 
trillnaz: folds 
nastja336: folds 
Uncalled bet ($1.50) returned to BoyLoc0
BoyLoc0 collected $2.50 from pot
BoyLoc0: doesn't show hand 
*** SUMMARY ***
Total pot $2.50 | Rake $0 
Seat 1: Melenya
Seat 2: Sadyhov V.V. (button) folded before Flop (didn't bet)
Seat 3: trillnaz (small blind) folded before Flop
Seat 4: nastja336 (big blind) folded before Flop
Seat 5: rao999 folded before Flop (didn't bet)
Seat 6: BoyLoc0 collected ($2.50)



PokerStars Hand #254524916698:  Hold'em No Limit ($0.50/$1.00 USD) - 2025/01/24 3:28:40 WET [2025/01/23 22:28:40 ET]
Table 'Kartvelia IV' 6-max Seat #3 is the button
Seat 1: Melenya ($100 in chips) is sitting out
Seat 2: Sadyhov V.V. ($103.20 in chips) 
Seat 3: trillnaz ($40.15 in chips) 
Seat 4: nastja336 ($141.65 in chips) 
Seat 5: rao999 ($104 in chips) 
Seat 6: BoyLoc0 ($217.93 in chips) 
nastja336: posts small blind $0.50
rao999: posts big blind $1
*** HOLE CARDS ***
BoyLoc0: folds 
Sadyhov V.V.: folds 
trillnaz: raises $2 to $3
nastja336: folds 
rao999: folds 
Uncalled bet ($2) returned to trillnaz
trillnaz collected $2.50 from pot
trillnaz: doesn't show hand 
*** SUMMARY ***
Total pot $2.50 | Rake $0 
Seat 1: Melenya
Seat 2: Sadyhov V.V. folded before Flop (didn't bet)
Seat 3: trillnaz (button) collected ($2.50)
Seat 4: nastja336 (small blind) folded before Flop
Seat 5: rao999 (big blind) folded before Flop
Seat 6: BoyLoc0 folded before Flop (didn't bet)



PokerStars Hand #254524918976:  Hold'em No Limit ($0.50/$1.00 USD) - 2025/01/24 3:28:58 WET [2025/01/23 22:28:58 ET]
Table 'Kartvelia IV' 6-max Seat #4 is the button
Seat 1: Melenya ($100 in chips) is sitting out
Seat 2: Sadyhov V.V. ($103.20 in chips) 
Seat 3: trillnaz ($41.65 in chips) 
Seat 4: nastja336 ($141.15 in chips) 
Seat 5: rao999 ($103 in chips) 
Seat 6: BoyLoc0 ($217.93 in chips) 
rao999: posts small blind $0.50
BoyLoc0: posts big blind $1
*** HOLE CARDS ***
Sadyhov V.V.: folds 
trillnaz: raises $2 to $3
nastja336: raises $6 to $9
rao999: folds 
BoyLoc0: folds 
trillnaz: raises $32.65 to $41.65 and is all-in
nastja336: calls $32.65
*** FLOP *** [Ts Qs 6c]
*** TURN *** [Ts Qs 6c] [2d]
*** RIVER *** [Ts Qs 6c 2d] [4c]
*** SHOW DOWN ***
trillnaz: shows [9h 9c] (a pair of Nines)
nastja336: shows [Jd Js] (a pair of Jacks)
nastja336 collected $82.30 from pot
*** SUMMARY ***
Total pot $84.80 | Rake $2.50 
Board [Ts Qs 6c 2d 4c]
Seat 1: Melenya
Seat 2: Sadyhov V.V. folded before Flop (didn't bet)
Seat 3: trillnaz showed [9h 9c] and lost with a pair of Nines
Seat 4: nastja336 (button) showed [Jd Js] and won ($82.30) with a pair of Jacks
Seat 5: rao999 (small blind) folded before Flop
Seat 6: BoyLoc0 (big blind) folded before Flop



PokerStars Hand #254524923565:  Hold'em No Limit ($0.50/$1.00 USD) - 2025/01/24 3:29:34 WET [2025/01/23 22:29:34 ET]
Table 'Kartvelia IV' 6-max Seat #5 is the button
Seat 1: Melenya ($100 in chips) is sitting out
Seat 3: trillnaz ($0 in chips) is sitting out
Seat 2: Sadyhov V.V. ($103.20 in chips) 
Seat 4: nastja336 ($181.80 in chips) 
Seat 5: rao999 ($102.50 in chips) 
Seat 6: BoyLoc0 ($216.93 in chips) 
BoyLoc0: posts small blind $0.50
Sadyhov V.V.: posts big blind $1
*** HOLE CARDS ***
nastja336: raises $1.50 to $2.50
rao999: folds 
BoyLoc0: folds 
Sadyhov V.V.: folds 
Uncalled bet ($1.50) returned to nastja336
nastja336 collected $2.50 from pot
nastja336: doesn't show hand 
*** SUMMARY ***
Total pot $2.50 | Rake $0 
Seat 1: Melenya
Seat 3: trillnaz
Seat 2: Sadyhov V.V. (big blind) folded before Flop
Seat 4: nastja336 collected ($2.50)
Seat 5: rao999 (button) folded before Flop (didn't bet)
Seat 6: BoyLoc0 (small blind) folded before Flop



PokerStars Hand #254524944896:  Hold'em No Limit ($0.50/$1.00 USD) - 2025/01/24 3:32:27 WET [2025/01/23 22:32:27 ET]
Table 'Kartvelia IV' 6-max Seat #1 is the button
Seat 4: ptolejmus ($10 in chips) is sitting out
Seat 1: Melenya ($100 in chips) 
Seat 2: Sadyhov V.V. ($119.86 in chips) 
Seat 3: trillnaz ($58.60 in chips) 
Seat 5: rao999 ($100 in chips) 
Seat 6: BoyLoc0 ($202.50 in chips) 
Sadyhov V.V.: posts small blind $0.50
trillnaz: posts big blind $1
ptolejmus: sits out 
*** HOLE CARDS ***
rao999: folds 
BoyLoc0: raises $1.50 to $2.50
Melenya: folds 
Sadyhov V.V.: folds 
trillnaz: calls $1.50
*** FLOP *** [Jc Td 8h]
trillnaz: checks 
BoyLoc0: checks 
*** TURN *** [Jc Td 8h] [Qc]
trillnaz: bets $2
BoyLoc0: calls $2
*** RIVER *** [Jc Td 8h Qc] [As]
trillnaz: checks 
BoyLoc0: bets $6.77
trillnaz: folds 
Uncalled bet ($6.77) returned to BoyLoc0
BoyLoc0 collected $9.02 from pot
BoyLoc0: doesn't show hand 
*** SUMMARY ***
Total pot $9.50 | Rake $0.48 
Board [Jc Td 8h Qc As]
Seat 4: ptolejmus
Seat 1: Melenya (button) folded before Flop (didn't bet)
Seat 2: Sadyhov V.V. (small blind) folded before Flop
Seat 3: trillnaz (big blind) folded on the River
Seat 5: rao999 folded before Flop (didn't bet)
Seat 6: BoyLoc0 collected ($9.02)



PokerStars Hand #254524951529:  Hold'em No Limit ($0.50/$1.00 USD) - 2025/01/24 3:33:21 WET [2025/01/23 22:33:21 ET]
Table 'Kartvelia IV' 6-max Seat #2 is the button
Seat 1: Melenya ($100 in chips) 
Seat 2: Sadyhov V.V. ($119.36 in chips) 
Seat 3: trillnaz ($54.10 in chips) 
Seat 4: ptolejmus ($10 in chips) 
Seat 5: rao999 ($100 in chips) 
Seat 6: BoyLoc0 ($207.02 in chips) 
trillnaz: posts small blind $0.50
ptolejmus: posts big blind $1
*** HOLE CARDS ***
rao999: folds 
BoyLoc0: folds 
Melenya: folds 
Sadyhov V.V.: raises $1.50 to $2.50
trillnaz: folds 
ptolejmus: folds 
Uncalled bet ($1.50) returned to Sadyhov V.V.
Sadyhov V.V. collected $2.50 from pot
Sadyhov V.V.: doesn't show hand 
*** SUMMARY ***
Total pot $2.50 | Rake $0 
Seat 1: Melenya folded before Flop (didn't bet)
Seat 2: Sadyhov V.V. (button) collected ($2.50)
Seat 3: trillnaz (small blind) folded before Flop
Seat 4: ptolejmus (big blind) folded before Flop
Seat 5: rao999 folded before Flop (didn't bet)
Seat 6: BoyLoc0 folded before Flop (didn't bet)



PokerStars Hand #254524953856:  Hold'em No Limit ($0.50/$1.00 USD) - 2025/01/24 3:33:40 WET [2025/01/23 22:33:40 ET]
Table 'Kartvelia IV' 6-max Seat #3 is the button
Seat 5: rao999 ($100 in chips) is sitting out
Seat 1: Melenya ($100 in chips) 
Seat 2: Sadyhov V.V. ($120.86 in chips) 
Seat 3: trillnaz ($53.60 in chips) 
Seat 4: ptolejmus ($10 in chips) 
Seat 6: BoyLoc0 ($207.02 in chips) 
ptolejmus: posts small blind $0.50
rao999: is sitting out 
BoyLoc0: posts big blind $1
*** HOLE CARDS ***
Melenya: folds 
Sadyhov V.V.: folds 
trillnaz: raises $2 to $3
ptolejmus: folds 
BoyLoc0: calls $2
*** FLOP *** [As 3h Kd]
BoyLoc0: checks 
trillnaz: bets $4.09
BoyLoc0: folds 
Uncalled bet ($4.09) returned to trillnaz
trillnaz collected $6.18 from pot
trillnaz: doesn't show hand 
*** SUMMARY ***
Total pot $6.50 | Rake $0.32 
Board [As 3h Kd]
Seat 5: rao999
Seat 1: Melenya folded before Flop (didn't bet)
Seat 2: Sadyhov V.V. folded before Flop (didn't bet)
Seat 3: trillnaz (button) collected ($6.18)
Seat 4: ptolejmus (small blind) folded before Flop
Seat 6: BoyLoc0 (big blind) folded on the Flop



PokerStars Hand #254524959500:  Hold'em No Limit ($0.50/$1.00 USD) - 2025/01/24 3:34:26 WET [2025/01/23 22:34:26 ET]
Table 'Kartvelia IV' 6-max Seat #4 is the button
Seat 5: rao999 ($100 in chips) is sitting out
Seat 1: Melenya ($100 in chips) 
Seat 2: Sadyhov V.V. ($120.86 in chips) 
Seat 3: trillnaz ($56.78 in chips) 
Seat 4: ptolejmus ($10 in chips) 
Seat 6: BoyLoc0 ($204.02 in chips) 
BoyLoc0: posts small blind $0.50
Melenya: posts big blind $1
*** HOLE CARDS ***
Sadyhov V.V.: folds 
trillnaz: folds 
ptolejmus: raises $1 to $2
BoyLoc0: folds 
Melenya: raises $8 to $10
ptolejmus: folds 
Uncalled bet ($8) returned to Melenya
Melenya collected $4.50 from pot
Melenya: doesn't show hand 
*** SUMMARY ***
Total pot $4.50 | Rake $0 
Seat 5: rao999
Seat 1: Melenya (big blind) collected ($4.50)
Seat 2: Sadyhov V.V. folded before Flop (didn't bet)
Seat 3: trillnaz folded before Flop (didn't bet)
Seat 4: ptolejmus (button) folded before Flop
Seat 6: BoyLoc0 (small blind) folded before Flop



PokerStars Hand #254524964736:  Hold'em No Limit ($0.50/$1.00 USD) - 2025/01/24 3:35:08 WET [2025/01/23 22:35:08 ET]
Table 'Kartvelia IV' 6-max Seat #6 is the button
Seat 5: rao999 ($100 in chips) is sitting out
Seat 1: Melenya ($102.50 in chips) 
Seat 2: Sadyhov V.V. ($120.86 in chips) 
Seat 3: trillnaz ($56.78 in chips) 
Seat 4: ptolejmus ($10 in chips) 
Seat 6: BoyLoc0 ($203.52 in chips) 
Melenya: posts small blind $0.50
Sadyhov V.V.: posts big blind $1
rao999: sits out 
*** HOLE CARDS ***
trillnaz: calls $1
ptolejmus: raises $9 to $10 and is all-in
BoyLoc0: folds 
Melenya: folds 
Sadyhov V.V.: folds 
trillnaz: folds 
Uncalled bet ($9) returned to ptolejmus
ptolejmus collected $3.50 from pot
*** SUMMARY ***
Total pot $3.50 | Rake $0 
Seat 5: rao999
Seat 1: Melenya (small blind) folded before Flop
Seat 2: Sadyhov V.V. (big blind) folded before Flop
Seat 3: trillnaz folded before Flop
Seat 4: ptolejmus collected ($3.50)
Seat 6: BoyLoc0 (button) folded before Flop (didn't bet)



PokerStars Hand #254524969698:  Hold'em No Limit ($0.50/$1.00 USD) - 2025/01/24 3:35:49 WET [2025/01/23 22:35:49 ET]
Table 'Kartvelia IV' 6-max Seat #1 is the button
Seat 5: rao999 ($100 in chips) is sitting out
Seat 1: Melenya ($102 in chips) 
Seat 2: Sadyhov V.V. ($119.86 in chips) 
Seat 3: trillnaz ($55.78 in chips) 
Seat 4: ptolejmus ($12.50 in chips) 
Seat 6: BoyLoc0 ($203.52 in chips) 
Sadyhov V.V.: posts small blind $0.50
trillnaz: posts big blind $1
rao999: sits out 
*** HOLE CARDS ***
ptolejmus: folds 
BoyLoc0: raises $1.50 to $2.50
Melenya: folds 
Sadyhov V.V.: folds 
trillnaz: calls $1.50
*** FLOP *** [3c 7c 9c]
trillnaz: checks 
BoyLoc0: bets $1.32
trillnaz: calls $1.32
*** TURN *** [3c 7c 9c] [9h]
trillnaz: checks 
BoyLoc0: checks 
*** RIVER *** [3c 7c 9c 9h] [9d]
trillnaz: bets $4.87
BoyLoc0: calls $4.87
*** SHOW DOWN ***
trillnaz: shows [6d Ad] (three of a kind, Nines)
BoyLoc0: shows [2s 2d] (a full house, Nines full of Deuces)
BoyLoc0 collected $16.99 from pot
*** SUMMARY ***
Total pot $17.88 | Rake $0.89 
Board [3c 7c 9c 9h 9d]
Seat 5: rao999
Seat 1: Melenya (button) folded before Flop (didn't bet)
Seat 2: Sadyhov V.V. (small blind) folded before Flop
Seat 3: trillnaz (big blind) showed [6d Ad] and lost with three of a kind, Nines
Seat 4: ptolejmus folded before Flop (didn't bet)
Seat 6: BoyLoc0 showed [2s 2d] and won ($16.99) with a full house, Nines full of Deuces



PokerStars Hand #254524975472:  Hold'em No Limit ($0.50/$1.00 USD) - 2025/01/24 3:36:36 WET [2025/01/23 22:36:36 ET]
Table 'Kartvelia IV' 6-max Seat #2 is the button
Seat 5: rao999 ($100 in chips) is sitting out
Seat 1: Melenya ($102 in chips) 
Seat 2: Sadyhov V.V. ($119.36 in chips) 
Seat 3: trillnaz ($47.09 in chips) 
Seat 4: ptolejmus ($12.50 in chips) 
Seat 6: BoyLoc0 ($211.82 in chips) 
trillnaz: posts small blind $0.50
ptolejmus: posts big blind $1
rao999: sits out 
*** HOLE CARDS ***
BoyLoc0: folds 
Melenya: folds 
Sadyhov V.V.: raises $1.50 to $2.50
trillnaz: calls $2
ptolejmus: folds 
*** FLOP *** [2s 7d 7c]
trillnaz: checks 
Sadyhov V.V.: checks 
*** TURN *** [2s 7d 7c] [Qs]
trillnaz: checks 
Sadyhov V.V.: bets $1.88
trillnaz: calls $1.88
*** RIVER *** [2s 7d 7c Qs] [Ks]
trillnaz: checks 
Sadyhov V.V.: checks 
*** SHOW DOWN ***
trillnaz: shows [Ac 2c] (two pair, Sevens and Deuces)
Sadyhov V.V.: shows [Qd Ts] (two pair, Queens and Sevens)
Sadyhov V.V. collected $9.27 from pot
*** SUMMARY ***
Total pot $9.76 | Rake $0.49 
Board [2s 7d 7c Qs Ks]
Seat 5: rao999
Seat 1: Melenya folded before Flop (didn't bet)
Seat 2: Sadyhov V.V. (button) showed [Qd Ts] and won ($9.27) with two pair, Queens and Sevens
Seat 3: trillnaz (small blind) showed [Ac 2c] and lost with two pair, Sevens and Deuces
Seat 4: ptolejmus (big blind) folded before Flop
Seat 6: BoyLoc0 folded before Flop (didn't bet)



PokerStars Hand #254524985907:  Hold'em No Limit ($0.50/$1.00 USD) - 2025/01/24 3:38:02 WET [2025/01/23 22:38:02 ET]
Table 'Kartvelia IV' 6-max Seat #3 is the button
Seat 1: Melenya ($102 in chips) 
Seat 2: Sadyhov V.V. ($124.25 in chips) 
Seat 3: trillnaz ($42.71 in chips) 
Seat 4: ptolejmus ($11.50 in chips) 
Seat 5: rao999 ($100 in chips) 
Seat 6: BoyLoc0 ($211.82 in chips) 
ptolejmus: posts small blind $0.50
rao999: posts big blind $1
*** HOLE CARDS ***
BoyLoc0: folds 
Melenya: folds 
Sadyhov V.V.: raises $1.50 to $2.50
trillnaz: calls $2.50
ptolejmus: raises $9 to $11.50 and is all-in
rao999: folds 
Sadyhov V.V.: folds 
trillnaz: calls $9
*** FLOP *** [Ah 5h 6h]
*** TURN *** [Ah 5h 6h] [7h]
*** RIVER *** [Ah 5h 6h 7h] [4c]
*** SHOW DOWN ***
ptolejmus: shows [Td As] (a pair of Aces)
trillnaz: shows [Qd Jh] (a flush, Ace high)
trillnaz collected $25.18 from pot
*** SUMMARY ***
Total pot $26.50 | Rake $1.32 
Board [Ah 5h 6h 7h 4c]
Seat 1: Melenya folded before Flop (didn't bet)
Seat 2: Sadyhov V.V. folded before Flop
Seat 3: trillnaz (button) showed [Qd Jh] and won ($25.18) with a flush, Ace high
Seat 4: ptolejmus (small blind) showed [Td As] and lost with a pair of Aces
Seat 5: rao999 (big blind) folded before Flop
Seat 6: BoyLoc0 folded before Flop (didn't bet)



PokerStars Hand #254524991855:  Hold'em No Limit ($0.50/$1.00 USD) - 2025/01/24 3:38:50 WET [2025/01/23 22:38:50 ET]
Table 'Kartvelia IV' 6-max Seat #4 is the button
Seat 1: Melenya ($102 in chips) 
Seat 2: Sadyhov V.V. ($121.75 in chips) 
Seat 3: trillnaz ($56.39 in chips) 
Seat 4: ptolejmus ($10 in chips) 
Seat 5: rao999 ($100 in chips) 
Seat 6: BoyLoc0 ($211.82 in chips) 
rao999: posts small blind $0.50
BoyLoc0: posts big blind $1
*** HOLE CARDS ***
Melenya: folds 
Sadyhov V.V.: folds 
trillnaz: folds 
ptolejmus: folds 
rao999: raises $2 to $3
BoyLoc0: folds 
Uncalled bet ($2) returned to rao999
rao999 collected $2 from pot
rao999: doesn't show hand 
*** SUMMARY ***
Total pot $2 | Rake $0 
Seat 1: Melenya folded before Flop (didn't bet)
Seat 2: Sadyhov V.V. folded before Flop (didn't bet)
Seat 3: trillnaz folded before Flop (didn't bet)
Seat 4: ptolejmus (button) folded before Flop (didn't bet)
Seat 5: rao999 (small blind) collected ($2)
Seat 6: BoyLoc0 (big blind) folded before Flop



PokerStars Hand #254524994775:  Hold'em No Limit ($0.50/$1.00 USD) - 2025/01/24 3:39:14 WET [2025/01/23 22:39:14 ET]
Table 'Kartvelia IV' 6-max Seat #5 is the button
Seat 1: Melenya ($102 in chips) 
Seat 2: Sadyhov V.V. ($121.75 in chips) 
Seat 3: trillnaz ($56.39 in chips) 
Seat 4: ptolejmus ($10 in chips) 
Seat 5: rao999 ($101 in chips) 
Seat 6: BoyLoc0 ($210.82 in chips) 
BoyLoc0: posts small blind $0.50
Melenya: posts big blind $1
*** HOLE CARDS ***
Sadyhov V.V.: folds 
trillnaz: folds 
ptolejmus: folds 
rao999: folds 
BoyLoc0: folds 
Uncalled bet ($0.50) returned to Melenya
Melenya collected $1 from pot
Melenya: doesn't show hand 
*** SUMMARY ***
Total pot $1 | Rake $0 
Seat 1: Melenya (big blind) collected ($1)
Seat 2: Sadyhov V.V. folded before Flop (didn't bet)
Seat 3: trillnaz folded before Flop (didn't bet)
Seat 4: ptolejmus folded before Flop (didn't bet)
Seat 5: rao999 (button) folded before Flop (didn't bet)
Seat 6: BoyLoc0 (small blind) folded before Flop



PokerStars Hand #254524996107:  Hold'em No Limit ($0.50/$1.00 USD) - 2025/01/24 3:39:24 WET [2025/01/23 22:39:24 ET]
Table 'Kartvelia IV' 6-max Seat #6 is the button
Seat 1: Melenya ($102.50 in chips) 
Seat 2: Sadyhov V.V. ($121.75 in chips) 
Seat 3: trillnaz ($56.39 in chips) 
Seat 4: ptolejmus ($10 in chips) 
Seat 5: rao999 ($101 in chips) 
Seat 6: BoyLoc0 ($210.32 in chips) 
Melenya: posts small blind $0.50
Sadyhov V.V.: posts big blind $1
*** HOLE CARDS ***
trillnaz: calls $1
ptolejmus: folds 
rao999: folds 
BoyLoc0: folds 
Melenya: folds 
Sadyhov V.V.: checks 
*** FLOP *** [9h Qh 5c]
Sadyhov V.V.: checks 
trillnaz: bets $1
Sadyhov V.V.: calls $1
*** TURN *** [9h Qh 5c] [Kd]
Sadyhov V.V.: checks 
trillnaz: checks 
*** RIVER *** [9h Qh 5c Kd] [Jh]
Sadyhov V.V.: bets $4.50
trillnaz: folds 
Uncalled bet ($4.50) returned to Sadyhov V.V.
Sadyhov V.V. collected $4.28 from pot
Sadyhov V.V.: doesn't show hand 
*** SUMMARY ***
Total pot $4.50 | Rake $0.22 
Board [9h Qh 5c Kd Jh]
Seat 1: Melenya (small blind) folded before Flop
Seat 2: Sadyhov V.V. (big blind) collected ($4.28)
Seat 3: trillnaz folded on the River
Seat 4: ptolejmus folded before Flop (didn't bet)
Seat 5: rao999 folded before Flop (didn't bet)
Seat 6: BoyLoc0 (button) folded before Flop (didn't bet)



PokerStars Hand #254525000795:  Hold'em No Limit ($0.50/$1.00 USD) - 2025/01/24 3:40:02 WET [2025/01/23 22:40:02 ET]
Table 'Kartvelia IV' 6-max Seat #1 is the button
Seat 1: Melenya ($102 in chips) 
Seat 2: Sadyhov V.V. ($124.03 in chips) 
Seat 3: trillnaz ($54.39 in chips) 
Seat 4: ptolejmus ($10 in chips) 
Seat 5: rao999 ($101 in chips) 
Seat 6: BoyLoc0 ($210.32 in chips) 
Sadyhov V.V.: posts small blind $0.50
trillnaz: posts big blind $1
*** HOLE CARDS ***
ptolejmus: folds 
rao999: folds 
BoyLoc0: raises $1.50 to $2.50
Melenya: folds 
Sadyhov V.V.: folds 
trillnaz: folds 
Uncalled bet ($1.50) returned to BoyLoc0
BoyLoc0 collected $2.50 from pot
BoyLoc0: doesn't show hand 
*** SUMMARY ***
Total pot $2.50 | Rake $0 
Seat 1: Melenya (button) folded before Flop (didn't bet)
Seat 2: Sadyhov V.V. (small blind) folded before Flop
Seat 3: trillnaz (big blind) folded before Flop
Seat 4: ptolejmus folded before Flop (didn't bet)
Seat 5: rao999 folded before Flop (didn't bet)
Seat 6: BoyLoc0 collected ($2.50)



PokerStars Hand #254525002846:  Hold'em No Limit ($0.50/$1.00 USD) - 2025/01/24 3:40:19 WET [2025/01/23 22:40:19 ET]
Table 'Kartvelia IV' 6-max Seat #2 is the button
Seat 1: Melenya ($102 in chips) 
Seat 2: Sadyhov V.V. ($123.53 in chips) 
Seat 3: trillnaz ($53.39 in chips) 
Seat 4: ptolejmus ($10 in chips) 
Seat 5: rao999 ($101 in chips) 
Seat 6: BoyLoc0 ($211.82 in chips) 
trillnaz: posts small blind $0.50
ptolejmus: posts big blind $1
*** HOLE CARDS ***
rao999: folds 
BoyLoc0: folds 
Melenya: raises $1.30 to $2.30
Sadyhov V.V.: folds 
trillnaz: calls $1.80
ptolejmus: raises $7.70 to $10 and is all-in
Melenya: calls $7.70
trillnaz: calls $7.70
*** FLOP *** [Ks 8c 2s]
trillnaz: checks 
Melenya: bets $21.38
trillnaz: folds 
Uncalled bet ($21.38) returned to Melenya
*** FIRST TURN *** [Ks 8c 2s] [Ah]
*** FIRST RIVER *** [Ks 8c 2s Ah] [9s]
*** SECOND TURN *** [Ks 8c 2s] [7d]
*** SECOND RIVER *** [Ks 8c 2s 7d] [As]
*** FIRST SHOW DOWN ***
ptolejmus: shows [8d Ad] (two pair, Aces and Eights)
Melenya: shows [Qs Kh] (a pair of Kings)
ptolejmus collected $14.25 from pot
*** SECOND SHOW DOWN ***
ptolejmus: shows [8d Ad] (two pair, Aces and Eights)
Melenya: shows [Qs Kh] (a pair of Kings)
ptolejmus collected $14.25 from pot
*** SUMMARY ***
Total pot $30 | Rake $1.50 
Hand was run twice
FIRST Board [Ks 8c 2s Ah 9s]
SECOND Board [Ks 8c 2s 7d As]
Seat 1: Melenya showed [Qs Kh] and lost with a pair of Kings, and lost with a pair of Kings
Seat 2: Sadyhov V.V. (button) folded before Flop (didn't bet)
Seat 3: trillnaz (small blind) folded on the Flop
Seat 4: ptolejmus (big blind) showed [8d Ad] and won ($14.25) with two pair, Aces and Eights, and won ($14.25) with two pair, Aces and Eights
Seat 5: rao999 folded before Flop (didn't bet)
Seat 6: BoyLoc0 folded before Flop (didn't bet)



PokerStars Hand #254525012277:  Hold'em No Limit ($0.50/$1.00 USD) - 2025/01/24 3:41:37 WET [2025/01/23 22:41:37 ET]
Table 'Kartvelia IV' 6-max Seat #3 is the button
Seat 1: Melenya ($100 in chips) 
Seat 2: Sadyhov V.V. ($123.53 in chips) 
Seat 3: trillnaz ($43.39 in chips) 
Seat 4: ptolejmus ($28.50 in chips) 
Seat 5: rao999 ($101 in chips) 
Seat 6: BoyLoc0 ($211.82 in chips) 
ptolejmus: posts small blind $0.50
rao999: posts big blind $1
*** HOLE CARDS ***
BoyLoc0: folds 
Melenya: folds 
Sadyhov V.V.: folds 
trillnaz: folds 
ptolejmus: raises $1.75 to $2.75
rao999: calls $1.75
*** FLOP *** [3d Kh 5h]
ptolejmus: bets $1.41
rao999: folds 
Uncalled bet ($1.41) returned to ptolejmus
ptolejmus collected $5.22 from pot
*** SUMMARY ***
Total pot $5.50 | Rake $0.28 
Board [3d Kh 5h]
Seat 1: Melenya folded before Flop (didn't bet)
Seat 2: Sadyhov V.V. folded before Flop (didn't bet)
Seat 3: trillnaz (button) folded before Flop (didn't bet)
Seat 4: ptolejmus (small blind) collected ($5.22)
Seat 5: rao999 (big blind) folded on the Flop
Seat 6: BoyLoc0 folded before Flop (didn't bet)



