PokerStars Hand #254530834355:  Hold'em No Limit ($0.50/$1.00 USD) - 2025/01/24 16:40:01 WET [2025/01/24 11:40:01 ET]
Table 'Seillier IV' 6-max Seat #1 is the button
Seat 1: peak joker33 ($100 in chips) 
Seat 2: avstero ($99 in chips) 
Seat 3: MrVern9177 ($60.40 in chips) 
Seat 4: paramourx ($100 in chips) 
Seat 5: dreimis190 ($101.50 in chips) 
Seat 6: HeisenbergC10 ($90.60 in chips) 
avstero: posts small blind $0.50
MrVern9177: posts big blind $1
*** HOLE CARDS ***
paramourx: folds 
dreimis190: raises $1 to $2
HeisenbergC10: folds 
peak joker33: raises $5 to $7
avstero: folds 
MrVern9177: folds 
dreimis190: raises $12.50 to $19.50
peak joker33: folds 
Uncalled bet ($12.50) returned to dreimis190
dreimis190 collected $15.50 from pot
dreimis190: doesn't show hand 
*** SUMMARY ***
Total pot $15.50 | Rake $0 
Seat 1: peak joker33 (button) folded before Flop
Seat 2: avstero (small blind) folded before Flop
Seat 3: MrVern9177 (big blind) folded before Flop
Seat 4: paramourx folded before Flop (didn't bet)
Seat 5: dreimis190 collected ($15.50)
Seat 6: HeisenbergC10 folded before Flop (didn't bet)



PokerStars Hand #254530843186:  Hold'em No Limit ($0.50/$1.00 USD) - 2025/01/24 16:40:39 WET [2025/01/24 11:40:39 ET]
Table 'Seillier IV' 6-max Seat #2 is the button
Seat 1: peak joker33 ($100 in chips) 
Seat 2: avstero ($100 in chips) 
Seat 3: MrVern9177 ($59.40 in chips) 
Seat 4: paramourx ($100 in chips) 
Seat 5: dreimis190 ($110 in chips) 
Seat 6: HeisenbergC10 ($90.60 in chips) 
MrVern9177: posts small blind $0.50
paramourx: posts big blind $1
*** HOLE CARDS ***
dreimis190: folds 
HeisenbergC10: folds 
peak joker33: folds 
avstero: raises $1.20 to $2.20
MrVern9177: calls $1.70
paramourx: folds 
*** FLOP *** [Kc Ac 8c]
MrVern9177: checks 
avstero: bets $1.50
MrVern9177: raises $1.50 to $3
avstero: folds 
Uncalled bet ($1.50) returned to MrVern9177
MrVern9177 collected $7.98 from pot
*** SUMMARY ***
Total pot $8.40 | Rake $0.42 
Board [Kc Ac 8c]
Seat 1: peak joker33 folded before Flop (didn't bet)
Seat 2: avstero (button) folded on the Flop
Seat 3: MrVern9177 (small blind) collected ($7.98)
Seat 4: paramourx (big blind) folded before Flop
Seat 5: dreimis190 folded before Flop (didn't bet)
Seat 6: HeisenbergC10 folded before Flop (didn't bet)



PokerStars Hand #254530853463:  Hold'em No Limit ($0.50/$1.00 USD) - 2025/01/24 16:41:23 WET [2025/01/24 11:41:23 ET]
Table 'Seillier IV' 6-max Seat #3 is the button
Seat 1: peak joker33 ($100 in chips) 
Seat 2: avstero ($100 in chips) 
Seat 3: MrVern9177 ($63.68 in chips) 
Seat 4: paramourx ($100 in chips) 
Seat 5: dreimis190 ($110 in chips) 
Seat 6: HeisenbergC10 ($90.60 in chips) 
paramourx: posts small blind $0.50
dreimis190: posts big blind $1
*** HOLE CARDS ***
HeisenbergC10: folds 
peak joker33: raises $1.50 to $2.50
avstero: folds 
MrVern9177: calls $2.50
paramourx: folds 
dreimis190: folds 
*** FLOP *** [6h 7h 2s]
peak joker33: checks 
MrVern9177: bets $3
peak joker33: calls $3
*** TURN *** [6h 7h 2s] [2d]
peak joker33: checks 
MrVern9177: bets $5
peak joker33: calls $5
*** RIVER *** [6h 7h 2s 2d] [9h]
peak joker33: checks 
MrVern9177: checks 
*** SHOW DOWN ***
peak joker33: shows [As Qs] (a pair of Deuces)
MrVern9177: shows [Ac 6c] (two pair, Sixes and Deuces)
MrVern9177 collected $21.38 from pot
*** SUMMARY ***
Total pot $22.50 | Rake $1.12 
Board [6h 7h 2s 2d 9h]
Seat 1: peak joker33 showed [As Qs] and lost with a pair of Deuces
Seat 2: avstero folded before Flop (didn't bet)
Seat 3: MrVern9177 (button) showed [Ac 6c] and won ($21.38) with two pair, Sixes and Deuces
Seat 4: paramourx (small blind) folded before Flop
Seat 5: dreimis190 (big blind) folded before Flop
Seat 6: HeisenbergC10 folded before Flop (didn't bet)



PokerStars Hand #254530864721:  Hold'em No Limit ($0.50/$1.00 USD) - 2025/01/24 16:42:10 WET [2025/01/24 11:42:10 ET]
Table 'Seillier IV' 6-max Seat #4 is the button
Seat 1: peak joker33 ($100 in chips) 
Seat 2: avstero ($100 in chips) 
Seat 3: MrVern9177 ($74.56 in chips) 
Seat 4: paramourx ($100 in chips) 
Seat 5: dreimis190 ($109 in chips) 
Seat 6: HeisenbergC10 ($90.60 in chips) 
dreimis190: posts small blind $0.50
HeisenbergC10: posts big blind $1
*** HOLE CARDS ***
peak joker33: folds 
avstero: folds 
MrVern9177: folds 
paramourx: folds 
dreimis190: raises $2 to $3
HeisenbergC10: folds 
Uncalled bet ($2) returned to dreimis190
dreimis190 collected $2 from pot
dreimis190: doesn't show hand 
*** SUMMARY ***
Total pot $2 | Rake $0 
Seat 1: peak joker33 folded before Flop (didn't bet)
Seat 2: avstero folded before Flop (didn't bet)
Seat 3: MrVern9177 folded before Flop (didn't bet)
Seat 4: paramourx (button) folded before Flop (didn't bet)
Seat 5: dreimis190 (small blind) collected ($2)
Seat 6: HeisenbergC10 (big blind) folded before Flop



PokerStars Hand #254530867788:  Hold'em No Limit ($0.50/$1.00 USD) - 2025/01/24 16:42:24 WET [2025/01/24 11:42:24 ET]
Table 'Seillier IV' 6-max Seat #5 is the button
Seat 1: peak joker33 ($100 in chips) 
Seat 2: avstero ($100 in chips) 
Seat 3: MrVern9177 ($74.56 in chips) 
Seat 4: paramourx ($100 in chips) 
Seat 5: dreimis190 ($110 in chips) 
Seat 6: HeisenbergC10 ($89.60 in chips) 
HeisenbergC10: posts small blind $0.50
peak joker33: posts big blind $1
*** HOLE CARDS ***
avstero: folds 
MrVern9177: calls $1
paramourx: folds 
dreimis190: folds 
HeisenbergC10: calls $0.50
peak joker33: checks 
*** FLOP *** [3h 7d 5d]
HeisenbergC10: checks 
peak joker33: checks 
MrVern9177: checks 
*** TURN *** [3h 7d 5d] [3s]
HeisenbergC10: checks 
peak joker33: bets $2
MrVern9177: folds 
HeisenbergC10: folds 
Uncalled bet ($2) returned to peak joker33
peak joker33 collected $2.85 from pot
peak joker33: doesn't show hand 
*** SUMMARY ***
Total pot $3 | Rake $0.15 
Board [3h 7d 5d 3s]
Seat 1: peak joker33 (big blind) collected ($2.85)
Seat 2: avstero folded before Flop (didn't bet)
Seat 3: MrVern9177 folded on the Turn
Seat 4: paramourx folded before Flop (didn't bet)
Seat 5: dreimis190 (button) folded before Flop (didn't bet)
Seat 6: HeisenbergC10 (small blind) folded on the Turn



PokerStars Hand #254530877407:  Hold'em No Limit ($0.50/$1.00 USD) - 2025/01/24 16:43:04 WET [2025/01/24 11:43:04 ET]
Table 'Seillier IV' 6-max Seat #6 is the button
Seat 1: peak joker33 ($101.85 in chips) 
Seat 2: avstero ($100 in chips) 
Seat 3: MrVern9177 ($73.56 in chips) 
Seat 4: paramourx ($100 in chips) 
Seat 5: dreimis190 ($110 in chips) 
Seat 6: HeisenbergC10 ($88.60 in chips) 
peak joker33: posts small blind $0.50
avstero: posts big blind $1
*** HOLE CARDS ***
MrVern9177: folds 
paramourx: folds 
dreimis190: folds 
HeisenbergC10: folds 
peak joker33: raises $2 to $3
avstero: folds 
Uncalled bet ($2) returned to peak joker33
peak joker33 collected $2 from pot
peak joker33: doesn't show hand 
*** SUMMARY ***
Total pot $2 | Rake $0 
Seat 1: peak joker33 (small blind) collected ($2)
Seat 2: avstero (big blind) folded before Flop
Seat 3: MrVern9177 folded before Flop (didn't bet)
Seat 4: paramourx folded before Flop (didn't bet)
Seat 5: dreimis190 folded before Flop (didn't bet)
Seat 6: HeisenbergC10 (button) folded before Flop (didn't bet)



PokerStars Hand #254530880229:  Hold'em No Limit ($0.50/$1.00 USD) - 2025/01/24 16:43:16 WET [2025/01/24 11:43:16 ET]
Table 'Seillier IV' 6-max Seat #1 is the button
Seat 1: peak joker33 ($102.85 in chips) 
Seat 2: avstero ($99 in chips) 
Seat 3: MrVern9177 ($73.56 in chips) 
Seat 4: paramourx ($100 in chips) 
Seat 5: dreimis190 ($110 in chips) 
Seat 6: HeisenbergC10 ($88.60 in chips) 
avstero: posts small blind $0.50
MrVern9177: posts big blind $1
*** HOLE CARDS ***
paramourx: folds 
dreimis190: folds 
HeisenbergC10: folds 
peak joker33: folds 
avstero: folds 
Uncalled bet ($0.50) returned to MrVern9177
MrVern9177 collected $1 from pot
*** SUMMARY ***
Total pot $1 | Rake $0 
Seat 1: peak joker33 (button) folded before Flop (didn't bet)
Seat 2: avstero (small blind) folded before Flop
Seat 3: MrVern9177 (big blind) collected ($1)
Seat 4: paramourx folded before Flop (didn't bet)
Seat 5: dreimis190 folded before Flop (didn't bet)
Seat 6: HeisenbergC10 folded before Flop (didn't bet)



PokerStars Hand #254530884060:  Hold'em No Limit ($0.50/$1.00 USD) - 2025/01/24 16:43:33 WET [2025/01/24 11:43:33 ET]
Table 'Seillier IV' 6-max Seat #2 is the button
Seat 1: peak joker33 ($102.85 in chips) 
Seat 2: avstero ($100 in chips) 
Seat 3: MrVern9177 ($74.06 in chips) 
Seat 4: paramourx ($100 in chips) 
Seat 5: dreimis190 ($110 in chips) 
Seat 6: HeisenbergC10 ($88.60 in chips) 
MrVern9177: posts small blind $0.50
paramourx: posts big blind $1
*** HOLE CARDS ***
dreimis190: folds 
HeisenbergC10: folds 
peak joker33: folds 
avstero: raises $1.20 to $2.20
MrVern9177: folds 
paramourx: folds 
Uncalled bet ($1.20) returned to avstero
avstero collected $2.50 from pot
avstero: doesn't show hand 
*** SUMMARY ***
Total pot $2.50 | Rake $0 
Seat 1: peak joker33 folded before Flop (didn't bet)
Seat 2: avstero (button) collected ($2.50)
Seat 3: MrVern9177 (small blind) folded before Flop
Seat 4: paramourx (big blind) folded before Flop
Seat 5: dreimis190 folded before Flop (didn't bet)
Seat 6: HeisenbergC10 folded before Flop (didn't bet)



PokerStars Hand #254530887950:  Hold'em No Limit ($0.50/$1.00 USD) - 2025/01/24 16:43:49 WET [2025/01/24 11:43:49 ET]
Table 'Seillier IV' 6-max Seat #3 is the button
Seat 1: peak joker33 ($102.85 in chips) 
Seat 2: avstero ($101.50 in chips) 
Seat 3: MrVern9177 ($73.56 in chips) 
Seat 4: paramourx ($100 in chips) 
Seat 5: dreimis190 ($110 in chips) 
Seat 6: HeisenbergC10 ($88.60 in chips) 
paramourx: posts small blind $0.50
dreimis190: posts big blind $1
*** HOLE CARDS ***
HeisenbergC10: folds 
peak joker33: folds 
avstero: folds 
MrVern9177: folds 
paramourx: raises $2 to $3
dreimis190: folds 
Uncalled bet ($2) returned to paramourx
paramourx collected $2 from pot
paramourx: doesn't show hand 
*** SUMMARY ***
Total pot $2 | Rake $0 
Seat 1: peak joker33 folded before Flop (didn't bet)
Seat 2: avstero folded before Flop (didn't bet)
Seat 3: MrVern9177 (button) folded before Flop (didn't bet)
Seat 4: paramourx (small blind) collected ($2)
Seat 5: dreimis190 (big blind) folded before Flop
Seat 6: HeisenbergC10 folded before Flop (didn't bet)



PokerStars Hand #254530891090:  Hold'em No Limit ($0.50/$1.00 USD) - 2025/01/24 16:44:02 WET [2025/01/24 11:44:02 ET]
Table 'Seillier IV' 6-max Seat #4 is the button
Seat 1: peak joker33 ($102.85 in chips) 
Seat 2: avstero ($101.50 in chips) 
Seat 3: MrVern9177 ($73.56 in chips) 
Seat 4: paramourx ($101 in chips) 
Seat 5: dreimis190 ($109 in chips) 
Seat 6: HeisenbergC10 ($88.60 in chips) 
dreimis190: posts small blind $0.50
HeisenbergC10: posts big blind $1
*** HOLE CARDS ***
peak joker33: folds 
avstero: folds 
MrVern9177: calls $1
paramourx: folds 
dreimis190: calls $0.50
HeisenbergC10: checks 
*** FLOP *** [6c 9d 8h]
dreimis190: checks 
HeisenbergC10: bets $1.43
MrVern9177: folds 
dreimis190: calls $1.43
*** TURN *** [6c 9d 8h] [Qs]
dreimis190: checks 
HeisenbergC10: checks 
*** RIVER *** [6c 9d 8h Qs] [2h]
dreimis190: bets $11
HeisenbergC10: calls $11
*** SHOW DOWN ***
dreimis190: shows [7d Jc] (high card Queen)
HeisenbergC10: shows [2d 8s] (two pair, Eights and Deuces)
HeisenbergC10 collected $26.47 from pot
*** SUMMARY ***
Total pot $27.86 | Rake $1.39 
Board [6c 9d 8h Qs 2h]
Seat 1: peak joker33 folded before Flop (didn't bet)
Seat 2: avstero folded before Flop (didn't bet)
Seat 3: MrVern9177 folded on the Flop
Seat 4: paramourx (button) folded before Flop (didn't bet)
Seat 5: dreimis190 (small blind) showed [7d Jc] and lost with high card Queen
Seat 6: HeisenbergC10 (big blind) showed [2d 8s] and won ($26.47) with two pair, Eights and Deuces



PokerStars Hand #254530905896:  Hold'em No Limit ($0.50/$1.00 USD) - 2025/01/24 16:45:06 WET [2025/01/24 11:45:06 ET]
Table 'Seillier IV' 6-max Seat #5 is the button
Seat 1: peak joker33 ($102.85 in chips) 
Seat 2: avstero ($101.50 in chips) 
Seat 3: MrVern9177 ($72.56 in chips) 
Seat 4: paramourx ($101 in chips) 
Seat 5: dreimis190 ($100 in chips) 
Seat 6: HeisenbergC10 ($101.64 in chips) 
HeisenbergC10: posts small blind $0.50
peak joker33: posts big blind $1
*** HOLE CARDS ***
avstero: folds 
MrVern9177: folds 
paramourx: raises $2 to $3
dreimis190: folds 
HeisenbergC10: folds 
peak joker33: folds 
Uncalled bet ($2) returned to paramourx
paramourx collected $2.50 from pot
paramourx: doesn't show hand 
*** SUMMARY ***
Total pot $2.50 | Rake $0 
Seat 1: peak joker33 (big blind) folded before Flop
Seat 2: avstero folded before Flop (didn't bet)
Seat 3: MrVern9177 folded before Flop (didn't bet)
Seat 4: paramourx collected ($2.50)
Seat 5: dreimis190 (button) folded before Flop (didn't bet)
Seat 6: HeisenbergC10 (small blind) folded before Flop



PokerStars Hand #254530908640:  Hold'em No Limit ($0.50/$1.00 USD) - 2025/01/24 16:45:18 WET [2025/01/24 11:45:18 ET]
Table 'Seillier IV' 6-max Seat #6 is the button
Seat 1: peak joker33 ($101.85 in chips) 
Seat 2: avstero ($101.50 in chips) 
Seat 3: MrVern9177 ($72.56 in chips) 
Seat 4: paramourx ($102.50 in chips) 
Seat 5: dreimis190 ($100 in chips) 
Seat 6: HeisenbergC10 ($101.14 in chips) 
peak joker33: posts small blind $0.50
avstero: posts big blind $1
*** HOLE CARDS ***
MrVern9177: folds 
paramourx: raises $2 to $3
dreimis190: folds 
HeisenbergC10: calls $3
peak joker33: folds 
avstero: folds 
*** FLOP *** [Qs Kc Kh]
paramourx: bets $2.21
HeisenbergC10: calls $2.21
*** TURN *** [Qs Kc Kh] [Td]
paramourx: bets $8.83
HeisenbergC10: calls $8.83
*** RIVER *** [Qs Kc Kh Td] [Th]
paramourx: bets $14.05
HeisenbergC10: calls $14.05
*** SHOW DOWN ***
paramourx: shows [Ad Kd] (a full house, Kings full of Tens)
HeisenbergC10: mucks hand 
paramourx collected $55.18 from pot
*** SUMMARY ***
Total pot $57.68 | Rake $2.50 
Board [Qs Kc Kh Td Th]
Seat 1: peak joker33 (small blind) folded before Flop
Seat 2: avstero (big blind) folded before Flop
Seat 3: MrVern9177 folded before Flop (didn't bet)
Seat 4: paramourx showed [Ad Kd] and won ($55.18) with a full house, Kings full of Tens
Seat 5: dreimis190 folded before Flop (didn't bet)
Seat 6: HeisenbergC10 (button) mucked



PokerStars Hand #254530930709:  Hold'em No Limit ($0.50/$1.00 USD) - 2025/01/24 16:46:53 WET [2025/01/24 11:46:53 ET]
Table 'Seillier IV' 6-max Seat #1 is the button
Seat 1: peak joker33 ($101.35 in chips) 
Seat 2: avstero ($100.50 in chips) 
Seat 3: MrVern9177 ($72.56 in chips) 
Seat 4: paramourx ($129.59 in chips) 
Seat 5: dreimis190 ($100 in chips) 
Seat 6: HeisenbergC10 ($73.05 in chips) 
avstero: posts small blind $0.50
MrVern9177: posts big blind $1
*** HOLE CARDS ***
paramourx: folds 
dreimis190: raises $1 to $2
HeisenbergC10: folds 
peak joker33: folds 
avstero: folds 
MrVern9177: calls $1
*** FLOP *** [4h 6s Ah]
MrVern9177: checks 
dreimis190: bets $1.41
MrVern9177: folds 
Uncalled bet ($1.41) returned to dreimis190
dreimis190 collected $4.28 from pot
dreimis190: doesn't show hand 
*** SUMMARY ***
Total pot $4.50 | Rake $0.22 
Board [4h 6s Ah]
Seat 1: peak joker33 (button) folded before Flop (didn't bet)
Seat 2: avstero (small blind) folded before Flop
Seat 3: MrVern9177 (big blind) folded on the Flop
Seat 4: paramourx folded before Flop (didn't bet)
Seat 5: dreimis190 collected ($4.28)
Seat 6: HeisenbergC10 folded before Flop (didn't bet)



PokerStars Hand #254530941969:  Hold'em No Limit ($0.50/$1.00 USD) - 2025/01/24 16:47:41 WET [2025/01/24 11:47:41 ET]
Table 'Seillier IV' 6-max Seat #2 is the button
Seat 1: peak joker33 ($101.35 in chips) 
Seat 2: avstero ($100 in chips) 
Seat 3: MrVern9177 ($70.56 in chips) 
Seat 4: paramourx ($129.59 in chips) 
Seat 5: dreimis190 ($102.28 in chips) 
Seat 6: HeisenbergC10 ($73.05 in chips) 
MrVern9177: posts small blind $0.50
paramourx: posts big blind $1
*** HOLE CARDS ***
dreimis190: folds 
HeisenbergC10: calls $1
peak joker33: folds 
avstero: folds 
MrVern9177: calls $0.50
paramourx: raises $5 to $6
HeisenbergC10: folds 
MrVern9177: folds 
Uncalled bet ($5) returned to paramourx
paramourx collected $3 from pot
paramourx: doesn't show hand 
*** SUMMARY ***
Total pot $3 | Rake $0 
Seat 1: peak joker33 folded before Flop (didn't bet)
Seat 2: avstero (button) folded before Flop (didn't bet)
Seat 3: MrVern9177 (small blind) folded before Flop
Seat 4: paramourx (big blind) collected ($3)
Seat 5: dreimis190 folded before Flop (didn't bet)
Seat 6: HeisenbergC10 folded before Flop



PokerStars Hand #254530950081:  Hold'em No Limit ($0.50/$1.00 USD) - 2025/01/24 16:48:15 WET [2025/01/24 11:48:15 ET]
Table 'Seillier IV' 6-max Seat #3 is the button
Seat 1: peak joker33 ($101.35 in chips) 
Seat 2: avstero ($100 in chips) 
Seat 3: MrVern9177 ($69.56 in chips) 
Seat 4: paramourx ($131.59 in chips) 
Seat 5: dreimis190 ($102.28 in chips) 
Seat 6: HeisenbergC10 ($72.05 in chips) 
paramourx: posts small blind $0.50
dreimis190: posts big blind $1
*** HOLE CARDS ***
HeisenbergC10: calls $1
peak joker33: folds 
avstero: raises $3 to $4
MrVern9177: folds 
paramourx: folds 
dreimis190: calls $3
HeisenbergC10: folds 
*** FLOP *** [Ac Qh Kh]
dreimis190: checks 
avstero: bets $2.71
dreimis190: calls $2.71
*** TURN *** [Ac Qh Kh] [Ad]
dreimis190: checks 
avstero: bets $4.25
dreimis190: calls $4.25
*** RIVER *** [Ac Qh Kh Ad] [Td]
dreimis190: checks 
avstero: bets $6.68
dreimis190: folds 
Uncalled bet ($6.68) returned to avstero
avstero collected $22.25 from pot
avstero: doesn't show hand 
*** SUMMARY ***
Total pot $23.42 | Rake $1.17 
Board [Ac Qh Kh Ad Td]
Seat 1: peak joker33 folded before Flop (didn't bet)
Seat 2: avstero collected ($22.25)
Seat 3: MrVern9177 (button) folded before Flop (didn't bet)
Seat 4: paramourx (small blind) folded before Flop
Seat 5: dreimis190 (big blind) folded on the River
Seat 6: HeisenbergC10 folded before Flop



PokerStars Hand #254530976482:  Hold'em No Limit ($0.50/$1.00 USD) - 2025/01/24 16:50:08 WET [2025/01/24 11:50:08 ET]
Table 'Seillier IV' 6-max Seat #4 is the button
Seat 1: peak joker33 ($101.35 in chips) 
Seat 2: avstero ($111.29 in chips) 
Seat 3: MrVern9177 ($69.56 in chips) 
Seat 4: paramourx ($131.09 in chips) 
Seat 5: dreimis190 ($100 in chips) 
Seat 6: HeisenbergC10 ($71.05 in chips) 
dreimis190: posts small blind $0.50
HeisenbergC10: posts big blind $1
*** HOLE CARDS ***
peak joker33: folds 
avstero: folds 
MrVern9177: folds 
paramourx: folds 
dreimis190: calls $0.50
HeisenbergC10: checks 
*** FLOP *** [4h Qc 2h]
dreimis190: checks 
HeisenbergC10: checks 
*** TURN *** [4h Qc 2h] [Ad]
dreimis190: bets $1
HeisenbergC10: folds 
Uncalled bet ($1) returned to dreimis190
dreimis190 collected $1.90 from pot
dreimis190: doesn't show hand 
*** SUMMARY ***
Total pot $2 | Rake $0.10 
Board [4h Qc 2h Ad]
Seat 1: peak joker33 folded before Flop (didn't bet)
Seat 2: avstero folded before Flop (didn't bet)
Seat 3: MrVern9177 folded before Flop (didn't bet)
Seat 4: paramourx (button) folded before Flop (didn't bet)
Seat 5: dreimis190 (small blind) collected ($1.90)
Seat 6: HeisenbergC10 (big blind) folded on the Turn



PokerStars Hand #254530985727:  Hold'em No Limit ($0.50/$1.00 USD) - 2025/01/24 16:50:47 WET [2025/01/24 11:50:47 ET]
Table 'Seillier IV' 6-max Seat #5 is the button
Seat 1: peak joker33 ($101.35 in chips) is sitting out
Seat 2: avstero ($111.29 in chips) 
Seat 3: MrVern9177 ($69.56 in chips) 
Seat 4: paramourx ($131.09 in chips) 
Seat 5: dreimis190 ($100.90 in chips) 
Seat 6: HeisenbergC10 ($70.05 in chips) 
HeisenbergC10: posts small blind $0.50
avstero: posts big blind $1
*** HOLE CARDS ***
MrVern9177: folds 
paramourx: folds 
dreimis190: raises $1.50 to $2.50
HeisenbergC10: calls $2
avstero: folds 
*** FLOP *** [9c 2d 2c]
HeisenbergC10: checks 
dreimis190: checks 
*** TURN *** [9c 2d 2c] [6d]
HeisenbergC10: bets $2.85
dreimis190: folds 
Uncalled bet ($2.85) returned to HeisenbergC10
HeisenbergC10 collected $5.70 from pot
*** SUMMARY ***
Total pot $6 | Rake $0.30 
Board [9c 2d 2c 6d]
Seat 1: peak joker33
Seat 2: avstero (big blind) folded before Flop
Seat 3: MrVern9177 folded before Flop (didn't bet)
Seat 4: paramourx folded before Flop (didn't bet)
Seat 5: dreimis190 (button) folded on the Turn
Seat 6: HeisenbergC10 (small blind) collected ($5.70)



PokerStars Hand #254530998006:  Hold'em No Limit ($0.50/$1.00 USD) - 2025/01/24 16:51:41 WET [2025/01/24 11:51:41 ET]
Table 'Seillier IV' 6-max Seat #6 is the button
Seat 1: peak joker33 ($101.35 in chips) is sitting out
Seat 2: avstero ($110.29 in chips) 
Seat 3: MrVern9177 ($69.56 in chips) 
Seat 4: paramourx ($131.09 in chips) 
Seat 5: dreimis190 ($100 in chips) 
Seat 6: HeisenbergC10 ($73.25 in chips) 
avstero: posts small blind $0.50
MrVern9177: posts big blind $1
*** HOLE CARDS ***
paramourx: folds 
dreimis190: folds 
HeisenbergC10: calls $1
avstero: calls $0.50
MrVern9177: checks 
*** FLOP *** [Ac Ks 2c]
avstero: checks 
MrVern9177: checks 
HeisenbergC10: checks 
*** TURN *** [Ac Ks 2c] [2d]
avstero: checks 
MrVern9177: bets $2
HeisenbergC10: calls $2
avstero: folds 
*** RIVER *** [Ac Ks 2c 2d] [4c]
MrVern9177: checks 
HeisenbergC10: bets $9.65
MrVern9177: folds 
Uncalled bet ($9.65) returned to HeisenbergC10
HeisenbergC10 collected $6.65 from pot
*** SUMMARY ***
Total pot $7 | Rake $0.35 
Board [Ac Ks 2c 2d 4c]
Seat 1: peak joker33
Seat 2: avstero (small blind) folded on the Turn
Seat 3: MrVern9177 (big blind) folded on the River
Seat 4: paramourx folded before Flop (didn't bet)
Seat 5: dreimis190 folded before Flop (didn't bet)
Seat 6: HeisenbergC10 (button) collected ($6.65)



PokerStars Hand #254531011987:  Hold'em No Limit ($0.50/$1.00 USD) - 2025/01/24 16:52:41 WET [2025/01/24 11:52:41 ET]
Table 'Seillier IV' 6-max Seat #2 is the button
Seat 1: peak joker33 ($101.35 in chips) is sitting out
Seat 2: avstero ($109.29 in chips) 
Seat 3: MrVern9177 ($66.56 in chips) 
Seat 4: paramourx ($131.09 in chips) 
Seat 5: dreimis190 ($100 in chips) 
Seat 6: HeisenbergC10 ($76.90 in chips) 
MrVern9177: posts small blind $0.50
paramourx: posts big blind $1
*** HOLE CARDS ***
dreimis190: folds 
HeisenbergC10: calls $1
avstero: raises $3 to $4
MrVern9177: folds 
paramourx: folds 
HeisenbergC10: folds 
Uncalled bet ($3) returned to avstero
avstero collected $3.50 from pot
avstero: doesn't show hand 
*** SUMMARY ***
Total pot $3.50 | Rake $0 
Seat 1: peak joker33
Seat 2: avstero (button) collected ($3.50)
Seat 3: MrVern9177 (small blind) folded before Flop
Seat 4: paramourx (big blind) folded before Flop
Seat 5: dreimis190 folded before Flop (didn't bet)
Seat 6: HeisenbergC10 folded before Flop



PokerStars Hand #254531018361:  Hold'em No Limit ($0.50/$1.00 USD) - 2025/01/24 16:53:08 WET [2025/01/24 11:53:08 ET]
Table 'Seillier IV' 6-max Seat #3 is the button
Seat 1: peak joker33 ($101.35 in chips) is sitting out
Seat 2: avstero ($111.79 in chips) 
Seat 3: MrVern9177 ($66.06 in chips) 
Seat 4: paramourx ($130.09 in chips) 
Seat 5: dreimis190 ($100 in chips) 
Seat 6: HeisenbergC10 ($75.90 in chips) 
paramourx: posts small blind $0.50
dreimis190: posts big blind $1
*** HOLE CARDS ***
HeisenbergC10: folds 
avstero: folds 
MrVern9177: calls $1
paramourx: folds 
dreimis190: checks 
*** FLOP *** [As 6d 3s]
dreimis190: checks 
MrVern9177: checks 
*** TURN *** [As 6d 3s] [Qh]
dreimis190: checks 
MrVern9177: bets $2
dreimis190: folds 
Uncalled bet ($2) returned to MrVern9177
MrVern9177 collected $2.38 from pot
*** SUMMARY ***
Total pot $2.50 | Rake $0.12 
Board [As 6d 3s Qh]
Seat 1: peak joker33
Seat 2: avstero folded before Flop (didn't bet)
Seat 3: MrVern9177 (button) collected ($2.38)
Seat 4: paramourx (small blind) folded before Flop
Seat 5: dreimis190 (big blind) folded on the Turn
Seat 6: HeisenbergC10 folded before Flop (didn't bet)



PokerStars Hand #254531026679:  Hold'em No Limit ($0.50/$1.00 USD) - 2025/01/24 16:53:44 WET [2025/01/24 11:53:44 ET]
Table 'Seillier IV' 6-max Seat #4 is the button
Seat 1: peak joker33 ($101.35 in chips) is sitting out
Seat 2: avstero ($111.79 in chips) 
Seat 3: MrVern9177 ($67.44 in chips) 
Seat 4: paramourx ($129.59 in chips) 
Seat 5: dreimis190 ($100 in chips) 
Seat 6: HeisenbergC10 ($75.90 in chips) 
dreimis190: posts small blind $0.50
HeisenbergC10: posts big blind $1
*** HOLE CARDS ***
avstero: folds 
MrVern9177: folds 
paramourx: folds 
dreimis190: folds 
Uncalled bet ($0.50) returned to HeisenbergC10
HeisenbergC10 collected $1 from pot
*** SUMMARY ***
Total pot $1 | Rake $0 
Seat 1: peak joker33
Seat 2: avstero folded before Flop (didn't bet)
Seat 3: MrVern9177 folded before Flop (didn't bet)
Seat 4: paramourx (button) folded before Flop (didn't bet)
Seat 5: dreimis190 (small blind) folded before Flop
Seat 6: HeisenbergC10 (big blind) collected ($1)



PokerStars Hand #254531028779:  Hold'em No Limit ($0.50/$1.00 USD) - 2025/01/24 16:53:53 WET [2025/01/24 11:53:53 ET]
Table 'Seillier IV' 6-max Seat #5 is the button
Seat 1: peak joker33 ($101.35 in chips) is sitting out
Seat 2: avstero ($111.79 in chips) 
Seat 3: MrVern9177 ($67.44 in chips) 
Seat 4: paramourx ($129.59 in chips) 
Seat 5: dreimis190 ($100 in chips) 
Seat 6: HeisenbergC10 ($76.40 in chips) 
HeisenbergC10: posts small blind $0.50
avstero: posts big blind $1
*** HOLE CARDS ***
MrVern9177: calls $1
paramourx: folds 
dreimis190: raises $2.50 to $3.50
HeisenbergC10: folds 
avstero: raises $9.90 to $13.40
MrVern9177: folds 
dreimis190: calls $9.90
*** FLOP *** [4c Tc Ac]
avstero: checks 
dreimis190: bets $5.50
avstero: calls $5.50
*** TURN *** [4c Tc Ac] [2h]
avstero: checks 
dreimis190: bets $18.67
avstero: calls $18.67
*** RIVER *** [4c Tc Ac 2h] [9c]
avstero: checks 
dreimis190: bets $62.43 and is all-in
avstero: folds 
Uncalled bet ($62.43) returned to dreimis190
dreimis190 collected $74.14 from pot
dreimis190: doesn't show hand 
*** SUMMARY ***
Total pot $76.64 | Rake $2.50 
Board [4c Tc Ac 2h 9c]
Seat 1: peak joker33
Seat 2: avstero (big blind) folded on the River
Seat 3: MrVern9177 folded before Flop
Seat 4: paramourx folded before Flop (didn't bet)
Seat 5: dreimis190 (button) collected ($74.14)
Seat 6: HeisenbergC10 (small blind) folded before Flop



PokerStars Hand #254531065601:  Hold'em No Limit ($0.50/$1.00 USD) - 2025/01/24 16:56:54 WET [2025/01/24 11:56:54 ET]
Table 'Seillier IV' 6-max Seat #6 is the button
Seat 1: peak joker33 ($101.35 in chips) is sitting out
Seat 2: avstero ($100 in chips) 
Seat 3: MrVern9177 ($66.44 in chips) 
Seat 4: paramourx ($129.59 in chips) 
Seat 5: dreimis190 ($136.57 in chips) 
Seat 6: HeisenbergC10 ($75.90 in chips) 
avstero: posts small blind $0.50
MrVern9177: posts big blind $1
*** HOLE CARDS ***
paramourx: folds 
dreimis190: folds 
HeisenbergC10: calls $1
avstero: calls $0.50
MrVern9177: checks 
*** FLOP *** [7c 7h 9c]
avstero: checks 
MrVern9177: checks 
HeisenbergC10: checks 
*** TURN *** [7c 7h 9c] [Th]
avstero: checks 
MrVern9177: checks 
HeisenbergC10: bets $1.43
avstero: calls $1.43
MrVern9177: folds 
*** RIVER *** [7c 7h 9c Th] [3c]
avstero: bets $5
HeisenbergC10: folds 
Uncalled bet ($5) returned to avstero
avstero collected $5.57 from pot
avstero: doesn't show hand 
*** SUMMARY ***
Total pot $5.86 | Rake $0.29 
Board [7c 7h 9c Th 3c]
Seat 1: peak joker33
Seat 2: avstero (small blind) collected ($5.57)
Seat 3: MrVern9177 (big blind) folded on the Turn
Seat 4: paramourx folded before Flop (didn't bet)
Seat 5: dreimis190 folded before Flop (didn't bet)
Seat 6: HeisenbergC10 (button) folded on the River



PokerStars Hand #254531080026:  Hold'em No Limit ($0.50/$1.00 USD) - 2025/01/24 16:58:13 WET [2025/01/24 11:58:13 ET]
Table 'Seillier IV' 6-max Seat #2 is the button
Seat 1: peak joker33 ($101.35 in chips) is sitting out
Seat 2: avstero ($103.14 in chips) 
Seat 3: MrVern9177 ($65.44 in chips) 
Seat 4: paramourx ($129.59 in chips) 
Seat 5: dreimis190 ($136.57 in chips) 
Seat 6: HeisenbergC10 ($73.47 in chips) 
MrVern9177: posts small blind $0.50
paramourx: posts big blind $1
peak joker33: sits out 
*** HOLE CARDS ***
dreimis190: raises $1 to $2
HeisenbergC10: folds 
avstero: folds 
MrVern9177: raises $1 to $3
paramourx: calls $2
dreimis190: calls $1
*** FLOP *** [8c Qc 4d]
MrVern9177: checks 
paramourx: checks 
dreimis190: checks 
*** TURN *** [8c Qc 4d] [7c]
MrVern9177: bets $5
paramourx: folds 
dreimis190: calls $5
*** RIVER *** [8c Qc 4d 7c] [Kc]
MrVern9177: checks 
dreimis190: bets $29
MrVern9177: folds 
Uncalled bet ($29) returned to dreimis190
dreimis190 collected $18.05 from pot
dreimis190: doesn't show hand 
*** SUMMARY ***
Total pot $19 | Rake $0.95 
Board [8c Qc 4d 7c Kc]
Seat 1: peak joker33
Seat 2: avstero (button) folded before Flop (didn't bet)
Seat 3: MrVern9177 (small blind) folded on the River
Seat 4: paramourx (big blind) folded on the Turn
Seat 5: dreimis190 collected ($18.05)
Seat 6: HeisenbergC10 folded before Flop (didn't bet)



PokerStars Hand #254531209812:  Hold'em No Limit ($0.50/$1.00 USD) - 2025/01/24 17:07:54 WET [2025/01/24 12:07:54 ET]
Table 'Seillier IV' 6-max Seat #6 is the button
Seat 1: peak joker33 ($100 in chips) 
Seat 2: avstero ($106.65 in chips) 
Seat 3: MrVern9177 ($75.60 in chips) 
Seat 4: paramourx ($109.53 in chips) 
Seat 5: dreimis190 ($143.67 in chips) 
Seat 6: HeisenbergC10 ($77.41 in chips) 
peak joker33: posts small blind $0.50
avstero: posts big blind $1
*** HOLE CARDS ***
MrVern9177: folds 
paramourx: raises $2 to $3
dreimis190: folds 
HeisenbergC10: calls $3
peak joker33: folds 
avstero: calls $2
*** FLOP *** [Ks 6h 2h]
avstero: checks 
paramourx: checks 
HeisenbergC10: checks 
*** TURN *** [Ks 6h 2h] [4h]
avstero: checks 
paramourx: checks 
HeisenbergC10: bets $4.51
avstero: folds 
paramourx: folds 
Uncalled bet ($4.51) returned to HeisenbergC10
HeisenbergC10 collected $9.02 from pot
*** SUMMARY ***
Total pot $9.50 | Rake $0.48 
Board [Ks 6h 2h 4h]
Seat 1: peak joker33 (small blind) folded before Flop
Seat 2: avstero (big blind) folded on the Turn
Seat 3: MrVern9177 folded before Flop (didn't bet)
Seat 4: paramourx folded on the Turn
Seat 5: dreimis190 folded before Flop (didn't bet)
Seat 6: HeisenbergC10 (button) collected ($9.02)



PokerStars Hand #254531233653:  Hold'em No Limit ($0.50/$1.00 USD) - 2025/01/24 17:09:31 WET [2025/01/24 12:09:31 ET]
Table 'Seillier IV' 6-max Seat #1 is the button
Seat 1: peak joker33 ($100 in chips) 
Seat 2: avstero ($103.65 in chips) 
Seat 3: MrVern9177 ($75.60 in chips) 
Seat 4: paramourx ($106.53 in chips) 
Seat 5: dreimis190 ($143.67 in chips) 
Seat 6: HeisenbergC10 ($83.43 in chips) 
avstero: posts small blind $0.50
MrVern9177: posts big blind $1
*** HOLE CARDS ***
paramourx: folds 
dreimis190: folds 
HeisenbergC10: folds 
peak joker33: folds 
avstero: raises $1.80 to $2.80
MrVern9177: folds 
Uncalled bet ($1.80) returned to avstero
avstero collected $2 from pot
avstero: doesn't show hand 
*** SUMMARY ***
Total pot $2 | Rake $0 
Seat 1: peak joker33 (button) folded before Flop (didn't bet)
Seat 2: avstero (small blind) collected ($2)
Seat 3: MrVern9177 (big blind) folded before Flop
Seat 4: paramourx folded before Flop (didn't bet)
Seat 5: dreimis190 folded before Flop (didn't bet)
Seat 6: HeisenbergC10 folded before Flop (didn't bet)



PokerStars Hand #254531239944:  Hold'em No Limit ($0.50/$1.00 USD) - 2025/01/24 17:09:57 WET [2025/01/24 12:09:57 ET]
Table 'Seillier IV' 6-max Seat #2 is the button
Seat 1: peak joker33 ($100 in chips) 
Seat 2: avstero ($104.65 in chips) 
Seat 3: MrVern9177 ($74.60 in chips) 
Seat 4: paramourx ($106.53 in chips) 
Seat 5: dreimis190 ($143.67 in chips) 
Seat 6: HeisenbergC10 ($83.43 in chips) 
MrVern9177: posts small blind $0.50
paramourx: posts big blind $1
*** HOLE CARDS ***
dreimis190: raises $1 to $2
HeisenbergC10: folds 
peak joker33: folds 
avstero: folds 
MrVern9177: calls $1.50
paramourx: folds 
*** FLOP *** [Ah Qh Kh]
MrVern9177: checks 
dreimis190: bets $1.07
MrVern9177: raises $2.07 to $3.14
dreimis190: folds 
Uncalled bet ($2.07) returned to MrVern9177
MrVern9177 collected $6.78 from pot
*** SUMMARY ***
Total pot $7.14 | Rake $0.36 
Board [Ah Qh Kh]
Seat 1: peak joker33 folded before Flop (didn't bet)
Seat 2: avstero (button) folded before Flop (didn't bet)
Seat 3: MrVern9177 (small blind) collected ($6.78)
Seat 4: paramourx (big blind) folded before Flop
Seat 5: dreimis190 folded on the Flop
Seat 6: HeisenbergC10 folded before Flop (didn't bet)



PokerStars Hand #254531254408:  Hold'em No Limit ($0.50/$1.00 USD) - 2025/01/24 17:10:55 WET [2025/01/24 12:10:55 ET]
Table 'Seillier IV' 6-max Seat #3 is the button
Seat 1: peak joker33 ($100 in chips) 
Seat 2: avstero ($104.65 in chips) 
Seat 3: MrVern9177 ($78.31 in chips) 
Seat 4: paramourx ($105.53 in chips) 
Seat 5: dreimis190 ($140.60 in chips) 
Seat 6: HeisenbergC10 ($83.43 in chips) 
paramourx: posts small blind $0.50
dreimis190: posts big blind $1
*** HOLE CARDS ***
HeisenbergC10: folds 
peak joker33: folds 
avstero: folds 
MrVern9177: calls $1
paramourx: folds 
dreimis190: checks 
*** FLOP *** [3s 5s Ac]
dreimis190: checks 
MrVern9177: checks 
*** TURN *** [3s 5s Ac] [Jc]
dreimis190: bets $1.50
MrVern9177: raises $2.50 to $4
dreimis190: folds 
Uncalled bet ($2.50) returned to MrVern9177
MrVern9177 collected $5.22 from pot
*** SUMMARY ***
Total pot $5.50 | Rake $0.28 
Board [3s 5s Ac Jc]
Seat 1: peak joker33 folded before Flop (didn't bet)
Seat 2: avstero folded before Flop (didn't bet)
Seat 3: MrVern9177 (button) collected ($5.22)
Seat 4: paramourx (small blind) folded before Flop
Seat 5: dreimis190 (big blind) folded on the Turn
Seat 6: HeisenbergC10 folded before Flop (didn't bet)



PokerStars Hand #254531265892:  Hold'em No Limit ($0.50/$1.00 USD) - 2025/01/24 17:11:41 WET [2025/01/24 12:11:41 ET]
Table 'Seillier IV' 6-max Seat #4 is the button
Seat 1: peak joker33 ($100 in chips) 
Seat 2: avstero ($104.65 in chips) 
Seat 3: MrVern9177 ($81.03 in chips) 
Seat 4: paramourx ($105.03 in chips) 
Seat 5: dreimis190 ($138.10 in chips) 
Seat 6: HeisenbergC10 ($83.43 in chips) 
dreimis190: posts small blind $0.50
HeisenbergC10: posts big blind $1
*** HOLE CARDS ***
peak joker33: folds 
avstero: folds 
MrVern9177: calls $1
paramourx: folds 
dreimis190: calls $0.50
HeisenbergC10: checks 
*** FLOP *** [4s Ad 2s]
dreimis190: checks 
HeisenbergC10: checks 
MrVern9177: checks 
*** TURN *** [4s Ad 2s] [2d]
dreimis190: checks 
HeisenbergC10: checks 
MrVern9177: bets $2
dreimis190: folds 
HeisenbergC10: folds 
Uncalled bet ($2) returned to MrVern9177
MrVern9177 collected $2.85 from pot
*** SUMMARY ***
Total pot $3 | Rake $0.15 
Board [4s Ad 2s 2d]
Seat 1: peak joker33 folded before Flop (didn't bet)
Seat 2: avstero folded before Flop (didn't bet)
Seat 3: MrVern9177 collected ($2.85)
Seat 4: paramourx (button) folded before Flop (didn't bet)
Seat 5: dreimis190 (small blind) folded on the Turn
Seat 6: HeisenbergC10 (big blind) folded on the Turn



PokerStars Hand #254531283040:  Hold'em No Limit ($0.50/$1.00 USD) - 2025/01/24 17:12:49 WET [2025/01/24 12:12:49 ET]
Table 'Seillier IV' 6-max Seat #5 is the button
Seat 1: peak joker33 ($100 in chips) 
Seat 2: avstero ($104.65 in chips) 
Seat 3: MrVern9177 ($82.88 in chips) 
Seat 4: paramourx ($105.03 in chips) 
Seat 5: dreimis190 ($137.10 in chips) 
Seat 6: HeisenbergC10 ($82.43 in chips) 
HeisenbergC10: posts small blind $0.50
peak joker33: posts big blind $1
*** HOLE CARDS ***
avstero: folds 
MrVern9177: calls $1
paramourx: folds 
dreimis190: raises $2.50 to $3.50
HeisenbergC10: folds 
peak joker33: folds 
MrVern9177: raises $3.50 to $7
HeisenbergC10 is disconnected 
dreimis190: calls $3.50
*** FLOP *** [Jh 3s Jd]
MrVern9177: bets $2
dreimis190: folds 
Uncalled bet ($2) returned to MrVern9177
MrVern9177 collected $14.72 from pot
*** SUMMARY ***
Total pot $15.50 | Rake $0.78 
Board [Jh 3s Jd]
Seat 1: peak joker33 (big blind) folded before Flop
Seat 2: avstero folded before Flop (didn't bet)
Seat 3: MrVern9177 collected ($14.72)
Seat 4: paramourx folded before Flop (didn't bet)
Seat 5: dreimis190 (button) folded on the Flop
Seat 6: HeisenbergC10 (small blind) folded before Flop



PokerStars Hand #254531296361:  Hold'em No Limit ($0.50/$1.00 USD) - 2025/01/24 17:13:42 WET [2025/01/24 12:13:42 ET]
Table 'Seillier IV' 6-max Seat #6 is the button
Seat 1: peak joker33 ($100 in chips) 
Seat 2: avstero ($104.65 in chips) 
Seat 3: MrVern9177 ($90.60 in chips) 
Seat 4: paramourx ($105.03 in chips) 
Seat 5: dreimis190 ($130.10 in chips) 
Seat 6: HeisenbergC10 ($81.93 in chips) 
peak joker33: posts small blind $0.50
avstero: posts big blind $1
*** HOLE CARDS ***
MrVern9177: folds 
paramourx: folds 
dreimis190: folds 
HeisenbergC10: folds 
peak joker33: folds 
Uncalled bet ($0.50) returned to avstero
avstero collected $1 from pot
avstero: doesn't show hand 
*** SUMMARY ***
Total pot $1 | Rake $0 
Seat 1: peak joker33 (small blind) folded before Flop
Seat 2: avstero (big blind) collected ($1)
Seat 3: MrVern9177 folded before Flop (didn't bet)
Seat 4: paramourx folded before Flop (didn't bet)
Seat 5: dreimis190 folded before Flop (didn't bet)
Seat 6: HeisenbergC10 (button) folded before Flop (didn't bet)



PokerStars Hand #254531299209:  Hold'em No Limit ($0.50/$1.00 USD) - 2025/01/24 17:13:53 WET [2025/01/24 12:13:53 ET]
Table 'Seillier IV' 6-max Seat #1 is the button
Seat 1: peak joker33 ($100 in chips) 
Seat 2: avstero ($105.15 in chips) 
Seat 3: MrVern9177 ($90.60 in chips) 
Seat 4: paramourx ($105.03 in chips) 
Seat 5: dreimis190 ($130.10 in chips) 
Seat 6: HeisenbergC10 ($81.93 in chips) 
avstero: posts small blind $0.50
MrVern9177: posts big blind $1
*** HOLE CARDS ***
paramourx: folds 
dreimis190: folds 
HeisenbergC10: folds 
peak joker33: folds 
avstero: raises $1.80 to $2.80
MrVern9177: folds 
Uncalled bet ($1.80) returned to avstero
avstero collected $2 from pot
avstero: doesn't show hand 
*** SUMMARY ***
Total pot $2 | Rake $0 
Seat 1: peak joker33 (button) folded before Flop (didn't bet)
Seat 2: avstero (small blind) collected ($2)
Seat 3: MrVern9177 (big blind) folded before Flop
Seat 4: paramourx folded before Flop (didn't bet)
Seat 5: dreimis190 folded before Flop (didn't bet)
Seat 6: HeisenbergC10 folded before Flop (didn't bet)



PokerStars Hand #254531303394:  Hold'em No Limit ($0.50/$1.00 USD) - 2025/01/24 17:14:10 WET [2025/01/24 12:14:10 ET]
Table 'Seillier IV' 6-max Seat #2 is the button
Seat 1: peak joker33 ($100 in chips) 
Seat 2: avstero ($106.15 in chips) 
Seat 3: MrVern9177 ($89.60 in chips) 
Seat 4: paramourx ($105.03 in chips) 
Seat 5: dreimis190 ($130.10 in chips) 
Seat 6: HeisenbergC10 ($81.93 in chips) 
MrVern9177: posts small blind $0.50
paramourx: posts big blind $1
*** HOLE CARDS ***
dreimis190: folds 
HeisenbergC10: folds 
peak joker33: raises $1.50 to $2.50
avstero: raises $5.30 to $7.80
MrVern9177: folds 
paramourx: folds 
peak joker33: calls $5.30
*** FLOP *** [9c Js As]
peak joker33: checks 
avstero: checks 
*** TURN *** [9c Js As] [Qh]
peak joker33: bets $16.24
avstero: folds 
Uncalled bet ($16.24) returned to peak joker33
peak joker33 collected $16.24 from pot
peak joker33: doesn't show hand 
*** SUMMARY ***
Total pot $17.10 | Rake $0.86 
Board [9c Js As Qh]
Seat 1: peak joker33 collected ($16.24)
Seat 2: avstero (button) folded on the Turn
Seat 3: MrVern9177 (small blind) folded before Flop
Seat 4: paramourx (big blind) folded before Flop
Seat 5: dreimis190 folded before Flop (didn't bet)
Seat 6: HeisenbergC10 folded before Flop (didn't bet)



PokerStars Hand #254531322360:  Hold'em No Limit ($0.50/$1.00 USD) - 2025/01/24 17:15:24 WET [2025/01/24 12:15:24 ET]
Table 'Seillier IV' 6-max Seat #3 is the button
Seat 1: peak joker33 ($108.44 in chips) 
Seat 2: avstero ($100 in chips) 
Seat 3: MrVern9177 ($89.10 in chips) 
Seat 4: paramourx ($104.03 in chips) 
Seat 5: dreimis190 ($130.10 in chips) 
Seat 6: HeisenbergC10 ($81.93 in chips) 
paramourx: posts small blind $0.50
dreimis190: posts big blind $1
*** HOLE CARDS ***
HeisenbergC10: folds 
peak joker33: folds 
avstero: raises $1.20 to $2.20
MrVern9177: folds 
MrVern9177 leaves the table
paramourx: folds 
dreimis190: folds 
Uncalled bet ($1.20) returned to avstero
avstero collected $2.50 from pot
avstero: doesn't show hand 
*** SUMMARY ***
Total pot $2.50 | Rake $0 
Seat 1: peak joker33 folded before Flop (didn't bet)
Seat 2: avstero collected ($2.50)
Seat 3: MrVern9177 (button) folded before Flop (didn't bet)
Seat 4: paramourx (small blind) folded before Flop
Seat 5: dreimis190 (big blind) folded before Flop
Seat 6: HeisenbergC10 folded before Flop (didn't bet)



PokerStars Hand #254531328586:  Hold'em No Limit ($0.50/$1.00 USD) - 2025/01/24 17:15:49 WET [2025/01/24 12:15:49 ET]
Table 'Seillier IV' 6-max Seat #4 is the button
Seat 1: peak joker33 ($108.44 in chips) 
Seat 2: avstero ($101.50 in chips) 
Seat 4: paramourx ($103.53 in chips) 
Seat 5: dreimis190 ($129.10 in chips) 
Seat 6: HeisenbergC10 ($81.93 in chips) 
dreimis190: posts small blind $0.50
HeisenbergC10: posts big blind $1
*** HOLE CARDS ***
peak joker33: raises $1.50 to $2.50
avstero: folds 
BoyLoc0 joins the table at seat #3 
paramourx: folds 
dreimis190: folds 
HeisenbergC10: calls $1.50
*** FLOP *** [Ah 4d 3c]
HeisenbergC10: checks 
peak joker33: bets $1.72
HeisenbergC10: calls $1.72
*** TURN *** [Ah 4d 3c] [2d]
HeisenbergC10: checks 
peak joker33: checks 
*** RIVER *** [Ah 4d 3c 2d] [8h]
HeisenbergC10: checks 
peak joker33: checks 
*** SHOW DOWN ***
HeisenbergC10: shows [4h 7h] (a pair of Fours)
peak joker33: shows [9s 9d] (a pair of Nines)
peak joker33 collected $8.49 from pot
*** SUMMARY ***
Total pot $8.94 | Rake $0.45 
Board [Ah 4d 3c 2d 8h]
Seat 1: peak joker33 showed [9s 9d] and won ($8.49) with a pair of Nines
Seat 2: avstero folded before Flop (didn't bet)
Seat 4: paramourx (button) folded before Flop (didn't bet)
Seat 5: dreimis190 (small blind) folded before Flop
Seat 6: HeisenbergC10 (big blind) showed [4h 7h] and lost with a pair of Fours



PokerStars Hand #254531338090:  Hold'em No Limit ($0.50/$1.00 USD) - 2025/01/24 17:16:26 WET [2025/01/24 12:16:26 ET]
Table 'Seillier IV' 6-max Seat #5 is the button
Seat 3: BoyLoc0 ($100 in chips) is sitting out
Seat 1: peak joker33 ($112.71 in chips) 
Seat 2: avstero ($101.50 in chips) 
Seat 4: paramourx ($103.53 in chips) 
Seat 5: dreimis190 ($128.60 in chips) 
Seat 6: HeisenbergC10 ($77.71 in chips) 
HeisenbergC10: posts small blind $0.50
peak joker33: posts big blind $1
BoyLoc0: sits out 
*** HOLE CARDS ***
avstero: folds 
paramourx: folds 
dreimis190: raises $1.50 to $2.50
HeisenbergC10: folds 
peak joker33: folds 
Uncalled bet ($1.50) returned to dreimis190
dreimis190 collected $2.50 from pot
dreimis190: doesn't show hand 
*** SUMMARY ***
Total pot $2.50 | Rake $0 
Seat 3: BoyLoc0
Seat 1: peak joker33 (big blind) folded before Flop
Seat 2: avstero folded before Flop (didn't bet)
Seat 4: paramourx folded before Flop (didn't bet)
Seat 5: dreimis190 (button) collected ($2.50)
Seat 6: HeisenbergC10 (small blind) folded before Flop



PokerStars Hand #254531341851:  Hold'em No Limit ($0.50/$1.00 USD) - 2025/01/24 17:16:41 WET [2025/01/24 12:16:41 ET]
Table 'Seillier IV' 6-max Seat #6 is the button
Seat 2: avstero ($101.50 in chips) is sitting out
Seat 1: peak joker33 ($111.71 in chips) 
Seat 3: BoyLoc0 ($100 in chips) 
Seat 4: paramourx ($103.53 in chips) 
Seat 5: dreimis190 ($130.10 in chips) 
Seat 6: HeisenbergC10 ($77.21 in chips) 
peak joker33: posts small blind $0.50
avstero: is sitting out 
BoyLoc0: posts big blind $1
*** HOLE CARDS ***
paramourx: folds 
avstero leaves the table
dreimis190: folds 
HeisenbergC10: folds 
peak joker33: raises $2 to $3
BoyLoc0: calls $2
*** FLOP *** [5h Qs Qd]
peak joker33: bets $1.88
BoyLoc0: calls $1.88
*** TURN *** [5h Qs Qd] [2h]
peak joker33: checks 
BoyLoc0: checks 
*** RIVER *** [5h Qs Qd 2h] [9d]
coeeeelho joins the table at seat #2 
peak joker33: checks 
BoyLoc0: bets $6.95
peak joker33: folds 
Uncalled bet ($6.95) returned to BoyLoc0
BoyLoc0 collected $9.27 from pot
BoyLoc0: doesn't show hand 
*** SUMMARY ***
Total pot $9.76 | Rake $0.49 
Board [5h Qs Qd 2h 9d]
Seat 2: avstero
Seat 1: peak joker33 (small blind) folded on the River
Seat 3: BoyLoc0 (big blind) collected ($9.27)
Seat 4: paramourx folded before Flop (didn't bet)
Seat 5: dreimis190 folded before Flop (didn't bet)
Seat 6: HeisenbergC10 (button) folded before Flop (didn't bet)



PokerStars Hand #254531357414:  Hold'em No Limit ($0.50/$1.00 USD) - 2025/01/24 17:17:43 WET [2025/01/24 12:17:43 ET]
Table 'Seillier IV' 6-max Seat #1 is the button
Seat 2: coeeeelho ($100 in chips) is sitting out
Seat 1: peak joker33 ($106.83 in chips) 
Seat 3: BoyLoc0 ($104.39 in chips) 
Seat 4: paramourx ($103.53 in chips) 
Seat 5: dreimis190 ($130.10 in chips) 
Seat 6: HeisenbergC10 ($77.21 in chips) 
BoyLoc0: posts small blind $0.50
paramourx: posts big blind $1
*** HOLE CARDS ***
dreimis190: raises $1 to $2
HeisenbergC10: raises $4 to $6
peak joker33: folds 
BoyLoc0: folds 
paramourx: folds 
dreimis190: folds 
Uncalled bet ($4) returned to HeisenbergC10
HeisenbergC10 collected $5.50 from pot
*** SUMMARY ***
Total pot $5.50 | Rake $0 
Seat 2: coeeeelho
Seat 1: peak joker33 (button) folded before Flop (didn't bet)
Seat 3: BoyLoc0 (small blind) folded before Flop
Seat 4: paramourx (big blind) folded before Flop
Seat 5: dreimis190 folded before Flop
Seat 6: HeisenbergC10 collected ($5.50)



PokerStars Hand #254531365878:  Hold'em No Limit ($0.50/$1.00 USD) - 2025/01/24 17:18:15 WET [2025/01/24 12:18:15 ET]
Table 'Seillier IV' 6-max Seat #3 is the button
Seat 2: coeeeelho ($100 in chips) is sitting out
Seat 1: peak joker33 ($106.83 in chips) 
Seat 3: BoyLoc0 ($103.89 in chips) 
Seat 4: paramourx ($102.53 in chips) 
Seat 5: dreimis190 ($128.10 in chips) 
Seat 6: HeisenbergC10 ($80.71 in chips) 
paramourx: posts small blind $0.50
dreimis190: posts big blind $1
coeeeelho: sits out 
*** HOLE CARDS ***
HeisenbergC10: calls $1
peak joker33: folds 
BoyLoc0: folds 
paramourx: folds 
dreimis190: checks 
*** FLOP *** [Kd Th 9h]
dreimis190: checks 
HeisenbergC10: checks 
*** TURN *** [Kd Th 9h] [6d]
dreimis190: checks 
HeisenbergC10: checks 
*** RIVER *** [Kd Th 9h 6d] [9d]
dreimis190: bets $1
HeisenbergC10: folds 
Uncalled bet ($1) returned to dreimis190
dreimis190 collected $2.38 from pot
dreimis190: doesn't show hand 
*** SUMMARY ***
Total pot $2.50 | Rake $0.12 
Board [Kd Th 9h 6d 9d]
Seat 2: coeeeelho
Seat 1: peak joker33 folded before Flop (didn't bet)
Seat 3: BoyLoc0 (button) folded before Flop (didn't bet)
Seat 4: paramourx (small blind) folded before Flop
Seat 5: dreimis190 (big blind) collected ($2.38)
Seat 6: HeisenbergC10 folded on the River



PokerStars Hand #254531381598:  Hold'em No Limit ($0.50/$1.00 USD) - 2025/01/24 17:19:17 WET [2025/01/24 12:19:17 ET]
Table 'Seillier IV' 6-max Seat #4 is the button
Seat 2: coeeeelho ($100 in chips) is sitting out
Seat 1: peak joker33 ($106.83 in chips) 
Seat 3: BoyLoc0 ($103.89 in chips) 
Seat 4: paramourx ($102.03 in chips) 
Seat 5: dreimis190 ($129.48 in chips) 
Seat 6: HeisenbergC10 ($79.71 in chips) 
dreimis190: posts small blind $0.50
HeisenbergC10: posts big blind $1
coeeeelho: sits out 
*** HOLE CARDS ***
peak joker33: folds 
BoyLoc0: folds 
paramourx: folds 
dreimis190: folds 
Uncalled bet ($0.50) returned to HeisenbergC10
HeisenbergC10 collected $1 from pot
*** SUMMARY ***
Total pot $1 | Rake $0 
Seat 2: coeeeelho
Seat 1: peak joker33 folded before Flop (didn't bet)
Seat 3: BoyLoc0 folded before Flop (didn't bet)
Seat 4: paramourx (button) folded before Flop (didn't bet)
Seat 5: dreimis190 (small blind) folded before Flop
Seat 6: HeisenbergC10 (big blind) collected ($1)



PokerStars Hand #254531384016:  Hold'em No Limit ($0.50/$1.00 USD) - 2025/01/24 17:19:26 WET [2025/01/24 12:19:26 ET]
Table 'Seillier IV' 6-max Seat #5 is the button
Seat 2: coeeeelho ($100 in chips) is sitting out
Seat 1: peak joker33 ($106.83 in chips) 
Seat 3: BoyLoc0 ($103.89 in chips) 
Seat 4: paramourx ($102.03 in chips) 
Seat 5: dreimis190 ($128.98 in chips) 
Seat 6: HeisenbergC10 ($80.21 in chips) 
HeisenbergC10: posts small blind $0.50
peak joker33: posts big blind $1
coeeeelho: sits out 
*** HOLE CARDS ***
BoyLoc0: folds 
paramourx: folds 
dreimis190: folds 
HeisenbergC10: calls $0.50
peak joker33: raises $3 to $4
HeisenbergC10: calls $3
*** FLOP *** [7s 4s Jc]
HeisenbergC10: checks 
peak joker33: checks 
*** TURN *** [7s 4s Jc] [9s]
HeisenbergC10: checks 
peak joker33: bets $2.51
HeisenbergC10: calls $2.51
*** RIVER *** [7s 4s Jc 9s] [Qh]
HeisenbergC10: bets $3.19
peak joker33: calls $3.19
*** SHOW DOWN ***
HeisenbergC10: shows [Ad 8s] (high card Ace)
peak joker33: shows [8d Qc] (a pair of Queens)
peak joker33 collected $18.43 from pot
*** SUMMARY ***
Total pot $19.40 | Rake $0.97 
Board [7s 4s Jc 9s Qh]
Seat 2: coeeeelho
Seat 1: peak joker33 (big blind) showed [8d Qc] and won ($18.43) with a pair of Queens
Seat 3: BoyLoc0 folded before Flop (didn't bet)
Seat 4: paramourx folded before Flop (didn't bet)
Seat 5: dreimis190 (button) folded before Flop (didn't bet)
Seat 6: HeisenbergC10 (small blind) showed [Ad 8s] and lost with high card Ace



PokerStars Hand #254531397599:  Hold'em No Limit ($0.50/$1.00 USD) - 2025/01/24 17:20:19 WET [2025/01/24 12:20:19 ET]
Table 'Seillier IV' 6-max Seat #6 is the button
Seat 1: peak joker33 ($115.56 in chips) 
Seat 2: coeeeelho ($100 in chips) 
Seat 3: BoyLoc0 ($103.89 in chips) 
Seat 4: paramourx ($102.03 in chips) 
Seat 5: dreimis190 ($128.98 in chips) 
Seat 6: HeisenbergC10 ($70.51 in chips) 
peak joker33: posts small blind $0.50
coeeeelho: posts big blind $1
*** HOLE CARDS ***
BoyLoc0: folds 
paramourx: folds 
dreimis190: folds 
HeisenbergC10: folds 
HeisenbergC10 leaves the table
peak joker33: folds 
Uncalled bet ($0.50) returned to coeeeelho
coeeeelho collected $1 from pot
*** SUMMARY ***
Total pot $1 | Rake $0 
Seat 1: peak joker33 (small blind) folded before Flop
Seat 2: coeeeelho (big blind) collected ($1)
Seat 3: BoyLoc0 folded before Flop (didn't bet)
Seat 4: paramourx folded before Flop (didn't bet)
Seat 5: dreimis190 folded before Flop (didn't bet)
Seat 6: HeisenbergC10 (button) folded before Flop (didn't bet)



PokerStars Hand #254531400442:  Hold'em No Limit ($0.50/$1.00 USD) - 2025/01/24 17:20:30 WET [2025/01/24 12:20:30 ET]
Table 'Seillier IV' 6-max Seat #1 is the button
Seat 1: peak joker33 ($115.06 in chips) 
Seat 2: coeeeelho ($100.50 in chips) 
Seat 3: BoyLoc0 ($103.89 in chips) 
Seat 4: paramourx ($102.03 in chips) 
Seat 5: dreimis190 ($128.98 in chips) 
coeeeelho: posts small blind $0.50
BoyLoc0: posts big blind $1
*** HOLE CARDS ***
paramourx: folds 
dreimis190: folds 
peak joker33: raises $1.50 to $2.50
coeeeelho: folds 
BoyLoc0: folds 
Uncalled bet ($1.50) returned to peak joker33
peak joker33 collected $2.50 from pot
peak joker33: doesn't show hand 
*** SUMMARY ***
Total pot $2.50 | Rake $0 
Seat 1: peak joker33 (button) collected ($2.50)
Seat 2: coeeeelho (small blind) folded before Flop
Seat 3: BoyLoc0 (big blind) folded before Flop
Seat 4: paramourx folded before Flop (didn't bet)
Seat 5: dreimis190 folded before Flop (didn't bet)



PokerStars Hand #254531404819:  Hold'em No Limit ($0.50/$1.00 USD) - 2025/01/24 17:20:47 WET [2025/01/24 12:20:47 ET]
Table 'Seillier IV' 6-max Seat #2 is the button
Seat 4: paramourx ($102.03 in chips) is sitting out
Seat 5: dreimis190 ($128.98 in chips) is sitting out
Seat 1: peak joker33 ($116.56 in chips) 
Seat 2: coeeeelho ($100 in chips) 
Seat 3: BoyLoc0 ($102.89 in chips) 
BoyLoc0: posts small blind $0.50
paramourx: is sitting out 
dreimis190: is sitting out 
peak joker33: posts big blind $1
*** HOLE CARDS ***
paramourx leaves the table
dreimis190 leaves the table
coeeeelho: folds 
BoyLoc0: raises $2 to $3
peak joker33: calls $2
*** FLOP *** [9c 2c Jh]
BoyLoc0: bets $1.88
peak joker33: calls $1.88
*** TURN *** [9c 2c Jh] [4s]
BoyLoc0: bets $22.70
peak joker33: folds 
Uncalled bet ($22.70) returned to BoyLoc0
BoyLoc0 collected $9.27 from pot
BoyLoc0: doesn't show hand 
*** SUMMARY ***
Total pot $9.76 | Rake $0.49 
Board [9c 2c Jh 4s]
Seat 4: paramourx
Seat 5: dreimis190
Seat 1: peak joker33 (big blind) folded on the Turn
Seat 2: coeeeelho (button) folded before Flop (didn't bet)
Seat 3: BoyLoc0 (small blind) collected ($9.27)



PokerStars Hand #254531416598:  Hold'em No Limit ($0.50/$1.00 USD) - 2025/01/24 17:21:33 WET [2025/01/24 12:21:33 ET]
Table 'Seillier IV' 6-max Seat #3 is the button
Seat 1: peak joker33 ($111.68 in chips) 
Seat 2: coeeeelho ($100 in chips) 
Seat 3: BoyLoc0 ($107.28 in chips) 
peak joker33: posts small blind $0.50
coeeeelho: posts big blind $1
*** HOLE CARDS ***
BoyLoc0: raises $1.50 to $2.50
peak joker33: folds 
coeeeelho: folds 
Uncalled bet ($1.50) returned to BoyLoc0
BoyLoc0 collected $2.50 from pot
BoyLoc0: doesn't show hand 
*** SUMMARY ***
Total pot $2.50 | Rake $0 
Seat 1: peak joker33 (small blind) folded before Flop
Seat 2: coeeeelho (big blind) folded before Flop
Seat 3: BoyLoc0 (button) collected ($2.50)



PokerStars Hand #254531419178:  Hold'em No Limit ($0.50/$1.00 USD) - 2025/01/24 17:21:43 WET [2025/01/24 12:21:43 ET]
Table 'Seillier IV' 6-max Seat #1 is the button
Seat 1: peak joker33 ($111.18 in chips) 
Seat 2: coeeeelho ($100 in chips) 
Seat 3: BoyLoc0 ($108.78 in chips) 
coeeeelho: posts small blind $0.50
BoyLoc0: posts big blind $1
*** HOLE CARDS ***
peak joker33: folds 
coeeeelho: folds 
Uncalled bet ($0.50) returned to BoyLoc0
BoyLoc0 collected $1 from pot
BoyLoc0: doesn't show hand 
*** SUMMARY ***
Total pot $1 | Rake $0 
Seat 1: peak joker33 (button) folded before Flop (didn't bet)
Seat 2: coeeeelho (small blind) folded before Flop
Seat 3: BoyLoc0 (big blind) collected ($1)



PokerStars Hand #254531422585:  Hold'em No Limit ($0.50/$1.00 USD) - 2025/01/24 17:21:56 WET [2025/01/24 12:21:56 ET]
Table 'Seillier IV' 6-max Seat #2 is the button
Seat 1: peak joker33 ($111.18 in chips) 
Seat 2: coeeeelho ($100 in chips) 
Seat 3: BoyLoc0 ($109.28 in chips) 
BoyLoc0: posts small blind $0.50
peak joker33: posts big blind $1
*** HOLE CARDS ***
MoRsCeReBruM joins the table at seat #5 
coeeeelho: raises $1.50 to $2.50
BoyLoc0: folds 
peak joker33: folds 
Uncalled bet ($1.50) returned to coeeeelho
coeeeelho collected $2.50 from pot
*** SUMMARY ***
Total pot $2.50 | Rake $0 
Seat 1: peak joker33 (big blind) folded before Flop
Seat 2: coeeeelho (button) collected ($2.50)
Seat 3: BoyLoc0 (small blind) folded before Flop



PokerStars Hand #254531427588:  Hold'em No Limit ($0.50/$1.00 USD) - 2025/01/24 17:22:15 WET [2025/01/24 12:22:15 ET]
Table 'Seillier IV' 6-max Seat #3 is the button
Seat 5: MoRsCeReBruM ($100 in chips) is sitting out
Seat 1: peak joker33 ($110.18 in chips) 
Seat 2: coeeeelho ($101.50 in chips) 
Seat 3: BoyLoc0 ($108.78 in chips) 
peak joker33: posts small blind $0.50
coeeeelho: posts big blind $1
*** HOLE CARDS ***
BoyLoc0: raises $1.50 to $2.50
peak joker33: folds 
coeeeelho: calls $1.50
*** FLOP *** [Tc Jc Th]
coeeeelho: checks 
BoyLoc0: checks 
*** TURN *** [Tc Jc Th] [Qh]
coeeeelho: checks 
BoyLoc0: checks 
*** RIVER *** [Tc Jc Th Qh] [4c]
coeeeelho: checks 
BoyLoc0: checks 
*** SHOW DOWN ***
coeeeelho: shows [Ac 8d] (a pair of Tens)
BoyLoc0: shows [6d 6h] (two pair, Tens and Sixes)
BoyLoc0 collected $5.22 from pot
*** SUMMARY ***
Total pot $5.50 | Rake $0.28 
Board [Tc Jc Th Qh 4c]
Seat 5: MoRsCeReBruM
Seat 1: peak joker33 (small blind) folded before Flop
Seat 2: coeeeelho (big blind) showed [Ac 8d] and lost with a pair of Tens
Seat 3: BoyLoc0 (button) showed [6d 6h] and won ($5.22) with two pair, Tens and Sixes



PokerStars Hand #254531440850:  Hold'em No Limit ($0.50/$1.00 USD) - 2025/01/24 17:23:07 WET [2025/01/24 12:23:07 ET]
Table 'Seillier IV' 6-max Seat #1 is the button
Seat 5: MoRsCeReBruM ($100 in chips) is sitting out
Seat 1: peak joker33 ($109.68 in chips) 
Seat 2: coeeeelho ($100 in chips) 
Seat 3: BoyLoc0 ($111.50 in chips) 
coeeeelho: posts small blind $0.50
BoyLoc0: posts big blind $1
MoRsCeReBruM: sits out 
*** HOLE CARDS ***
peak joker33: folds 
coeeeelho: folds 
Uncalled bet ($0.50) returned to BoyLoc0
BoyLoc0 collected $1 from pot
BoyLoc0: doesn't show hand 
*** SUMMARY ***
Total pot $1 | Rake $0 
Seat 5: MoRsCeReBruM
Seat 1: peak joker33 (button) folded before Flop (didn't bet)
Seat 2: coeeeelho (small blind) folded before Flop
Seat 3: BoyLoc0 (big blind) collected ($1)



PokerStars Hand #254531443433:  Hold'em No Limit ($0.50/$1.00 USD) - 2025/01/24 17:23:17 WET [2025/01/24 12:23:17 ET]
Table 'Seillier IV' 6-max Seat #2 is the button
Seat 1: peak joker33 ($109.68 in chips) 
Seat 2: coeeeelho ($100 in chips) 
Seat 3: BoyLoc0 ($112 in chips) 
Seat 5: MoRsCeReBruM ($100 in chips) 
BoyLoc0: posts small blind $0.50
MoRsCeReBruM: posts big blind $1
*** HOLE CARDS ***
peak joker33: raises $1.50 to $2.50
coeeeelho: raises $5 to $7.50
BoyLoc0: folds 
MoRsCeReBruM: folds 
peak joker33: folds 
Uncalled bet ($5) returned to coeeeelho
coeeeelho collected $6.50 from pot
*** SUMMARY ***
Total pot $6.50 | Rake $0 
Seat 1: peak joker33 folded before Flop
Seat 2: coeeeelho (button) collected ($6.50)
Seat 3: BoyLoc0 (small blind) folded before Flop
Seat 5: MoRsCeReBruM (big blind) folded before Flop



PokerStars Hand #254531447659:  Hold'em No Limit ($0.50/$1.00 USD) - 2025/01/24 17:23:33 WET [2025/01/24 12:23:33 ET]
Table 'Seillier IV' 6-max Seat #3 is the button
Seat 1: peak joker33 ($107.18 in chips) 
Seat 2: coeeeelho ($104 in chips) 
Seat 3: BoyLoc0 ($111.50 in chips) 
Seat 5: MoRsCeReBruM ($100 in chips) 
MoRsCeReBruM: posts small blind $0.50
peak joker33: posts big blind $1
*** HOLE CARDS ***
coeeeelho: folds 
BoyLoc0: raises $1.50 to $2.50
MoRsCeReBruM: raises $8.50 to $11
peak joker33: folds 
BoyLoc0: calls $8.50
*** FLOP *** [6d 8c 8d]
MoRsCeReBruM: bets $8.80
BoyLoc0: calls $8.80
*** TURN *** [6d 8c 8d] [Th]
MoRsCeReBruM: checks 
BoyLoc0: bets $13.07
MoRsCeReBruM: raises $15.93 to $29
BoyLoc0: calls $15.93
*** RIVER *** [6d 8c 8d Th] [3c]
MoRsCeReBruM: bets $51.20 and is all-in
BoyLoc0: folds 
Uncalled bet ($51.20) returned to MoRsCeReBruM
MoRsCeReBruM collected $97.60 from pot
MoRsCeReBruM: doesn't show hand 
JoeBlack_MS joins the table at seat #6 
*** SUMMARY ***
Total pot $98.60 | Rake $1 
Board [6d 8c 8d Th 3c]
Seat 1: peak joker33 (big blind) folded before Flop
Seat 2: coeeeelho folded before Flop (didn't bet)
Seat 3: BoyLoc0 (button) folded on the River
Seat 5: MoRsCeReBruM (small blind) collected ($97.60)



PokerStars Hand #254531474937:  Hold'em No Limit ($0.50/$1.00 USD) - 2025/01/24 17:25:19 WET [2025/01/24 12:25:19 ET]
Table 'Seillier IV' 6-max Seat #5 is the button
Seat 2: coeeeelho ($104 in chips) is sitting out
Seat 6: JoeBlack_MS ($100 in chips) is sitting out
Seat 1: peak joker33 ($106.18 in chips) 
Seat 3: BoyLoc0 ($100 in chips) 
Seat 5: MoRsCeReBruM ($148.80 in chips) 
peak joker33: posts small blind $0.50
coeeeelho: is sitting out 
BoyLoc0: posts big blind $1
*** HOLE CARDS ***
MoRsCeReBruM: raises $1.50 to $2.50
peak joker33: folds 
BoyLoc0: folds 
Uncalled bet ($1.50) returned to MoRsCeReBruM
MoRsCeReBruM collected $2.50 from pot
MoRsCeReBruM: doesn't show hand 
*** SUMMARY ***
Total pot $2.50 | Rake $0 
Seat 2: coeeeelho
Seat 6: JoeBlack_MS
Seat 1: peak joker33 (small blind) folded before Flop
Seat 3: BoyLoc0 (big blind) folded before Flop
Seat 5: MoRsCeReBruM (button) collected ($2.50)



PokerStars Hand #254531476699:  Hold'em No Limit ($0.50/$1.00 USD) - 2025/01/24 17:25:26 WET [2025/01/24 12:25:26 ET]
Table 'Seillier IV' 6-max Seat #1 is the button
Seat 2: coeeeelho ($104 in chips) is sitting out
Seat 5: MoRsCeReBruM ($150.30 in chips) is sitting out
Seat 1: peak joker33 ($105.68 in chips) 
Seat 3: BoyLoc0 ($100 in chips) 
Seat 6: JoeBlack_MS ($100 in chips) 
BoyLoc0: posts small blind $0.50
MoRsCeReBruM: is sitting out 
JoeBlack_MS: posts big blind $1
*** HOLE CARDS ***
peak joker33: folds 
BoyLoc0: raises $2 to $3
JoeBlack_MS: calls $2
*** FLOP *** [6c Td Tc]
BoyLoc0: bets $1.88
JoeBlack_MS: calls $1.88
*** TURN *** [6c Td Tc] [5d]
BoyLoc0: bets $6.95
JoeBlack_MS: calls $6.95
*** RIVER *** [6c Td Tc 5d] [4c]
BoyLoc0: checks 
JoeBlack_MS: bets $18.50
BoyLoc0: folds 
Uncalled bet ($18.50) returned to JoeBlack_MS
JoeBlack_MS collected $22.66 from pot
JoeBlack_MS: doesn't show hand 
*** SUMMARY ***
Total pot $23.66 | Rake $1 
Board [6c Td Tc 5d 4c]
Seat 2: coeeeelho
Seat 5: MoRsCeReBruM
Seat 1: peak joker33 (button) folded before Flop (didn't bet)
Seat 3: BoyLoc0 (small blind) folded on the River
Seat 6: JoeBlack_MS (big blind) collected ($22.66)



PokerStars Hand #254531494715:  Hold'em No Limit ($0.50/$1.00 USD) - 2025/01/24 17:26:36 WET [2025/01/24 12:26:36 ET]
Table 'Seillier IV' 6-max Seat #3 is the button
Seat 1: peak joker33 ($105.68 in chips) is sitting out
Seat 5: MoRsCeReBruM ($150.30 in chips) is sitting out
Seat 2: coeeeelho ($104 in chips) 
Seat 3: BoyLoc0 ($100 in chips) 
Seat 6: JoeBlack_MS ($110.83 in chips) 
JoeBlack_MS: posts small blind $0.50
peak joker33: is sitting out 
peak joker33 leaves the table
coeeeelho: posts big blind $1
*** HOLE CARDS ***
BoyLoc0: folds 
JoeBlack_MS: raises $2 to $3
coeeeelho: raises $7 to $10
JoeBlack_MS: raises $13 to $23
coeeeelho: raises $81 to $104 and is all-in
JoeBlack_MS: folds 
Uncalled bet ($81) returned to coeeeelho
coeeeelho collected $46 from pot
*** SUMMARY ***
Total pot $46 | Rake $0 
Seat 1: peak joker33
Seat 5: MoRsCeReBruM
Seat 2: coeeeelho (big blind) collected ($46)
Seat 3: BoyLoc0 (button) folded before Flop (didn't bet)
Seat 6: JoeBlack_MS (small blind) folded before Flop



PokerStars Hand #254531505583:  Hold'em No Limit ($0.50/$1.00 USD) - 2025/01/24 17:27:19 WET [2025/01/24 12:27:19 ET]
Table 'Seillier IV' 6-max Seat #6 is the button
Seat 5: MoRsCeReBruM ($150.30 in chips) is sitting out
Seat 2: coeeeelho ($127 in chips) 
Seat 3: BoyLoc0 ($100 in chips) 
Seat 6: JoeBlack_MS ($100 in chips) 
coeeeelho: posts small blind $0.50
BoyLoc0: posts big blind $1
MoRsCeReBruM: sits out 
*** HOLE CARDS ***
JoeBlack_MS: raises $1.50 to $2.50
coeeeelho: folds 
BoyLoc0: calls $1.50
*** FLOP *** [8h Kc 2h]
BoyLoc0: checks 
JoeBlack_MS: bets $1.57
BoyLoc0: folds 
Uncalled bet ($1.57) returned to JoeBlack_MS
JoeBlack_MS collected $5.22 from pot
JoeBlack_MS: doesn't show hand 
*** SUMMARY ***
Total pot $5.50 | Rake $0.28 
Board [8h Kc 2h]
Seat 5: MoRsCeReBruM
Seat 2: coeeeelho (small blind) folded before Flop
Seat 3: BoyLoc0 (big blind) folded on the Flop
Seat 6: JoeBlack_MS (button) collected ($5.22)



PokerStars Hand #254531512045:  Hold'em No Limit ($0.50/$1.00 USD) - 2025/01/24 17:27:44 WET [2025/01/24 12:27:44 ET]
Table 'Seillier IV' 6-max Seat #2 is the button
Seat 2: coeeeelho ($126.50 in chips) 
Seat 3: BoyLoc0 ($100 in chips) 
Seat 5: MoRsCeReBruM ($150.30 in chips) 
Seat 6: JoeBlack_MS ($102.72 in chips) 
BoyLoc0: posts small blind $0.50
MoRsCeReBruM: posts big blind $1
*** HOLE CARDS ***
JoeBlack_MS: folds 
coeeeelho: folds 
BoyLoc0: folds 
Uncalled bet ($0.50) returned to MoRsCeReBruM
MoRsCeReBruM collected $1 from pot
MoRsCeReBruM: doesn't show hand 
*** SUMMARY ***
Total pot $1 | Rake $0 
Seat 2: coeeeelho (button) folded before Flop (didn't bet)
Seat 3: BoyLoc0 (small blind) folded before Flop
Seat 5: MoRsCeReBruM (big blind) collected ($1)
Seat 6: JoeBlack_MS folded before Flop (didn't bet)



PokerStars Hand #254531514585:  Hold'em No Limit ($0.50/$1.00 USD) - 2025/01/24 17:27:54 WET [2025/01/24 12:27:54 ET]
Table 'Seillier IV' 6-max Seat #3 is the button
Seat 2: coeeeelho ($126.50 in chips) 
Seat 3: BoyLoc0 ($100 in chips) 
Seat 5: MoRsCeReBruM ($150.80 in chips) 
Seat 6: JoeBlack_MS ($102.72 in chips) 
MoRsCeReBruM: posts small blind $0.50
JoeBlack_MS: posts big blind $1
*** HOLE CARDS ***
coeeeelho: folds 
BoyLoc0: raises $1.50 to $2.50
MoRsCeReBruM: folds 
JoeBlack_MS: folds 
Uncalled bet ($1.50) returned to BoyLoc0
BoyLoc0 collected $2.50 from pot
BoyLoc0: doesn't show hand 
*** SUMMARY ***
Total pot $2.50 | Rake $0 
Seat 2: coeeeelho folded before Flop (didn't bet)
Seat 3: BoyLoc0 (button) collected ($2.50)
Seat 5: MoRsCeReBruM (small blind) folded before Flop
Seat 6: JoeBlack_MS (big blind) folded before Flop



PokerStars Hand #254531519852:  Hold'em No Limit ($0.50/$1.00 USD) - 2025/01/24 17:28:15 WET [2025/01/24 12:28:15 ET]
Table 'Seillier IV' 6-max Seat #5 is the button
Seat 2: coeeeelho ($126.50 in chips) 
Seat 3: BoyLoc0 ($101.50 in chips) 
Seat 5: MoRsCeReBruM ($150.30 in chips) 
Seat 6: JoeBlack_MS ($101.72 in chips) 
JoeBlack_MS: posts small blind $0.50
coeeeelho: posts big blind $1
*** HOLE CARDS ***
BoyLoc0: raises $1.50 to $2.50
MoRsCeReBruM: folds 
JoeBlack_MS: raises $8.50 to $11
coeeeelho: folds 
BoyLoc0: folds 
Uncalled bet ($8.50) returned to JoeBlack_MS
JoeBlack_MS collected $6 from pot
JoeBlack_MS: doesn't show hand 
*** SUMMARY ***
Total pot $6 | Rake $0 
Seat 2: coeeeelho (big blind) folded before Flop
Seat 3: BoyLoc0 folded before Flop
Seat 5: MoRsCeReBruM (button) folded before Flop (didn't bet)
Seat 6: JoeBlack_MS (small blind) collected ($6)



PokerStars Hand #254531525450:  Hold'em No Limit ($0.50/$1.00 USD) - 2025/01/24 17:28:37 WET [2025/01/24 12:28:37 ET]
Table 'Seillier IV' 6-max Seat #6 is the button
Seat 2: coeeeelho ($125.50 in chips) 
Seat 3: BoyLoc0 ($100 in chips) 
Seat 5: MoRsCeReBruM ($150.30 in chips) 
Seat 6: JoeBlack_MS ($105.22 in chips) 
coeeeelho: posts small blind $0.50
BoyLoc0: posts big blind $1
*** HOLE CARDS ***
MoRsCeReBruM: folds 
JoeBlack_MS: folds 
coeeeelho: raises $2 to $3
BoyLoc0: folds 
Uncalled bet ($2) returned to coeeeelho
coeeeelho collected $2 from pot
*** SUMMARY ***
Total pot $2 | Rake $0 
Seat 2: coeeeelho (small blind) collected ($2)
Seat 3: BoyLoc0 (big blind) folded before Flop
Seat 5: MoRsCeReBruM folded before Flop (didn't bet)
Seat 6: JoeBlack_MS (button) folded before Flop (didn't bet)



PokerStars Hand #254531527862:  Hold'em No Limit ($0.50/$1.00 USD) - 2025/01/24 17:28:47 WET [2025/01/24 12:28:47 ET]
Table 'Seillier IV' 6-max Seat #2 is the button
Seat 2: coeeeelho ($126.50 in chips) 
Seat 3: BoyLoc0 ($100 in chips) 
Seat 5: MoRsCeReBruM ($150.30 in chips) 
Seat 6: JoeBlack_MS ($105.22 in chips) 
BoyLoc0: posts small blind $0.50
MoRsCeReBruM: posts big blind $1
*** HOLE CARDS ***
JoeBlack_MS: raises $1.30 to $2.30
coeeeelho: folds 
BoyLoc0: folds 
MoRsCeReBruM: calls $1.30
*** FLOP *** [Td Qd Jd]
MoRsCeReBruM: checks 
Spac396 joins the table at seat #4 
Spac396 is disconnected 
yzuk joins the table at seat #1 
JoeBlack_MS: bets $3.63
MoRsCeReBruM: folds 
Uncalled bet ($3.63) returned to JoeBlack_MS
JoeBlack_MS collected $4.84 from pot
JoeBlack_MS: doesn't show hand 
*** SUMMARY ***
Total pot $5.10 | Rake $0.26 
Board [Td Qd Jd]
Seat 2: coeeeelho (button) folded before Flop (didn't bet)
Seat 3: BoyLoc0 (small blind) folded before Flop
Seat 5: MoRsCeReBruM (big blind) folded on the Flop
Seat 6: JoeBlack_MS collected ($4.84)



PokerStars Hand #254531540532:  Hold'em No Limit ($0.50/$1.00 USD) - 2025/01/24 17:29:37 WET [2025/01/24 12:29:37 ET]
Table 'Seillier IV' 6-max Seat #3 is the button
Seat 1: yzuk ($100 in chips) is sitting out
Seat 4: Spac396 ($100 in chips) is sitting out
Seat 2: coeeeelho ($126.50 in chips) 
Seat 3: BoyLoc0 ($100 in chips) 
Seat 5: MoRsCeReBruM ($148 in chips) 
Seat 6: JoeBlack_MS ($107.76 in chips) 
MoRsCeReBruM: posts small blind $0.50
JoeBlack_MS: posts big blind $1
yzuk: sits out 
*** HOLE CARDS ***
coeeeelho: raises $1.20 to $2.20
BoyLoc0: folds 
MoRsCeReBruM: folds 
JoeBlack_MS: calls $1.20
*** FLOP *** [2c Tc Kc]
JoeBlack_MS: checks 
coeeeelho: bets $1.17
JoeBlack_MS: calls $1.17
*** TURN *** [2c Tc Kc] [Th]
JoeBlack_MS: checks 
coeeeelho: checks 
*** RIVER *** [2c Tc Kc Th] [Qc]
JoeBlack_MS: checks 
coeeeelho: bets $3.44
JoeBlack_MS: raises $31.06 to $34.50
coeeeelho: folds 
Uncalled bet ($31.06) returned to JoeBlack_MS
coeeeelho leaves the table
JoeBlack_MS collected $13.41 from pot
JoeBlack_MS: doesn't show hand 
*** SUMMARY ***
Total pot $14.12 | Rake $0.71 
Board [2c Tc Kc Th Qc]
Seat 1: yzuk
Seat 4: Spac396
Seat 2: coeeeelho folded on the River
Seat 3: BoyLoc0 (button) folded before Flop (didn't bet)
Seat 5: MoRsCeReBruM (small blind) folded before Flop
Seat 6: JoeBlack_MS (big blind) collected ($13.41)



PokerStars Hand #254531562354:  Hold'em No Limit ($0.50/$1.00 USD) - 2025/01/24 17:31:01 WET [2025/01/24 12:31:01 ET]
Table 'Seillier IV' 6-max Seat #5 is the button
Seat 1: yzuk ($100 in chips) 
Seat 3: BoyLoc0 ($100 in chips) 
Seat 4: Spac396 ($100 in chips) 
Seat 5: MoRsCeReBruM ($147.50 in chips) 
Seat 6: JoeBlack_MS ($114.36 in chips) 
JoeBlack_MS: posts small blind $0.50
yzuk: posts big blind $1
Spac396: posts big blind $1
*** HOLE CARDS ***
BoyLoc0: folds 
Spac396: checks 
blistein joins the table at seat #2 
MoRsCeReBruM: folds 
JoeBlack_MS: raises $4.50 to $5.50
yzuk: folds 
Spac396: folds 
Uncalled bet ($4.50) returned to JoeBlack_MS
JoeBlack_MS collected $3 from pot
JoeBlack_MS: doesn't show hand 
*** SUMMARY ***
Total pot $3 | Rake $0 
Seat 1: yzuk (big blind) folded before Flop
Seat 3: BoyLoc0 folded before Flop (didn't bet)
Seat 4: Spac396 folded before Flop (didn't bet)
Seat 5: MoRsCeReBruM (button) folded before Flop (didn't bet)
Seat 6: JoeBlack_MS (small blind) collected ($3)



PokerStars Hand #254531566745:  Hold'em No Limit ($0.50/$1.00 USD) - 2025/01/24 17:31:18 WET [2025/01/24 12:31:18 ET]
Table 'Seillier IV' 6-max Seat #6 is the button
Seat 1: yzuk ($100 in chips) 
Seat 2: blistein ($100 in chips) 
Seat 3: BoyLoc0 ($100 in chips) 
Seat 4: Spac396 ($99 in chips) 
Seat 5: MoRsCeReBruM ($147.50 in chips) 
Seat 6: JoeBlack_MS ($116.36 in chips) 
yzuk: posts small blind $0.50
blistein: posts big blind $1
*** HOLE CARDS ***
BoyLoc0: folds 
Spac396: calls $1
MoRsCeReBruM: folds 
JoeBlack_MS: folds 
yzuk: folds 
blistein: checks 
*** FLOP *** [8d 7h 6d]
blistein: checks 
Spac396: checks 
*** TURN *** [8d 7h 6d] [6c]
blistein: checks 
Spac396: checks 
*** RIVER *** [8d 7h 6d 6c] [5d]
blistein: bets $2.21
Spac396: calls $2.21
*** SHOW DOWN ***
blistein: shows [9s Qs] (a straight, Five to Nine)
Spac396: mucks hand 
blistein collected $6.57 from pot
*** SUMMARY ***
Total pot $6.92 | Rake $0.35 
Board [8d 7h 6d 6c 5d]
Seat 1: yzuk (small blind) folded before Flop
Seat 2: blistein (big blind) showed [9s Qs] and won ($6.57) with a straight, Five to Nine
Seat 3: BoyLoc0 folded before Flop (didn't bet)
Seat 4: Spac396 mucked
Seat 5: MoRsCeReBruM folded before Flop (didn't bet)
Seat 6: JoeBlack_MS (button) folded before Flop (didn't bet)



PokerStars Hand #254531580659:  Hold'em No Limit ($0.50/$1.00 USD) - 2025/01/24 17:32:11 WET [2025/01/24 12:32:11 ET]
Table 'Seillier IV' 6-max Seat #1 is the button
Seat 1: yzuk ($100 in chips) 
Seat 2: blistein ($103.36 in chips) 
Seat 3: BoyLoc0 ($100 in chips) 
Seat 4: Spac396 ($95.79 in chips) 
Seat 5: MoRsCeReBruM ($147.50 in chips) 
Seat 6: JoeBlack_MS ($116.36 in chips) 
blistein: posts small blind $0.50
BoyLoc0: posts big blind $1
*** HOLE CARDS ***
Spac396: folds 
MoRsCeReBruM: folds 
JoeBlack_MS: folds 
yzuk: folds 
blistein: raises $2 to $3
BoyLoc0: calls $2
*** FLOP *** [Tc 9h Ad]
blistein: checks 
BoyLoc0: bets $1.88
blistein: calls $1.88
*** TURN *** [Tc 9h Ad] [Js]
blistein: checks 
BoyLoc0: checks 
*** RIVER *** [Tc 9h Ad Js] [9d]
blistein: checks 
BoyLoc0: checks 
*** SHOW DOWN ***
blistein: shows [Ah 2h] (two pair, Aces and Nines)
BoyLoc0: mucks hand 
blistein collected $9.27 from pot
*** SUMMARY ***
Total pot $9.76 | Rake $0.49 
Board [Tc 9h Ad Js 9d]
Seat 1: yzuk (button) folded before Flop (didn't bet)
Seat 2: blistein (small blind) showed [Ah 2h] and won ($9.27) with two pair, Aces and Nines
Seat 3: BoyLoc0 (big blind) mucked
Seat 4: Spac396 folded before Flop (didn't bet)
Seat 5: MoRsCeReBruM folded before Flop (didn't bet)
Seat 6: JoeBlack_MS folded before Flop (didn't bet)



PokerStars Hand #254531597482:  Hold'em No Limit ($0.50/$1.00 USD) - 2025/01/24 17:33:15 WET [2025/01/24 12:33:15 ET]
Table 'Seillier IV' 6-max Seat #2 is the button
Seat 1: yzuk ($100 in chips) 
Seat 2: blistein ($107.75 in chips) 
Seat 3: BoyLoc0 ($100 in chips) 
Seat 4: Spac396 ($95.79 in chips) 
Seat 5: MoRsCeReBruM ($147.50 in chips) 
Seat 6: JoeBlack_MS ($116.36 in chips) 
BoyLoc0: posts small blind $0.50
Spac396: posts big blind $1
*** HOLE CARDS ***
MoRsCeReBruM: raises $1 to $2
JoeBlack_MS: folds 
yzuk: folds 
blistein: folds 
BoyLoc0: folds 
Spac396: calls $1
*** FLOP *** [7d 2d Js]
Spac396: checks 
MoRsCeReBruM: bets $1.71
Spac396: raises $1.71 to $3.42
MoRsCeReBruM: calls $1.71
*** TURN *** [7d 2d Js] [Ts]
Spac396: bets $1
MoRsCeReBruM: calls $1
*** RIVER *** [7d 2d Js Ts] [Jc]
Spac396: checks 
MoRsCeReBruM: bets $8.49
Spac396: raises $80.88 to $89.37 and is all-in
MoRsCeReBruM: folds 
Uncalled bet ($80.88) returned to Spac396
Spac396 collected $28.80 from pot
*** SUMMARY ***
Total pot $30.32 | Rake $1.52 
Board [7d 2d Js Ts Jc]
Seat 1: yzuk folded before Flop (didn't bet)
Seat 2: blistein (button) folded before Flop (didn't bet)
Seat 3: BoyLoc0 (small blind) folded before Flop
Seat 4: Spac396 (big blind) collected ($28.80)
Seat 5: MoRsCeReBruM folded on the River
Seat 6: JoeBlack_MS folded before Flop (didn't bet)



PokerStars Hand #254531620934:  Hold'em No Limit ($0.50/$1.00 USD) - 2025/01/24 17:34:46 WET [2025/01/24 12:34:46 ET]
Table 'Seillier IV' 6-max Seat #3 is the button
Seat 1: yzuk ($100 in chips) 
Seat 2: blistein ($107.75 in chips) 
Seat 3: BoyLoc0 ($100 in chips) 
Seat 4: Spac396 ($109.68 in chips) 
Seat 5: MoRsCeReBruM ($132.59 in chips) 
Seat 6: JoeBlack_MS ($116.36 in chips) 
Spac396: posts small blind $0.50
MoRsCeReBruM: posts big blind $1
*** HOLE CARDS ***
JoeBlack_MS: raises $1 to $2
yzuk: folds 
blistein: folds 
BoyLoc0: folds 
Spac396: calls $1.50
MoRsCeReBruM: calls $1
*** FLOP *** [Qh 6c 6d]
Spac396: checks 
MoRsCeReBruM: checks 
JoeBlack_MS: checks 
*** TURN *** [Qh 6c 6d] [Jc]
Spac396: checks 
MoRsCeReBruM: bets $2.28
JoeBlack_MS: calls $2.28
Spac396: folds 
*** RIVER *** [Qh 6c 6d Jc] [7c]
MoRsCeReBruM: checks 
JoeBlack_MS: bets $13.34
MoRsCeReBruM: folds 
Uncalled bet ($13.34) returned to JoeBlack_MS
JoeBlack_MS collected $10.03 from pot
JoeBlack_MS: doesn't show hand 
*** SUMMARY ***
Total pot $10.56 | Rake $0.53 
Board [Qh 6c 6d Jc 7c]
Seat 1: yzuk folded before Flop (didn't bet)
Seat 2: blistein folded before Flop (didn't bet)
Seat 3: BoyLoc0 (button) folded before Flop (didn't bet)
Seat 4: Spac396 (small blind) folded on the Turn
Seat 5: MoRsCeReBruM (big blind) folded on the River
Seat 6: JoeBlack_MS collected ($10.03)



PokerStars Hand #254531637741:  Hold'em No Limit ($0.50/$1.00 USD) - 2025/01/24 17:35:50 WET [2025/01/24 12:35:50 ET]
Table 'Seillier IV' 6-max Seat #4 is the button
Seat 1: yzuk ($100 in chips) 
Seat 2: blistein ($107.75 in chips) 
Seat 3: BoyLoc0 ($100 in chips) 
Seat 4: Spac396 ($107.68 in chips) 
Seat 5: MoRsCeReBruM ($128.31 in chips) 
Seat 6: JoeBlack_MS ($122.11 in chips) 
MoRsCeReBruM: posts small blind $0.50
JoeBlack_MS: posts big blind $1
*** HOLE CARDS ***
yzuk: folds 
blistein: folds 
BoyLoc0: folds 
Spac396: calls $1
MoRsCeReBruM: folds 
JoeBlack_MS: checks 
*** FLOP *** [Jh Js 8c]
JoeBlack_MS: checks 
Spac396: checks 
*** TURN *** [Jh Js 8c] [Th]
JoeBlack_MS: checks 
Spac396: checks 
*** RIVER *** [Jh Js 8c Th] [3s]
JoeBlack_MS: checks 
Spac396: checks 
*** SHOW DOWN ***
JoeBlack_MS: shows [5c Kh] (a pair of Jacks)
Spac396: shows [As 5h] (a pair of Jacks - Ace kicker)
Spac396 collected $2.38 from pot
*** SUMMARY ***
Total pot $2.50 | Rake $0.12 
Board [Jh Js 8c Th 3s]
Seat 1: yzuk folded before Flop (didn't bet)
Seat 2: blistein folded before Flop (didn't bet)
Seat 3: BoyLoc0 folded before Flop (didn't bet)
Seat 4: Spac396 (button) showed [As 5h] and won ($2.38) with a pair of Jacks
Seat 5: MoRsCeReBruM (small blind) folded before Flop
Seat 6: JoeBlack_MS (big blind) showed [5c Kh] and lost with a pair of Jacks



PokerStars Hand #254531649909:  Hold'em No Limit ($0.50/$1.00 USD) - 2025/01/24 17:36:37 WET [2025/01/24 12:36:37 ET]
Table 'Seillier IV' 6-max Seat #5 is the button
Seat 1: yzuk ($100 in chips) 
Seat 2: blistein ($107.75 in chips) 
Seat 3: BoyLoc0 ($100 in chips) 
Seat 4: Spac396 ($109.06 in chips) 
Seat 5: MoRsCeReBruM ($127.81 in chips) 
Seat 6: JoeBlack_MS ($121.11 in chips) 
JoeBlack_MS: posts small blind $0.50
yzuk: posts big blind $1
*** HOLE CARDS ***
blistein: folds 
BoyLoc0: folds 
Spac396: calls $1
MoRsCeReBruM: raises $2.50 to $3.50
JoeBlack_MS: raises $10.50 to $14
yzuk: folds 
Spac396: folds 
MoRsCeReBruM: folds 
Uncalled bet ($10.50) returned to JoeBlack_MS
JoeBlack_MS collected $9 from pot
JoeBlack_MS: doesn't show hand 
*** SUMMARY ***
Total pot $9 | Rake $0 
Seat 1: yzuk (big blind) folded before Flop
Seat 2: blistein folded before Flop (didn't bet)
Seat 3: BoyLoc0 folded before Flop (didn't bet)
Seat 4: Spac396 folded before Flop
Seat 5: MoRsCeReBruM (button) folded before Flop
Seat 6: JoeBlack_MS (small blind) collected ($9)



PokerStars Hand #254531657807:  Hold'em No Limit ($0.50/$1.00 USD) - 2025/01/24 17:37:08 WET [2025/01/24 12:37:08 ET]
Table 'Seillier IV' 6-max Seat #6 is the button
Seat 1: yzuk ($100 in chips) 
Seat 2: blistein ($107.75 in chips) 
Seat 3: BoyLoc0 ($100 in chips) 
Seat 4: Spac396 ($108.06 in chips) 
Seat 5: MoRsCeReBruM ($124.31 in chips) 
Seat 6: JoeBlack_MS ($126.61 in chips) 
yzuk: posts small blind $0.50
blistein: posts big blind $1
*** HOLE CARDS ***
BoyLoc0: folds 
Spac396: calls $1
MoRsCeReBruM: folds 
JoeBlack_MS: raises $2.50 to $3.50
yzuk: folds 
blistein: folds 
Spac396: calls $2.50
*** FLOP *** [Kd Th 6d]
Spac396: checks 
JoeBlack_MS: checks 
*** TURN *** [Kd Th 6d] [As]
Spac396: checks 
JoeBlack_MS: checks 
*** RIVER *** [Kd Th 6d As] [3s]
Spac396: checks 
JoeBlack_MS: checks 
*** SHOW DOWN ***
Spac396: shows [3h 8h] (a pair of Threes)
JoeBlack_MS: shows [Qh Qd] (a pair of Queens)
JoeBlack_MS collected $8.08 from pot
*** SUMMARY ***
Total pot $8.50 | Rake $0.42 
Board [Kd Th 6d As 3s]
Seat 1: yzuk (small blind) folded before Flop
Seat 2: blistein (big blind) folded before Flop
Seat 3: BoyLoc0 folded before Flop (didn't bet)
Seat 4: Spac396 showed [3h 8h] and lost with a pair of Threes
Seat 5: MoRsCeReBruM folded before Flop (didn't bet)
Seat 6: JoeBlack_MS (button) showed [Qh Qd] and won ($8.08) with a pair of Queens



PokerStars Hand #254531665987:  Hold'em No Limit ($0.50/$1.00 USD) - 2025/01/24 17:37:39 WET [2025/01/24 12:37:39 ET]
Table 'Seillier IV' 6-max Seat #1 is the button
Seat 1: yzuk ($100 in chips) 
Seat 2: blistein ($106.75 in chips) 
Seat 3: BoyLoc0 ($100 in chips) 
Seat 4: Spac396 ($104.56 in chips) 
Seat 5: MoRsCeReBruM ($124.31 in chips) 
Seat 6: JoeBlack_MS ($131.19 in chips) 
blistein: posts small blind $0.50
BoyLoc0: posts big blind $1
*** HOLE CARDS ***
Spac396: folds 
MoRsCeReBruM: folds 
JoeBlack_MS: folds 
yzuk: folds 
blistein: folds 
Uncalled bet ($0.50) returned to BoyLoc0
BoyLoc0 collected $1 from pot
BoyLoc0: doesn't show hand 
*** SUMMARY ***
Total pot $1 | Rake $0 
Seat 1: yzuk (button) folded before Flop (didn't bet)
Seat 2: blistein (small blind) folded before Flop
Seat 3: BoyLoc0 (big blind) collected ($1)
Seat 4: Spac396 folded before Flop (didn't bet)
Seat 5: MoRsCeReBruM folded before Flop (didn't bet)
Seat 6: JoeBlack_MS folded before Flop (didn't bet)



PokerStars Hand #254531668992:  Hold'em No Limit ($0.50/$1.00 USD) - 2025/01/24 17:37:51 WET [2025/01/24 12:37:51 ET]
Table 'Seillier IV' 6-max Seat #2 is the button
Seat 1: yzuk ($100 in chips) 
Seat 2: blistein ($106.25 in chips) 
Seat 3: BoyLoc0 ($100.50 in chips) 
Seat 4: Spac396 ($104.56 in chips) 
Seat 5: MoRsCeReBruM ($124.31 in chips) 
Seat 6: JoeBlack_MS ($131.19 in chips) 
BoyLoc0: posts small blind $0.50
Spac396: posts big blind $1
*** HOLE CARDS ***
MoRsCeReBruM: folds 
JoeBlack_MS: folds 
yzuk: raises $1.50 to $2.50
blistein: folds 
BoyLoc0: raises $7.50 to $10
Spac396: folds 
yzuk: folds 
Uncalled bet ($7.50) returned to BoyLoc0
BoyLoc0 collected $6 from pot
BoyLoc0: doesn't show hand 
*** SUMMARY ***
Total pot $6 | Rake $0 
Seat 1: yzuk folded before Flop
Seat 2: blistein (button) folded before Flop (didn't bet)
Seat 3: BoyLoc0 (small blind) collected ($6)
Seat 4: Spac396 (big blind) folded before Flop
Seat 5: MoRsCeReBruM folded before Flop (didn't bet)
Seat 6: JoeBlack_MS folded before Flop (didn't bet)



PokerStars Hand #254531673961:  Hold'em No Limit ($0.50/$1.00 USD) - 2025/01/24 17:38:10 WET [2025/01/24 12:38:10 ET]
Table 'Seillier IV' 6-max Seat #3 is the button
Seat 1: yzuk ($100 in chips) 
Seat 2: blistein ($106.25 in chips) 
Seat 3: BoyLoc0 ($104 in chips) 
Seat 4: Spac396 ($103.56 in chips) 
Seat 5: MoRsCeReBruM ($124.31 in chips) 
Seat 6: JoeBlack_MS ($131.19 in chips) 
Spac396: posts small blind $0.50
MoRsCeReBruM: posts big blind $1
*** HOLE CARDS ***
JoeBlack_MS: raises $1 to $2
yzuk: folds 
blistein: folds 
BoyLoc0: folds 
Spac396: folds 
MoRsCeReBruM: raises $9 to $11
JoeBlack_MS: calls $9
*** FLOP *** [3c 2c Ad]
MoRsCeReBruM: bets $5.35
JoeBlack_MS: folds 
Uncalled bet ($5.35) returned to MoRsCeReBruM
MoRsCeReBruM collected $21.38 from pot
MoRsCeReBruM: doesn't show hand 
*** SUMMARY ***
Total pot $22.50 | Rake $1.12 
Board [3c 2c Ad]
Seat 1: yzuk folded before Flop (didn't bet)
Seat 2: blistein folded before Flop (didn't bet)
Seat 3: BoyLoc0 (button) folded before Flop (didn't bet)
Seat 4: Spac396 (small blind) folded before Flop
Seat 5: MoRsCeReBruM (big blind) collected ($21.38)
Seat 6: JoeBlack_MS folded on the Flop



PokerStars Hand #254531682332:  Hold'em No Limit ($0.50/$1.00 USD) - 2025/01/24 17:38:42 WET [2025/01/24 12:38:42 ET]
Table 'Seillier IV' 6-max Seat #4 is the button
Seat 1: yzuk ($100 in chips) 
Seat 2: blistein ($106.25 in chips) 
Seat 3: BoyLoc0 ($104 in chips) 
Seat 4: Spac396 ($103.06 in chips) 
Seat 5: MoRsCeReBruM ($134.69 in chips) 
Seat 6: JoeBlack_MS ($120.19 in chips) 
MoRsCeReBruM: posts small blind $0.50
JoeBlack_MS: posts big blind $1
*** HOLE CARDS ***
yzuk: raises $1.50 to $2.50
blistein: folds 
BoyLoc0: folds 
Spac396: folds 
MoRsCeReBruM: folds 
JoeBlack_MS: raises $9.50 to $12
yzuk: calls $9.50
*** FLOP *** [9d 8d 4d]
JoeBlack_MS: checks 
yzuk: bets $6.05
JoeBlack_MS: calls $6.05
*** TURN *** [9d 8d 4d] [Jh]
JoeBlack_MS: checks 
yzuk: bets $11.82
JoeBlack_MS: calls $11.82
*** RIVER *** [9d 8d 4d Jh] [3h]
JoeBlack_MS: checks 
yzuk: checks 
*** SHOW DOWN ***
JoeBlack_MS: shows [8h Ah] (a pair of Eights)
yzuk: shows [Qd Qh] (a pair of Queens)
yzuk collected $57.74 from pot
*** SUMMARY ***
Total pot $60.24 | Rake $2.50 
Board [9d 8d 4d Jh 3h]
Seat 1: yzuk showed [Qd Qh] and won ($57.74) with a pair of Queens
Seat 2: blistein folded before Flop (didn't bet)
Seat 3: BoyLoc0 folded before Flop (didn't bet)
Seat 4: Spac396 (button) folded before Flop (didn't bet)
Seat 5: MoRsCeReBruM (small blind) folded before Flop
Seat 6: JoeBlack_MS (big blind) showed [8h Ah] and lost with a pair of Eights



PokerStars Hand #254531701514:  Hold'em No Limit ($0.50/$1.00 USD) - 2025/01/24 17:39:56 WET [2025/01/24 12:39:56 ET]
Table 'Seillier IV' 6-max Seat #5 is the button
Seat 1: yzuk ($127.87 in chips) 
Seat 2: blistein ($106.25 in chips) 
Seat 3: BoyLoc0 ($104 in chips) 
Seat 4: Spac396 ($103.06 in chips) 
Seat 5: MoRsCeReBruM ($134.19 in chips) 
Seat 6: JoeBlack_MS ($100 in chips) 
JoeBlack_MS: posts small blind $0.50
yzuk: posts big blind $1
*** HOLE CARDS ***
blistein: folds 
BoyLoc0: folds 
Spac396: calls $1
MoRsCeReBruM: folds 
JoeBlack_MS: raises $4 to $5
yzuk: folds 
Spac396: calls $4
*** FLOP *** [8d 9d 6c]
JoeBlack_MS: checks 
Spac396: bets $98.06 and is all-in
JoeBlack_MS: folds 
Uncalled bet ($98.06) returned to Spac396
Spac396 collected $10.45 from pot
*** SUMMARY ***
Total pot $11 | Rake $0.55 
Board [8d 9d 6c]
Seat 1: yzuk (big blind) folded before Flop
Seat 2: blistein folded before Flop (didn't bet)
Seat 3: BoyLoc0 folded before Flop (didn't bet)
Seat 4: Spac396 collected ($10.45)
Seat 5: MoRsCeReBruM (button) folded before Flop (didn't bet)
Seat 6: JoeBlack_MS (small blind) folded on the Flop



PokerStars Hand #254531710709:  Hold'em No Limit ($0.50/$1.00 USD) - 2025/01/24 17:40:32 WET [2025/01/24 12:40:32 ET]
Table 'Seillier IV' 6-max Seat #6 is the button
Seat 1: yzuk ($126.87 in chips) 
Seat 2: blistein ($106.25 in chips) 
Seat 3: BoyLoc0 ($104 in chips) 
Seat 4: Spac396 ($108.51 in chips) 
Seat 5: MoRsCeReBruM ($134.19 in chips) 
Seat 6: JoeBlack_MS ($100 in chips) 
yzuk: posts small blind $0.50
blistein: posts big blind $1
*** HOLE CARDS ***
BoyLoc0: folds 
Spac396: calls $1
MoRsCeReBruM: raises $2 to $3
JoeBlack_MS: folds 
yzuk: folds 
blistein: folds 
Spac396: calls $2
*** FLOP *** [Js 4s 9h]
Spac396: bets $1
MoRsCeReBruM: calls $1
*** TURN *** [Js 4s 9h] [Jh]
Spac396: bets $1
MoRsCeReBruM: calls $1
*** RIVER *** [Js 4s 9h Jh] [Kd]
Spac396: bets $1
MoRsCeReBruM: raises $9 to $10
Spac396: folds 
Uncalled bet ($9) returned to MoRsCeReBruM
MoRsCeReBruM collected $12.82 from pot
MoRsCeReBruM: doesn't show hand 
*** SUMMARY ***
Total pot $13.50 | Rake $0.68 
Board [Js 4s 9h Jh Kd]
Seat 1: yzuk (small blind) folded before Flop
Seat 2: blistein (big blind) folded before Flop
Seat 3: BoyLoc0 folded before Flop (didn't bet)
Seat 4: Spac396 folded on the River
Seat 5: MoRsCeReBruM collected ($12.82)
Seat 6: JoeBlack_MS (button) folded before Flop (didn't bet)



PokerStars Hand #254531723544:  Hold'em No Limit ($0.50/$1.00 USD) - 2025/01/24 17:41:22 WET [2025/01/24 12:41:22 ET]
Table 'Seillier IV' 6-max Seat #1 is the button
Seat 1: yzuk ($126.37 in chips) 
Seat 2: blistein ($105.25 in chips) 
Seat 3: BoyLoc0 ($104 in chips) 
Seat 4: Spac396 ($102.51 in chips) 
Seat 5: MoRsCeReBruM ($141.01 in chips) 
Seat 6: JoeBlack_MS ($100 in chips) 
blistein: posts small blind $0.50
BoyLoc0: posts big blind $1
*** HOLE CARDS ***
Spac396: calls $1
MoRsCeReBruM: folds 
JoeBlack_MS: raises $2 to $3
yzuk: folds 
blistein: folds 
BoyLoc0: folds 
Spac396: calls $2
*** FLOP *** [3d 8s Kd]
Spac396: checks 
JoeBlack_MS: bets $2.14
Spac396: folds 
Uncalled bet ($2.14) returned to JoeBlack_MS
JoeBlack_MS collected $7.12 from pot
JoeBlack_MS: doesn't show hand 
*** SUMMARY ***
Total pot $7.50 | Rake $0.38 
Board [3d 8s Kd]
Seat 1: yzuk (button) folded before Flop (didn't bet)
Seat 2: blistein (small blind) folded before Flop
Seat 3: BoyLoc0 (big blind) folded before Flop
Seat 4: Spac396 folded on the Flop
Seat 5: MoRsCeReBruM folded before Flop (didn't bet)
Seat 6: JoeBlack_MS collected ($7.12)



PokerStars Hand #254531729837:  Hold'em No Limit ($0.50/$1.00 USD) - 2025/01/24 17:41:46 WET [2025/01/24 12:41:46 ET]
Table 'Seillier IV' 6-max Seat #2 is the button
Seat 1: yzuk ($126.37 in chips) 
Seat 2: blistein ($104.75 in chips) 
Seat 3: BoyLoc0 ($103 in chips) 
Seat 4: Spac396 ($99.51 in chips) 
Seat 5: MoRsCeReBruM ($141.01 in chips) 
Seat 6: JoeBlack_MS ($104.12 in chips) 
BoyLoc0: posts small blind $0.50
Spac396: posts big blind $1
*** HOLE CARDS ***
MoRsCeReBruM has timed out
MoRsCeReBruM: folds 
JoeBlack_MS: folds 
yzuk: raises $1.50 to $2.50
blistein: folds 
BoyLoc0: folds 
Spac396: calls $1.50
*** FLOP *** [8h 5s Kh]
Spac396: checks 
yzuk: bets $2.66
Spac396: calls $2.66
*** TURN *** [8h 5s Kh] [Jc]
Spac396: bets $1
yzuk: raises $2 to $3
Spac396: calls $2
*** RIVER *** [8h 5s Kh Jc] [Kc]
Spac396: checks 
yzuk: checks 
*** SHOW DOWN ***
Spac396: shows [2s 2c] (two pair, Kings and Deuces)
yzuk: shows [Td Th] (two pair, Kings and Tens)
yzuk collected $15.98 from pot
*** SUMMARY ***
Total pot $16.82 | Rake $0.84 
Board [8h 5s Kh Jc Kc]
Seat 1: yzuk showed [Td Th] and won ($15.98) with two pair, Kings and Tens
Seat 2: blistein (button) folded before Flop (didn't bet)
Seat 3: BoyLoc0 (small blind) folded before Flop
Seat 4: Spac396 (big blind) showed [2s 2c] and lost with two pair, Kings and Deuces
Seat 5: MoRsCeReBruM folded before Flop (didn't bet)
Seat 6: JoeBlack_MS folded before Flop (didn't bet)



PokerStars Hand #254532230752:  Hold'em No Limit ($0.50/$1.00 USD) - 2025/01/24 18:14:55 WET [2025/01/24 13:14:55 ET]
Table 'Seillier IV' 6-max Seat #2 is the button
Seat 1: ImaPeppaPig ($100 in chips) 
Seat 2: Trente666 ($32.10 in chips) 
Seat 3: BoyLoc0 ($119.01 in chips) 
Seat 4: fiolek8 ($46.99 in chips) 
Seat 5: tukeiron ($106.20 in chips) 
Seat 6: JoeBlack_MS ($124.95 in chips) 
BoyLoc0: posts small blind $0.50
fiolek8: posts big blind $1
*** HOLE CARDS ***
tukeiron: folds 
JoeBlack_MS: folds 
ImaPeppaPig: folds 
Trente666: raises $2 to $3
BoyLoc0: folds 
fiolek8: folds 
Uncalled bet ($2) returned to Trente666
Trente666 collected $2.50 from pot
*** SUMMARY ***
Total pot $2.50 | Rake $0 
Seat 1: ImaPeppaPig folded before Flop (didn't bet)
Seat 2: Trente666 (button) collected ($2.50)
Seat 3: BoyLoc0 (small blind) folded before Flop
Seat 4: fiolek8 (big blind) folded before Flop
Seat 5: tukeiron folded before Flop (didn't bet)
Seat 6: JoeBlack_MS folded before Flop (didn't bet)



PokerStars Hand #254532235072:  Hold'em No Limit ($0.50/$1.00 USD) - 2025/01/24 18:15:11 WET [2025/01/24 13:15:11 ET]
Table 'Seillier IV' 6-max Seat #3 is the button
Seat 1: ImaPeppaPig ($100 in chips) 
Seat 2: Trente666 ($33.60 in chips) 
Seat 3: BoyLoc0 ($118.51 in chips) 
Seat 4: fiolek8 ($45.99 in chips) 
Seat 5: tukeiron ($106.20 in chips) 
Seat 6: JoeBlack_MS ($124.95 in chips) 
fiolek8: posts small blind $0.50
tukeiron: posts big blind $1
*** HOLE CARDS ***
JoeBlack_MS: folds 
ImaPeppaPig: folds 
Trente666: folds 
BoyLoc0: raises $1.50 to $2.50
fiolek8: folds 
tukeiron: calls $1.50
*** FLOP *** [8c Td Qd]
tukeiron: checks 
BoyLoc0: checks 
*** TURN *** [8c Td Qd] [7s]
tukeiron: checks 
BoyLoc0: checks 
*** RIVER *** [8c Td Qd 7s] [2h]
tukeiron: checks 
BoyLoc0: bets $3.92
tukeiron: raises $24.58 to $28.50
BoyLoc0: folds 
Uncalled bet ($24.58) returned to tukeiron
tukeiron collected $12.67 from pot
*** SUMMARY ***
Total pot $13.34 | Rake $0.67 
Board [8c Td Qd 7s 2h]
Seat 1: ImaPeppaPig folded before Flop (didn't bet)
Seat 2: Trente666 folded before Flop (didn't bet)
Seat 3: BoyLoc0 (button) folded on the River
Seat 4: fiolek8 (small blind) folded before Flop
Seat 5: tukeiron (big blind) collected ($12.67)
Seat 6: JoeBlack_MS folded before Flop (didn't bet)



PokerStars Hand #254532258602:  Hold'em No Limit ($0.50/$1.00 USD) - 2025/01/24 18:16:40 WET [2025/01/24 13:16:40 ET]
Table 'Seillier IV' 6-max Seat #4 is the button
Seat 1: ImaPeppaPig ($100 in chips) 
Seat 2: Trente666 ($33.60 in chips) 
Seat 3: BoyLoc0 ($112.09 in chips) 
Seat 4: fiolek8 ($45.49 in chips) 
Seat 5: tukeiron ($112.45 in chips) 
Seat 6: JoeBlack_MS ($124.95 in chips) 
tukeiron: posts small blind $0.50
JoeBlack_MS: posts big blind $1
*** HOLE CARDS ***
ImaPeppaPig: folds 
Trente666: folds 
BoyLoc0: raises $1.50 to $2.50
fiolek8: folds 
tukeiron: folds 
JoeBlack_MS: calls $1.50
*** FLOP *** [Tc Kc Ad]
JoeBlack_MS: checks 
BoyLoc0: checks 
*** TURN *** [Tc Kc Ad] [2s]
JoeBlack_MS: checks 
BoyLoc0: checks 
*** RIVER *** [Tc Kc Ad 2s] [8h]
JoeBlack_MS: checks 
BoyLoc0: checks 
*** SHOW DOWN ***
JoeBlack_MS: shows [8s 9d] (a pair of Eights)
BoyLoc0: shows [3h Kh] (a pair of Kings)
BoyLoc0 collected $5.22 from pot
*** SUMMARY ***
Total pot $5.50 | Rake $0.28 
Board [Tc Kc Ad 2s 8h]
Seat 1: ImaPeppaPig folded before Flop (didn't bet)
Seat 2: Trente666 folded before Flop (didn't bet)
Seat 3: BoyLoc0 showed [3h Kh] and won ($5.22) with a pair of Kings
Seat 4: fiolek8 (button) folded before Flop (didn't bet)
Seat 5: tukeiron (small blind) folded before Flop
Seat 6: JoeBlack_MS (big blind) showed [8s 9d] and lost with a pair of Eights



PokerStars Hand #254532269955:  Hold'em No Limit ($0.50/$1.00 USD) - 2025/01/24 18:17:22 WET [2025/01/24 13:17:22 ET]
Table 'Seillier IV' 6-max Seat #5 is the button
Seat 1: ImaPeppaPig ($100 in chips) 
Seat 2: Trente666 ($33.60 in chips) 
Seat 3: BoyLoc0 ($114.81 in chips) 
Seat 4: fiolek8 ($45.49 in chips) 
Seat 5: tukeiron ($111.95 in chips) 
Seat 6: JoeBlack_MS ($122.45 in chips) 
JoeBlack_MS: posts small blind $0.50
ImaPeppaPig: posts big blind $1
*** HOLE CARDS ***
Trente666: folds 
BoyLoc0: folds 
fiolek8: folds 
tukeiron: raises $1.50 to $2.50
JoeBlack_MS: folds 
ImaPeppaPig: calls $1.50
*** FLOP *** [Qd 3s 3c]
ImaPeppaPig: checks 
tukeiron: checks 
*** TURN *** [Qd 3s 3c] [3d]
ImaPeppaPig: checks 
tukeiron: bets $1.72
ImaPeppaPig: calls $1.72
*** RIVER *** [Qd 3s 3c 3d] [9s]
ImaPeppaPig: checks 
tukeiron: bets $8.49
ImaPeppaPig: folds 
Uncalled bet ($8.49) returned to tukeiron
tukeiron collected $8.49 from pot
*** SUMMARY ***
Total pot $8.94 | Rake $0.45 
Board [Qd 3s 3c 3d 9s]
Seat 1: ImaPeppaPig (big blind) folded on the River
Seat 2: Trente666 folded before Flop (didn't bet)
Seat 3: BoyLoc0 folded before Flop (didn't bet)
Seat 4: fiolek8 folded before Flop (didn't bet)
Seat 5: tukeiron (button) collected ($8.49)
Seat 6: JoeBlack_MS (small blind) folded before Flop



PokerStars Hand #254532282203:  Hold'em No Limit ($0.50/$1.00 USD) - 2025/01/24 18:18:08 WET [2025/01/24 13:18:08 ET]
Table 'Seillier IV' 6-max Seat #6 is the button
Seat 2: Trente666 ($33.60 in chips) is sitting out
Seat 1: ImaPeppaPig ($100 in chips) 
Seat 3: BoyLoc0 ($114.81 in chips) 
Seat 4: fiolek8 ($45.49 in chips) 
Seat 5: tukeiron ($116.22 in chips) 
Seat 6: JoeBlack_MS ($121.95 in chips) 
ImaPeppaPig: posts small blind $0.50
Trente666 is disconnected 
Trente666 has timed out while disconnected
Trente666: is sitting out 
BoyLoc0: posts big blind $1
*** HOLE CARDS ***
fiolek8: folds 
tukeiron: folds 
JoeBlack_MS: raises $1 to $2
ImaPeppaPig: folds 
BoyLoc0: calls $1
*** FLOP *** [Kd 8s Ts]
BoyLoc0: checks 
JoeBlack_MS: bets $2.14
BoyLoc0: folds 
Uncalled bet ($2.14) returned to JoeBlack_MS
JoeBlack_MS collected $4.28 from pot
JoeBlack_MS: doesn't show hand 
*** SUMMARY ***
Total pot $4.50 | Rake $0.22 
Board [Kd 8s Ts]
Seat 2: Trente666
Seat 1: ImaPeppaPig (small blind) folded before Flop
Seat 3: BoyLoc0 (big blind) folded on the Flop
Seat 4: fiolek8 folded before Flop (didn't bet)
Seat 5: tukeiron folded before Flop (didn't bet)
Seat 6: JoeBlack_MS (button) collected ($4.28)



PokerStars Hand #254532294779:  Hold'em No Limit ($0.50/$1.00 USD) - 2025/01/24 18:18:55 WET [2025/01/24 13:18:55 ET]
Table 'Seillier IV' 6-max Seat #1 is the button
Seat 2: Trente666 ($33.60 in chips) is sitting out
Seat 1: ImaPeppaPig ($100 in chips) 
Seat 3: BoyLoc0 ($112.81 in chips) 
Seat 4: fiolek8 ($45.49 in chips) 
Seat 5: tukeiron ($116.22 in chips) 
Seat 6: JoeBlack_MS ($124.23 in chips) 
BoyLoc0: posts small blind $0.50
fiolek8: posts big blind $1
*** HOLE CARDS ***
tukeiron: folds 
JoeBlack_MS: folds 
ImaPeppaPig: folds 
BoyLoc0: raises $2 to $3
fiolek8: folds 
Uncalled bet ($2) returned to BoyLoc0
BoyLoc0 collected $2 from pot
BoyLoc0: doesn't show hand 
*** SUMMARY ***
Total pot $2 | Rake $0 
Seat 2: Trente666
Seat 1: ImaPeppaPig (button) folded before Flop (didn't bet)
Seat 3: BoyLoc0 (small blind) collected ($2)
Seat 4: fiolek8 (big blind) folded before Flop
Seat 5: tukeiron folded before Flop (didn't bet)
Seat 6: JoeBlack_MS folded before Flop (didn't bet)



PokerStars Hand #254532298836:  Hold'em No Limit ($0.50/$1.00 USD) - 2025/01/24 18:19:10 WET [2025/01/24 13:19:10 ET]
Table 'Seillier IV' 6-max Seat #3 is the button
Seat 1: ImaPeppaPig ($100 in chips) 
Seat 2: Trente666 ($33.60 in chips) 
Seat 3: BoyLoc0 ($113.81 in chips) 
Seat 4: fiolek8 ($44.49 in chips) 
Seat 5: tukeiron ($116.22 in chips) 
Seat 6: JoeBlack_MS ($124.23 in chips) 
fiolek8: posts small blind $0.50
tukeiron: posts big blind $1
Trente666: posts small & big blinds $1.50
*** HOLE CARDS ***
JoeBlack_MS: raises $3.50 to $4.50
ImaPeppaPig: folds 
Trente666: calls $3.50
BoyLoc0: folds 
fiolek8: folds 
tukeiron: folds 
*** FLOP *** [9s 8h Kd]
JoeBlack_MS: checks 
Trente666: bets $5.23
JoeBlack_MS: calls $5.23
*** TURN *** [9s 8h Kd] [3c]
JoeBlack_MS: checks 
Trente666: bets $10.20
JoeBlack_MS: calls $10.20
*** RIVER *** [9s 8h Kd 3c] [2s]
JoeBlack_MS: checks 
Trente666: checks 
*** SHOW DOWN ***
JoeBlack_MS: shows [Jh Jd] (a pair of Jacks)
Trente666: shows [Th Ks] (a pair of Kings)
Trente666 collected $39.77 from pot
*** SUMMARY ***
Total pot $41.86 | Rake $2.09 
Board [9s 8h Kd 3c 2s]
Seat 1: ImaPeppaPig folded before Flop (didn't bet)
Seat 2: Trente666 showed [Th Ks] and won ($39.77) with a pair of Kings
Seat 3: BoyLoc0 (button) folded before Flop (didn't bet)
Seat 4: fiolek8 (small blind) folded before Flop
Seat 5: tukeiron (big blind) folded before Flop
Seat 6: JoeBlack_MS showed [Jh Jd] and lost with a pair of Jacks



PokerStars Hand #254532309510:  Hold'em No Limit ($0.50/$1.00 USD) - 2025/01/24 18:19:49 WET [2025/01/24 13:19:49 ET]
Table 'Seillier IV' 6-max Seat #4 is the button
Seat 1: ImaPeppaPig ($100 in chips) 
Seat 2: Trente666 ($52.94 in chips) 
Seat 3: BoyLoc0 ($113.81 in chips) 
Seat 4: fiolek8 ($43.99 in chips) 
Seat 5: tukeiron ($115.22 in chips) 
Seat 6: JoeBlack_MS ($104.30 in chips) 
tukeiron: posts small blind $0.50
JoeBlack_MS: posts big blind $1
*** HOLE CARDS ***
ImaPeppaPig: folds 
Trente666: folds 
BoyLoc0: raises $1.50 to $2.50
fiolek8: folds 
tukeiron: folds 
JoeBlack_MS: folds 
Uncalled bet ($1.50) returned to BoyLoc0
BoyLoc0 collected $2.50 from pot
BoyLoc0: doesn't show hand 
*** SUMMARY ***
Total pot $2.50 | Rake $0 
Seat 1: ImaPeppaPig folded before Flop (didn't bet)
Seat 2: Trente666 folded before Flop (didn't bet)
Seat 3: BoyLoc0 collected ($2.50)
Seat 4: fiolek8 (button) folded before Flop (didn't bet)
Seat 5: tukeiron (small blind) folded before Flop
Seat 6: JoeBlack_MS (big blind) folded before Flop



PokerStars Hand #254532314939:  Hold'em No Limit ($0.50/$1.00 USD) - 2025/01/24 18:20:09 WET [2025/01/24 13:20:09 ET]
Table 'Seillier IV' 6-max Seat #5 is the button
Seat 1: ImaPeppaPig ($100 in chips) 
Seat 2: Trente666 ($52.94 in chips) 
Seat 3: BoyLoc0 ($115.31 in chips) 
Seat 4: fiolek8 ($43.99 in chips) 
Seat 5: tukeiron ($114.72 in chips) 
Seat 6: JoeBlack_MS ($103.30 in chips) 
JoeBlack_MS: posts small blind $0.50
ImaPeppaPig: posts big blind $1
*** HOLE CARDS ***
Trente666: folds 
BoyLoc0: raises $1.50 to $2.50
fiolek8: folds 
tukeiron: folds 
JoeBlack_MS: folds 
ImaPeppaPig: folds 
Uncalled bet ($1.50) returned to BoyLoc0
BoyLoc0 collected $2.50 from pot
BoyLoc0: doesn't show hand 
*** SUMMARY ***
Total pot $2.50 | Rake $0 
Seat 1: ImaPeppaPig (big blind) folded before Flop
Seat 2: Trente666 folded before Flop (didn't bet)
Seat 3: BoyLoc0 collected ($2.50)
Seat 4: fiolek8 folded before Flop (didn't bet)
Seat 5: tukeiron (button) folded before Flop (didn't bet)
Seat 6: JoeBlack_MS (small blind) folded before Flop



PokerStars Hand #254532319322:  Hold'em No Limit ($0.50/$1.00 USD) - 2025/01/24 18:20:26 WET [2025/01/24 13:20:26 ET]
Table 'Seillier IV' 6-max Seat #6 is the button
Seat 1: ImaPeppaPig ($100 in chips) 
Seat 2: Trente666 ($52.94 in chips) 
Seat 3: BoyLoc0 ($116.81 in chips) 
Seat 4: fiolek8 ($43.99 in chips) 
Seat 5: tukeiron ($114.72 in chips) 
Seat 6: JoeBlack_MS ($102.80 in chips) 
ImaPeppaPig: posts small blind $0.50
Trente666: posts big blind $1
*** HOLE CARDS ***
BoyLoc0: raises $1.50 to $2.50
fiolek8: folds 
tukeiron: folds 
JoeBlack_MS: folds 
ImaPeppaPig: folds 
Trente666: raises $5.50 to $8
BoyLoc0: calls $5.50
*** FLOP *** [2c 8h 4d]
Trente666: bets $15.68
BoyLoc0: folds 
Uncalled bet ($15.68) returned to Trente666
Trente666 collected $15.68 from pot
*** SUMMARY ***
Total pot $16.50 | Rake $0.82 
Board [2c 8h 4d]
Seat 1: ImaPeppaPig (small blind) folded before Flop
Seat 2: Trente666 (big blind) collected ($15.68)
Seat 3: BoyLoc0 folded on the Flop
Seat 4: fiolek8 folded before Flop (didn't bet)
Seat 5: tukeiron folded before Flop (didn't bet)
Seat 6: JoeBlack_MS (button) folded before Flop (didn't bet)



PokerStars Hand #254532329610:  Hold'em No Limit ($0.50/$1.00 USD) - 2025/01/24 18:21:04 WET [2025/01/24 13:21:04 ET]
Table 'Seillier IV' 6-max Seat #1 is the button
Seat 1: ImaPeppaPig ($100 in chips) 
Seat 2: Trente666 ($60.62 in chips) 
Seat 3: BoyLoc0 ($108.81 in chips) 
Seat 4: fiolek8 ($43.99 in chips) 
Seat 5: tukeiron ($114.72 in chips) 
Seat 6: JoeBlack_MS ($102.80 in chips) 
Trente666: posts small blind $0.50
BoyLoc0: posts big blind $1
*** HOLE CARDS ***
fiolek8: raises $2 to $3
tukeiron: folds 
JoeBlack_MS: folds 
ImaPeppaPig: folds 
Trente666: calls $2.50
BoyLoc0: folds 
*** FLOP *** [4c 7h 3s]
Trente666: checks 
fiolek8: bets $6.65
Trente666: calls $6.65
*** TURN *** [4c 7h 3s] [9d]
Trente666: checks 
fiolek8: checks 
*** RIVER *** [4c 7h 3s 9d] [Ks]
Trente666: checks 
fiolek8: bets $34.34 and is all-in
Trente666: folds 
Uncalled bet ($34.34) returned to fiolek8
fiolek8 collected $19.28 from pot
*** SUMMARY ***
Total pot $20.30 | Rake $1.02 
Board [4c 7h 3s 9d Ks]
Seat 1: ImaPeppaPig (button) folded before Flop (didn't bet)
Seat 2: Trente666 (small blind) folded on the River
Seat 3: BoyLoc0 (big blind) folded before Flop
Seat 4: fiolek8 collected ($19.28)
Seat 5: tukeiron folded before Flop (didn't bet)
Seat 6: JoeBlack_MS folded before Flop (didn't bet)



PokerStars Hand #254532340087:  Hold'em No Limit ($0.50/$1.00 USD) - 2025/01/24 18:21:42 WET [2025/01/24 13:21:42 ET]
Table 'Seillier IV' 6-max Seat #2 is the button
Seat 1: ImaPeppaPig ($100 in chips) 
Seat 2: Trente666 ($50.97 in chips) 
Seat 3: BoyLoc0 ($107.81 in chips) 
Seat 4: fiolek8 ($53.62 in chips) 
Seat 5: tukeiron ($114.72 in chips) 
Seat 6: JoeBlack_MS ($102.80 in chips) 
BoyLoc0: posts small blind $0.50
fiolek8: posts big blind $1
*** HOLE CARDS ***
tukeiron: folds 
JoeBlack_MS: folds 
ImaPeppaPig: folds 
Trente666: folds 
BoyLoc0: raises $2 to $3
fiolek8: folds 
Uncalled bet ($2) returned to BoyLoc0
BoyLoc0 collected $2 from pot
BoyLoc0: doesn't show hand 
*** SUMMARY ***
Total pot $2 | Rake $0 
Seat 1: ImaPeppaPig folded before Flop (didn't bet)
Seat 2: Trente666 (button) folded before Flop (didn't bet)
Seat 3: BoyLoc0 (small blind) collected ($2)
Seat 4: fiolek8 (big blind) folded before Flop
Seat 5: tukeiron folded before Flop (didn't bet)
Seat 6: JoeBlack_MS folded before Flop (didn't bet)



PokerStars Hand #254532345133:  Hold'em No Limit ($0.50/$1.00 USD) - 2025/01/24 18:22:01 WET [2025/01/24 13:22:01 ET]
Table 'Seillier IV' 6-max Seat #3 is the button
Seat 1: ImaPeppaPig ($100 in chips) 
Seat 2: Trente666 ($50.97 in chips) 
Seat 3: BoyLoc0 ($108.81 in chips) 
Seat 4: fiolek8 ($52.62 in chips) 
Seat 5: tukeiron ($114.72 in chips) 
Seat 6: JoeBlack_MS ($102.80 in chips) 
fiolek8: posts small blind $0.50
tukeiron: posts big blind $1
*** HOLE CARDS ***
JoeBlack_MS: folds 
ImaPeppaPig: folds 
Trente666: folds 
BoyLoc0: folds 
fiolek8: folds 
Uncalled bet ($0.50) returned to tukeiron
tukeiron collected $1 from pot
*** SUMMARY ***
Total pot $1 | Rake $0 
Seat 1: ImaPeppaPig folded before Flop (didn't bet)
Seat 2: Trente666 folded before Flop (didn't bet)
Seat 3: BoyLoc0 (button) folded before Flop (didn't bet)
Seat 4: fiolek8 (small blind) folded before Flop
Seat 5: tukeiron (big blind) collected ($1)
Seat 6: JoeBlack_MS folded before Flop (didn't bet)



PokerStars Hand #254532348488:  Hold'em No Limit ($0.50/$1.00 USD) - 2025/01/24 18:22:13 WET [2025/01/24 13:22:13 ET]
Table 'Seillier IV' 6-max Seat #4 is the button
Seat 1: ImaPeppaPig ($100 in chips) 
Seat 2: Trente666 ($50.97 in chips) 
Seat 3: BoyLoc0 ($108.81 in chips) 
Seat 4: fiolek8 ($52.12 in chips) 
Seat 5: tukeiron ($115.22 in chips) 
Seat 6: JoeBlack_MS ($102.80 in chips) 
tukeiron: posts small blind $0.50
JoeBlack_MS: posts big blind $1
*** HOLE CARDS ***
ImaPeppaPig: folds 
Trente666: folds 
BoyLoc0: folds 
fiolek8: folds 
tukeiron: raises $2 to $3
JoeBlack_MS: calls $2
*** FLOP *** [9d 9c 3h]
tukeiron: bets $1.43
JoeBlack_MS: calls $1.43
*** TURN *** [9d 9c 3h] [Ks]
tukeiron: bets $8.42
JoeBlack_MS: raises $15.08 to $23.50
tukeiron: calls $15.08
*** RIVER *** [9d 9c 3h Ks] [6h]
tukeiron: checks 
JoeBlack_MS: checks 
*** SHOW DOWN ***
tukeiron: shows [9s Ah] (three of a kind, Nines)
JoeBlack_MS: mucks hand 
tukeiron collected $53.36 from pot
*** SUMMARY ***
Total pot $55.86 | Rake $2.50 
Board [9d 9c 3h Ks 6h]
Seat 1: ImaPeppaPig folded before Flop (didn't bet)
Seat 2: Trente666 folded before Flop (didn't bet)
Seat 3: BoyLoc0 folded before Flop (didn't bet)
Seat 4: fiolek8 (button) folded before Flop (didn't bet)
Seat 5: tukeiron (small blind) showed [9s Ah] and won ($53.36) with three of a kind, Nines
Seat 6: JoeBlack_MS (big blind) mucked



PokerStars Hand #254532364314:  Hold'em No Limit ($0.50/$1.00 USD) - 2025/01/24 18:23:11 WET [2025/01/24 13:23:11 ET]
Table 'Seillier IV' 6-max Seat #5 is the button
Seat 1: ImaPeppaPig ($100 in chips) 
Seat 2: Trente666 ($50.97 in chips) 
Seat 3: BoyLoc0 ($108.81 in chips) 
Seat 4: fiolek8 ($52.12 in chips) 
Seat 5: tukeiron ($140.65 in chips) 
Seat 6: JoeBlack_MS ($100 in chips) 
JoeBlack_MS: posts small blind $0.50
ImaPeppaPig: posts big blind $1
*** HOLE CARDS ***
Trente666: folds 
BoyLoc0: raises $1.50 to $2.50
fiolek8: folds 
tukeiron: folds 
JoeBlack_MS: folds 
ImaPeppaPig: folds 
Uncalled bet ($1.50) returned to BoyLoc0
BoyLoc0 collected $2.50 from pot
BoyLoc0: doesn't show hand 
*** SUMMARY ***
Total pot $2.50 | Rake $0 
Seat 1: ImaPeppaPig (big blind) folded before Flop
Seat 2: Trente666 folded before Flop (didn't bet)
Seat 3: BoyLoc0 collected ($2.50)
Seat 4: fiolek8 folded before Flop (didn't bet)
Seat 5: tukeiron (button) folded before Flop (didn't bet)
Seat 6: JoeBlack_MS (small blind) folded before Flop



PokerStars Hand #254532370215:  Hold'em No Limit ($0.50/$1.00 USD) - 2025/01/24 18:23:33 WET [2025/01/24 13:23:33 ET]
Table 'Seillier IV' 6-max Seat #6 is the button
Seat 1: ImaPeppaPig ($100 in chips) 
Seat 2: Trente666 ($50.97 in chips) 
Seat 3: BoyLoc0 ($110.31 in chips) 
Seat 4: fiolek8 ($52.12 in chips) 
Seat 5: tukeiron ($140.65 in chips) 
Seat 6: JoeBlack_MS ($100 in chips) 
ImaPeppaPig: posts small blind $0.50
Trente666: posts big blind $1
*** HOLE CARDS ***
BoyLoc0: raises $1.50 to $2.50
fiolek8: folds 
tukeiron: folds 
JoeBlack_MS: calls $2.50
ImaPeppaPig: folds 
Trente666: folds 
*** FLOP *** [Tc 6c Kh]
BoyLoc0: checks 
JoeBlack_MS: checks 
*** TURN *** [Tc 6c Kh] [5s]
BoyLoc0: bets $2.04
JoeBlack_MS: folds 
Uncalled bet ($2.04) returned to BoyLoc0
BoyLoc0 collected $6.18 from pot
BoyLoc0: doesn't show hand 
*** SUMMARY ***
Total pot $6.50 | Rake $0.32 
Board [Tc 6c Kh 5s]
Seat 1: ImaPeppaPig (small blind) folded before Flop
Seat 2: Trente666 (big blind) folded before Flop
Seat 3: BoyLoc0 collected ($6.18)
Seat 4: fiolek8 folded before Flop (didn't bet)
Seat 5: tukeiron folded before Flop (didn't bet)
Seat 6: JoeBlack_MS (button) folded on the Turn



PokerStars Hand #254532379969:  Hold'em No Limit ($0.50/$1.00 USD) - 2025/01/24 18:24:08 WET [2025/01/24 13:24:08 ET]
Table 'Seillier IV' 6-max Seat #1 is the button
Seat 1: ImaPeppaPig ($100 in chips) 
Seat 2: Trente666 ($49.97 in chips) 
Seat 3: BoyLoc0 ($113.99 in chips) 
Seat 4: fiolek8 ($52.12 in chips) 
Seat 5: tukeiron ($140.65 in chips) 
Seat 6: JoeBlack_MS ($100 in chips) 
Trente666: posts small blind $0.50
BoyLoc0: posts big blind $1
*** HOLE CARDS ***
fiolek8: folds 
tukeiron: folds 
JoeBlack_MS: folds 
ImaPeppaPig: folds 
Trente666: folds 
Uncalled bet ($0.50) returned to BoyLoc0
BoyLoc0 collected $1 from pot
BoyLoc0: doesn't show hand 
*** SUMMARY ***
Total pot $1 | Rake $0 
Seat 1: ImaPeppaPig (button) folded before Flop (didn't bet)
Seat 2: Trente666 (small blind) folded before Flop
Seat 3: BoyLoc0 (big blind) collected ($1)
Seat 4: fiolek8 folded before Flop (didn't bet)
Seat 5: tukeiron folded before Flop (didn't bet)
Seat 6: JoeBlack_MS folded before Flop (didn't bet)



PokerStars Hand #254532385834:  Hold'em No Limit ($0.50/$1.00 USD) - 2025/01/24 18:24:29 WET [2025/01/24 13:24:29 ET]
Table 'Seillier IV' 6-max Seat #2 is the button
Seat 4: fiolek8 ($52.12 in chips) is sitting out
Seat 1: ImaPeppaPig ($100 in chips) 
Seat 2: Trente666 ($49.47 in chips) 
Seat 3: BoyLoc0 ($114.49 in chips) 
Seat 5: tukeiron ($140.65 in chips) 
Seat 6: JoeBlack_MS ($100 in chips) 
BoyLoc0: posts small blind $0.50
fiolek8: is sitting out 
tukeiron: posts big blind $1
*** HOLE CARDS ***
JoeBlack_MS: folds 
ImaPeppaPig: folds 
Trente666: folds 
BoyLoc0: folds 
Uncalled bet ($0.50) returned to tukeiron
tukeiron collected $1 from pot
fiolek8 is disconnected 
*** SUMMARY ***
Total pot $1 | Rake $0 
Seat 4: fiolek8
Seat 1: ImaPeppaPig folded before Flop (didn't bet)
Seat 2: Trente666 (button) folded before Flop (didn't bet)
Seat 3: BoyLoc0 (small blind) folded before Flop
Seat 5: tukeiron (big blind) collected ($1)
Seat 6: JoeBlack_MS folded before Flop (didn't bet)



PokerStars Hand #254531740187:  Hold'em No Limit ($0.50/$1.00 USD) - 2025/01/24 17:42:25 WET [2025/01/24 12:42:25 ET]
Table 'Seillier IV' 6-max Seat #3 is the button
Seat 1: yzuk ($134.19 in chips) 
Seat 2: blistein ($104.75 in chips) 
Seat 3: BoyLoc0 ($102.50 in chips) 
Seat 4: Spac396 ($91.35 in chips) 
Seat 5: MoRsCeReBruM ($141.01 in chips) 
Seat 6: JoeBlack_MS ($104.12 in chips) 
Spac396: posts small blind $0.50
MoRsCeReBruM: posts big blind $1
*** HOLE CARDS ***
JoeBlack_MS: folds 
yzuk: folds 
blistein: folds 
BoyLoc0: folds 
Spac396: calls $0.50
MoRsCeReBruM: checks 
*** FLOP *** [Jd 3s 9c]
Spac396: checks 
MoRsCeReBruM: bets $1.27
Spac396: folds 
Uncalled bet ($1.27) returned to MoRsCeReBruM
MoRsCeReBruM collected $1.90 from pot
MoRsCeReBruM: doesn't show hand 
*** SUMMARY ***
Total pot $2 | Rake $0.10 
Board [Jd 3s 9c]
Seat 1: yzuk folded before Flop (didn't bet)
Seat 2: blistein folded before Flop (didn't bet)
Seat 3: BoyLoc0 (button) folded before Flop (didn't bet)
Seat 4: Spac396 (small blind) folded on the Flop
Seat 5: MoRsCeReBruM (big blind) collected ($1.90)
Seat 6: JoeBlack_MS folded before Flop (didn't bet)



PokerStars Hand #254531746028:  Hold'em No Limit ($0.50/$1.00 USD) - 2025/01/24 17:42:48 WET [2025/01/24 12:42:48 ET]
Table 'Seillier IV' 6-max Seat #4 is the button
Seat 1: yzuk ($134.19 in chips) 
Seat 2: blistein ($104.75 in chips) 
Seat 3: BoyLoc0 ($102.50 in chips) 
Seat 4: Spac396 ($90.35 in chips) 
Seat 5: MoRsCeReBruM ($141.91 in chips) 
Seat 6: JoeBlack_MS ($104.12 in chips) 
MoRsCeReBruM: posts small blind $0.50
JoeBlack_MS: posts big blind $1
*** HOLE CARDS ***
yzuk: folds 
blistein: folds 
BoyLoc0: folds 
Spac396: folds 
MoRsCeReBruM: folds 
Uncalled bet ($0.50) returned to JoeBlack_MS
JoeBlack_MS collected $1 from pot
JoeBlack_MS: doesn't show hand 
*** SUMMARY ***
Total pot $1 | Rake $0 
Seat 1: yzuk folded before Flop (didn't bet)
Seat 2: blistein folded before Flop (didn't bet)
Seat 3: BoyLoc0 folded before Flop (didn't bet)
Seat 4: Spac396 (button) folded before Flop (didn't bet)
Seat 5: MoRsCeReBruM (small blind) folded before Flop
Seat 6: JoeBlack_MS (big blind) collected ($1)



PokerStars Hand #254531749218:  Hold'em No Limit ($0.50/$1.00 USD) - 2025/01/24 17:43:00 WET [2025/01/24 12:43:00 ET]
Table 'Seillier IV' 6-max Seat #5 is the button
Seat 1: yzuk ($134.19 in chips) 
Seat 2: blistein ($104.75 in chips) 
Seat 3: BoyLoc0 ($102.50 in chips) 
Seat 4: Spac396 ($90.35 in chips) 
Seat 5: MoRsCeReBruM ($141.41 in chips) 
Seat 6: JoeBlack_MS ($104.62 in chips) 
JoeBlack_MS: posts small blind $0.50
yzuk: posts big blind $1
*** HOLE CARDS ***
blistein: folds 
BoyLoc0: raises $1.50 to $2.50
Spac396: folds 
MoRsCeReBruM: folds 
JoeBlack_MS: folds 
yzuk: folds 
Uncalled bet ($1.50) returned to BoyLoc0
BoyLoc0 collected $2.50 from pot
BoyLoc0: doesn't show hand 
*** SUMMARY ***
Total pot $2.50 | Rake $0 
Seat 1: yzuk (big blind) folded before Flop
Seat 2: blistein folded before Flop (didn't bet)
Seat 3: BoyLoc0 collected ($2.50)
Seat 4: Spac396 folded before Flop (didn't bet)
Seat 5: MoRsCeReBruM (button) folded before Flop (didn't bet)
Seat 6: JoeBlack_MS (small blind) folded before Flop



PokerStars Hand #254531754043:  Hold'em No Limit ($0.50/$1.00 USD) - 2025/01/24 17:43:18 WET [2025/01/24 12:43:18 ET]
Table 'Seillier IV' 6-max Seat #6 is the button
Seat 1: yzuk ($133.19 in chips) 
Seat 2: blistein ($104.75 in chips) 
Seat 3: BoyLoc0 ($104 in chips) 
Seat 4: Spac396 ($97.32 in chips) 
Seat 5: MoRsCeReBruM ($141.41 in chips) 
Seat 6: JoeBlack_MS ($104.12 in chips) 
yzuk: posts small blind $0.50
blistein: posts big blind $1
*** HOLE CARDS ***
BoyLoc0: folds 
Spac396: calls $1
MoRsCeReBruM: folds 
JoeBlack_MS: folds 
yzuk: folds 
blistein: checks 
*** FLOP *** [6c Ts 4d]
blistein: checks 
Spac396: checks 
*** TURN *** [6c Ts 4d] [9c]
blistein: checks 
Spac396: checks 
*** RIVER *** [6c Ts 4d 9c] [Kc]
blistein: checks 
Spac396: bets $2
blistein: folds 
Uncalled bet ($2) returned to Spac396
Spac396 collected $2.38 from pot
*** SUMMARY ***
Total pot $2.50 | Rake $0.12 
Board [6c Ts 4d 9c Kc]
Seat 1: yzuk (small blind) folded before Flop
Seat 2: blistein (big blind) folded on the River
Seat 3: BoyLoc0 folded before Flop (didn't bet)
Seat 4: Spac396 collected ($2.38)
Seat 5: MoRsCeReBruM folded before Flop (didn't bet)
Seat 6: JoeBlack_MS (button) folded before Flop (didn't bet)



PokerStars Hand #254531764026:  Hold'em No Limit ($0.50/$1.00 USD) - 2025/01/24 17:43:56 WET [2025/01/24 12:43:56 ET]
Table 'Seillier IV' 6-max Seat #1 is the button
Seat 1: yzuk ($132.69 in chips) 
Seat 2: blistein ($103.75 in chips) 
Seat 3: BoyLoc0 ($104 in chips) 
Seat 4: Spac396 ($98.70 in chips) 
Seat 5: MoRsCeReBruM ($141.41 in chips) 
Seat 6: JoeBlack_MS ($104.12 in chips) 
blistein: posts small blind $0.50
BoyLoc0: posts big blind $1
*** HOLE CARDS ***
Spac396: folds 
MoRsCeReBruM: raises $1 to $2
JoeBlack_MS: folds 
yzuk: folds 
blistein: folds 
BoyLoc0: folds 
Uncalled bet ($1) returned to MoRsCeReBruM
MoRsCeReBruM collected $2.50 from pot
MoRsCeReBruM: doesn't show hand 
*** SUMMARY ***
Total pot $2.50 | Rake $0 
Seat 1: yzuk (button) folded before Flop (didn't bet)
Seat 2: blistein (small blind) folded before Flop
Seat 3: BoyLoc0 (big blind) folded before Flop
Seat 4: Spac396 folded before Flop (didn't bet)
Seat 5: MoRsCeReBruM collected ($2.50)
Seat 6: JoeBlack_MS folded before Flop (didn't bet)



PokerStars Hand #254531768757:  Hold'em No Limit ($0.50/$1.00 USD) - 2025/01/24 17:44:14 WET [2025/01/24 12:44:14 ET]
Table 'Seillier IV' 6-max Seat #2 is the button
Seat 1: yzuk ($132.69 in chips) 
Seat 2: blistein ($103.25 in chips) 
Seat 3: BoyLoc0 ($103 in chips) 
Seat 4: Spac396 ($98.70 in chips) 
Seat 5: MoRsCeReBruM ($142.91 in chips) 
Seat 6: JoeBlack_MS ($104.12 in chips) 
BoyLoc0: posts small blind $0.50
Spac396: posts big blind $1
*** HOLE CARDS ***
MoRsCeReBruM: folds 
JoeBlack_MS: raises $1 to $2
yzuk: folds 
blistein: folds 
BoyLoc0: folds 
Spac396: calls $1
*** FLOP *** [5s 4h 8h]
Spac396: checks 
JoeBlack_MS: checks 
*** TURN *** [5s 4h 8h] [8s]
Spac396: checks 
JoeBlack_MS: bets $3.21
Spac396: folds 
Uncalled bet ($3.21) returned to JoeBlack_MS
JoeBlack_MS collected $4.28 from pot
JoeBlack_MS: doesn't show hand 
*** SUMMARY ***
Total pot $4.50 | Rake $0.22 
Board [5s 4h 8h 8s]
Seat 1: yzuk folded before Flop (didn't bet)
Seat 2: blistein (button) folded before Flop (didn't bet)
Seat 3: BoyLoc0 (small blind) folded before Flop
Seat 4: Spac396 (big blind) folded on the Turn
Seat 5: MoRsCeReBruM folded before Flop (didn't bet)
Seat 6: JoeBlack_MS collected ($4.28)



PokerStars Hand #254531779092:  Hold'em No Limit ($0.50/$1.00 USD) - 2025/01/24 17:44:53 WET [2025/01/24 12:44:53 ET]
Table 'Seillier IV' 6-max Seat #3 is the button
Seat 1: yzuk ($132.69 in chips) 
Seat 2: blistein ($103.25 in chips) 
Seat 3: BoyLoc0 ($102.50 in chips) 
Seat 4: Spac396 ($96.70 in chips) 
Seat 5: MoRsCeReBruM ($142.91 in chips) 
Seat 6: JoeBlack_MS ($106.40 in chips) 
Spac396: posts small blind $0.50
MoRsCeReBruM: posts big blind $1
*** HOLE CARDS ***
JoeBlack_MS: folds 
yzuk: folds 
blistein: folds 
BoyLoc0: raises $1.50 to $2.50
Spac396: calls $2
MoRsCeReBruM: folds 
*** FLOP *** [Ac 9d 2c]
Spac396: checks 
BoyLoc0: bets $4.28
Spac396: calls $4.28
*** TURN *** [Ac 9d 2c] [6c]
Spac396: checks 
BoyLoc0: checks 
*** RIVER *** [Ac 9d 2c 6c] [Ah]
Spac396: bets $4
BoyLoc0: calls $4
*** SHOW DOWN ***
Spac396: shows [Td Kd] (a pair of Aces)
BoyLoc0: shows [As 7h] (three of a kind, Aces)
BoyLoc0 collected $21.43 from pot
*** SUMMARY ***
Total pot $22.56 | Rake $1.13 
Board [Ac 9d 2c 6c Ah]
Seat 1: yzuk folded before Flop (didn't bet)
Seat 2: blistein folded before Flop (didn't bet)
Seat 3: BoyLoc0 (button) showed [As 7h] and won ($21.43) with three of a kind, Aces
Seat 4: Spac396 (small blind) showed [Td Kd] and lost with a pair of Aces
Seat 5: MoRsCeReBruM (big blind) folded before Flop
Seat 6: JoeBlack_MS folded before Flop (didn't bet)



PokerStars Hand #254531790083:  Hold'em No Limit ($0.50/$1.00 USD) - 2025/01/24 17:45:35 WET [2025/01/24 12:45:35 ET]
Table 'Seillier IV' 6-max Seat #4 is the button
Seat 1: yzuk ($132.69 in chips) 
Seat 2: blistein ($103.25 in chips) 
Seat 3: BoyLoc0 ($113.15 in chips) 
Seat 4: Spac396 ($85.92 in chips) 
Seat 5: MoRsCeReBruM ($141.91 in chips) 
Seat 6: JoeBlack_MS ($106.40 in chips) 
MoRsCeReBruM: posts small blind $0.50
JoeBlack_MS: posts big blind $1
*** HOLE CARDS ***
yzuk: folds 
blistein: folds 
BoyLoc0: folds 
Spac396: calls $1
MoRsCeReBruM: folds 
JoeBlack_MS: checks 
*** FLOP *** [3s Jh Js]
JoeBlack_MS: checks 
Spac396: checks 
*** TURN *** [3s Jh Js] [Ad]
JoeBlack_MS: checks 
Spac396: checks 
*** RIVER *** [3s Jh Js Ad] [As]
JoeBlack_MS: checks 
Spac396: bets $84.92 and is all-in
JoeBlack_MS: folds 
Uncalled bet ($84.92) returned to Spac396
Spac396 collected $2.38 from pot
*** SUMMARY ***
Total pot $2.50 | Rake $0.12 
Board [3s Jh Js Ad As]
Seat 1: yzuk folded before Flop (didn't bet)
Seat 2: blistein folded before Flop (didn't bet)
Seat 3: BoyLoc0 folded before Flop (didn't bet)
Seat 4: Spac396 (button) collected ($2.38)
Seat 5: MoRsCeReBruM (small blind) folded before Flop
Seat 6: JoeBlack_MS (big blind) folded on the River



PokerStars Hand #254531798084:  Hold'em No Limit ($0.50/$1.00 USD) - 2025/01/24 17:46:05 WET [2025/01/24 12:46:05 ET]
Table 'Seillier IV' 6-max Seat #5 is the button
Seat 1: yzuk ($132.69 in chips) 
Seat 2: blistein ($103.25 in chips) 
Seat 3: BoyLoc0 ($113.15 in chips) 
Seat 4: Spac396 ($87.30 in chips) 
Seat 5: MoRsCeReBruM ($141.41 in chips) 
Seat 6: JoeBlack_MS ($105.40 in chips) 
JoeBlack_MS: posts small blind $0.50
yzuk: posts big blind $1
*** HOLE CARDS ***
blistein: folds 
BoyLoc0: folds 
Spac396: calls $1
MoRsCeReBruM: folds 
JoeBlack_MS: folds 
yzuk: checks 
*** FLOP *** [Kd Jc 4s]
yzuk: checks 
Spac396: checks 
*** TURN *** [Kd Jc 4s] [Jd]
yzuk: checks 
Spac396: bets $3
yzuk: folds 
Uncalled bet ($3) returned to Spac396
Spac396 collected $2.38 from pot
*** SUMMARY ***
Total pot $2.50 | Rake $0.12 
Board [Kd Jc 4s Jd]
Seat 1: yzuk (big blind) folded on the Turn
Seat 2: blistein folded before Flop (didn't bet)
Seat 3: BoyLoc0 folded before Flop (didn't bet)
Seat 4: Spac396 collected ($2.38)
Seat 5: MoRsCeReBruM (button) folded before Flop (didn't bet)
Seat 6: JoeBlack_MS (small blind) folded before Flop



PokerStars Hand #254531808704:  Hold'em No Limit ($0.50/$1.00 USD) - 2025/01/24 17:46:45 WET [2025/01/24 12:46:45 ET]
Table 'Seillier IV' 6-max Seat #6 is the button
Seat 1: yzuk ($131.69 in chips) 
Seat 2: blistein ($103.25 in chips) 
Seat 3: BoyLoc0 ($113.15 in chips) 
Seat 4: Spac396 ($88.68 in chips) 
Seat 5: MoRsCeReBruM ($141.41 in chips) 
Seat 6: JoeBlack_MS ($104.90 in chips) 
yzuk: posts small blind $0.50
blistein: posts big blind $1
*** HOLE CARDS ***
BoyLoc0: folds 
Spac396: calls $1
MoRsCeReBruM: folds 
JoeBlack_MS: raises $2.50 to $3.50
yzuk: raises $10 to $13.50
blistein: folds 
Spac396: calls $12.50
JoeBlack_MS: folds 
*** FLOP *** [Qs Ac Jc]
yzuk: checks 
Spac396: checks 
*** TURN *** [Qs Ac Jc] [8h]
yzuk: checks 
Spac396: checks 
*** RIVER *** [Qs Ac Jc 8h] [4h]
yzuk: checks 
Spac396: bets $16
yzuk: folds 
Uncalled bet ($16) returned to Spac396
Spac396 collected $29.92 from pot
*** SUMMARY ***
Total pot $31.50 | Rake $1.58 
Board [Qs Ac Jc 8h 4h]
Seat 1: yzuk (small blind) folded on the River
Seat 2: blistein (big blind) folded before Flop
Seat 3: BoyLoc0 folded before Flop (didn't bet)
Seat 4: Spac396 collected ($29.92)
Seat 5: MoRsCeReBruM folded before Flop (didn't bet)
Seat 6: JoeBlack_MS (button) folded before Flop



PokerStars Hand #254531823935:  Hold'em No Limit ($0.50/$1.00 USD) - 2025/01/24 17:47:42 WET [2025/01/24 12:47:42 ET]
Table 'Seillier IV' 6-max Seat #1 is the button
Seat 1: yzuk ($118.19 in chips) 
Seat 2: blistein ($102.25 in chips) 
Seat 3: BoyLoc0 ($113.15 in chips) 
Seat 4: Spac396 ($105.10 in chips) 
Seat 5: MoRsCeReBruM ($141.41 in chips) 
Seat 6: JoeBlack_MS ($101.40 in chips) 
blistein: posts small blind $0.50
BoyLoc0: posts big blind $1
*** HOLE CARDS ***
Spac396: calls $1
MoRsCeReBruM: folds 
JoeBlack_MS: folds 
yzuk: raises $2.50 to $3.50
blistein: folds 
BoyLoc0: folds 
Spac396: folds 
Uncalled bet ($2.50) returned to yzuk
yzuk collected $3.50 from pot
yzuk: doesn't show hand 
*** SUMMARY ***
Total pot $3.50 | Rake $0 
Seat 1: yzuk (button) collected ($3.50)
Seat 2: blistein (small blind) folded before Flop
Seat 3: BoyLoc0 (big blind) folded before Flop
Seat 4: Spac396 folded before Flop
Seat 5: MoRsCeReBruM folded before Flop (didn't bet)
Seat 6: JoeBlack_MS folded before Flop (didn't bet)



PokerStars Hand #254531830847:  Hold'em No Limit ($0.50/$1.00 USD) - 2025/01/24 17:48:09 WET [2025/01/24 12:48:09 ET]
Table 'Seillier IV' 6-max Seat #2 is the button
Seat 1: yzuk ($120.69 in chips) 
Seat 2: blistein ($101.75 in chips) 
Seat 3: BoyLoc0 ($112.15 in chips) 
Seat 4: Spac396 ($104.10 in chips) 
Seat 5: MoRsCeReBruM ($141.41 in chips) 
Seat 6: JoeBlack_MS ($101.40 in chips) 
BoyLoc0: posts small blind $0.50
Spac396: posts big blind $1
*** HOLE CARDS ***
MoRsCeReBruM: folds 
JoeBlack_MS: folds 
yzuk: folds 
MoRsCeReBruM leaves the table
blistein: folds 
BoyLoc0: raises $2 to $3
Spac396: folds 
Uncalled bet ($2) returned to BoyLoc0
BoyLoc0 collected $2 from pot
BoyLoc0: doesn't show hand 
*** SUMMARY ***
Total pot $2 | Rake $0 
Seat 1: yzuk folded before Flop (didn't bet)
Seat 2: blistein (button) folded before Flop (didn't bet)
Seat 3: BoyLoc0 (small blind) collected ($2)
Seat 4: Spac396 (big blind) folded before Flop
Seat 5: MoRsCeReBruM folded before Flop (didn't bet)
Seat 6: JoeBlack_MS folded before Flop (didn't bet)



PokerStars Hand #254531834529:  Hold'em No Limit ($0.50/$1.00 USD) - 2025/01/24 17:48:23 WET [2025/01/24 12:48:23 ET]
Table 'Seillier IV' 6-max Seat #3 is the button
Seat 1: yzuk ($120.69 in chips) 
Seat 2: blistein ($101.75 in chips) 
Seat 3: BoyLoc0 ($113.15 in chips) 
Seat 4: Spac396 ($103.10 in chips) 
Seat 6: JoeBlack_MS ($101.40 in chips) 
Spac396: posts small blind $0.50
JoeBlack_MS: posts big blind $1
*** HOLE CARDS ***
yzuk: folds 
blistein: raises $1.30 to $2.30
yzuk leaves the table
tukeiron joins the table at seat #5 
BoyLoc0: folds 
Spac396: folds 
JoeBlack_MS: calls $1.30
*** FLOP *** [Qd 6h Kc]
paramourx joins the table at seat #1 
JoeBlack_MS: checks 
blistein: bets $2.42
JoeBlack_MS: calls $2.42
*** TURN *** [Qd 6h Kc] [Kh]
JoeBlack_MS: checks 
blistein: checks 
*** RIVER *** [Qd 6h Kc Kh] [5c]
JoeBlack_MS: checks 
blistein: bets $7.08
JoeBlack_MS: folds 
Uncalled bet ($7.08) returned to blistein
blistein collected $9.44 from pot
blistein: doesn't show hand 
*** SUMMARY ***
Total pot $9.94 | Rake $0.50 
Board [Qd 6h Kc Kh 5c]
Seat 1: yzuk folded before Flop (didn't bet)
Seat 2: blistein collected ($9.44)
Seat 3: BoyLoc0 (button) folded before Flop (didn't bet)
Seat 4: Spac396 (small blind) folded before Flop
Seat 6: JoeBlack_MS (big blind) folded on the River



PokerStars Hand #254531850150:  Hold'em No Limit ($0.50/$1.00 USD) - 2025/01/24 17:49:22 WET [2025/01/24 12:49:22 ET]
Table 'Seillier IV' 6-max Seat #4 is the button
Seat 5: tukeiron ($100 in chips) is sitting out
Seat 1: paramourx ($102.03 in chips) 
Seat 2: blistein ($106.47 in chips) 
Seat 3: BoyLoc0 ($113.15 in chips) 
Seat 4: Spac396 ($102.60 in chips) 
Seat 6: JoeBlack_MS ($100 in chips) 
JoeBlack_MS: posts small blind $0.50
paramourx: posts big blind $1
*** HOLE CARDS ***
blistein: folds 
BoyLoc0: folds 
Spac396: folds 
JoeBlack_MS: folds 
Uncalled bet ($0.50) returned to paramourx
paramourx collected $1 from pot
paramourx: doesn't show hand 
*** SUMMARY ***
Total pot $1 | Rake $0 
Seat 5: tukeiron
Seat 1: paramourx (big blind) collected ($1)
Seat 2: blistein folded before Flop (didn't bet)
Seat 3: BoyLoc0 folded before Flop (didn't bet)
Seat 4: Spac396 (button) folded before Flop (didn't bet)
Seat 6: JoeBlack_MS (small blind) folded before Flop



PokerStars Hand #254531852444:  Hold'em No Limit ($0.50/$1.00 USD) - 2025/01/24 17:49:31 WET [2025/01/24 12:49:31 ET]
Table 'Seillier IV' 6-max Seat #6 is the button
Seat 5: tukeiron ($100 in chips) is sitting out
Seat 1: paramourx ($102.53 in chips) 
Seat 2: blistein ($106.47 in chips) 
Seat 3: BoyLoc0 ($113.15 in chips) 
Seat 4: Spac396 ($102.60 in chips) 
Seat 6: JoeBlack_MS ($100 in chips) 
paramourx: posts small blind $0.50
blistein: posts big blind $1
tukeiron: sits out 
*** HOLE CARDS ***
BoyLoc0: folds 
Spac396: folds 
JoeBlack_MS: folds 
paramourx: folds 
Uncalled bet ($0.50) returned to blistein
blistein collected $1 from pot
blistein: doesn't show hand 
*** SUMMARY ***
Total pot $1 | Rake $0 
Seat 5: tukeiron
Seat 1: paramourx (small blind) folded before Flop
Seat 2: blistein (big blind) collected ($1)
Seat 3: BoyLoc0 folded before Flop (didn't bet)
Seat 4: Spac396 folded before Flop (didn't bet)
Seat 6: JoeBlack_MS (button) folded before Flop (didn't bet)



PokerStars Hand #254531855619:  Hold'em No Limit ($0.50/$1.00 USD) - 2025/01/24 17:49:43 WET [2025/01/24 12:49:43 ET]
Table 'Seillier IV' 6-max Seat #1 is the button
Seat 5: tukeiron ($100 in chips) is sitting out
Seat 1: paramourx ($102.03 in chips) 
Seat 2: blistein ($106.97 in chips) 
Seat 3: BoyLoc0 ($113.15 in chips) 
Seat 4: Spac396 ($102.60 in chips) 
Seat 6: JoeBlack_MS ($100 in chips) 
blistein: posts small blind $0.50
BoyLoc0: posts big blind $1
tukeiron: sits out 
*** HOLE CARDS ***
Spac396: folds 
JoeBlack_MS: folds 
paramourx: raises $2 to $3
blistein: folds 
BoyLoc0: calls $2
*** FLOP *** [6s 5s 8d]
BoyLoc0: bets $2.04
paramourx: calls $2.04
*** TURN *** [6s 5s 8d] [Th]
BoyLoc0: bets $7.54
paramourx: folds 
Uncalled bet ($7.54) returned to BoyLoc0
BoyLoc0 collected $10.05 from pot
BoyLoc0: doesn't show hand 
*** SUMMARY ***
Total pot $10.58 | Rake $0.53 
Board [6s 5s 8d Th]
Seat 5: tukeiron
Seat 1: paramourx (button) folded on the Turn
Seat 2: blistein (small blind) folded before Flop
Seat 3: BoyLoc0 (big blind) collected ($10.05)
Seat 4: Spac396 folded before Flop (didn't bet)
Seat 6: JoeBlack_MS folded before Flop (didn't bet)



PokerStars Hand #254531876450:  Hold'em No Limit ($0.50/$1.00 USD) - 2025/01/24 17:51:02 WET [2025/01/24 12:51:02 ET]
Table 'Seillier IV' 6-max Seat #2 is the button
Seat 5: tukeiron ($100 in chips) is sitting out
Seat 1: paramourx ($100 in chips) 
Seat 2: blistein ($106.47 in chips) 
Seat 3: BoyLoc0 ($118.16 in chips) 
Seat 4: Spac396 ($102.60 in chips) 
Seat 6: JoeBlack_MS ($100 in chips) 
BoyLoc0: posts small blind $0.50
Spac396: posts big blind $1
tukeiron: sits out 
*** HOLE CARDS ***
JoeBlack_MS: folds 
paramourx: folds 
blistein: raises $1.50 to $2.50
BoyLoc0: raises $7.50 to $10
Spac396: folds 
blistein: folds 
Uncalled bet ($7.50) returned to BoyLoc0
BoyLoc0 collected $6 from pot
BoyLoc0: doesn't show hand 
*** SUMMARY ***
Total pot $6 | Rake $0 
Seat 5: tukeiron
Seat 1: paramourx folded before Flop (didn't bet)
Seat 2: blistein (button) folded before Flop
Seat 3: BoyLoc0 (small blind) collected ($6)
Seat 4: Spac396 (big blind) folded before Flop
Seat 6: JoeBlack_MS folded before Flop (didn't bet)



PokerStars Hand #254531882046:  Hold'em No Limit ($0.50/$1.00 USD) - 2025/01/24 17:51:24 WET [2025/01/24 12:51:24 ET]
Table 'Seillier IV' 6-max Seat #3 is the button
Seat 1: paramourx ($100 in chips) 
Seat 2: blistein ($103.97 in chips) 
Seat 3: BoyLoc0 ($121.66 in chips) 
Seat 4: Spac396 ($101.60 in chips) 
Seat 5: tukeiron ($100 in chips) 
Seat 6: JoeBlack_MS ($100 in chips) 
Spac396: posts small blind $0.50
tukeiron: posts big blind $1
*** HOLE CARDS ***
JoeBlack_MS: folds 
paramourx: raises $2 to $3
blistein: folds 
BoyLoc0: folds 
Spac396: folds 
tukeiron: folds 
Uncalled bet ($2) returned to paramourx
paramourx collected $2.50 from pot
paramourx: doesn't show hand 
*** SUMMARY ***
Total pot $2.50 | Rake $0 
Seat 1: paramourx collected ($2.50)
Seat 2: blistein folded before Flop (didn't bet)
Seat 3: BoyLoc0 (button) folded before Flop (didn't bet)
Seat 4: Spac396 (small blind) folded before Flop
Seat 5: tukeiron (big blind) folded before Flop
Seat 6: JoeBlack_MS folded before Flop (didn't bet)



PokerStars Hand #254531887239:  Hold'em No Limit ($0.50/$1.00 USD) - 2025/01/24 17:51:43 WET [2025/01/24 12:51:43 ET]
Table 'Seillier IV' 6-max Seat #4 is the button
Seat 1: paramourx ($101.50 in chips) 
Seat 2: blistein ($103.97 in chips) 
Seat 3: BoyLoc0 ($121.66 in chips) 
Seat 4: Spac396 ($101.10 in chips) 
Seat 5: tukeiron ($100 in chips) 
Seat 6: JoeBlack_MS ($100 in chips) 
tukeiron: posts small blind $0.50
JoeBlack_MS: posts big blind $1
*** HOLE CARDS ***
paramourx: folds 
blistein: raises $1.20 to $2.20
BoyLoc0: folds 
Spac396: folds 
tukeiron: folds 
JoeBlack_MS: calls $1.20
*** FLOP *** [6h 2s Td]
JoeBlack_MS: checks 
blistein: bets $2.33
JoeBlack_MS: folds 
Uncalled bet ($2.33) returned to blistein
blistein collected $4.66 from pot
blistein: doesn't show hand 
*** SUMMARY ***
Total pot $4.90 | Rake $0.24 
Board [6h 2s Td]
Seat 1: paramourx folded before Flop (didn't bet)
Seat 2: blistein collected ($4.66)
Seat 3: BoyLoc0 folded before Flop (didn't bet)
Seat 4: Spac396 (button) folded before Flop (didn't bet)
Seat 5: tukeiron (small blind) folded before Flop
Seat 6: JoeBlack_MS (big blind) folded on the Flop



PokerStars Hand #254531893667:  Hold'em No Limit ($0.50/$1.00 USD) - 2025/01/24 17:52:07 WET [2025/01/24 12:52:07 ET]
Table 'Seillier IV' 6-max Seat #5 is the button
Seat 1: paramourx ($101.50 in chips) 
Seat 2: blistein ($106.43 in chips) 
Seat 3: BoyLoc0 ($121.66 in chips) 
Seat 4: Spac396 ($101.10 in chips) 
Seat 5: tukeiron ($100 in chips) 
Seat 6: JoeBlack_MS ($100 in chips) 
JoeBlack_MS: posts small blind $0.50
paramourx: posts big blind $1
*** HOLE CARDS ***
blistein: folds 
BoyLoc0: folds 
Spac396: raises $1 to $2
tukeiron: raises $5 to $7
JoeBlack_MS: raises $13 to $20
paramourx: folds 
Spac396: folds 
tukeiron: folds 
Uncalled bet ($13) returned to JoeBlack_MS
JoeBlack_MS collected $17 from pot
JoeBlack_MS: doesn't show hand 
*** SUMMARY ***
Total pot $17 | Rake $0 
Seat 1: paramourx (big blind) folded before Flop
Seat 2: blistein folded before Flop (didn't bet)
Seat 3: BoyLoc0 folded before Flop (didn't bet)
Seat 4: Spac396 folded before Flop
Seat 5: tukeiron (button) folded before Flop
Seat 6: JoeBlack_MS (small blind) collected ($17)



PokerStars Hand #254531901892:  Hold'em No Limit ($0.50/$1.00 USD) - 2025/01/24 17:52:38 WET [2025/01/24 12:52:38 ET]
Table 'Seillier IV' 6-max Seat #6 is the button
Seat 1: paramourx ($100.50 in chips) 
Seat 2: blistein ($106.43 in chips) 
Seat 3: BoyLoc0 ($121.66 in chips) 
Seat 4: Spac396 ($99.10 in chips) 
Seat 5: tukeiron ($100 in chips) 
Seat 6: JoeBlack_MS ($110 in chips) 
paramourx: posts small blind $0.50
blistein: posts big blind $1
*** HOLE CARDS ***
BoyLoc0: folds 
Spac396: folds 
tukeiron: folds 
JoeBlack_MS: folds 
paramourx: folds 
Uncalled bet ($0.50) returned to blistein
blistein collected $1 from pot
blistein: doesn't show hand 
*** SUMMARY ***
Total pot $1 | Rake $0 
Seat 1: paramourx (small blind) folded before Flop
Seat 2: blistein (big blind) collected ($1)
Seat 3: BoyLoc0 folded before Flop (didn't bet)
Seat 4: Spac396 folded before Flop (didn't bet)
Seat 5: tukeiron folded before Flop (didn't bet)
Seat 6: JoeBlack_MS (button) folded before Flop (didn't bet)



PokerStars Hand #254531904849:  Hold'em No Limit ($0.50/$1.00 USD) - 2025/01/24 17:52:49 WET [2025/01/24 12:52:49 ET]
Table 'Seillier IV' 6-max Seat #1 is the button
Seat 1: paramourx ($100 in chips) 
Seat 2: blistein ($106.93 in chips) 
Seat 3: BoyLoc0 ($121.66 in chips) 
Seat 4: Spac396 ($99.10 in chips) 
Seat 5: tukeiron ($100 in chips) 
Seat 6: JoeBlack_MS ($110 in chips) 
blistein: posts small blind $0.50
BoyLoc0: posts big blind $1
*** HOLE CARDS ***
Spac396: folds 
tukeiron: folds 
JoeBlack_MS: folds 
paramourx: folds 
blistein: raises $2 to $3
BoyLoc0: folds 
Uncalled bet ($2) returned to blistein
blistein collected $2 from pot
blistein: doesn't show hand 
*** SUMMARY ***
Total pot $2 | Rake $0 
Seat 1: paramourx (button) folded before Flop (didn't bet)
Seat 2: blistein (small blind) collected ($2)
Seat 3: BoyLoc0 (big blind) folded before Flop
Seat 4: Spac396 folded before Flop (didn't bet)
Seat 5: tukeiron folded before Flop (didn't bet)
Seat 6: JoeBlack_MS folded before Flop (didn't bet)



PokerStars Hand #254531908629:  Hold'em No Limit ($0.50/$1.00 USD) - 2025/01/24 17:53:03 WET [2025/01/24 12:53:03 ET]
Table 'Seillier IV' 6-max Seat #2 is the button
Seat 1: paramourx ($100 in chips) 
Seat 2: blistein ($107.93 in chips) 
Seat 3: BoyLoc0 ($120.66 in chips) 
Seat 4: Spac396 ($99.10 in chips) 
Seat 5: tukeiron ($100 in chips) 
Seat 6: JoeBlack_MS ($110 in chips) 
BoyLoc0: posts small blind $0.50
Spac396: posts big blind $1
*** HOLE CARDS ***
tukeiron: folds 
JoeBlack_MS: folds 
paramourx: folds 
blistein: folds 
BoyLoc0: raises $2 to $3
Spac396: calls $2
*** FLOP *** [8h 3s 6c]
BoyLoc0: checks 
Spac396: checks 
*** TURN *** [8h 3s 6c] [2c]
BoyLoc0: checks 
Spac396: checks 
*** RIVER *** [8h 3s 6c 2c] [4d]
BoyLoc0: checks 
Spac396: bets $3
BoyLoc0: folds 
Uncalled bet ($3) returned to Spac396
Spac396 collected $5.70 from pot
*** SUMMARY ***
Total pot $6 | Rake $0.30 
Board [8h 3s 6c 2c 4d]
Seat 1: paramourx folded before Flop (didn't bet)
Seat 2: blistein (button) folded before Flop (didn't bet)
Seat 3: BoyLoc0 (small blind) folded on the River
Seat 4: Spac396 (big blind) collected ($5.70)
Seat 5: tukeiron folded before Flop (didn't bet)
Seat 6: JoeBlack_MS folded before Flop (didn't bet)



PokerStars Hand #254531927132:  Hold'em No Limit ($0.50/$1.00 USD) - 2025/01/24 17:54:14 WET [2025/01/24 12:54:14 ET]
Table 'Seillier IV' 6-max Seat #3 is the button
Seat 1: paramourx ($100 in chips) 
Seat 2: blistein ($107.93 in chips) 
Seat 3: BoyLoc0 ($117.66 in chips) 
Seat 4: Spac396 ($101.80 in chips) 
Seat 5: tukeiron ($100 in chips) 
Seat 6: JoeBlack_MS ($110 in chips) 
Spac396: posts small blind $0.50
tukeiron: posts big blind $1
*** HOLE CARDS ***
JoeBlack_MS: folds 
paramourx: folds 
blistein: folds 
BoyLoc0: folds 
Spac396: calls $0.50
tukeiron: raises $3.50 to $4.50
Spac396: calls $3.50
*** FLOP *** [Ac Ad Qd]
Spac396: checks 
tukeiron: checks 
*** TURN *** [Ac Ad Qd] [As]
Spac396: bets $2
tukeiron: calls $2
*** RIVER *** [Ac Ad Qd As] [2d]
Spac396: bets $13
tukeiron: calls $13
*** SHOW DOWN ***
Spac396: shows [8c Ts] (three of a kind, Aces)
tukeiron: shows [Qc Jd] (a full house, Aces full of Queens)
tukeiron collected $37.05 from pot
*** SUMMARY ***
Total pot $39 | Rake $1.95 
Board [Ac Ad Qd As 2d]
Seat 1: paramourx folded before Flop (didn't bet)
Seat 2: blistein folded before Flop (didn't bet)
Seat 3: BoyLoc0 (button) folded before Flop (didn't bet)
Seat 4: Spac396 (small blind) showed [8c Ts] and lost with three of a kind, Aces
Seat 5: tukeiron (big blind) showed [Qc Jd] and won ($37.05) with a full house, Aces full of Queens
Seat 6: JoeBlack_MS folded before Flop (didn't bet)



PokerStars Hand #254531943803:  Hold'em No Limit ($0.50/$1.00 USD) - 2025/01/24 17:55:19 WET [2025/01/24 12:55:19 ET]
Table 'Seillier IV' 6-max Seat #4 is the button
Seat 1: paramourx ($100 in chips) 
Seat 2: blistein ($107.93 in chips) 
Seat 3: BoyLoc0 ($117.66 in chips) 
Seat 4: Spac396 ($82.30 in chips) 
Seat 5: tukeiron ($117.55 in chips) 
Seat 6: JoeBlack_MS ($110 in chips) 
tukeiron: posts small blind $0.50
JoeBlack_MS: posts big blind $1
*** HOLE CARDS ***
paramourx: folds 
blistein: folds 
BoyLoc0: raises $1.50 to $2.50
Spac396: calls $2.50
tukeiron: folds 
JoeBlack_MS: calls $1.50
*** FLOP *** [8d Ah 9c]
JoeBlack_MS: checks 
BoyLoc0: checks 
Spac396: checks 
*** TURN *** [8d Ah 9c] [Qd]
JoeBlack_MS: checks 
BoyLoc0: checks 
Spac396: checks 
*** RIVER *** [8d Ah 9c Qd] [3c]
JoeBlack_MS: checks 
BoyLoc0: checks 
Spac396: bets $7
JoeBlack_MS: folds 
BoyLoc0: folds 
Uncalled bet ($7) returned to Spac396
Spac396 collected $7.60 from pot
*** SUMMARY ***
Total pot $8 | Rake $0.40 
Board [8d Ah 9c Qd 3c]
Seat 1: paramourx folded before Flop (didn't bet)
Seat 2: blistein folded before Flop (didn't bet)
Seat 3: BoyLoc0 folded on the River
Seat 4: Spac396 (button) collected ($7.60)
Seat 5: tukeiron (small blind) folded before Flop
Seat 6: JoeBlack_MS (big blind) folded on the River



PokerStars Hand #254531955035:  Hold'em No Limit ($0.50/$1.00 USD) - 2025/01/24 17:56:16 WET [2025/01/24 12:56:16 ET]
Table 'Seillier IV' 6-max Seat #5 is the button
Seat 1: paramourx ($100 in chips) 
Seat 2: blistein ($107.93 in chips) 
Seat 3: BoyLoc0 ($115.16 in chips) 
Seat 4: Spac396 ($87.40 in chips) 
Seat 5: tukeiron ($117.05 in chips) 
Seat 6: JoeBlack_MS ($107.50 in chips) 
JoeBlack_MS: posts small blind $0.50
paramourx: posts big blind $1
*** HOLE CARDS ***
blistein: folds 
BoyLoc0: raises $1.50 to $2.50
Spac396: calls $2.50
tukeiron: folds 
JoeBlack_MS: raises $11 to $13.50
paramourx: folds 
BoyLoc0: folds 
Spac396: calls $11
*** FLOP *** [7c 8h 5c]
JoeBlack_MS: checks 
Spac396: checks 
*** TURN *** [7c 8h 5c] [5d]
JoeBlack_MS: bets $19.13
Spac396: folds 
Uncalled bet ($19.13) returned to JoeBlack_MS
JoeBlack_MS collected $28.98 from pot
JoeBlack_MS: doesn't show hand 
*** SUMMARY ***
Total pot $30.50 | Rake $1.52 
Board [7c 8h 5c 5d]
Seat 1: paramourx (big blind) folded before Flop
Seat 2: blistein folded before Flop (didn't bet)
Seat 3: BoyLoc0 folded before Flop
Seat 4: Spac396 folded on the Turn
Seat 5: tukeiron (button) folded before Flop (didn't bet)
Seat 6: JoeBlack_MS (small blind) collected ($28.98)



PokerStars Hand #254531965526:  Hold'em No Limit ($0.50/$1.00 USD) - 2025/01/24 17:57:09 WET [2025/01/24 12:57:09 ET]
Table 'Seillier IV' 6-max Seat #6 is the button
Seat 1: paramourx ($100 in chips) 
Seat 2: blistein ($107.93 in chips) 
Seat 3: BoyLoc0 ($112.66 in chips) 
Seat 4: Spac396 ($73.90 in chips) 
Seat 5: tukeiron ($117.05 in chips) 
Seat 6: JoeBlack_MS ($122.98 in chips) 
paramourx: posts small blind $0.50
blistein: posts big blind $1
*** HOLE CARDS ***
BoyLoc0: folds 
Spac396: calls $1
tukeiron: folds 
JoeBlack_MS: raises $2.50 to $3.50
paramourx: folds 
blistein: folds 
Spac396: calls $2.50
*** FLOP *** [As 5h 9h]
Spac396: checks 
JoeBlack_MS: checks 
*** TURN *** [As 5h 9h] [8c]
Spac396: bets $3
JoeBlack_MS: folds 
Uncalled bet ($3) returned to Spac396
Spac396 collected $8.08 from pot
*** SUMMARY ***
Total pot $8.50 | Rake $0.42 
Board [As 5h 9h 8c]
Seat 1: paramourx (small blind) folded before Flop
Seat 2: blistein (big blind) folded before Flop
Seat 3: BoyLoc0 folded before Flop (didn't bet)
Seat 4: Spac396 collected ($8.08)
Seat 5: tukeiron folded before Flop (didn't bet)
Seat 6: JoeBlack_MS (button) folded on the Turn



PokerStars Hand #254531974346:  Hold'em No Limit ($0.50/$1.00 USD) - 2025/01/24 17:57:53 WET [2025/01/24 12:57:53 ET]
Table 'Seillier IV' 6-max Seat #1 is the button
Seat 1: paramourx ($100 in chips) 
Seat 2: blistein ($106.93 in chips) 
Seat 3: BoyLoc0 ($112.66 in chips) 
Seat 4: Spac396 ($78.48 in chips) 
Seat 5: tukeiron ($117.05 in chips) 
Seat 6: JoeBlack_MS ($119.48 in chips) 
blistein: posts small blind $0.50
BoyLoc0: posts big blind $1
*** HOLE CARDS ***
Spac396: folds 
tukeiron: folds 
JoeBlack_MS: folds 
paramourx: folds 
blistein: folds 
Uncalled bet ($0.50) returned to BoyLoc0
BoyLoc0 collected $1 from pot
BoyLoc0: doesn't show hand 
*** SUMMARY ***
Total pot $1 | Rake $0 
Seat 1: paramourx (button) folded before Flop (didn't bet)
Seat 2: blistein (small blind) folded before Flop
Seat 3: BoyLoc0 (big blind) collected ($1)
Seat 4: Spac396 folded before Flop (didn't bet)
Seat 5: tukeiron folded before Flop (didn't bet)
Seat 6: JoeBlack_MS folded before Flop (didn't bet)



PokerStars Hand #254531977751:  Hold'em No Limit ($0.50/$1.00 USD) - 2025/01/24 17:58:10 WET [2025/01/24 12:58:10 ET]
Table 'Seillier IV' 6-max Seat #2 is the button
Seat 1: paramourx ($100 in chips) 
Seat 2: blistein ($106.43 in chips) 
Seat 3: BoyLoc0 ($113.16 in chips) 
Seat 4: Spac396 ($78.48 in chips) 
Seat 5: tukeiron ($117.05 in chips) 
Seat 6: JoeBlack_MS ($119.48 in chips) 
BoyLoc0: posts small blind $0.50
Spac396: posts big blind $1
*** HOLE CARDS ***
tukeiron: folds 
JoeBlack_MS: raises $1 to $2
paramourx: folds 
blistein: folds 
BoyLoc0: calls $1.50
Spac396: calls $1
*** FLOP *** [2h Td 5c]
BoyLoc0: checks 
Spac396: checks 
JoeBlack_MS: checks 
*** TURN *** [2h Td 5c] [9c]
BoyLoc0: checks 
Spac396: checks 
JoeBlack_MS: checks 
*** RIVER *** [2h Td 5c 9c] [5s]
BoyLoc0: checks 
Spac396: checks 
JoeBlack_MS: checks 
*** SHOW DOWN ***
BoyLoc0: shows [6c 6s] (two pair, Sixes and Fives)
Spac396: mucks hand 
JoeBlack_MS: shows [8h 8s] (two pair, Eights and Fives)
JoeBlack_MS collected $5.70 from pot
*** SUMMARY ***
Total pot $6 | Rake $0.30 
Board [2h Td 5c 9c 5s]
Seat 1: paramourx folded before Flop (didn't bet)
Seat 2: blistein (button) folded before Flop (didn't bet)
Seat 3: BoyLoc0 (small blind) showed [6c 6s] and lost with two pair, Sixes and Fives
Seat 4: Spac396 (big blind) mucked
Seat 5: tukeiron folded before Flop (didn't bet)
Seat 6: JoeBlack_MS showed [8h 8s] and won ($5.70) with two pair, Eights and Fives



PokerStars Hand #254531993012:  Hold'em No Limit ($0.50/$1.00 USD) - 2025/01/24 17:59:26 WET [2025/01/24 12:59:26 ET]
Table 'Seillier IV' 6-max Seat #3 is the button
Seat 1: paramourx ($100 in chips) 
Seat 2: blistein ($106.43 in chips) 
Seat 3: BoyLoc0 ($111.16 in chips) 
Seat 4: Spac396 ($76.48 in chips) 
Seat 5: tukeiron ($117.05 in chips) 
Seat 6: JoeBlack_MS ($123.18 in chips) 
Spac396: posts small blind $0.50
tukeiron: posts big blind $1
*** HOLE CARDS ***
JoeBlack_MS: folds 
paramourx: folds 
blistein: folds 
BoyLoc0: folds 
Spac396: calls $0.50
tukeiron: checks 
*** FLOP *** [5c Td 8h]
Spac396: checks 
tukeiron: bets $1
Spac396: calls $1
*** TURN *** [5c Td 8h] [4d]
Spac396: checks 
tukeiron: bets $2
Spac396: calls $2
*** RIVER *** [5c Td 8h 4d] [5d]
Spac396: checks 
tukeiron: bets $9.50
Spac396: calls $9.50
*** SHOW DOWN ***
tukeiron: shows [6h 9s] (a pair of Fives)
Spac396: shows [4c Qs] (two pair, Fives and Fours)
Spac396 collected $25.65 from pot
*** SUMMARY ***
Total pot $27 | Rake $1.35 
Board [5c Td 8h 4d 5d]
Seat 1: paramourx folded before Flop (didn't bet)
Seat 2: blistein folded before Flop (didn't bet)
Seat 3: BoyLoc0 (button) folded before Flop (didn't bet)
Seat 4: Spac396 (small blind) showed [4c Qs] and won ($25.65) with two pair, Fives and Fours
Seat 5: tukeiron (big blind) showed [6h 9s] and lost with a pair of Fives
Seat 6: JoeBlack_MS folded before Flop (didn't bet)



PokerStars Hand #254532025684:  Hold'em No Limit ($0.50/$1.00 USD) - 2025/01/24 18:01:56 WET [2025/01/24 13:01:56 ET]
Table 'Seillier IV' 6-max Seat #1 is the button
Seat 1: paramourx ($100 in chips) 
Seat 2: blistein ($115.97 in chips) 
Seat 3: BoyLoc0 ($111.16 in chips) 
Seat 4: Spac396 ($76.43 in chips) 
Seat 5: tukeiron ($103.05 in chips) 
Seat 6: JoeBlack_MS ($126.43 in chips) 
blistein: posts small blind $0.50
BoyLoc0: posts big blind $1
*** HOLE CARDS ***
Spac396: folds 
tukeiron: folds 
JoeBlack_MS: folds 
paramourx: folds 
blistein: raises $2 to $3
BoyLoc0: calls $2
*** FLOP *** [Kd 3c 4d]
blistein: checks 
BoyLoc0: checks 
*** TURN *** [Kd 3c 4d] [8c]
blistein: checks 
BoyLoc0: checks 
*** RIVER *** [Kd 3c 4d 8c] [9s]
blistein: checks 
BoyLoc0: checks 
*** SHOW DOWN ***
blistein: shows [As 6c] (high card Ace)
BoyLoc0: shows [2s 4s] (a pair of Fours)
BoyLoc0 collected $5.70 from pot
*** SUMMARY ***
Total pot $6 | Rake $0.30 
Board [Kd 3c 4d 8c 9s]
Seat 1: paramourx (button) folded before Flop (didn't bet)
Seat 2: blistein (small blind) showed [As 6c] and lost with high card Ace
Seat 3: BoyLoc0 (big blind) showed [2s 4s] and won ($5.70) with a pair of Fours
Seat 4: Spac396 folded before Flop (didn't bet)
Seat 5: tukeiron folded before Flop (didn't bet)
Seat 6: JoeBlack_MS folded before Flop (didn't bet)



PokerStars Hand #254532041875:  Hold'em No Limit ($0.50/$1.00 USD) - 2025/01/24 18:02:59 WET [2025/01/24 13:02:59 ET]
Table 'Seillier IV' 6-max Seat #2 is the button
Seat 1: paramourx ($100 in chips) 
Seat 2: blistein ($112.97 in chips) 
Seat 3: BoyLoc0 ($113.86 in chips) 
Seat 4: Spac396 ($76.43 in chips) 
Seat 5: tukeiron ($103.05 in chips) 
Seat 6: JoeBlack_MS ($126.43 in chips) 
BoyLoc0: posts small blind $0.50
Spac396: posts big blind $1
*** HOLE CARDS ***
tukeiron: folds 
JoeBlack_MS: folds 
paramourx: folds 
blistein: folds 
BoyLoc0: raises $2 to $3
Spac396: calls $2
*** FLOP *** [7c Qh 8s]
BoyLoc0: bets $1.88
Spac396: calls $1.88
*** TURN *** [7c Qh 8s] [6h]
BoyLoc0: bets $3.06
Spac396: calls $3.06
*** RIVER *** [7c Qh 8s 6h] [Ah]
BoyLoc0: checks 
Spac396: checks 
*** SHOW DOWN ***
BoyLoc0: shows [Jh Jd] (a pair of Jacks)
Spac396: mucks hand 
BoyLoc0 collected $15.09 from pot
*** SUMMARY ***
Total pot $15.88 | Rake $0.79 
Board [7c Qh 8s 6h Ah]
Seat 1: paramourx folded before Flop (didn't bet)
Seat 2: blistein (button) folded before Flop (didn't bet)
Seat 3: BoyLoc0 (small blind) showed [Jh Jd] and won ($15.09) with a pair of Jacks
Seat 4: Spac396 (big blind) mucked
Seat 5: tukeiron folded before Flop (didn't bet)
Seat 6: JoeBlack_MS folded before Flop (didn't bet)



PokerStars Hand #254532053994:  Hold'em No Limit ($0.50/$1.00 USD) - 2025/01/24 18:03:45 WET [2025/01/24 13:03:45 ET]
Table 'Seillier IV' 6-max Seat #3 is the button
Seat 1: paramourx ($100 in chips) 
Seat 2: blistein ($112.97 in chips) 
Seat 3: BoyLoc0 ($121.01 in chips) 
Seat 4: Spac396 ($68.49 in chips) 
Seat 5: tukeiron ($103.05 in chips) 
Seat 6: JoeBlack_MS ($126.43 in chips) 
Spac396: posts small blind $0.50
tukeiron: posts big blind $1
*** HOLE CARDS ***
JoeBlack_MS: folds 
paramourx: folds 
blistein: folds 
BoyLoc0: folds 
Spac396: calls $0.50
tukeiron: raises $2 to $3
Spac396: calls $2
*** FLOP *** [8h 4c 2d]
Spac396: checks 
tukeiron: bets $2.85
Spac396: calls $2.85
*** TURN *** [8h 4c 2d] [Qd]
Spac396: checks 
tukeiron: checks 
*** RIVER *** [8h 4c 2d Qd] [4s]
Spac396: bets $10
tukeiron: folds 
Uncalled bet ($10) returned to Spac396
Spac396 collected $11.12 from pot
*** SUMMARY ***
Total pot $11.70 | Rake $0.58 
Board [8h 4c 2d Qd 4s]
Seat 1: paramourx folded before Flop (didn't bet)
Seat 2: blistein folded before Flop (didn't bet)
Seat 3: BoyLoc0 (button) folded before Flop (didn't bet)
Seat 4: Spac396 (small blind) collected ($11.12)
Seat 5: tukeiron (big blind) folded on the River
Seat 6: JoeBlack_MS folded before Flop (didn't bet)



PokerStars Hand #254532064080:  Hold'em No Limit ($0.50/$1.00 USD) - 2025/01/24 18:04:24 WET [2025/01/24 13:04:24 ET]
Table 'Seillier IV' 6-max Seat #4 is the button
Seat 1: paramourx ($100 in chips) 
Seat 2: blistein ($112.97 in chips) 
Seat 3: BoyLoc0 ($121.01 in chips) 
Seat 4: Spac396 ($73.76 in chips) 
Seat 5: tukeiron ($100 in chips) 
Seat 6: JoeBlack_MS ($126.43 in chips) 
tukeiron: posts small blind $0.50
JoeBlack_MS: posts big blind $1
*** HOLE CARDS ***
paramourx: folds 
blistein: folds 
BoyLoc0: folds 
Spac396: calls $1
tukeiron: folds 
JoeBlack_MS: checks 
*** FLOP *** [5s Qs 5h]
JoeBlack_MS: checks 
Spac396: checks 
*** TURN *** [5s Qs 5h] [2c]
JoeBlack_MS: checks 
Spac396: checks 
*** RIVER *** [5s Qs 5h 2c] [6c]
JoeBlack_MS: bets $1.19
Spac396: folds 
Uncalled bet ($1.19) returned to JoeBlack_MS
JoeBlack_MS collected $2.38 from pot
JoeBlack_MS: doesn't show hand 
*** SUMMARY ***
Total pot $2.50 | Rake $0.12 
Board [5s Qs 5h 2c 6c]
Seat 1: paramourx folded before Flop (didn't bet)
Seat 2: blistein folded before Flop (didn't bet)
Seat 3: BoyLoc0 folded before Flop (didn't bet)
Seat 4: Spac396 (button) folded on the River
Seat 5: tukeiron (small blind) folded before Flop
Seat 6: JoeBlack_MS (big blind) collected ($2.38)



PokerStars Hand #254532069721:  Hold'em No Limit ($0.50/$1.00 USD) - 2025/01/24 18:04:45 WET [2025/01/24 13:04:45 ET]
Table 'Seillier IV' 6-max Seat #5 is the button
Seat 1: paramourx ($100 in chips) 
Seat 2: blistein ($112.97 in chips) 
Seat 3: BoyLoc0 ($121.01 in chips) 
Seat 4: Spac396 ($72.76 in chips) 
Seat 5: tukeiron ($100 in chips) 
Seat 6: JoeBlack_MS ($127.81 in chips) 
JoeBlack_MS: posts small blind $0.50
paramourx: posts big blind $1
*** HOLE CARDS ***
blistein: folds 
BoyLoc0: folds 
Spac396: folds 
tukeiron: folds 
JoeBlack_MS: folds 
Uncalled bet ($0.50) returned to paramourx
paramourx collected $1 from pot
paramourx: doesn't show hand 
*** SUMMARY ***
Total pot $1 | Rake $0 
Seat 1: paramourx (big blind) collected ($1)
Seat 2: blistein folded before Flop (didn't bet)
Seat 3: BoyLoc0 folded before Flop (didn't bet)
Seat 4: Spac396 folded before Flop (didn't bet)
Seat 5: tukeiron (button) folded before Flop (didn't bet)
Seat 6: JoeBlack_MS (small blind) folded before Flop



PokerStars Hand #254532072666:  Hold'em No Limit ($0.50/$1.00 USD) - 2025/01/24 18:04:56 WET [2025/01/24 13:04:56 ET]
Table 'Seillier IV' 6-max Seat #6 is the button
Seat 1: paramourx ($100.50 in chips) 
Seat 2: blistein ($112.97 in chips) 
Seat 3: BoyLoc0 ($121.01 in chips) 
Seat 4: Spac396 ($72.76 in chips) 
Seat 5: tukeiron ($100 in chips) 
Seat 6: JoeBlack_MS ($127.31 in chips) 
paramourx: posts small blind $0.50
blistein: posts big blind $1
*** HOLE CARDS ***
BoyLoc0: folds 
Spac396: calls $1
tukeiron: folds 
JoeBlack_MS: folds 
paramourx: folds 
blistein: checks 
*** FLOP *** [7h 5h 9c]
blistein: checks 
Spac396: checks 
*** TURN *** [7h 5h 9c] [8d]
blistein: checks 
Spac396: checks 
*** RIVER *** [7h 5h 9c 8d] [2c]
blistein: bets $2.50
Spac396: folds 
Uncalled bet ($2.50) returned to blistein
blistein collected $2.38 from pot
blistein: doesn't show hand 
*** SUMMARY ***
Total pot $2.50 | Rake $0.12 
Board [7h 5h 9c 8d 2c]
Seat 1: paramourx (small blind) folded before Flop
Seat 2: blistein (big blind) collected ($2.38)
Seat 3: BoyLoc0 folded before Flop (didn't bet)
Seat 4: Spac396 folded on the River
Seat 5: tukeiron folded before Flop (didn't bet)
Seat 6: JoeBlack_MS (button) folded before Flop (didn't bet)



PokerStars Hand #254532080927:  Hold'em No Limit ($0.50/$1.00 USD) - 2025/01/24 18:05:27 WET [2025/01/24 13:05:27 ET]
Table 'Seillier IV' 6-max Seat #1 is the button
Seat 1: paramourx ($100 in chips) 
Seat 2: blistein ($114.35 in chips) 
Seat 3: BoyLoc0 ($121.01 in chips) 
Seat 4: Spac396 ($71.76 in chips) 
Seat 5: tukeiron ($100 in chips) 
Seat 6: JoeBlack_MS ($127.31 in chips) 
blistein: posts small blind $0.50
BoyLoc0: posts big blind $1
*** HOLE CARDS ***
Spac396: calls $1
tukeiron: raises $3 to $4
JoeBlack_MS: calls $4
paramourx: folds 
blistein: folds 
BoyLoc0: folds 
Spac396: calls $3
*** FLOP *** [7s 8s 5h]
Spac396: checks 
tukeiron: checks 
JoeBlack_MS: bets $3.85
Spac396: raises $63.91 to $67.76 and is all-in
tukeiron: folds 
JoeBlack_MS: calls $63.91
*** TURN *** [7s 8s 5h] [7c]
*** RIVER *** [7s 8s 5h 7c] [3c]
*** SHOW DOWN ***
Spac396: shows [Qd 8h] (two pair, Eights and Sevens)
JoeBlack_MS: shows [Qs Ks] (a pair of Sevens)
Spac396 collected $146.52 from pot
*** SUMMARY ***
Total pot $149.02 | Rake $2.50 
Board [7s 8s 5h 7c 3c]
Seat 1: paramourx (button) folded before Flop (didn't bet)
Seat 2: blistein (small blind) folded before Flop
Seat 3: BoyLoc0 (big blind) folded before Flop
Seat 4: Spac396 showed [Qd 8h] and won ($146.52) with two pair, Eights and Sevens
Seat 5: tukeiron folded on the Flop
Seat 6: JoeBlack_MS showed [Qs Ks] and lost with a pair of Sevens



PokerStars Hand #254532096052:  Hold'em No Limit ($0.50/$1.00 USD) - 2025/01/24 18:06:24 WET [2025/01/24 13:06:24 ET]
Table 'Seillier IV' 6-max Seat #2 is the button
Seat 1: paramourx ($100 in chips) 
Seat 2: blistein ($113.85 in chips) 
Seat 3: BoyLoc0 ($120.01 in chips) 
Seat 4: Spac396 ($146.52 in chips) 
Seat 5: tukeiron ($100 in chips) 
Seat 6: JoeBlack_MS ($100 in chips) 
BoyLoc0: posts small blind $0.50
Spac396: posts big blind $1
*** HOLE CARDS ***
tukeiron: folds 
JoeBlack_MS: raises $2 to $3
paramourx: raises $6 to $9
blistein: folds 
BoyLoc0: folds 
Spac396: folds 
JoeBlack_MS: raises $13 to $22
paramourx: folds 
Uncalled bet ($13) returned to JoeBlack_MS
Spac396 leaves the table
JoeBlack_MS collected $19.50 from pot
JoeBlack_MS: doesn't show hand 
*** SUMMARY ***
Total pot $19.50 | Rake $0 
Seat 1: paramourx folded before Flop
Seat 2: blistein (button) folded before Flop (didn't bet)
Seat 3: BoyLoc0 (small blind) folded before Flop
Seat 4: Spac396 (big blind) folded before Flop
Seat 5: tukeiron folded before Flop (didn't bet)
Seat 6: JoeBlack_MS collected ($19.50)



PokerStars Hand #254532104819:  Hold'em No Limit ($0.50/$1.00 USD) - 2025/01/24 18:06:58 WET [2025/01/24 13:06:58 ET]
Table 'Seillier IV' 6-max Seat #3 is the button
Seat 1: paramourx ($100 in chips) 
Seat 2: blistein ($113.85 in chips) 
Seat 3: BoyLoc0 ($119.51 in chips) 
Seat 5: tukeiron ($100 in chips) 
Seat 6: JoeBlack_MS ($110.50 in chips) 
tukeiron: posts small blind $0.50
JoeBlack_MS: posts big blind $1
*** HOLE CARDS ***
sta$igk joins the table at seat #4 
paramourx: raises $2 to $3
blistein: folds 
BoyLoc0: folds 
tukeiron: folds 
JoeBlack_MS: calls $2
*** FLOP *** [3s 4s Tc]
JoeBlack_MS: checks 
paramourx: bets $1.92
JoeBlack_MS: raises $3.51 to $5.43
paramourx: folds 
Uncalled bet ($3.51) returned to JoeBlack_MS
JoeBlack_MS collected $9.82 from pot
JoeBlack_MS: doesn't show hand 
*** SUMMARY ***
Total pot $10.34 | Rake $0.52 
Board [3s 4s Tc]
Seat 1: paramourx folded on the Flop
Seat 2: blistein folded before Flop (didn't bet)
Seat 3: BoyLoc0 (button) folded before Flop (didn't bet)
Seat 5: tukeiron (small blind) folded before Flop
Seat 6: JoeBlack_MS (big blind) collected ($9.82)



PokerStars Hand #254532113319:  Hold'em No Limit ($0.50/$1.00 USD) - 2025/01/24 18:07:30 WET [2025/01/24 13:07:30 ET]
Table 'Seillier IV' 6-max Seat #5 is the button
Seat 4: sta$igk ($100 in chips) is sitting out
Seat 1: paramourx ($100 in chips) 
Seat 2: blistein ($113.85 in chips) 
Seat 3: BoyLoc0 ($119.51 in chips) 
Seat 5: tukeiron ($100 in chips) 
Seat 6: JoeBlack_MS ($115.40 in chips) 
JoeBlack_MS: posts small blind $0.50
paramourx: posts big blind $1
sta$igk: sits out 
*** HOLE CARDS ***
blistein: raises $1.20 to $2.20
BoyLoc0: folds 
tukeiron: folds 
JoeBlack_MS: folds 
paramourx: folds 
Uncalled bet ($1.20) returned to blistein
blistein collected $2.50 from pot
blistein: doesn't show hand 
*** SUMMARY ***
Total pot $2.50 | Rake $0 
Seat 4: sta$igk
Seat 1: paramourx (big blind) folded before Flop
Seat 2: blistein collected ($2.50)
Seat 3: BoyLoc0 folded before Flop (didn't bet)
Seat 5: tukeiron (button) folded before Flop (didn't bet)
Seat 6: JoeBlack_MS (small blind) folded before Flop



PokerStars Hand #254532115864:  Hold'em No Limit ($0.50/$1.00 USD) - 2025/01/24 18:07:40 WET [2025/01/24 13:07:40 ET]
Table 'Seillier IV' 6-max Seat #6 is the button
Seat 2: blistein ($115.35 in chips) is sitting out
Seat 4: sta$igk ($100 in chips) is sitting out
Seat 1: paramourx ($100 in chips) 
Seat 3: BoyLoc0 ($119.51 in chips) 
Seat 5: tukeiron ($100 in chips) 
Seat 6: JoeBlack_MS ($114.90 in chips) 
paramourx: posts small blind $0.50
BoyLoc0: posts big blind $1
sta$igk: sits out 
*** HOLE CARDS ***
blistein leaves the table
tukeiron: folds 
JoeBlack_MS: folds 
paramourx: folds 
Uncalled bet ($0.50) returned to BoyLoc0
BoyLoc0 collected $1 from pot
BoyLoc0: doesn't show hand 
*** SUMMARY ***
Total pot $1 | Rake $0 
Seat 2: blistein
Seat 4: sta$igk
Seat 1: paramourx (small blind) folded before Flop
Seat 3: BoyLoc0 (big blind) collected ($1)
Seat 5: tukeiron folded before Flop (didn't bet)
Seat 6: JoeBlack_MS (button) folded before Flop (didn't bet)



PokerStars Hand #254532118322:  Hold'em No Limit ($0.50/$1.00 USD) - 2025/01/24 18:07:49 WET [2025/01/24 13:07:49 ET]
Table 'Seillier IV' 6-max Seat #1 is the button
Seat 1: paramourx ($100 in chips) 
Seat 3: BoyLoc0 ($120.01 in chips) 
Seat 4: sta$igk ($100 in chips) 
Seat 5: tukeiron ($100 in chips) 
Seat 6: JoeBlack_MS ($114.90 in chips) 
BoyLoc0: posts small blind $0.50
sta$igk: posts big blind $1
*** HOLE CARDS ***
tukeiron: folds 
JoeBlack_MS: folds 
paramourx: raises $2 to $3
BoyLoc0: folds 
sta$igk: raises $11 to $14
paramourx: folds 
Uncalled bet ($11) returned to sta$igk
sta$igk collected $6.50 from pot
sta$igk: doesn't show hand 
*** SUMMARY ***
Total pot $6.50 | Rake $0 
Seat 1: paramourx (button) folded before Flop
Seat 3: BoyLoc0 (small blind) folded before Flop
Seat 4: sta$igk (big blind) collected ($6.50)
Seat 5: tukeiron folded before Flop (didn't bet)
Seat 6: JoeBlack_MS folded before Flop (didn't bet)



PokerStars Hand #254532123711:  Hold'em No Limit ($0.50/$1.00 USD) - 2025/01/24 18:08:10 WET [2025/01/24 13:08:10 ET]
Table 'Seillier IV' 6-max Seat #3 is the button
Seat 1: paramourx ($100 in chips) 
Seat 3: BoyLoc0 ($119.51 in chips) 
Seat 4: sta$igk ($103.50 in chips) 
Seat 5: tukeiron ($100 in chips) 
Seat 6: JoeBlack_MS ($114.90 in chips) 
sta$igk: posts small blind $0.50
tukeiron: posts big blind $1
*** HOLE CARDS ***
JoeBlack_MS: folds 
paramourx: folds 
BoyLoc0: folds 
sta$igk: raises $2 to $3
tukeiron: calls $2
*** FLOP *** [8s 5s Ac]
sta$igk: checks 
tukeiron: checks 
*** TURN *** [8s 5s Ac] [5d]
sta$igk: checks 
tukeiron: checks 
*** RIVER *** [8s 5s Ac 5d] [4h]
sta$igk: checks 
Trente666 joins the table at seat #2 
Trente666 is disconnected 
tukeiron: bets $7.13
sta$igk: folds 
Uncalled bet ($7.13) returned to tukeiron
tukeiron collected $5.70 from pot
*** SUMMARY ***
Total pot $6 | Rake $0.30 
Board [8s 5s Ac 5d 4h]
Seat 1: paramourx folded before Flop (didn't bet)
Seat 3: BoyLoc0 (button) folded before Flop (didn't bet)
Seat 4: sta$igk (small blind) folded on the River
Seat 5: tukeiron (big blind) collected ($5.70)
Seat 6: JoeBlack_MS folded before Flop (didn't bet)



PokerStars Hand #254532143259:  Hold'em No Limit ($0.50/$1.00 USD) - 2025/01/24 18:09:24 WET [2025/01/24 13:09:24 ET]
Table 'Seillier IV' 6-max Seat #4 is the button
Seat 1: paramourx ($100 in chips) 
Seat 2: Trente666 ($39.25 in chips) 
Seat 3: BoyLoc0 ($119.51 in chips) 
Seat 4: sta$igk ($100.50 in chips) 
Seat 5: tukeiron ($102.70 in chips) 
Seat 6: JoeBlack_MS ($114.90 in chips) 
tukeiron: posts small blind $0.50
JoeBlack_MS: posts big blind $1
Trente666: posts big blind $1
*** HOLE CARDS ***
paramourx: folds 
Trente666: checks 
BoyLoc0: folds 
sta$igk: folds 
tukeiron: raises $5 to $6
JoeBlack_MS: folds 
Trente666: folds 
Uncalled bet ($5) returned to tukeiron
tukeiron collected $3 from pot
*** SUMMARY ***
Total pot $3 | Rake $0 
Seat 1: paramourx folded before Flop (didn't bet)
Seat 2: Trente666 folded before Flop (didn't bet)
Seat 3: BoyLoc0 folded before Flop (didn't bet)
Seat 4: sta$igk (button) folded before Flop (didn't bet)
Seat 5: tukeiron (small blind) collected ($3)
Seat 6: JoeBlack_MS (big blind) folded before Flop



PokerStars Hand #254532147761:  Hold'em No Limit ($0.50/$1.00 USD) - 2025/01/24 18:09:41 WET [2025/01/24 13:09:41 ET]
Table 'Seillier IV' 6-max Seat #5 is the button
Seat 1: paramourx ($100 in chips) is sitting out
Seat 2: Trente666 ($38.25 in chips) 
Seat 3: BoyLoc0 ($119.51 in chips) 
Seat 4: sta$igk ($100.50 in chips) 
Seat 5: tukeiron ($104.70 in chips) 
Seat 6: JoeBlack_MS ($113.90 in chips) 
JoeBlack_MS: posts small blind $0.50
paramourx: is sitting out 
Trente666: posts big blind $1
*** HOLE CARDS ***
paramourx leaves the table
BoyLoc0: folds 
sta$igk: folds 
tukeiron: raises $1.50 to $2.50
JoeBlack_MS: folds 
Trente666: folds 
Uncalled bet ($1.50) returned to tukeiron
tukeiron collected $2.50 from pot
*** SUMMARY ***
Total pot $2.50 | Rake $0 
Seat 1: paramourx
Seat 2: Trente666 (big blind) folded before Flop
Seat 3: BoyLoc0 folded before Flop (didn't bet)
Seat 4: sta$igk folded before Flop (didn't bet)
Seat 5: tukeiron (button) collected ($2.50)
Seat 6: JoeBlack_MS (small blind) folded before Flop



PokerStars Hand #254532152769:  Hold'em No Limit ($0.50/$1.00 USD) - 2025/01/24 18:10:00 WET [2025/01/24 13:10:00 ET]
Table 'Seillier IV' 6-max Seat #6 is the button
Seat 2: Trente666 ($37.25 in chips) 
Seat 3: BoyLoc0 ($119.51 in chips) 
Seat 4: sta$igk ($100.50 in chips) 
Seat 5: tukeiron ($106.20 in chips) 
Seat 6: JoeBlack_MS ($113.40 in chips) 
Trente666: posts small blind $0.50
BoyLoc0: posts big blind $1
*** HOLE CARDS ***
sta$igk: folds 
tukeiron: folds 
JoeBlack_MS: raises $1 to $2
sta$igk leaves the table
Trente666: calls $1.50
BoyLoc0: calls $1
*** FLOP *** [3d Ad 2c]
Trente666: checks 
BoyLoc0: checks 
ImaPeppaPig joins the table at seat #1 
JoeBlack_MS: checks 
*** TURN *** [3d Ad 2c] [7h]
Trente666: checks 
BoyLoc0: checks 
JoeBlack_MS: checks 
*** RIVER *** [3d Ad 2c 7h] [7d]
Trente666: bets $2.85
BoyLoc0: folds 
fiolek8 joins the table at seat #4 
fiolek8 is disconnected 
JoeBlack_MS: raises $108.55 to $111.40 and is all-in
Trente666: folds 
Uncalled bet ($108.55) returned to JoeBlack_MS
JoeBlack_MS collected $11.12 from pot
JoeBlack_MS: doesn't show hand 
*** SUMMARY ***
Total pot $11.70 | Rake $0.58 
Board [3d Ad 2c 7h 7d]
Seat 2: Trente666 (small blind) folded on the River
Seat 3: BoyLoc0 (big blind) folded on the River
Seat 4: sta$igk folded before Flop (didn't bet)
Seat 5: tukeiron folded before Flop (didn't bet)
Seat 6: JoeBlack_MS (button) collected ($11.12)



PokerStars Hand #254532175138:  Hold'em No Limit ($0.50/$1.00 USD) - 2025/01/24 18:11:25 WET [2025/01/24 13:11:25 ET]
Table 'Seillier IV' 6-max Seat #2 is the button
Seat 1: ImaPeppaPig ($100 in chips) is sitting out
Seat 2: Trente666 ($32.40 in chips) 
Seat 3: BoyLoc0 ($117.51 in chips) 
Seat 4: fiolek8 ($49.99 in chips) 
Seat 5: tukeiron ($106.20 in chips) 
Seat 6: JoeBlack_MS ($119.67 in chips) 
BoyLoc0: posts small blind $0.50
fiolek8: posts big blind $1
ImaPeppaPig: sits out 
*** HOLE CARDS ***
tukeiron: raises $1.50 to $2.50
JoeBlack_MS: folds 
Trente666: folds 
BoyLoc0: folds 
fiolek8: folds 
Uncalled bet ($1.50) returned to tukeiron
tukeiron collected $2.50 from pot
*** SUMMARY ***
Total pot $2.50 | Rake $0 
Seat 1: ImaPeppaPig
Seat 2: Trente666 (button) folded before Flop (didn't bet)
Seat 3: BoyLoc0 (small blind) folded before Flop
Seat 4: fiolek8 (big blind) folded before Flop
Seat 5: tukeiron collected ($2.50)
Seat 6: JoeBlack_MS folded before Flop (didn't bet)



PokerStars Hand #254532178506:  Hold'em No Limit ($0.50/$1.00 USD) - 2025/01/24 18:11:38 WET [2025/01/24 13:11:38 ET]
Table 'Seillier IV' 6-max Seat #3 is the button
Seat 1: ImaPeppaPig ($100 in chips) is sitting out
Seat 5: tukeiron ($107.70 in chips) is sitting out
Seat 2: Trente666 ($32.40 in chips) 
Seat 3: BoyLoc0 ($117.01 in chips) 
Seat 4: fiolek8 ($48.99 in chips) 
Seat 6: JoeBlack_MS ($119.67 in chips) 
fiolek8: posts small blind $0.50
tukeiron: is sitting out 
JoeBlack_MS: posts big blind $1
ImaPeppaPig: sits out 
*** HOLE CARDS ***
Trente666: folds 
BoyLoc0: folds 
fiolek8: folds 
Uncalled bet ($0.50) returned to JoeBlack_MS
JoeBlack_MS collected $1 from pot
JoeBlack_MS: doesn't show hand 
*** SUMMARY ***
Total pot $1 | Rake $0 
Seat 1: ImaPeppaPig
Seat 5: tukeiron
Seat 2: Trente666 folded before Flop (didn't bet)
Seat 3: BoyLoc0 (button) folded before Flop (didn't bet)
Seat 4: fiolek8 (small blind) folded before Flop
Seat 6: JoeBlack_MS (big blind) collected ($1)



PokerStars Hand #254532181697:  Hold'em No Limit ($0.50/$1.00 USD) - 2025/01/24 18:11:50 WET [2025/01/24 13:11:50 ET]
Table 'Seillier IV' 6-max Seat #4 is the button
Seat 5: tukeiron ($107.70 in chips) is sitting out
Seat 1: ImaPeppaPig ($100 in chips) 
Seat 2: Trente666 ($32.40 in chips) 
Seat 3: BoyLoc0 ($117.01 in chips) 
Seat 4: fiolek8 ($48.49 in chips) 
Seat 6: JoeBlack_MS ($120.17 in chips) 
JoeBlack_MS: posts small blind $0.50
ImaPeppaPig: posts big blind $1
*** HOLE CARDS ***
Trente666: folds 
BoyLoc0: raises $1.50 to $2.50
fiolek8: folds 
JoeBlack_MS: folds 
ImaPeppaPig: folds 
Uncalled bet ($1.50) returned to BoyLoc0
BoyLoc0 collected $2.50 from pot
BoyLoc0: doesn't show hand 
*** SUMMARY ***
Total pot $2.50 | Rake $0 
Seat 5: tukeiron
Seat 1: ImaPeppaPig (big blind) folded before Flop
Seat 2: Trente666 folded before Flop (didn't bet)
Seat 3: BoyLoc0 collected ($2.50)
Seat 4: fiolek8 (button) folded before Flop (didn't bet)
Seat 6: JoeBlack_MS (small blind) folded before Flop



PokerStars Hand #254532185019:  Hold'em No Limit ($0.50/$1.00 USD) - 2025/01/24 18:12:03 WET [2025/01/24 13:12:03 ET]
Table 'Seillier IV' 6-max Seat #6 is the button
Seat 5: tukeiron ($107.70 in chips) is sitting out
Seat 1: ImaPeppaPig ($100 in chips) 
Seat 2: Trente666 ($32.40 in chips) 
Seat 3: BoyLoc0 ($118.51 in chips) 
Seat 4: fiolek8 ($48.49 in chips) 
Seat 6: JoeBlack_MS ($119.67 in chips) 
ImaPeppaPig: posts small blind $0.50
Trente666: posts big blind $1
tukeiron: sits out 
*** HOLE CARDS ***
BoyLoc0: folds 
fiolek8: folds 
JoeBlack_MS: folds 
ImaPeppaPig: raises $2 to $3
Trente666: calls $2
*** FLOP *** [6h 2d 5h]
ImaPeppaPig: checks 
Trente666: checks 
*** TURN *** [6h 2d 5h] [7h]
ImaPeppaPig: checks 
Trente666: bets $5.70
ImaPeppaPig: folds 
Uncalled bet ($5.70) returned to Trente666
Trente666 collected $5.70 from pot
*** SUMMARY ***
Total pot $6 | Rake $0.30 
Board [6h 2d 5h 7h]
Seat 5: tukeiron
Seat 1: ImaPeppaPig (small blind) folded on the Turn
Seat 2: Trente666 (big blind) collected ($5.70)
Seat 3: BoyLoc0 folded before Flop (didn't bet)
Seat 4: fiolek8 folded before Flop (didn't bet)
Seat 6: JoeBlack_MS (button) folded before Flop (didn't bet)



PokerStars Hand #254532198888:  Hold'em No Limit ($0.50/$1.00 USD) - 2025/01/24 18:12:55 WET [2025/01/24 13:12:55 ET]
Table 'Seillier IV' 6-max Seat #1 is the button
Seat 5: tukeiron ($107.70 in chips) is sitting out
Seat 1: ImaPeppaPig ($100 in chips) 
Seat 2: Trente666 ($35.10 in chips) 
Seat 3: BoyLoc0 ($118.51 in chips) 
Seat 4: fiolek8 ($48.49 in chips) 
Seat 6: JoeBlack_MS ($119.67 in chips) 
Trente666: posts small blind $0.50
BoyLoc0: posts big blind $1
tukeiron: sits out 
*** HOLE CARDS ***
fiolek8: folds 
JoeBlack_MS: folds 
ImaPeppaPig: folds 
Trente666: folds 
Uncalled bet ($0.50) returned to BoyLoc0
BoyLoc0 collected $1 from pot
BoyLoc0: doesn't show hand 
*** SUMMARY ***
Total pot $1 | Rake $0 
Seat 5: tukeiron
Seat 1: ImaPeppaPig (button) folded before Flop (didn't bet)
Seat 2: Trente666 (small blind) folded before Flop
Seat 3: BoyLoc0 (big blind) collected ($1)
Seat 4: fiolek8 folded before Flop (didn't bet)
Seat 6: JoeBlack_MS folded before Flop (didn't bet)



PokerStars Hand #254532201361:  Hold'em No Limit ($0.50/$1.00 USD) - 2025/01/24 18:13:04 WET [2025/01/24 13:13:04 ET]
Table 'Seillier IV' 6-max Seat #2 is the button
Seat 5: tukeiron ($107.70 in chips) is sitting out
Seat 1: ImaPeppaPig ($100 in chips) 
Seat 2: Trente666 ($34.60 in chips) 
Seat 3: BoyLoc0 ($119.01 in chips) 
Seat 4: fiolek8 ($48.49 in chips) 
Seat 6: JoeBlack_MS ($119.67 in chips) 
BoyLoc0: posts small blind $0.50
fiolek8: posts big blind $1
tukeiron: sits out 
*** HOLE CARDS ***
JoeBlack_MS: raises $1 to $2
ImaPeppaPig: folds 
Trente666: folds 
BoyLoc0: folds 
fiolek8: folds 
Uncalled bet ($1) returned to JoeBlack_MS
JoeBlack_MS collected $2.50 from pot
JoeBlack_MS: doesn't show hand 
*** SUMMARY ***
Total pot $2.50 | Rake $0 
Seat 5: tukeiron
Seat 1: ImaPeppaPig folded before Flop (didn't bet)
Seat 2: Trente666 (button) folded before Flop (didn't bet)
Seat 3: BoyLoc0 (small blind) folded before Flop
Seat 4: fiolek8 (big blind) folded before Flop
Seat 6: JoeBlack_MS collected ($2.50)



PokerStars Hand #254532205189:  Hold'em No Limit ($0.50/$1.00 USD) - 2025/01/24 18:13:18 WET [2025/01/24 13:13:18 ET]
Table 'Seillier IV' 6-max Seat #3 is the button
Seat 1: ImaPeppaPig ($100 in chips) 
Seat 2: Trente666 ($34.60 in chips) 
Seat 3: BoyLoc0 ($118.51 in chips) 
Seat 4: fiolek8 ($47.49 in chips) 
Seat 5: tukeiron ($107.70 in chips) 
Seat 6: JoeBlack_MS ($121.17 in chips) 
fiolek8: posts small blind $0.50
tukeiron: posts big blind $1
*** HOLE CARDS ***
JoeBlack_MS: raises $1 to $2
ImaPeppaPig: folds 
Trente666: folds 
BoyLoc0: folds 
fiolek8: folds 
tukeiron: folds 
Uncalled bet ($1) returned to JoeBlack_MS
JoeBlack_MS collected $2.50 from pot
JoeBlack_MS: doesn't show hand 
*** SUMMARY ***
Total pot $2.50 | Rake $0 
Seat 1: ImaPeppaPig folded before Flop (didn't bet)
Seat 2: Trente666 folded before Flop (didn't bet)
Seat 3: BoyLoc0 (button) folded before Flop (didn't bet)
Seat 4: fiolek8 (small blind) folded before Flop
Seat 5: tukeiron (big blind) folded before Flop
Seat 6: JoeBlack_MS collected ($2.50)



PokerStars Hand #254532209451:  Hold'em No Limit ($0.50/$1.00 USD) - 2025/01/24 18:13:34 WET [2025/01/24 13:13:34 ET]
Table 'Seillier IV' 6-max Seat #4 is the button
Seat 1: ImaPeppaPig ($100 in chips) 
Seat 2: Trente666 ($34.60 in chips) 
Seat 3: BoyLoc0 ($118.51 in chips) 
Seat 4: fiolek8 ($46.99 in chips) 
Seat 5: tukeiron ($106.70 in chips) 
Seat 6: JoeBlack_MS ($122.67 in chips) 
tukeiron: posts small blind $0.50
JoeBlack_MS: posts big blind $1
*** HOLE CARDS ***
ImaPeppaPig: folds 
Trente666: folds 
BoyLoc0: raises $1.50 to $2.50
fiolek8: folds 
tukeiron: folds 
JoeBlack_MS: folds 
Uncalled bet ($1.50) returned to BoyLoc0
BoyLoc0 collected $2.50 from pot
BoyLoc0: doesn't show hand 
*** SUMMARY ***
Total pot $2.50 | Rake $0 
Seat 1: ImaPeppaPig folded before Flop (didn't bet)
Seat 2: Trente666 folded before Flop (didn't bet)
Seat 3: BoyLoc0 collected ($2.50)
Seat 4: fiolek8 (button) folded before Flop (didn't bet)
Seat 5: tukeiron (small blind) folded before Flop
Seat 6: JoeBlack_MS (big blind) folded before Flop



PokerStars Hand #254532213021:  Hold'em No Limit ($0.50/$1.00 USD) - 2025/01/24 18:13:48 WET [2025/01/24 13:13:48 ET]
Table 'Seillier IV' 6-max Seat #5 is the button
Seat 1: ImaPeppaPig ($100 in chips) 
Seat 2: Trente666 ($34.60 in chips) 
Seat 3: BoyLoc0 ($120.01 in chips) 
Seat 4: fiolek8 ($46.99 in chips) 
Seat 5: tukeiron ($106.20 in chips) 
Seat 6: JoeBlack_MS ($121.67 in chips) 
JoeBlack_MS: posts small blind $0.50
ImaPeppaPig: posts big blind $1
*** HOLE CARDS ***
Trente666: folds 
BoyLoc0: folds 
fiolek8: folds 
tukeiron: folds 
JoeBlack_MS: folds 
Uncalled bet ($0.50) returned to ImaPeppaPig
ImaPeppaPig collected $1 from pot
ImaPeppaPig: doesn't show hand 
*** SUMMARY ***
Total pot $1 | Rake $0 
Seat 1: ImaPeppaPig (big blind) collected ($1)
Seat 2: Trente666 folded before Flop (didn't bet)
Seat 3: BoyLoc0 folded before Flop (didn't bet)
Seat 4: fiolek8 folded before Flop (didn't bet)
Seat 5: tukeiron (button) folded before Flop (didn't bet)
Seat 6: JoeBlack_MS (small blind) folded before Flop



PokerStars Hand #254532217492:  Hold'em No Limit ($0.50/$1.00 USD) - 2025/01/24 18:14:05 WET [2025/01/24 13:14:05 ET]
Table 'Seillier IV' 6-max Seat #6 is the button
Seat 1: ImaPeppaPig ($100.50 in chips) 
Seat 2: Trente666 ($34.60 in chips) 
Seat 3: BoyLoc0 ($120.01 in chips) 
Seat 4: fiolek8 ($46.99 in chips) 
Seat 5: tukeiron ($106.20 in chips) 
Seat 6: JoeBlack_MS ($121.17 in chips) 
ImaPeppaPig: posts small blind $0.50
Trente666: posts big blind $1
*** HOLE CARDS ***
BoyLoc0: folds 
fiolek8: folds 
tukeiron: folds 
JoeBlack_MS: raises $1 to $2
ImaPeppaPig: folds 
Trente666: calls $1
*** FLOP *** [Qh 7s 8d]
Trente666: checks 
JoeBlack_MS: checks 
*** TURN *** [Qh 7s 8d] [7h]
Trente666: checks 
JoeBlack_MS: bets $5.69
Trente666: folds 
Uncalled bet ($5.69) returned to JoeBlack_MS
JoeBlack_MS collected $4.28 from pot
JoeBlack_MS: doesn't show hand 
*** SUMMARY ***
Total pot $4.50 | Rake $0.22 
Board [Qh 7s 8d 7h]
Seat 1: ImaPeppaPig (small blind) folded before Flop
Seat 2: Trente666 (big blind) folded on the Turn
Seat 3: BoyLoc0 folded before Flop (didn't bet)
Seat 4: fiolek8 folded before Flop (didn't bet)
Seat 5: tukeiron folded before Flop (didn't bet)
Seat 6: JoeBlack_MS (button) collected ($4.28)



PokerStars Hand #254532226269:  Hold'em No Limit ($0.50/$1.00 USD) - 2025/01/24 18:14:38 WET [2025/01/24 13:14:38 ET]
Table 'Seillier IV' 6-max Seat #1 is the button
Seat 1: ImaPeppaPig ($100 in chips) 
Seat 2: Trente666 ($32.60 in chips) 
Seat 3: BoyLoc0 ($120.01 in chips) 
Seat 4: fiolek8 ($46.99 in chips) 
Seat 5: tukeiron ($106.20 in chips) 
Seat 6: JoeBlack_MS ($123.45 in chips) 
Trente666: posts small blind $0.50
BoyLoc0: posts big blind $1
*** HOLE CARDS ***
fiolek8: folds 
tukeiron: folds 
JoeBlack_MS: raises $1.30 to $2.30
ImaPeppaPig: folds 
Trente666: folds 
BoyLoc0: folds 
Uncalled bet ($1.30) returned to JoeBlack_MS
JoeBlack_MS collected $2.50 from pot
JoeBlack_MS: doesn't show hand 
*** SUMMARY ***
Total pot $2.50 | Rake $0 
Seat 1: ImaPeppaPig (button) folded before Flop (didn't bet)
Seat 2: Trente666 (small blind) folded before Flop
Seat 3: BoyLoc0 (big blind) folded before Flop
Seat 4: fiolek8 folded before Flop (didn't bet)
Seat 5: tukeiron folded before Flop (didn't bet)
Seat 6: JoeBlack_MS collected ($2.50)



PokerStars Hand #254532390352:  Hold'em No Limit ($0.50/$1.00 USD) - 2025/01/24 18:24:46 WET [2025/01/24 13:24:46 ET]
Table 'Seillier IV' 6-max Seat #3 is the button
Seat 4: fiolek8 ($52.12 in chips) is sitting out
Seat 6: JoeBlack_MS ($100 in chips) is sitting out
Seat 1: ImaPeppaPig ($100 in chips) 
Seat 2: Trente666 ($49.47 in chips) 
Seat 3: BoyLoc0 ($113.99 in chips) 
Seat 5: tukeiron ($141.15 in chips) 
tukeiron: posts small blind $0.50
JoeBlack_MS: is sitting out 
ImaPeppaPig: posts big blind $1
*** HOLE CARDS ***
Trente666: folds 
JoeBlack_MS leaves the table
BoyLoc0: raises $1.50 to $2.50
tukeiron: folds 
ImaPeppaPig: calls $1.50
*** FLOP *** [Jh As Qh]
ImaPeppaPig: checks 
BoyLoc0: bets $1.72
ImaPeppaPig: folds 
Uncalled bet ($1.72) returned to BoyLoc0
BoyLoc0 collected $5.22 from pot
BoyLoc0: doesn't show hand 
*** SUMMARY ***
Total pot $5.50 | Rake $0.28 
Board [Jh As Qh]
Seat 4: fiolek8
Seat 6: JoeBlack_MS
Seat 1: ImaPeppaPig (big blind) folded on the Flop
Seat 2: Trente666 folded before Flop (didn't bet)
Seat 3: BoyLoc0 (button) collected ($5.22)
Seat 5: tukeiron (small blind) folded before Flop



PokerStars Hand #254532402394:  Hold'em No Limit ($0.50/$1.00 USD) - 2025/01/24 18:25:30 WET [2025/01/24 13:25:30 ET]
Table 'Seillier IV' 6-max Seat #5 is the button
Seat 4: fiolek8 ($52.12 in chips) is sitting out
Seat 1: ImaPeppaPig ($100 in chips) 
Seat 2: Trente666 ($49.47 in chips) 
Seat 3: BoyLoc0 ($116.71 in chips) 
Seat 5: tukeiron ($140.65 in chips) 
ImaPeppaPig: posts small blind $0.50
Trente666: posts big blind $1
*** HOLE CARDS ***
BoyLoc0: raises $1.50 to $2.50
tukeiron: folds 
ImaPeppaPig: folds 
Trente666: raises $5.50 to $8
BoyLoc0: calls $5.50
*** FLOP *** [Qd 2h 8s]
Trente666: bets $15.68
BoyLoc0: folds 
Uncalled bet ($15.68) returned to Trente666
Trente666 collected $15.68 from pot
*** SUMMARY ***
Total pot $16.50 | Rake $0.82 
Board [Qd 2h 8s]
Seat 4: fiolek8
Seat 1: ImaPeppaPig (small blind) folded before Flop
Seat 2: Trente666 (big blind) collected ($15.68)
Seat 3: BoyLoc0 folded on the Flop
Seat 5: tukeiron (button) folded before Flop (didn't bet)



PokerStars Hand #254532410222:  Hold'em No Limit ($0.50/$1.00 USD) - 2025/01/24 18:25:59 WET [2025/01/24 13:25:59 ET]
Table 'Seillier IV' 6-max Seat #1 is the button
Seat 4: fiolek8 ($52.12 in chips) is sitting out
Seat 1: ImaPeppaPig ($100 in chips) 
Seat 2: Trente666 ($57.15 in chips) 
Seat 3: BoyLoc0 ($108.71 in chips) 
Seat 5: tukeiron ($140.65 in chips) 
Trente666: posts small blind $0.50
BoyLoc0: posts big blind $1
*** HOLE CARDS ***
tukeiron: raises $1.50 to $2.50
ImaPeppaPig: raises $5.50 to $8
Trente666: folds 
BoyLoc0: folds 
tukeiron: folds 
Uncalled bet ($5.50) returned to ImaPeppaPig
Trente666 leaves the table
ImaPeppaPig collected $6.50 from pot
ImaPeppaPig: doesn't show hand 
*** SUMMARY ***
Total pot $6.50 | Rake $0 
Seat 4: fiolek8
Seat 1: ImaPeppaPig (button) collected ($6.50)
Seat 2: Trente666 (small blind) folded before Flop
Seat 3: BoyLoc0 (big blind) folded before Flop
Seat 5: tukeiron folded before Flop



PokerStars Hand #254532414717:  Hold'em No Limit ($0.50/$1.00 USD) - 2025/01/24 18:26:16 WET [2025/01/24 13:26:16 ET]
Table 'Seillier IV' 6-max Seat #3 is the button
Seat 4: fiolek8 ($52.12 in chips) is sitting out
Seat 1: ImaPeppaPig ($104 in chips) 
Seat 3: BoyLoc0 ($107.71 in chips) 
Seat 5: tukeiron ($138.15 in chips) 
tukeiron: posts small blind $0.50
ImaPeppaPig: posts big blind $1
*** HOLE CARDS ***
BoyLoc0: raises $1.50 to $2.50
tukeiron: raises $9 to $11.50
ImaPeppaPig: folds 
BoyLoc0: folds 
Uncalled bet ($9) returned to tukeiron
tukeiron collected $6 from pot
tukeiron: doesn't show hand 
*** SUMMARY ***
Total pot $6 | Rake $0 
Seat 4: fiolek8
Seat 1: ImaPeppaPig (big blind) folded before Flop
Seat 3: BoyLoc0 (button) folded before Flop
Seat 5: tukeiron (small blind) collected ($6)



PokerStars Hand #254532418728:  Hold'em No Limit ($0.50/$1.00 USD) - 2025/01/24 18:26:31 WET [2025/01/24 13:26:31 ET]
Table 'Seillier IV' 6-max Seat #5 is the button
Seat 4: fiolek8 ($52.12 in chips) is sitting out
Seat 1: ImaPeppaPig ($103 in chips) 
Seat 3: BoyLoc0 ($105.21 in chips) 
Seat 5: tukeiron ($141.65 in chips) 
ImaPeppaPig: posts small blind $0.50
BoyLoc0: posts big blind $1
*** HOLE CARDS ***
tukeiron: raises $1.50 to $2.50
ImaPeppaPig: folds 
BoyLoc0: folds 
Uncalled bet ($1.50) returned to tukeiron
tukeiron collected $2.50 from pot
*** SUMMARY ***
Total pot $2.50 | Rake $0 
Seat 4: fiolek8
Seat 1: ImaPeppaPig (small blind) folded before Flop
Seat 3: BoyLoc0 (big blind) folded before Flop
Seat 5: tukeiron (button) collected ($2.50)



PokerStars Hand #254532421432:  Hold'em No Limit ($0.50/$1.00 USD) - 2025/01/24 18:26:40 WET [2025/01/24 13:26:40 ET]
Table 'Seillier IV' 6-max Seat #3 is the button
Seat 4: fiolek8 ($52.12 in chips) is sitting out
Seat 5: tukeiron ($143.15 in chips) is sitting out
Seat 1: ImaPeppaPig ($102.50 in chips) 
Seat 3: BoyLoc0 ($104.21 in chips) 
BoyLoc0: posts small blind $0.50
tukeiron: is sitting out 
ImaPeppaPig: posts big blind $1
*** HOLE CARDS ***
nastja336 joins the table at seat #2 
tukeiron leaves the table
BoyLoc0: raises $1.50 to $2.50
ImaPeppaPig: folds 
Uncalled bet ($1.50) returned to BoyLoc0
BoyLoc0 collected $2 from pot
BoyLoc0: doesn't show hand 
*** SUMMARY ***
Total pot $2 | Rake $0 
Seat 4: fiolek8
Seat 5: tukeiron
Seat 1: ImaPeppaPig (big blind) folded before Flop
Seat 3: BoyLoc0 (button) (small blind) collected ($2)



PokerStars Hand #254532424614:  Hold'em No Limit ($0.50/$1.00 USD) - 2025/01/24 18:26:52 WET [2025/01/24 13:26:52 ET]
Table 'Seillier IV' 6-max Seat #3 is the button
Seat 4: fiolek8 ($52.12 in chips) is sitting out
Seat 1: ImaPeppaPig ($101.50 in chips) 
Seat 2: nastja336 ($100 in chips) 
Seat 3: BoyLoc0 ($105.21 in chips) 
ImaPeppaPig: posts small blind $0.50
nastja336: posts big blind $1
*** HOLE CARDS ***
BoyLoc0: folds 
ImaPeppaPig: raises $2 to $3
nastja336: calls $2
*** FLOP *** [Ad Qc 4c]
ImaPeppaPig: checks 
nastja336: bets $1.88
ImaPeppaPig: calls $1.88
*** TURN *** [Ad Qc 4c] [3s]
ImaPeppaPig: checks 
nastja336: bets $7.20
ImaPeppaPig: calls $7.20
*** RIVER *** [Ad Qc 4c 3s] [Kd]
BronsonJC joins the table at seat #5 
ImaPeppaPig: checks 
nastja336: checks 
*** SHOW DOWN ***
ImaPeppaPig: shows [5d Ah] (a pair of Aces)
nastja336: mucks hand 
ImaPeppaPig collected $23.16 from pot
*** SUMMARY ***
Total pot $24.16 | Rake $1 
Board [Ad Qc 4c 3s Kd]
Seat 4: fiolek8
Seat 1: ImaPeppaPig (small blind) showed [5d Ah] and won ($23.16) with a pair of Aces
Seat 2: nastja336 (big blind) mucked
Seat 3: BoyLoc0 (button) folded before Flop (didn't bet)



PokerStars Hand #254532437160:  Hold'em No Limit ($0.50/$1.00 USD) - 2025/01/24 18:27:38 WET [2025/01/24 13:27:38 ET]
Table 'Seillier IV' 6-max Seat #1 is the button
Seat 4: fiolek8 ($52.12 in chips) is sitting out
Seat 5: BronsonJC ($100 in chips) is sitting out
Seat 1: ImaPeppaPig ($112.58 in chips) 
Seat 2: nastja336 ($100 in chips) 
Seat 3: BoyLoc0 ($105.21 in chips) 
nastja336: posts small blind $0.50
BoyLoc0: posts big blind $1
BronsonJC: sits out 
*** HOLE CARDS ***
ImaPeppaPig: raises $1.50 to $2.50
nastja336: raises $9.50 to $12
BoyLoc0: folds 
ImaPeppaPig: folds 
Uncalled bet ($9.50) returned to nastja336
nastja336 collected $6 from pot
nastja336: doesn't show hand 
*** SUMMARY ***
Total pot $6 | Rake $0 
Seat 4: fiolek8
Seat 5: BronsonJC
Seat 1: ImaPeppaPig (button) folded before Flop
Seat 2: nastja336 (small blind) collected ($6)
Seat 3: BoyLoc0 (big blind) folded before Flop



PokerStars Hand #254532440763:  Hold'em No Limit ($0.50/$1.00 USD) - 2025/01/24 18:27:52 WET [2025/01/24 13:27:52 ET]
Table 'Seillier IV' 6-max Seat #2 is the button
Seat 4: fiolek8 ($52.12 in chips) is sitting out
Seat 1: ImaPeppaPig ($110.08 in chips) 
Seat 2: nastja336 ($103.50 in chips) 
Seat 3: BoyLoc0 ($104.21 in chips) 
Seat 5: BronsonJC ($100 in chips) 
BoyLoc0: posts small blind $0.50
BronsonJC: posts big blind $1
*** HOLE CARDS ***
ImaPeppaPig: raises $1.50 to $2.50
nastja336: folds 
BoyLoc0: folds 
BronsonJC: folds 
Uncalled bet ($1.50) returned to ImaPeppaPig
ImaPeppaPig collected $2.50 from pot
ImaPeppaPig: doesn't show hand 
*** SUMMARY ***
Total pot $2.50 | Rake $0 
Seat 4: fiolek8
Seat 1: ImaPeppaPig collected ($2.50)
Seat 2: nastja336 (button) folded before Flop (didn't bet)
Seat 3: BoyLoc0 (small blind) folded before Flop
Seat 5: BronsonJC (big blind) folded before Flop



PokerStars Hand #254532444112:  Hold'em No Limit ($0.50/$1.00 USD) - 2025/01/24 18:28:04 WET [2025/01/24 13:28:04 ET]
Table 'Seillier IV' 6-max Seat #3 is the button
Seat 4: fiolek8 ($52.12 in chips) is sitting out
Seat 1: ImaPeppaPig ($111.58 in chips) 
Seat 2: nastja336 ($103.50 in chips) 
Seat 3: BoyLoc0 ($103.71 in chips) 
Seat 5: BronsonJC ($100 in chips) 
BronsonJC: posts small blind $0.50
ImaPeppaPig: posts big blind $1
*** HOLE CARDS ***
nastja336: folds 
BoyLoc0: folds 
BronsonJC: raises $2 to $3
ImaPeppaPig: folds 
Uncalled bet ($2) returned to BronsonJC
BronsonJC collected $2 from pot
BronsonJC: doesn't show hand 
*** SUMMARY ***
Total pot $2 | Rake $0 
Seat 4: fiolek8
Seat 1: ImaPeppaPig (big blind) folded before Flop
Seat 2: nastja336 folded before Flop (didn't bet)
Seat 3: BoyLoc0 (button) folded before Flop (didn't bet)
Seat 5: BronsonJC (small blind) collected ($2)



PokerStars Hand #254532447255:  Hold'em No Limit ($0.50/$1.00 USD) - 2025/01/24 18:28:16 WET [2025/01/24 13:28:16 ET]
Table 'Seillier IV' 6-max Seat #5 is the button
Seat 2: nastja336 ($103.50 in chips) is sitting out
Seat 4: fiolek8 ($52.12 in chips) is sitting out
Seat 1: ImaPeppaPig ($110.58 in chips) 
Seat 3: BoyLoc0 ($103.71 in chips) 
Seat 5: BronsonJC ($101 in chips) 
ImaPeppaPig: posts small blind $0.50
nastja336: is sitting out 
BoyLoc0: posts big blind $1
*** HOLE CARDS ***
nastja336 leaves the table
BronsonJC: raises $1.50 to $2.50
ImaPeppaPig: raises $8.50 to $11
BoyLoc0: folds 
BronsonJC: folds 
Uncalled bet ($8.50) returned to ImaPeppaPig
ImaPeppaPig collected $6 from pot
ImaPeppaPig: doesn't show hand 
*** SUMMARY ***
Total pot $6 | Rake $0 
Seat 2: nastja336
Seat 4: fiolek8
Seat 1: ImaPeppaPig (small blind) collected ($6)
Seat 3: BoyLoc0 (big blind) folded before Flop
Seat 5: BronsonJC (button) folded before Flop



PokerStars Hand #254532452896:  Hold'em No Limit ($0.50/$1.00 USD) - 2025/01/24 18:28:36 WET [2025/01/24 13:28:36 ET]
Table 'Seillier IV' 6-max Seat #1 is the button
Seat 4: fiolek8 ($52.12 in chips) is sitting out
Seat 1: ImaPeppaPig ($114.08 in chips) 
Seat 3: BoyLoc0 ($102.71 in chips) 
Seat 5: BronsonJC ($100 in chips) 
BoyLoc0: posts small blind $0.50
BronsonJC: posts big blind $1
*** HOLE CARDS ***
ImaPeppaPig: raises $1.50 to $2.50
BoyLoc0: folds 
BronsonJC: raises $9.50 to $12
michasia joins the table at seat #2 
ImaPeppaPig: calls $9.50
*** FLOP *** [7d 2h Kd]
BoyLoc0 leaves the table
BronsonJC: bets $7.76
ImaPeppaPig: folds 
Uncalled bet ($7.76) returned to BronsonJC
BronsonJC collected $23.50 from pot
BronsonJC: doesn't show hand 
*** SUMMARY ***
Total pot $24.50 | Rake $1 
Board [7d 2h Kd]
Seat 4: fiolek8
Seat 1: ImaPeppaPig (button) folded on the Flop
Seat 3: BoyLoc0 (small blind) folded before Flop
Seat 5: BronsonJC (big blind) collected ($23.50)



PokerStars Hand #254532462224:  Hold'em No Limit ($0.50/$1.00 USD) - 2025/01/24 18:29:11 WET [2025/01/24 13:29:11 ET]
Table 'Seillier IV' 6-max Seat #5 is the button
Seat 4: fiolek8 ($52.12 in chips) is sitting out
Seat 1: ImaPeppaPig ($102.08 in chips) 
Seat 2: michasia ($100 in chips) 
Seat 5: BronsonJC ($111.50 in chips) 
ImaPeppaPig: posts small blind $0.50
michasia: posts big blind $1
*** HOLE CARDS ***
BronsonJC: raises $1.50 to $2.50
ImaPeppaPig: folds 
michasia: folds 
Uncalled bet ($1.50) returned to BronsonJC
BronsonJC collected $2.50 from pot
BronsonJC: doesn't show hand 
*** SUMMARY ***
Total pot $2.50 | Rake $0 
Seat 4: fiolek8
Seat 1: ImaPeppaPig (small blind) folded before Flop
Seat 2: michasia (big blind) folded before Flop
Seat 5: BronsonJC (button) collected ($2.50)



PokerStars Hand #254532466132:  Hold'em No Limit ($0.50/$1.00 USD) - 2025/01/24 18:29:26 WET [2025/01/24 13:29:26 ET]
Table 'Seillier IV' 6-max Seat #1 is the button
Seat 4: fiolek8 ($52.12 in chips) is sitting out
Seat 1: ImaPeppaPig ($101.58 in chips) 
Seat 2: michasia ($100 in chips) 
Seat 5: BronsonJC ($113 in chips) 
michasia: posts small blind $0.50
BronsonJC: posts big blind $1
*** HOLE CARDS ***
ImaPeppaPig: folds 
michasia: folds 
Uncalled bet ($0.50) returned to BronsonJC
BronsonJC collected $1 from pot
BronsonJC: doesn't show hand 
*** SUMMARY ***
Total pot $1 | Rake $0 
Seat 4: fiolek8
Seat 1: ImaPeppaPig (button) folded before Flop (didn't bet)
Seat 2: michasia (small blind) folded before Flop
Seat 5: BronsonJC (big blind) collected ($1)



PokerStars Hand #254532470395:  Hold'em No Limit ($0.50/$1.00 USD) - 2025/01/24 18:29:41 WET [2025/01/24 13:29:41 ET]
Table 'Seillier IV' 6-max Seat #2 is the button
Seat 4: fiolek8 ($52.12 in chips) is sitting out
Seat 1: ImaPeppaPig ($101.58 in chips) 
Seat 2: michasia ($100 in chips) 
Seat 5: BronsonJC ($113.50 in chips) 
BronsonJC: posts small blind $0.50
ImaPeppaPig: posts big blind $1
*** HOLE CARDS ***
michasia: folds 
BronsonJC: folds 
Uncalled bet ($0.50) returned to ImaPeppaPig
ImaPeppaPig collected $1 from pot
ImaPeppaPig: doesn't show hand 
*** SUMMARY ***
Total pot $1 | Rake $0 
Seat 4: fiolek8
Seat 1: ImaPeppaPig (big blind) collected ($1)
Seat 2: michasia (button) folded before Flop (didn't bet)
Seat 5: BronsonJC (small blind) folded before Flop



PokerStars Hand #254532472379:  Hold'em No Limit ($0.50/$1.00 USD) - 2025/01/24 18:29:48 WET [2025/01/24 13:29:48 ET]
Table 'Seillier IV' 6-max Seat #5 is the button
Seat 4: fiolek8 ($52.12 in chips) is sitting out
Seat 1: ImaPeppaPig ($102.08 in chips) 
Seat 2: michasia ($100 in chips) 
Seat 5: BronsonJC ($113 in chips) 
ImaPeppaPig: posts small blind $0.50
michasia: posts big blind $1
*** HOLE CARDS ***
BronsonJC: folds 
ImaPeppaPig: raises $2 to $3
michasia: raises $6 to $9
ImaPeppaPig: folds 
Uncalled bet ($6) returned to michasia
michasia collected $6 from pot
michasia: doesn't show hand 
*** SUMMARY ***
Total pot $6 | Rake $0 
Seat 4: fiolek8
Seat 1: ImaPeppaPig (small blind) folded before Flop
Seat 2: michasia (big blind) collected ($6)
Seat 5: BronsonJC (button) folded before Flop (didn't bet)



PokerStars Hand #254532477164:  Hold'em No Limit ($0.50/$1.00 USD) - 2025/01/24 18:30:05 WET [2025/01/24 13:30:05 ET]
Table 'Seillier IV' 6-max Seat #1 is the button
Seat 4: fiolek8 ($52.12 in chips) is sitting out
Seat 1: ImaPeppaPig ($100 in chips) 
Seat 2: michasia ($103 in chips) 
Seat 5: BronsonJC ($113 in chips) 
michasia: posts small blind $0.50
BronsonJC: posts big blind $1
*** HOLE CARDS ***
ImaPeppaPig: raises $1.50 to $2.50
michasia: folds 
BronsonJC: folds 
Uncalled bet ($1.50) returned to ImaPeppaPig
ImaPeppaPig collected $2.50 from pot
ImaPeppaPig: doesn't show hand 
*** SUMMARY ***
Total pot $2.50 | Rake $0 
Seat 4: fiolek8
Seat 1: ImaPeppaPig (button) collected ($2.50)
Seat 2: michasia (small blind) folded before Flop
Seat 5: BronsonJC (big blind) folded before Flop



PokerStars Hand #254532480467:  Hold'em No Limit ($0.50/$1.00 USD) - 2025/01/24 18:30:18 WET [2025/01/24 13:30:18 ET]
Table 'Seillier IV' 6-max Seat #2 is the button
Seat 4: fiolek8 ($52.12 in chips) is sitting out
Seat 1: ImaPeppaPig ($101.50 in chips) 
Seat 2: michasia ($102.50 in chips) 
Seat 5: BronsonJC ($112 in chips) 
BronsonJC: posts small blind $0.50
ImaPeppaPig: posts big blind $1
*** HOLE CARDS ***
michasia: raises $1.80 to $2.80
BronsonJC: folds 
ImaPeppaPig: folds 
Uncalled bet ($1.80) returned to michasia
michasia collected $2.50 from pot
michasia: doesn't show hand 
*** SUMMARY ***
Total pot $2.50 | Rake $0 
Seat 4: fiolek8
Seat 1: ImaPeppaPig (big blind) folded before Flop
Seat 2: michasia (button) collected ($2.50)
Seat 5: BronsonJC (small blind) folded before Flop



PokerStars Hand #254532483484:  Hold'em No Limit ($0.50/$1.00 USD) - 2025/01/24 18:30:29 WET [2025/01/24 13:30:29 ET]
Table 'Seillier IV' 6-max Seat #5 is the button
Seat 4: fiolek8 ($52.12 in chips) is sitting out
Seat 1: ImaPeppaPig ($100.50 in chips) 
Seat 2: michasia ($104 in chips) 
Seat 5: BronsonJC ($111.50 in chips) 
ImaPeppaPig: posts small blind $0.50
michasia: posts big blind $1
*** HOLE CARDS ***
BronsonJC: raises $1.50 to $2.50
ImaPeppaPig: folds 
michasia: folds 
Uncalled bet ($1.50) returned to BronsonJC
BronsonJC collected $2.50 from pot
BronsonJC: doesn't show hand 
*** SUMMARY ***
Total pot $2.50 | Rake $0 
Seat 4: fiolek8
Seat 1: ImaPeppaPig (small blind) folded before Flop
Seat 2: michasia (big blind) folded before Flop
Seat 5: BronsonJC (button) collected ($2.50)



PokerStars Hand #254532487213:  Hold'em No Limit ($0.50/$1.00 USD) - 2025/01/24 18:30:42 WET [2025/01/24 13:30:42 ET]
Table 'Seillier IV' 6-max Seat #2 is the button
Seat 4: fiolek8 ($52.12 in chips) is sitting out
Seat 5: BronsonJC ($113 in chips) is sitting out
Seat 1: ImaPeppaPig ($100 in chips) 
Seat 2: michasia ($103 in chips) 
michasia: posts small blind $0.50
BronsonJC: is sitting out 
ImaPeppaPig: posts big blind $1
*** HOLE CARDS ***
michasia: folds 
Uncalled bet ($0.50) returned to ImaPeppaPig
ImaPeppaPig collected $1 from pot
ImaPeppaPig: doesn't show hand 
BronsonJC leaves the table
*** SUMMARY ***
Total pot $1 | Rake $0 
Seat 4: fiolek8
Seat 5: BronsonJC
Seat 1: ImaPeppaPig (big blind) collected ($1)
Seat 2: michasia (button) (small blind) folded before Flop



PokerStars Hand #254532490615:  Hold'em No Limit ($0.50/$1.00 USD) - 2025/01/24 18:30:54 WET [2025/01/24 13:30:54 ET]
Table 'Seillier IV' 6-max Seat #1 is the button
Seat 4: fiolek8 ($52.12 in chips) is sitting out
Seat 1: ImaPeppaPig ($100.50 in chips) 
Seat 2: michasia ($102.50 in chips) 
ImaPeppaPig: posts small blind $0.50
michasia: posts big blind $1
*** HOLE CARDS ***
ImaPeppaPig: raises $1.50 to $2.50
michasia: calls $1.50
*** FLOP *** [2c 6h Kh]
michasia: checks 
ImaPeppaPig: bets $1.47
michasia: folds 
Uncalled bet ($1.47) returned to ImaPeppaPig
ImaPeppaPig collected $4.75 from pot
ImaPeppaPig: doesn't show hand 
*** SUMMARY ***
Total pot $5 | Rake $0.25 
Board [2c 6h Kh]
Seat 4: fiolek8
Seat 1: ImaPeppaPig (button) (small blind) collected ($4.75)
Seat 2: michasia (big blind) folded on the Flop



PokerStars Hand #254532497062:  Hold'em No Limit ($0.50/$1.00 USD) - 2025/01/24 18:31:18 WET [2025/01/24 13:31:18 ET]
Table 'Seillier IV' 6-max Seat #2 is the button
Seat 4: fiolek8 ($52.12 in chips) is sitting out
Seat 1: ImaPeppaPig ($102.75 in chips) 
Seat 2: michasia ($100 in chips) 
michasia: posts small blind $0.50
ImaPeppaPig: posts big blind $1
*** HOLE CARDS ***
michasia: folds 
Uncalled bet ($0.50) returned to ImaPeppaPig
ImaPeppaPig collected $1 from pot
ImaPeppaPig: doesn't show hand 
*** SUMMARY ***
Total pot $1 | Rake $0 
Seat 4: fiolek8
Seat 1: ImaPeppaPig (big blind) collected ($1)
Seat 2: michasia (button) (small blind) folded before Flop



