PokerStars Hand #254529798252:  Hold'em No Limit ($0.50/$1.00 USD) - 2025/01/24 15:20:37 WET [2025/01/24 10:20:37 ET]
Table 'Franzia IV' 6-max Seat #2 is the button
Seat 2: MAO_DZEDYN_S ($100 in chips) 
Seat 4: UnderC@t ($100 in chips) 
MAO_DZEDYN_S: posts small blind $0.50
UnderC@t: posts big blind $1
*** HOLE CARDS ***
MAO_DZEDYN_S: raises $1.25 to $2.25
UnderC@t: folds 
Uncalled bet ($1.25) returned to MAO_DZEDYN_S
MAO_DZEDYN_S collected $2 from pot
MAO_DZEDYN_S: doesn't show hand 
*** SUMMARY ***
Total pot $2 | Rake $0 
Seat 2: MAO_DZEDYN_S (button) (small blind) collected ($2)
Seat 4: UnderC@t (big blind) folded before Flop



PokerStars Hand #254529801697:  Hold'em No Limit ($0.50/$1.00 USD) - 2025/01/24 15:20:54 WET [2025/01/24 10:20:54 ET]
Table 'Franzia IV' 6-max Seat #4 is the button
Seat 2: MAO_DZEDYN_S ($101 in chips) 
Seat 4: UnderC@t ($100 in chips) 
UnderC@t: posts small blind $0.50
MAO_DZEDYN_S: posts big blind $1
*** HOLE CARDS ***
UnderC@t: raises $1.50 to $2.50
MAO_DZEDYN_S: folds 
Uncalled bet ($1.50) returned to UnderC@t
UnderC@t collected $2 from pot
UnderC@t: doesn't show hand 
*** SUMMARY ***
Total pot $2 | Rake $0 
Seat 2: MAO_DZEDYN_S (big blind) folded before Flop
Seat 4: UnderC@t (button) (small blind) collected ($2)



