PokerStars Hand #254537584757:  Hold'em No Limit ($0.50/$1.00 USD) - 2025/01/24 22:57:04 WET [2025/01/24 17:57:04 ET]
Table 'Boreas III' 6-max Seat #3 is the button
Seat 1: nikalas22 ($108.50 in chips) 
Seat 2: reiyser ($102.48 in chips) 
Seat 3: JUANS2 ($101.50 in chips) 
Seat 4: Aescul@pius ($125.95 in chips) 
Seat 5: p2rtats ($75.57 in chips) 
Seat 6: Mr_Dick666 ($101.50 in chips) 
Aescul@pius: posts small blind $0.50
p2rtats: posts big blind $1
*** HOLE CARDS ***
Mr_Dick666: folds 
nikalas22: folds 
reiyser: folds 
JUANS2: folds 
Aescul@pius: folds 
Uncalled bet ($0.50) returned to p2rtats
p2rtats collected $1 from pot
*** SUMMARY ***
Total pot $1 | Rake $0 
Seat 1: nikalas22 folded before Flop (didn't bet)
Seat 2: reiyser folded before Flop (didn't bet)
Seat 3: JUANS2 (button) folded before Flop (didn't bet)
Seat 4: Aescul@pius (small blind) folded before Flop
Seat 5: p2rtats (big blind) collected ($1)
Seat 6: Mr_Dick666 folded before Flop (didn't bet)



PokerStars Hand #254537587602:  Hold'em No Limit ($0.50/$1.00 USD) - 2025/01/24 22:57:17 WET [2025/01/24 17:57:17 ET]
Table 'Boreas III' 6-max Seat #4 is the button
Seat 1: nikalas22 ($108.50 in chips) 
Seat 2: reiyser ($102.48 in chips) 
Seat 3: JUANS2 ($101.50 in chips) 
Seat 4: Aescul@pius ($125.45 in chips) 
Seat 5: p2rtats ($76.07 in chips) 
Seat 6: Mr_Dick666 ($101.50 in chips) 
p2rtats: posts small blind $0.50
Mr_Dick666: posts big blind $1
*** HOLE CARDS ***
nikalas22: folds 
reiyser: folds 
JUANS2: folds 
Aescul@pius: folds 
p2rtats is disconnected 
p2rtats has timed out while disconnected
p2rtats: folds 
Uncalled bet ($0.50) returned to Mr_Dick666
Mr_Dick666 collected $1 from pot
Mr_Dick666: doesn't show hand 
*** SUMMARY ***
Total pot $1 | Rake $0 
Seat 1: nikalas22 folded before Flop (didn't bet)
Seat 2: reiyser folded before Flop (didn't bet)
Seat 3: JUANS2 folded before Flop (didn't bet)
Seat 4: Aescul@pius (button) folded before Flop (didn't bet)
Seat 5: p2rtats (small blind) folded before Flop
Seat 6: Mr_Dick666 (big blind) collected ($1)



PokerStars Hand #254537595696:  Hold'em No Limit ($0.50/$1.00 USD) - 2025/01/24 22:57:55 WET [2025/01/24 17:57:55 ET]
Table 'Boreas III' 6-max Seat #6 is the button
Seat 5: p2rtats ($75.57 in chips) is sitting out
Seat 1: nikalas22 ($108.50 in chips) 
Seat 2: reiyser ($102.48 in chips) 
Seat 3: JUANS2 ($101.50 in chips) 
Seat 4: Aescul@pius ($125.45 in chips) 
Seat 6: Mr_Dick666 ($102 in chips) 
nikalas22: posts small blind $0.50
reiyser: posts big blind $1
*** HOLE CARDS ***
JUANS2: folds 
Aescul@pius: folds 
Mr_Dick666: folds 
nikalas22: folds 
Uncalled bet ($0.50) returned to reiyser
reiyser collected $1 from pot
reiyser: doesn't show hand 
*** SUMMARY ***
Total pot $1 | Rake $0 
Seat 5: p2rtats
Seat 1: nikalas22 (small blind) folded before Flop
Seat 2: reiyser (big blind) collected ($1)
Seat 3: JUANS2 folded before Flop (didn't bet)
Seat 4: Aescul@pius folded before Flop (didn't bet)
Seat 6: Mr_Dick666 (button) folded before Flop (didn't bet)



PokerStars Hand #254537597750:  Hold'em No Limit ($0.50/$1.00 USD) - 2025/01/24 22:58:04 WET [2025/01/24 17:58:04 ET]
Table 'Boreas III' 6-max Seat #1 is the button
Seat 5: p2rtats ($75.57 in chips) is sitting out
Seat 1: nikalas22 ($108 in chips) 
Seat 2: reiyser ($102.98 in chips) 
Seat 3: JUANS2 ($101.50 in chips) 
Seat 4: Aescul@pius ($125.45 in chips) 
Seat 6: Mr_Dick666 ($102 in chips) 
reiyser: posts small blind $0.50
JUANS2: posts big blind $1
*** HOLE CARDS ***
Aescul@pius: folds 
Mr_Dick666: raises $1.50 to $2.50
nikalas22: folds 
reiyser: folds 
JUANS2: folds 
Uncalled bet ($1.50) returned to Mr_Dick666
Mr_Dick666 collected $2.50 from pot
Mr_Dick666: doesn't show hand 
*** SUMMARY ***
Total pot $2.50 | Rake $0 
Seat 5: p2rtats
Seat 1: nikalas22 (button) folded before Flop (didn't bet)
Seat 2: reiyser (small blind) folded before Flop
Seat 3: JUANS2 (big blind) folded before Flop
Seat 4: Aescul@pius folded before Flop (didn't bet)
Seat 6: Mr_Dick666 collected ($2.50)



PokerStars Hand #254537602885:  Hold'em No Limit ($0.50/$1.00 USD) - 2025/01/24 22:58:28 WET [2025/01/24 17:58:28 ET]
Table 'Boreas III' 6-max Seat #2 is the button
Seat 5: p2rtats ($75.57 in chips) is sitting out
Seat 1: nikalas22 ($108 in chips) 
Seat 2: reiyser ($102.48 in chips) 
Seat 3: JUANS2 ($100.50 in chips) 
Seat 4: Aescul@pius ($125.45 in chips) 
Seat 6: Mr_Dick666 ($103.50 in chips) 
JUANS2: posts small blind $0.50
Aescul@pius: posts big blind $1
*** HOLE CARDS ***
Mr_Dick666: folds 
nikalas22: raises $1.50 to $2.50
reiyser: folds 
JUANS2: folds 
Aescul@pius: folds 
Uncalled bet ($1.50) returned to nikalas22
nikalas22 collected $2.50 from pot
nikalas22: doesn't show hand 
*** SUMMARY ***
Total pot $2.50 | Rake $0 
Seat 5: p2rtats
Seat 1: nikalas22 collected ($2.50)
Seat 2: reiyser (button) folded before Flop (didn't bet)
Seat 3: JUANS2 (small blind) folded before Flop
Seat 4: Aescul@pius (big blind) folded before Flop
Seat 6: Mr_Dick666 folded before Flop (didn't bet)



PokerStars Hand #254537608559:  Hold'em No Limit ($0.50/$1.00 USD) - 2025/01/24 22:58:55 WET [2025/01/24 17:58:55 ET]
Table 'Boreas III' 6-max Seat #3 is the button
Seat 5: p2rtats ($75.57 in chips) is sitting out
Seat 1: nikalas22 ($109.50 in chips) 
Seat 2: reiyser ($102.48 in chips) 
Seat 3: JUANS2 ($100 in chips) 
Seat 4: Aescul@pius ($124.45 in chips) 
Seat 6: Mr_Dick666 ($103.50 in chips) 
Aescul@pius: posts small blind $0.50
Mr_Dick666: posts big blind $1
*** HOLE CARDS ***
nikalas22: folds 
reiyser: raises $1.23 to $2.23
JUANS2: raises $5.27 to $7.50
Aescul@pius: folds 
Mr_Dick666: folds 
reiyser: folds 
Uncalled bet ($5.27) returned to JUANS2
JUANS2 collected $5.96 from pot
JUANS2: doesn't show hand 
*** SUMMARY ***
Total pot $5.96 | Rake $0 
Seat 5: p2rtats
Seat 1: nikalas22 folded before Flop (didn't bet)
Seat 2: reiyser folded before Flop
Seat 3: JUANS2 (button) collected ($5.96)
Seat 4: Aescul@pius (small blind) folded before Flop
Seat 6: Mr_Dick666 (big blind) folded before Flop



PokerStars Hand #254537613176:  Hold'em No Limit ($0.50/$1.00 USD) - 2025/01/24 22:59:17 WET [2025/01/24 17:59:17 ET]
Table 'Boreas III' 6-max Seat #4 is the button
Seat 1: nikalas22 ($109.50 in chips) is sitting out
Seat 5: p2rtats ($75.57 in chips) is sitting out
Seat 2: reiyser ($100.25 in chips) 
Seat 3: JUANS2 ($103.73 in chips) 
Seat 4: Aescul@pius ($123.95 in chips) 
Seat 6: Mr_Dick666 ($102.50 in chips) 
Mr_Dick666: posts small blind $0.50
nikalas22: is sitting out 
reiyser: posts big blind $1
*** HOLE CARDS ***
nikalas22 leaves the table
JUANS2: folds 
Aescul@pius: folds 
Mr_Dick666: folds 
Uncalled bet ($0.50) returned to reiyser
reiyser collected $1 from pot
reiyser: doesn't show hand 
*** SUMMARY ***
Total pot $1 | Rake $0 
Seat 1: nikalas22
Seat 5: p2rtats
Seat 2: reiyser (big blind) collected ($1)
Seat 3: JUANS2 folded before Flop (didn't bet)
Seat 4: Aescul@pius (button) folded before Flop (didn't bet)
Seat 6: Mr_Dick666 (small blind) folded before Flop



PokerStars Hand #254537615354:  Hold'em No Limit ($0.50/$1.00 USD) - 2025/01/24 22:59:28 WET [2025/01/24 17:59:28 ET]
Table 'Boreas III' 6-max Seat #6 is the button
Seat 3: JUANS2 ($103.73 in chips) is sitting out
Seat 5: p2rtats ($75.57 in chips) is sitting out
Seat 2: reiyser ($100.75 in chips) 
Seat 4: Aescul@pius ($123.95 in chips) 
Seat 6: Mr_Dick666 ($102 in chips) 
reiyser: posts small blind $0.50
JUANS2: is sitting out 
Aescul@pius: posts big blind $1
*** HOLE CARDS ***
tintin641 joins the table at seat #1 
Mr_Dick666: folds 
reiyser: folds 
Uncalled bet ($0.50) returned to Aescul@pius
Aescul@pius collected $1 from pot
Aescul@pius: doesn't show hand 
*** SUMMARY ***
Total pot $1 | Rake $0 
Seat 3: JUANS2
Seat 5: p2rtats
Seat 2: reiyser (small blind) folded before Flop
Seat 4: Aescul@pius (big blind) collected ($1)
Seat 6: Mr_Dick666 (button) folded before Flop (didn't bet)



PokerStars Hand #254537616809:  Hold'em No Limit ($0.50/$1.00 USD) - 2025/01/24 22:59:34 WET [2025/01/24 17:59:34 ET]
Table 'Boreas III' 6-max Seat #2 is the button
Seat 1: tintin641 ($100 in chips) is sitting out
Seat 3: JUANS2 ($103.73 in chips) is sitting out
Seat 5: p2rtats ($75.57 in chips) is sitting out
Seat 2: reiyser ($100.25 in chips) 
Seat 4: Aescul@pius ($124.45 in chips) 
Seat 6: Mr_Dick666 ($102 in chips) 
Aescul@pius: posts small blind $0.50
Mr_Dick666: posts big blind $1
tintin641: sits out 
*** HOLE CARDS ***
reiyser: folds 
Aescul@pius: folds 
Uncalled bet ($0.50) returned to Mr_Dick666
Mr_Dick666 collected $1 from pot
Mr_Dick666: doesn't show hand 
*** SUMMARY ***
Total pot $1 | Rake $0 
Seat 1: tintin641
Seat 3: JUANS2
Seat 5: p2rtats
Seat 2: reiyser (button) folded before Flop (didn't bet)
Seat 4: Aescul@pius (small blind) folded before Flop
Seat 6: Mr_Dick666 (big blind) collected ($1)



PokerStars Hand #254537618281:  Hold'em No Limit ($0.50/$1.00 USD) - 2025/01/24 22:59:42 WET [2025/01/24 17:59:42 ET]
Table 'Boreas III' 6-max Seat #4 is the button
Seat 3: JUANS2 ($103.73 in chips) is sitting out
Seat 5: p2rtats ($75.57 in chips) is sitting out
Seat 1: tintin641 ($100 in chips) 
Seat 2: reiyser ($100.25 in chips) 
Seat 4: Aescul@pius ($123.95 in chips) 
Seat 6: Mr_Dick666 ($102.50 in chips) 
Mr_Dick666: posts small blind $0.50
tintin641: posts big blind $1
*** HOLE CARDS ***
reiyser: raises $1.23 to $2.23
Aescul@pius: folds 
Mr_Dick666: folds 
tintin641: raises $9.77 to $12
reiyser: folds 
Uncalled bet ($9.77) returned to tintin641
tintin641 collected $4.96 from pot
tintin641: doesn't show hand 
*** SUMMARY ***
Total pot $4.96 | Rake $0 
Seat 3: JUANS2
Seat 5: p2rtats
Seat 1: tintin641 (big blind) collected ($4.96)
Seat 2: reiyser folded before Flop
Seat 4: Aescul@pius (button) folded before Flop (didn't bet)
Seat 6: Mr_Dick666 (small blind) folded before Flop



PokerStars Hand #254537623031:  Hold'em No Limit ($0.50/$1.00 USD) - 2025/01/24 23:00:03 WET [2025/01/24 18:00:03 ET]
Table 'Boreas III' 6-max Seat #6 is the button
Seat 2: reiyser ($100 in chips) is sitting out
Seat 3: JUANS2 ($103.73 in chips) is sitting out
Seat 5: p2rtats ($75.57 in chips) is sitting out
Seat 1: tintin641 ($102.73 in chips) 
Seat 4: Aescul@pius ($123.95 in chips) 
Seat 6: Mr_Dick666 ($102 in chips) 
tintin641: posts small blind $0.50
reiyser: is sitting out 
Aescul@pius: posts big blind $1
*** HOLE CARDS ***
Mr_Dick666: folds 
tintin641: raises $2 to $3
reiyser leaves the table
Aescul@pius: calls $2
*** FLOP *** [Ts 6c 4s]
JUANS2 leaves the table
tintin641: checks 
Aescul@pius: bets $3.06
tintin641: calls $3.06
*** TURN *** [Ts 6c 4s] [3h]
tintin641: checks 
Aescul@pius: bets $5.75
tintin641: folds 
Uncalled bet ($5.75) returned to Aescul@pius
Aescul@pius collected $11.51 from pot
Aescul@pius: doesn't show hand 
*** SUMMARY ***
Total pot $12.12 | Rake $0.61 
Board [Ts 6c 4s 3h]
Seat 2: reiyser
Seat 3: JUANS2
Seat 5: p2rtats
Seat 1: tintin641 (small blind) folded on the Turn
Seat 4: Aescul@pius (big blind) collected ($11.51)
Seat 6: Mr_Dick666 (button) folded before Flop (didn't bet)



PokerStars Hand #254537640348:  Hold'em No Limit ($0.50/$1.00 USD) - 2025/01/24 23:01:17 WET [2025/01/24 18:01:17 ET]
Table 'Boreas III' 6-max Seat #1 is the button
Seat 5: p2rtats ($75.57 in chips) is sitting out
Seat 1: tintin641 ($100 in chips) 
Seat 4: Aescul@pius ($129.40 in chips) 
Seat 6: Mr_Dick666 ($102 in chips) 
Aescul@pius: posts small blind $0.50
Mr_Dick666: posts big blind $1
*** HOLE CARDS ***
tintin641: folds 
Aescul@pius: folds 
Uncalled bet ($0.50) returned to Mr_Dick666
Mr_Dick666 collected $1 from pot
Mr_Dick666: doesn't show hand 
*** SUMMARY ***
Total pot $1 | Rake $0 
Seat 5: p2rtats
Seat 1: tintin641 (button) folded before Flop (didn't bet)
Seat 4: Aescul@pius (small blind) folded before Flop
Seat 6: Mr_Dick666 (big blind) collected ($1)



PokerStars Hand #254537642378:  Hold'em No Limit ($0.50/$1.00 USD) - 2025/01/24 23:01:25 WET [2025/01/24 18:01:25 ET]
Table 'Boreas III' 6-max Seat #4 is the button
Seat 5: p2rtats ($75.57 in chips) is sitting out
Seat 1: tintin641 ($100 in chips) 
Seat 4: Aescul@pius ($128.90 in chips) 
Seat 6: Mr_Dick666 ($102.50 in chips) 
Mr_Dick666: posts small blind $0.50
tintin641: posts big blind $1
*** HOLE CARDS ***
Aescul@pius: folds 
Mr_Dick666: folds 
Uncalled bet ($0.50) returned to tintin641
tintin641 collected $1 from pot
tintin641: doesn't show hand 
*** SUMMARY ***
Total pot $1 | Rake $0 
Seat 5: p2rtats
Seat 1: tintin641 (big blind) collected ($1)
Seat 4: Aescul@pius (button) folded before Flop (didn't bet)
Seat 6: Mr_Dick666 (small blind) folded before Flop



PokerStars Hand #254537645770:  Hold'em No Limit ($0.50/$1.00 USD) - 2025/01/24 23:01:39 WET [2025/01/24 18:01:39 ET]
Table 'Boreas III' 6-max Seat #6 is the button
Seat 5: p2rtats ($75.57 in chips) is sitting out
Seat 1: tintin641 ($100.50 in chips) 
Seat 4: Aescul@pius ($128.90 in chips) 
Seat 6: Mr_Dick666 ($102 in chips) 
tintin641: posts small blind $0.50
Aescul@pius: posts big blind $1
*** HOLE CARDS ***
Mr_Dick666: raises $1.50 to $2.50
tintin641: folds 
Aescul@pius: folds 
Uncalled bet ($1.50) returned to Mr_Dick666
Mr_Dick666 collected $2.50 from pot
Mr_Dick666: doesn't show hand 
*** SUMMARY ***
Total pot $2.50 | Rake $0 
Seat 5: p2rtats
Seat 1: tintin641 (small blind) folded before Flop
Seat 4: Aescul@pius (big blind) folded before Flop
Seat 6: Mr_Dick666 (button) collected ($2.50)



PokerStars Hand #254537651191:  Hold'em No Limit ($0.50/$1.00 USD) - 2025/01/24 23:01:58 WET [2025/01/24 18:01:58 ET]
Table 'Boreas III' 6-max Seat #1 is the button
Seat 5: p2rtats ($75.57 in chips) is sitting out
Seat 1: tintin641 ($100 in chips) 
Seat 4: Aescul@pius ($127.90 in chips) 
Seat 6: Mr_Dick666 ($103.50 in chips) 
Aescul@pius: posts small blind $0.50
Mr_Dick666: posts big blind $1
*** HOLE CARDS ***
tintin641: folds 
andutu34 joins the table at seat #3 
Aescul@pius: folds 
Uncalled bet ($0.50) returned to Mr_Dick666
Mr_Dick666 collected $1 from pot
p2rtats leaves the table
Mr_Dick666: doesn't show hand 
*** SUMMARY ***
Total pot $1 | Rake $0 
Seat 5: p2rtats
Seat 1: tintin641 (button) folded before Flop (didn't bet)
Seat 4: Aescul@pius (small blind) folded before Flop
Seat 6: Mr_Dick666 (big blind) collected ($1)



PokerStars Hand #254537655534:  Hold'em No Limit ($0.50/$1.00 USD) - 2025/01/24 23:02:14 WET [2025/01/24 18:02:14 ET]
Table 'Boreas III' 6-max Seat #4 is the button
Seat 1: tintin641 ($100 in chips) is sitting out
Seat 3: andutu34 ($100 in chips) 
Seat 4: Aescul@pius ($127.40 in chips) 
Seat 6: Mr_Dick666 ($104 in chips) 
Mr_Dick666: posts small blind $0.50
tintin641: is sitting out 
andutu34: posts big blind $1
*** HOLE CARDS ***
tintin641 leaves the table
Aescul@pius: folds 
Mr_Dick666: raises $1.50 to $2.50
andutu34: calls $1.50
*** FLOP *** [2h 8h Kc]
Mr_Dick666: bets $1.57
andutu34: calls $1.57
*** TURN *** [2h 8h Kc] [6s]
Mr_Dick666: checks 
andutu34: checks 
*** RIVER *** [2h 8h Kc 6s] [Td]
Mr_Dick666: bets $5.10
andutu34: folds 
Uncalled bet ($5.10) returned to Mr_Dick666
Mr_Dick666 collected $7.73 from pot
Mr_Dick666: doesn't show hand 
*** SUMMARY ***
Total pot $8.14 | Rake $0.41 
Board [2h 8h Kc 6s Td]
Seat 1: tintin641
Seat 3: andutu34 (big blind) folded on the River
Seat 4: Aescul@pius (button) folded before Flop (didn't bet)
Seat 6: Mr_Dick666 (small blind) collected ($7.73)



PokerStars Hand #254537674366:  Hold'em No Limit ($0.50/$1.00 USD) - 2025/01/24 23:03:22 WET [2025/01/24 18:03:22 ET]
Table 'Boreas III' 6-max Seat #6 is the button
Seat 3: andutu34 ($100 in chips) 
Seat 4: Aescul@pius ($127.40 in chips) 
Seat 6: Mr_Dick666 ($107.66 in chips) 
andutu34: posts small blind $0.50
Aescul@pius: posts big blind $1
*** HOLE CARDS ***
Mr_Dick666: folds 
andutu34: folds 
Uncalled bet ($0.50) returned to Aescul@pius
Aescul@pius collected $1 from pot
Aescul@pius: doesn't show hand 
*** SUMMARY ***
Total pot $1 | Rake $0 
Seat 3: andutu34 (small blind) folded before Flop
Seat 4: Aescul@pius (big blind) collected ($1)
Seat 6: Mr_Dick666 (button) folded before Flop (didn't bet)



PokerStars Hand #254537994209:  Hold'em No Limit ($0.50/$1.00 USD) - 2025/01/24 23:22:44 WET [2025/01/24 18:22:44 ET]
Table 'Boreas III' 6-max Seat #3 is the button
Seat 1: nikalas22 ($100.50 in chips) 
Seat 3: XneferX ($106.25 in chips) 
Seat 5: BGS013 ($100 in chips) 
BGS013: posts small blind $0.50
nikalas22: posts big blind $1
*** HOLE CARDS ***
XneferX: folds 
XneferX leaves the table
BGS013: raises $2 to $3
nikalas22: calls $2
*** FLOP *** [7h 5h 3d]
BGS013: checks 
nikalas22: checks 
*** TURN *** [7h 5h 3d] [Ah]
BGS013: checks 
nikalas22: checks 
*** RIVER *** [7h 5h 3d Ah] [2s]
BGS013: checks 
nikalas22: bets $4.28
BGS013: calls $4.28
*** SHOW DOWN ***
nikalas22: shows [2h 2c] (three of a kind, Deuces)
BGS013: mucks hand 
nikalas22 collected $13.83 from pot
*** SUMMARY ***
Total pot $14.56 | Rake $0.73 
Board [7h 5h 3d Ah 2s]
Seat 1: nikalas22 (big blind) showed [2h 2c] and won ($13.83) with three of a kind, Deuces
Seat 3: XneferX (button) folded before Flop (didn't bet)
Seat 5: BGS013 (small blind) mucked



PokerStars Hand #254538618434:  Hold'em No Limit ($0.50/$1.00 USD) - 2025/01/24 0:03:52 WET [2025/01/24 19:03:52 ET]
Table 'Boreas III' 6-max Seat #1 is the button
Seat 4: XneferX ($106.75 in chips) is sitting out
Seat 5: Unipoker11 ($100 in chips) is sitting out
Seat 6: pr0tecto ($100 in chips) is sitting out
Seat 1: nikalas22 ($106.05 in chips) 
Seat 2: Klemmis ($138.54 in chips) 
Seat 3: z00mba ($100 in chips) 
Klemmis: posts small blind $0.50
z00mba: posts big blind $1
Unipoker11: sits out 
pr0tecto: sits out 
*** HOLE CARDS ***
nikalas22: folds 
Klemmis: raises $2 to $3
z00mba: folds 
Uncalled bet ($2) returned to Klemmis
Klemmis collected $2 from pot
Klemmis: doesn't show hand 
*** SUMMARY ***
Total pot $2 | Rake $0 
Seat 4: XneferX
Seat 5: Unipoker11
Seat 6: pr0tecto
Seat 1: nikalas22 (button) folded before Flop (didn't bet)
Seat 2: Klemmis (small blind) collected ($2)
Seat 3: z00mba (big blind) folded before Flop



PokerStars Hand #254538621790:  Hold'em No Limit ($0.50/$1.00 USD) - 2025/01/24 0:04:06 WET [2025/01/24 19:04:06 ET]
Table 'Boreas III' 6-max Seat #2 is the button
Seat 4: XneferX ($106.75 in chips) is sitting out
Seat 6: pr0tecto ($100 in chips) is sitting out
Seat 1: nikalas22 ($106.05 in chips) 
Seat 2: Klemmis ($139.54 in chips) 
Seat 3: z00mba ($100 in chips) 
Seat 5: Unipoker11 ($100 in chips) 
z00mba: posts small blind $0.50
Unipoker11: posts big blind $1
pr0tecto: sits out 
*** HOLE CARDS ***
nikalas22: folds 
Klemmis: folds 
Klemmis leaves the table
z00mba: folds 
Uncalled bet ($0.50) returned to Unipoker11
Unipoker11 collected $1 from pot
Unipoker11: doesn't show hand 
*** SUMMARY ***
Total pot $1 | Rake $0 
Seat 4: XneferX
Seat 6: pr0tecto
Seat 1: nikalas22 folded before Flop (didn't bet)
Seat 2: Klemmis (button) folded before Flop (didn't bet)
Seat 3: z00mba (small blind) folded before Flop
Seat 5: Unipoker11 (big blind) collected ($1)



PokerStars Hand #254538627514:  Hold'em No Limit ($0.50/$1.00 USD) - 2025/01/24 0:04:30 WET [2025/01/24 19:04:30 ET]
Table 'Boreas III' 6-max Seat #3 is the button
Seat 4: XneferX ($106.75 in chips) is sitting out
Seat 1: nikalas22 ($106.05 in chips) 
Seat 3: z00mba ($100 in chips) 
Seat 5: Unipoker11 ($100.50 in chips) 
Seat 6: pr0tecto ($100 in chips) 
Unipoker11: posts small blind $0.50
pr0tecto: posts big blind $1
*** HOLE CARDS ***
nikalas22: raises $1.50 to $2.50
z00mba: folds 
Unipoker11: folds 
KMA2525 joins the table at seat #2 
pr0tecto: folds 
Uncalled bet ($1.50) returned to nikalas22
nikalas22 collected $2.50 from pot
nikalas22: doesn't show hand 
*** SUMMARY ***
Total pot $2.50 | Rake $0 
Seat 4: XneferX
Seat 1: nikalas22 collected ($2.50)
Seat 3: z00mba (button) folded before Flop (didn't bet)
Seat 5: Unipoker11 (small blind) folded before Flop
Seat 6: pr0tecto (big blind) folded before Flop



PokerStars Hand #254538631479:  Hold'em No Limit ($0.50/$1.00 USD) - 2025/01/24 0:04:46 WET [2025/01/24 19:04:46 ET]
Table 'Boreas III' 6-max Seat #5 is the button
Seat 2: KMA2525 ($100 in chips) is sitting out
Seat 4: XneferX ($106.75 in chips) is sitting out
Seat 1: nikalas22 ($107.55 in chips) 
Seat 3: z00mba ($100 in chips) 
Seat 5: Unipoker11 ($100 in chips) 
Seat 6: pr0tecto ($99 in chips) 
pr0tecto: posts small blind $0.50
nikalas22: posts big blind $1
KMA2525: sits out 
*** HOLE CARDS ***
z00mba: folds 
Unipoker11: raises $1.50 to $2.50
pr0tecto: calls $2
nikalas22: folds 
*** FLOP *** [Kh Jc As]
pr0tecto: checks 
Unipoker11: bets $1.43
pr0tecto: calls $1.43
*** TURN *** [Kh Jc As] [6h]
pr0tecto: checks 
Unipoker11: bets $8.42
pr0tecto: folds 
Uncalled bet ($8.42) returned to Unipoker11
Unipoker11 collected $8.42 from pot
Unipoker11: doesn't show hand 
*** SUMMARY ***
Total pot $8.86 | Rake $0.44 
Board [Kh Jc As 6h]
Seat 2: KMA2525
Seat 4: XneferX
Seat 1: nikalas22 (big blind) folded before Flop
Seat 3: z00mba folded before Flop (didn't bet)
Seat 5: Unipoker11 (button) collected ($8.42)
Seat 6: pr0tecto (small blind) folded on the Turn



PokerStars Hand #254538643362:  Hold'em No Limit ($0.50/$1.00 USD) - 2025/01/24 0:05:35 WET [2025/01/24 19:05:35 ET]
Table 'Boreas III' 6-max Seat #6 is the button
Seat 4: XneferX ($106.75 in chips) is sitting out
Seat 1: nikalas22 ($106.55 in chips) 
Seat 2: KMA2525 ($100 in chips) 
Seat 3: z00mba ($100 in chips) 
Seat 5: Unipoker11 ($104.49 in chips) 
Seat 6: pr0tecto ($100 in chips) 
nikalas22: posts small blind $0.50
KMA2525: posts big blind $1
*** HOLE CARDS ***
z00mba: folds 
Unipoker11: folds 
pr0tecto: folds 
nikalas22: raises $2 to $3
KMA2525: folds 
Uncalled bet ($2) returned to nikalas22
nikalas22 collected $2 from pot
nikalas22: doesn't show hand 
*** SUMMARY ***
Total pot $2 | Rake $0 
Seat 4: XneferX
Seat 1: nikalas22 (small blind) collected ($2)
Seat 2: KMA2525 (big blind) folded before Flop
Seat 3: z00mba folded before Flop (didn't bet)
Seat 5: Unipoker11 folded before Flop (didn't bet)
Seat 6: pr0tecto (button) folded before Flop (didn't bet)



PokerStars Hand #254538648007:  Hold'em No Limit ($0.50/$1.00 USD) - 2025/01/24 0:05:54 WET [2025/01/24 19:05:54 ET]
Table 'Boreas III' 6-max Seat #1 is the button
Seat 3: z00mba ($100 in chips) is sitting out
Seat 1: nikalas22 ($107.55 in chips) 
Seat 2: KMA2525 ($99 in chips) 
Seat 4: XneferX ($106.75 in chips) 
Seat 5: Unipoker11 ($104.49 in chips) 
Seat 6: pr0tecto ($100 in chips) 
KMA2525: posts small blind $0.50
z00mba: is sitting out 
XneferX: posts big blind $1
*** HOLE CARDS ***
Unipoker11: folds 
pr0tecto: folds 
nikalas22: folds 
KMA2525: folds 
Uncalled bet ($0.50) returned to XneferX
XneferX collected $1 from pot
XneferX: doesn't show hand 
*** SUMMARY ***
Total pot $1 | Rake $0 
Seat 3: z00mba
Seat 1: nikalas22 (button) folded before Flop (didn't bet)
Seat 2: KMA2525 (small blind) folded before Flop
Seat 4: XneferX (big blind) collected ($1)
Seat 5: Unipoker11 folded before Flop (didn't bet)
Seat 6: pr0tecto folded before Flop (didn't bet)



PokerStars Hand #254538654484:  Hold'em No Limit ($0.50/$1.00 USD) - 2025/01/24 0:06:21 WET [2025/01/24 19:06:21 ET]
Table 'Boreas III' 6-max Seat #2 is the button
Seat 3: z00mba ($100 in chips) is sitting out
Seat 1: nikalas22 ($107.55 in chips) 
Seat 2: KMA2525 ($98.50 in chips) 
Seat 4: XneferX ($107.25 in chips) 
Seat 5: Unipoker11 ($104.49 in chips) 
Seat 6: pr0tecto ($100 in chips) 
XneferX: posts small blind $0.50
Unipoker11: posts big blind $1
*** HOLE CARDS ***
pr0tecto: raises $1.10 to $2.10
nikalas22: folds 
KMA2525: folds 
XneferX: folds 
Unipoker11: folds 
Uncalled bet ($1.10) returned to pr0tecto
pr0tecto collected $2.50 from pot
pr0tecto: doesn't show hand 
*** SUMMARY ***
Total pot $2.50 | Rake $0 
Seat 3: z00mba
Seat 1: nikalas22 folded before Flop (didn't bet)
Seat 2: KMA2525 (button) folded before Flop (didn't bet)
Seat 4: XneferX (small blind) folded before Flop
Seat 5: Unipoker11 (big blind) folded before Flop
Seat 6: pr0tecto collected ($2.50)



PokerStars Hand #254538659503:  Hold'em No Limit ($0.50/$1.00 USD) - 2025/01/24 0:06:43 WET [2025/01/24 19:06:43 ET]
Table 'Boreas III' 6-max Seat #4 is the button
Seat 3: z00mba ($100 in chips) is sitting out
Seat 1: nikalas22 ($107.55 in chips) 
Seat 2: KMA2525 ($98.50 in chips) 
Seat 4: XneferX ($106.75 in chips) 
Seat 5: Unipoker11 ($103.49 in chips) 
Seat 6: pr0tecto ($101.50 in chips) 
Unipoker11: posts small blind $0.50
pr0tecto: posts big blind $1
z00mba: sits out 
*** HOLE CARDS ***
nikalas22: folds 
KMA2525: calls $1
XneferX: folds 
Unipoker11: calls $0.50
pr0tecto: checks 
*** FLOP *** [7d Jc Kc]
Unipoker11: checks 
pr0tecto: checks 
KMA2525: checks 
*** TURN *** [7d Jc Kc] [Td]
Unipoker11: checks 
pr0tecto: bets $1.45
KMA2525: folds 
Unipoker11: calls $1.45
*** RIVER *** [7d Jc Kc Td] [Ac]
Unipoker11: checks 
pr0tecto: checks 
*** SHOW DOWN ***
Unipoker11: shows [8h 9s] (a straight, Seven to Jack)
pr0tecto: mucks hand 
Unipoker11 collected $5.60 from pot
*** SUMMARY ***
Total pot $5.90 | Rake $0.30 
Board [7d Jc Kc Td Ac]
Seat 3: z00mba
Seat 1: nikalas22 folded before Flop (didn't bet)
Seat 2: KMA2525 folded on the Turn
Seat 4: XneferX (button) folded before Flop (didn't bet)
Seat 5: Unipoker11 (small blind) showed [8h 9s] and won ($5.60) with a straight, Seven to Jack
Seat 6: pr0tecto (big blind) mucked



PokerStars Hand #254538682746:  Hold'em No Limit ($0.50/$1.00 USD) - 2025/01/24 0:08:19 WET [2025/01/24 19:08:19 ET]
Table 'Boreas III' 6-max Seat #5 is the button
Seat 3: z00mba ($100 in chips) is sitting out
Seat 1: nikalas22 ($107.55 in chips) 
Seat 2: KMA2525 ($97.50 in chips) 
Seat 4: XneferX ($106.75 in chips) 
Seat 5: Unipoker11 ($106.64 in chips) 
Seat 6: pr0tecto ($99.05 in chips) 
pr0tecto: posts small blind $0.50
nikalas22: posts big blind $1
z00mba: sits out 
*** HOLE CARDS ***
KMA2525: folds 
XneferX: folds 
Unipoker11: folds 
pr0tecto: folds 
Uncalled bet ($0.50) returned to nikalas22
nikalas22 collected $1 from pot
nikalas22: doesn't show hand 
*** SUMMARY ***
Total pot $1 | Rake $0 
Seat 3: z00mba
Seat 1: nikalas22 (big blind) collected ($1)
Seat 2: KMA2525 folded before Flop (didn't bet)
Seat 4: XneferX folded before Flop (didn't bet)
Seat 5: Unipoker11 (button) folded before Flop (didn't bet)
Seat 6: pr0tecto (small blind) folded before Flop



PokerStars Hand #254538687712:  Hold'em No Limit ($0.50/$1.00 USD) - 2025/01/24 0:08:39 WET [2025/01/24 19:08:39 ET]
Table 'Boreas III' 6-max Seat #6 is the button
Seat 3: z00mba ($100 in chips) is sitting out
Seat 1: nikalas22 ($108.05 in chips) 
Seat 2: KMA2525 ($97.50 in chips) 
Seat 4: XneferX ($106.75 in chips) 
Seat 5: Unipoker11 ($106.64 in chips) 
Seat 6: pr0tecto ($100 in chips) 
nikalas22: posts small blind $0.50
KMA2525: posts big blind $1
z00mba: sits out 
*** HOLE CARDS ***
XneferX: folds 
Unipoker11: folds 
pr0tecto: raises $2 to $3
nikalas22: folds 
KMA2525: calls $2
*** FLOP *** [Qd 2d 2c]
KMA2525: checks 
pr0tecto: bets $2.04
KMA2525: folds 
Uncalled bet ($2.04) returned to pr0tecto
pr0tecto collected $6.18 from pot
pr0tecto: doesn't show hand 
*** SUMMARY ***
Total pot $6.50 | Rake $0.32 
Board [Qd 2d 2c]
Seat 3: z00mba
Seat 1: nikalas22 (small blind) folded before Flop
Seat 2: KMA2525 (big blind) folded on the Flop
Seat 4: XneferX folded before Flop (didn't bet)
Seat 5: Unipoker11 folded before Flop (didn't bet)
Seat 6: pr0tecto (button) collected ($6.18)



PokerStars Hand #254538696035:  Hold'em No Limit ($0.50/$1.00 USD) - 2025/01/24 0:09:15 WET [2025/01/24 19:09:15 ET]
Table 'Boreas III' 6-max Seat #1 is the button
Seat 1: nikalas22 ($107.55 in chips) 
Seat 2: KMA2525 ($94.50 in chips) 
Seat 3: z00mba ($100 in chips) 
Seat 4: XneferX ($106.75 in chips) 
Seat 5: Unipoker11 ($106.64 in chips) 
Seat 6: pr0tecto ($103.18 in chips) 
KMA2525: posts small blind $0.50
z00mba: posts big blind $1
*** HOLE CARDS ***
XneferX: raises $1.10 to $2.10
Unipoker11: folds 
pr0tecto: folds 
nikalas22: raises $5.90 to $8
KMA2525: folds 
z00mba: folds 
XneferX: raises $16 to $24
nikalas22: raises $83.55 to $107.55 and is all-in
XneferX: calls $82.75 and is all-in
Uncalled bet ($0.80) returned to nikalas22
*** FIRST FLOP *** [6h 3s 5h]
*** FIRST TURN *** [6h 3s 5h] [8s]
*** FIRST RIVER *** [6h 3s 5h 8s] [Jc]
*** SECOND FLOP *** [Qs Ad 4h]
*** SECOND TURN *** [Qs Ad 4h] [9d]
*** SECOND RIVER *** [Qs Ad 4h 9d] [Js]
*** FIRST SHOW DOWN ***
XneferX: shows [Kd Ks] (a pair of Kings)
nikalas22: shows [7h 7s] (a pair of Sevens)
XneferX collected $106.25 from pot
*** SECOND SHOW DOWN ***
XneferX: shows [Kd Ks] (a pair of Kings)
nikalas22: shows [7h 7s] (a pair of Sevens)
XneferX collected $106.25 from pot
*** SUMMARY ***
Total pot $215 | Rake $2.50 
Hand was run twice
FIRST Board [6h 3s 5h 8s Jc]
SECOND Board [Qs Ad 4h 9d Js]
Seat 1: nikalas22 (button) showed [7h 7s] and lost with a pair of Sevens, and lost with a pair of Sevens
Seat 2: KMA2525 (small blind) folded before Flop
Seat 3: z00mba (big blind) folded before Flop
Seat 4: XneferX showed [Kd Ks] and won ($106.25) with a pair of Kings, and won ($106.25) with a pair of Kings
Seat 5: Unipoker11 folded before Flop (didn't bet)
Seat 6: pr0tecto folded before Flop (didn't bet)



PokerStars Hand #254538710031:  Hold'em No Limit ($0.50/$1.00 USD) - 2025/01/24 0:10:13 WET [2025/01/24 19:10:13 ET]
Table 'Boreas III' 6-max Seat #2 is the button
Seat 1: nikalas22 ($100 in chips) 
Seat 2: KMA2525 ($94 in chips) 
Seat 3: z00mba ($100 in chips) 
Seat 4: XneferX ($212.50 in chips) 
Seat 5: Unipoker11 ($106.64 in chips) 
Seat 6: pr0tecto ($103.18 in chips) 
z00mba: posts small blind $0.50
XneferX: posts big blind $1
*** HOLE CARDS ***
Unipoker11: folds 
pr0tecto: folds 
nikalas22: folds 
KMA2525: calls $1
z00mba: calls $0.50
XneferX: checks 
*** FLOP *** [3c Qh Jc]
z00mba: checks 
XneferX: checks 
KMA2525: checks 
*** TURN *** [3c Qh Jc] [3s]
z00mba: checks 
XneferX: checks 
KMA2525: checks 
*** RIVER *** [3c Qh Jc 3s] [4h]
z00mba: checks 
XneferX: checks 
KMA2525: checks 
*** SHOW DOWN ***
z00mba: shows [7s 6c] (a pair of Threes)
XneferX: shows [5h Ks] (a pair of Threes - King kicker)
KMA2525: mucks hand 
XneferX collected $2.85 from pot
*** SUMMARY ***
Total pot $3 | Rake $0.15 
Board [3c Qh Jc 3s 4h]
Seat 1: nikalas22 folded before Flop (didn't bet)
Seat 2: KMA2525 (button) mucked
Seat 3: z00mba (small blind) showed [7s 6c] and lost with a pair of Threes
Seat 4: XneferX (big blind) showed [5h Ks] and won ($2.85) with a pair of Threes
Seat 5: Unipoker11 folded before Flop (didn't bet)
Seat 6: pr0tecto folded before Flop (didn't bet)



PokerStars Hand #254538724894:  Hold'em No Limit ($0.50/$1.00 USD) - 2025/01/24 0:11:16 WET [2025/01/24 19:11:16 ET]
Table 'Boreas III' 6-max Seat #3 is the button
Seat 1: nikalas22 ($100 in chips) 
Seat 2: KMA2525 ($93 in chips) 
Seat 3: z00mba ($100 in chips) 
Seat 4: XneferX ($214.35 in chips) 
Seat 5: Unipoker11 ($106.64 in chips) 
Seat 6: pr0tecto ($103.18 in chips) 
XneferX: posts small blind $0.50
Unipoker11: posts big blind $1
*** HOLE CARDS ***
pr0tecto: folds 
nikalas22: folds 
KMA2525: calls $1
z00mba: folds 
XneferX: folds 
Unipoker11: checks 
*** FLOP *** [3h 8h 9h]
Unipoker11: checks 
KMA2525: checks 
*** TURN *** [3h 8h 9h] [Jh]
Unipoker11: checks 
KMA2525: checks 
*** RIVER *** [3h 8h 9h Jh] [Jd]
Unipoker11: checks 
KMA2525: checks 
*** SHOW DOWN ***
Unipoker11: shows [4d 5s] (a pair of Jacks)
KMA2525: shows [9s Tc] (two pair, Jacks and Nines)
KMA2525 collected $2.38 from pot
*** SUMMARY ***
Total pot $2.50 | Rake $0.12 
Board [3h 8h 9h Jh Jd]
Seat 1: nikalas22 folded before Flop (didn't bet)
Seat 2: KMA2525 showed [9s Tc] and won ($2.38) with two pair, Jacks and Nines
Seat 3: z00mba (button) folded before Flop (didn't bet)
Seat 4: XneferX (small blind) folded before Flop
Seat 5: Unipoker11 (big blind) showed [4d 5s] and lost with a pair of Jacks
Seat 6: pr0tecto folded before Flop (didn't bet)



PokerStars Hand #254538731766:  Hold'em No Limit ($0.50/$1.00 USD) - 2025/01/24 0:11:46 WET [2025/01/24 19:11:46 ET]
Table 'Boreas III' 6-max Seat #4 is the button
Seat 6: pr0tecto ($103.18 in chips) is sitting out
Seat 1: nikalas22 ($100 in chips) 
Seat 2: KMA2525 ($94.38 in chips) 
Seat 3: z00mba ($100 in chips) 
Seat 4: XneferX ($213.85 in chips) 
Seat 5: Unipoker11 ($105.64 in chips) 
Unipoker11: posts small blind $0.50
pr0tecto: is sitting out 
nikalas22: posts big blind $1
*** HOLE CARDS ***
pr0tecto leaves the table
KMA2525: calls $1
z00mba: folds 
XneferX: folds 
Unipoker11: folds 
BGS013 joins the table at seat #6 
nikalas22: checks 
*** FLOP *** [5s 4d Kd]
nikalas22: checks 
KMA2525: checks 
*** TURN *** [5s 4d Kd] [8s]
nikalas22: checks 
KMA2525: checks 
*** RIVER *** [5s 4d Kd 8s] [Ah]
nikalas22: checks 
KMA2525: checks 
*** SHOW DOWN ***
nikalas22: shows [6s 9c] (high card Ace)
KMA2525: shows [Kh Qd] (a pair of Kings)
KMA2525 collected $2.38 from pot
*** SUMMARY ***
Total pot $2.50 | Rake $0.12 
Board [5s 4d Kd 8s Ah]
Seat 6: pr0tecto
Seat 1: nikalas22 (big blind) showed [6s 9c] and lost with high card Ace
Seat 2: KMA2525 showed [Kh Qd] and won ($2.38) with a pair of Kings
Seat 3: z00mba folded before Flop (didn't bet)
Seat 4: XneferX (button) folded before Flop (didn't bet)
Seat 5: Unipoker11 (small blind) folded before Flop



PokerStars Hand #254538742791:  Hold'em No Limit ($0.50/$1.00 USD) - 2025/01/24 0:12:33 WET [2025/01/24 19:12:33 ET]
Table 'Boreas III' 6-max Seat #5 is the button
Seat 6: BGS013 ($100 in chips) is sitting out
Seat 1: nikalas22 ($100 in chips) 
Seat 2: KMA2525 ($95.76 in chips) 
Seat 3: z00mba ($100 in chips) 
Seat 4: XneferX ($213.85 in chips) 
Seat 5: Unipoker11 ($105.14 in chips) 
nikalas22: posts small blind $0.50
KMA2525: posts big blind $1
*** HOLE CARDS ***
z00mba: folds 
XneferX: folds 
Unipoker11: raises $1.50 to $2.50
nikalas22: raises $9.50 to $12
KMA2525: calls $11
Unipoker11: calls $9.50
*** FLOP *** [Qs 5c As]
nikalas22: bets $10.26
KMA2525: calls $10.26
Unipoker11: calls $10.26
*** TURN *** [Qs 5c As] [7d]
nikalas22: checks 
KMA2525: checks 
Unipoker11: checks 
*** RIVER *** [Qs 5c As 7d] [Jd]
nikalas22: checks 
KMA2525: bets $47
Unipoker11: folds 
nikalas22: folds 
Uncalled bet ($47) returned to KMA2525
KMA2525 collected $64.28 from pot
KMA2525: doesn't show hand 
*** SUMMARY ***
Total pot $66.78 | Rake $2.50 
Board [Qs 5c As 7d Jd]
Seat 6: BGS013
Seat 1: nikalas22 (small blind) folded on the River
Seat 2: KMA2525 (big blind) collected ($64.28)
Seat 3: z00mba folded before Flop (didn't bet)
Seat 4: XneferX folded before Flop (didn't bet)
Seat 5: Unipoker11 (button) folded on the River



PokerStars Hand #254538764326:  Hold'em No Limit ($0.50/$1.00 USD) - 2025/01/24 0:14:06 WET [2025/01/24 19:14:06 ET]
Table 'Boreas III' 6-max Seat #1 is the button
Seat 6: BGS013 ($100 in chips) is sitting out
Seat 1: nikalas22 ($100 in chips) 
Seat 2: KMA2525 ($137.78 in chips) 
Seat 3: z00mba ($100 in chips) 
Seat 4: XneferX ($213.85 in chips) 
Seat 5: Unipoker11 ($100 in chips) 
KMA2525: posts small blind $0.50
z00mba: posts big blind $1
BGS013: sits out 
*** HOLE CARDS ***
XneferX: folds 
Unipoker11: folds 
nikalas22: raises $1.50 to $2.50
KMA2525: calls $2
z00mba: calls $1.50
*** FLOP *** [Ts Ad Jc]
KMA2525: checks 
z00mba: checks 
nikalas22: checks 
*** TURN *** [Ts Ad Jc] [Td]
KMA2525: checks 
z00mba: checks 
nikalas22: checks 
*** RIVER *** [Ts Ad Jc Td] [Jh]
KMA2525: bets $2
z00mba: calls $2
nikalas22: raises $14 to $16
KMA2525: folds 
z00mba: folds 
Uncalled bet ($14) returned to nikalas22
nikalas22 collected $12.82 from pot
nikalas22: doesn't show hand 
*** SUMMARY ***
Total pot $13.50 | Rake $0.68 
Board [Ts Ad Jc Td Jh]
Seat 6: BGS013
Seat 1: nikalas22 (button) collected ($12.82)
Seat 2: KMA2525 (small blind) folded on the River
Seat 3: z00mba (big blind) folded on the River
Seat 4: XneferX folded before Flop (didn't bet)
Seat 5: Unipoker11 folded before Flop (didn't bet)



PokerStars Hand #254538783106:  Hold'em No Limit ($0.50/$1.00 USD) - 2025/01/24 0:15:27 WET [2025/01/24 19:15:27 ET]
Table 'Boreas III' 6-max Seat #2 is the button
Seat 6: BGS013 ($100 in chips) is sitting out
Seat 1: nikalas22 ($108.32 in chips) 
Seat 2: KMA2525 ($133.28 in chips) 
Seat 3: z00mba ($100 in chips) 
Seat 4: XneferX ($213.85 in chips) 
Seat 5: Unipoker11 ($100 in chips) 
z00mba: posts small blind $0.50
XneferX: posts big blind $1
BGS013: sits out 
*** HOLE CARDS ***
Unipoker11: raises $1 to $2
nikalas22: folds 
KMA2525: folds 
z00mba: folds 
XneferX: folds 
Uncalled bet ($1) returned to Unipoker11
Unipoker11 collected $2.50 from pot
Unipoker11: doesn't show hand 
*** SUMMARY ***
Total pot $2.50 | Rake $0 
Seat 6: BGS013
Seat 1: nikalas22 folded before Flop (didn't bet)
Seat 2: KMA2525 (button) folded before Flop (didn't bet)
Seat 3: z00mba (small blind) folded before Flop
Seat 4: XneferX (big blind) folded before Flop
Seat 5: Unipoker11 collected ($2.50)



PokerStars Hand #254538787729:  Hold'em No Limit ($0.50/$1.00 USD) - 2025/01/24 0:15:47 WET [2025/01/24 19:15:47 ET]
Table 'Boreas III' 6-max Seat #3 is the button
Seat 6: BGS013 ($100 in chips) is sitting out
Seat 1: nikalas22 ($108.32 in chips) 
Seat 2: KMA2525 ($133.28 in chips) 
Seat 3: z00mba ($100 in chips) 
Seat 4: XneferX ($212.85 in chips) 
Seat 5: Unipoker11 ($101.50 in chips) 
XneferX: posts small blind $0.50
Unipoker11: posts big blind $1
BGS013: sits out 
*** HOLE CARDS ***
nikalas22: folds 
KMA2525: folds 
z00mba: folds 
XneferX: folds 
Uncalled bet ($0.50) returned to Unipoker11
Unipoker11 collected $1 from pot
Unipoker11: doesn't show hand 
*** SUMMARY ***
Total pot $1 | Rake $0 
Seat 6: BGS013
Seat 1: nikalas22 folded before Flop (didn't bet)
Seat 2: KMA2525 folded before Flop (didn't bet)
Seat 3: z00mba (button) folded before Flop (didn't bet)
Seat 4: XneferX (small blind) folded before Flop
Seat 5: Unipoker11 (big blind) collected ($1)



PokerStars Hand #254538792474:  Hold'em No Limit ($0.50/$1.00 USD) - 2025/01/24 0:16:08 WET [2025/01/24 19:16:08 ET]
Table 'Boreas III' 6-max Seat #4 is the button
Seat 1: nikalas22 ($108.32 in chips) 
Seat 2: KMA2525 ($133.28 in chips) 
Seat 3: z00mba ($100 in chips) 
Seat 4: XneferX ($212.35 in chips) 
Seat 5: Unipoker11 ($102 in chips) 
Seat 6: BGS013 ($100 in chips) 
Unipoker11: posts small blind $0.50
BGS013: posts big blind $1
*** HOLE CARDS ***
nikalas22: folds 
KMA2525: folds 
z00mba: folds 
XneferX: raises $1.77 to $2.77
Unipoker11: folds 
BGS013: raises $9.73 to $12.50
XneferX: raises $13.50 to $26
BGS013: folds 
Uncalled bet ($13.50) returned to XneferX
XneferX collected $25.50 from pot
XneferX: doesn't show hand 
*** SUMMARY ***
Total pot $25.50 | Rake $0 
Seat 1: nikalas22 folded before Flop (didn't bet)
Seat 2: KMA2525 folded before Flop (didn't bet)
Seat 3: z00mba folded before Flop (didn't bet)
Seat 4: XneferX (button) collected ($25.50)
Seat 5: Unipoker11 (small blind) folded before Flop
Seat 6: BGS013 (big blind) folded before Flop



PokerStars Hand #254538803218:  Hold'em No Limit ($0.50/$1.00 USD) - 2025/01/24 0:16:54 WET [2025/01/24 19:16:54 ET]
Table 'Boreas III' 6-max Seat #5 is the button
Seat 1: nikalas22 ($108.32 in chips) 
Seat 2: KMA2525 ($133.28 in chips) 
Seat 3: z00mba ($100 in chips) 
Seat 4: XneferX ($225.35 in chips) 
Seat 5: Unipoker11 ($101.50 in chips) 
Seat 6: BGS013 ($100 in chips) 
BGS013: posts small blind $0.50
nikalas22: posts big blind $1
*** HOLE CARDS ***
KMA2525: calls $1
z00mba: folds 
XneferX: folds 
Unipoker11: folds 
BGS013: raises $4.50 to $5.50
nikalas22: folds 
KMA2525: calls $4.50
*** FLOP *** [Kd Ks Jc]
BGS013: bets $2.96
KMA2525: calls $2.96
*** TURN *** [Kd Ks Jc] [4s]
BGS013: bets $13.28
KMA2525: calls $13.28
*** RIVER *** [Kd Ks Jc 4s] [6s]
BGS013: bets $78.26 and is all-in
KMA2525: folds 
Uncalled bet ($78.26) returned to BGS013
BGS013 collected $42.26 from pot
BGS013: doesn't show hand 
*** SUMMARY ***
Total pot $44.48 | Rake $2.22 
Board [Kd Ks Jc 4s 6s]
Seat 1: nikalas22 (big blind) folded before Flop
Seat 2: KMA2525 folded on the River
Seat 3: z00mba folded before Flop (didn't bet)
Seat 4: XneferX folded before Flop (didn't bet)
Seat 5: Unipoker11 (button) folded before Flop (didn't bet)
Seat 6: BGS013 (small blind) collected ($42.26)



PokerStars Hand #254538817062:  Hold'em No Limit ($0.50/$1.00 USD) - 2025/01/24 0:17:54 WET [2025/01/24 19:17:54 ET]
Table 'Boreas III' 6-max Seat #6 is the button
Seat 1: nikalas22 ($107.32 in chips) 
Seat 2: KMA2525 ($111.54 in chips) 
Seat 3: z00mba ($100 in chips) 
Seat 4: XneferX ($225.35 in chips) 
Seat 5: Unipoker11 ($101.50 in chips) 
Seat 6: BGS013 ($120.52 in chips) 
nikalas22: posts small blind $0.50
KMA2525: posts big blind $1
*** HOLE CARDS ***
z00mba: folds 
XneferX: folds 
Unipoker11: folds 
BGS013: folds 
nikalas22: raises $2 to $3
KMA2525: folds 
Uncalled bet ($2) returned to nikalas22
nikalas22 collected $2 from pot
nikalas22: doesn't show hand 
*** SUMMARY ***
Total pot $2 | Rake $0 
Seat 1: nikalas22 (small blind) collected ($2)
Seat 2: KMA2525 (big blind) folded before Flop
Seat 3: z00mba folded before Flop (didn't bet)
Seat 4: XneferX folded before Flop (didn't bet)
Seat 5: Unipoker11 folded before Flop (didn't bet)
Seat 6: BGS013 (button) folded before Flop (didn't bet)



PokerStars Hand #254538822379:  Hold'em No Limit ($0.50/$1.00 USD) - 2025/01/24 0:18:17 WET [2025/01/24 19:18:17 ET]
Table 'Boreas III' 6-max Seat #1 is the button
Seat 1: nikalas22 ($108.32 in chips) 
Seat 2: KMA2525 ($110.54 in chips) 
Seat 3: z00mba ($100 in chips) 
Seat 4: XneferX ($225.35 in chips) 
Seat 5: Unipoker11 ($101.50 in chips) 
Seat 6: BGS013 ($120.52 in chips) 
KMA2525: posts small blind $0.50
z00mba: posts big blind $1
*** HOLE CARDS ***
XneferX: folds 
Unipoker11: folds 
BGS013: folds 
nikalas22: raises $1.50 to $2.50
KMA2525: folds 
z00mba: folds 
Uncalled bet ($1.50) returned to nikalas22
nikalas22 collected $2.50 from pot
nikalas22: doesn't show hand 
*** SUMMARY ***
Total pot $2.50 | Rake $0 
Seat 1: nikalas22 (button) collected ($2.50)
Seat 2: KMA2525 (small blind) folded before Flop
Seat 3: z00mba (big blind) folded before Flop
Seat 4: XneferX folded before Flop (didn't bet)
Seat 5: Unipoker11 folded before Flop (didn't bet)
Seat 6: BGS013 folded before Flop (didn't bet)



PokerStars Hand #254538828497:  Hold'em No Limit ($0.50/$1.00 USD) - 2025/01/24 0:18:43 WET [2025/01/24 19:18:43 ET]
Table 'Boreas III' 6-max Seat #2 is the button
Seat 1: nikalas22 ($109.82 in chips) 
Seat 2: KMA2525 ($110.04 in chips) 
Seat 3: z00mba ($100 in chips) 
Seat 4: XneferX ($225.35 in chips) 
Seat 5: Unipoker11 ($101.50 in chips) 
Seat 6: BGS013 ($120.52 in chips) 
z00mba: posts small blind $0.50
XneferX: posts big blind $1
*** HOLE CARDS ***
Unipoker11: folds 
BGS013: folds 
nikalas22: raises $1.50 to $2.50
KMA2525: folds 
z00mba: folds 
XneferX: folds 
Uncalled bet ($1.50) returned to nikalas22
nikalas22 collected $2.50 from pot
nikalas22: doesn't show hand 
*** SUMMARY ***
Total pot $2.50 | Rake $0 
Seat 1: nikalas22 collected ($2.50)
Seat 2: KMA2525 (button) folded before Flop (didn't bet)
Seat 3: z00mba (small blind) folded before Flop
Seat 4: XneferX (big blind) folded before Flop
Seat 5: Unipoker11 folded before Flop (didn't bet)
Seat 6: BGS013 folded before Flop (didn't bet)



PokerStars Hand #254538831444:  Hold'em No Limit ($0.50/$1.00 USD) - 2025/01/24 0:18:56 WET [2025/01/24 19:18:56 ET]
Table 'Boreas III' 6-max Seat #3 is the button
Seat 1: nikalas22 ($111.32 in chips) 
Seat 2: KMA2525 ($110.04 in chips) 
Seat 3: z00mba ($100 in chips) 
Seat 4: XneferX ($224.35 in chips) 
Seat 5: Unipoker11 ($101.50 in chips) 
Seat 6: BGS013 ($120.52 in chips) 
XneferX: posts small blind $0.50
Unipoker11: posts big blind $1
*** HOLE CARDS ***
BGS013: folds 
nikalas22: folds 
KMA2525: calls $1
z00mba: folds 
XneferX: folds 
Unipoker11: checks 
*** FLOP *** [8s 9h 4s]
Unipoker11: checks 
KMA2525: checks 
*** TURN *** [8s 9h 4s] [8h]
Unipoker11: bets $1
KMA2525: calls $1
*** RIVER *** [8s 9h 4s 8h] [3c]
Unipoker11: bets $2.87
KMA2525: raises $2.87 to $5.74
Unipoker11: folds 
Uncalled bet ($2.87) returned to KMA2525
KMA2525 collected $9.73 from pot
KMA2525: doesn't show hand 
*** SUMMARY ***
Total pot $10.24 | Rake $0.51 
Board [8s 9h 4s 8h 3c]
Seat 1: nikalas22 folded before Flop (didn't bet)
Seat 2: KMA2525 collected ($9.73)
Seat 3: z00mba (button) folded before Flop (didn't bet)
Seat 4: XneferX (small blind) folded before Flop
Seat 5: Unipoker11 (big blind) folded on the River
Seat 6: BGS013 folded before Flop (didn't bet)



PokerStars Hand #254538849757:  Hold'em No Limit ($0.50/$1.00 USD) - 2025/01/24 0:20:15 WET [2025/01/24 19:20:15 ET]
Table 'Boreas III' 6-max Seat #4 is the button
Seat 1: nikalas22 ($111.32 in chips) is sitting out
Seat 2: KMA2525 ($114.90 in chips) 
Seat 3: z00mba ($100 in chips) 
Seat 4: XneferX ($223.85 in chips) 
Seat 5: Unipoker11 ($100 in chips) 
Seat 6: BGS013 ($120.52 in chips) 
Unipoker11: posts small blind $0.50
BGS013: posts big blind $1
*** HOLE CARDS ***
KMA2525: folds 
z00mba: folds 
XneferX: folds 
Unipoker11: raises $2 to $3
BGS013: folds 
Uncalled bet ($2) returned to Unipoker11
Unipoker11 collected $2 from pot
Unipoker11: doesn't show hand 
*** SUMMARY ***
Total pot $2 | Rake $0 
Seat 1: nikalas22
Seat 2: KMA2525 folded before Flop (didn't bet)
Seat 3: z00mba folded before Flop (didn't bet)
Seat 4: XneferX (button) folded before Flop (didn't bet)
Seat 5: Unipoker11 (small blind) collected ($2)
Seat 6: BGS013 (big blind) folded before Flop



PokerStars Hand #254538855705:  Hold'em No Limit ($0.50/$1.00 USD) - 2025/01/24 0:20:41 WET [2025/01/24 19:20:41 ET]
Table 'Boreas III' 6-max Seat #5 is the button
Seat 1: nikalas22 ($111.32 in chips) is sitting out
Seat 2: KMA2525 ($114.90 in chips) 
Seat 3: z00mba ($100 in chips) 
Seat 4: XneferX ($223.85 in chips) 
Seat 5: Unipoker11 ($101 in chips) 
Seat 6: BGS013 ($119.52 in chips) 
BGS013: posts small blind $0.50
KMA2525: posts big blind $1
*** HOLE CARDS ***
z00mba: raises $1.50 to $2.50
XneferX: folds 
Unipoker11: folds 
BGS013: folds 
KMA2525: folds 
Uncalled bet ($1.50) returned to z00mba
z00mba collected $2.50 from pot
z00mba: doesn't show hand 
*** SUMMARY ***
Total pot $2.50 | Rake $0 
Seat 1: nikalas22
Seat 2: KMA2525 (big blind) folded before Flop
Seat 3: z00mba collected ($2.50)
Seat 4: XneferX folded before Flop (didn't bet)
Seat 5: Unipoker11 (button) folded before Flop (didn't bet)
Seat 6: BGS013 (small blind) folded before Flop



PokerStars Hand #254538869454:  Hold'em No Limit ($0.50/$1.00 USD) - 2025/01/24 0:21:41 WET [2025/01/24 19:21:41 ET]
Table 'Boreas III' 6-max Seat #6 is the button
Seat 1: nikalas22 ($111.32 in chips) is sitting out
Seat 2: KMA2525 ($113.90 in chips) 
Seat 3: z00mba ($101.50 in chips) 
Seat 4: XneferX ($223.85 in chips) 
Seat 5: Unipoker11 ($101 in chips) 
Seat 6: BGS013 ($119.02 in chips) 
KMA2525: posts small blind $0.50
z00mba: posts big blind $1
*** HOLE CARDS ***
XneferX: folds 
Unipoker11: raises $1.30 to $2.30
BGS013: folds 
KMA2525: calls $1.80
z00mba: calls $1.30
*** FLOP *** [6s 3h 5h]
KMA2525: checks 
z00mba: checks 
Unipoker11: checks 
*** TURN *** [6s 3h 5h] [Qs]
KMA2525: folds 
KMA2525 leaves the table
z00mba: checks 
Unipoker11: checks 
*** RIVER *** [6s 3h 5h Qs] [6h]
z00mba: checks 
XneferX leaves the table
Unipoker11: bets $4.40
z00mba: folds 
Uncalled bet ($4.40) returned to Unipoker11
Unipoker11 collected $6.56 from pot
Unipoker11: doesn't show hand 
*** SUMMARY ***
Total pot $6.90 | Rake $0.34 
Board [6s 3h 5h Qs 6h]
Seat 1: nikalas22
Seat 2: KMA2525 (small blind) folded on the Turn
Seat 3: z00mba (big blind) folded on the River
Seat 4: XneferX folded before Flop (didn't bet)
Seat 5: Unipoker11 collected ($6.56)
Seat 6: BGS013 (button) folded before Flop (didn't bet)



PokerStars Hand #254538886495:  Hold'em No Limit ($0.50/$1.00 USD) - 2025/01/24 0:22:56 WET [2025/01/24 19:22:56 ET]
Table 'Boreas III' 6-max Seat #5 is the button
Seat 1: nikalas22 ($111.32 in chips) is sitting out
Seat 6: BGS013 ($119.02 in chips) is sitting out
Seat 3: z00mba ($100 in chips) 
Seat 5: Unipoker11 ($105.26 in chips) 
Unipoker11: posts small blind $0.50
BGS013: is sitting out 
z00mba: posts big blind $1
*** HOLE CARDS ***
BGS013 leaves the table
Unipoker11: raises $1.50 to $2.50
z00mba: raises $9 to $11.50
Unipoker11: folds 
Uncalled bet ($9) returned to z00mba
z00mba collected $5 from pot
z00mba: doesn't show hand 
*** SUMMARY ***
Total pot $5 | Rake $0 
Seat 1: nikalas22
Seat 6: BGS013
Seat 3: z00mba (big blind) collected ($5)
Seat 5: Unipoker11 (button) (small blind) folded before Flop



PokerStars Hand #254538891635:  Hold'em No Limit ($0.50/$1.00 USD) - 2025/01/24 0:23:18 WET [2025/01/24 19:23:18 ET]
Table 'Boreas III' 6-max Seat #3 is the button
Seat 1: nikalas22 ($111.32 in chips) is sitting out
Seat 3: z00mba ($102.50 in chips) 
Seat 5: Unipoker11 ($102.76 in chips) 
z00mba: posts small blind $0.50
Unipoker11: posts big blind $1
*** HOLE CARDS ***
z00mba: raises $1.50 to $2.50
Unipoker11: folds 
Uncalled bet ($1.50) returned to z00mba
z00mba collected $2 from pot
z00mba: doesn't show hand 
*** SUMMARY ***
Total pot $2 | Rake $0 
Seat 1: nikalas22
Seat 3: z00mba (button) (small blind) collected ($2)
Seat 5: Unipoker11 (big blind) folded before Flop



PokerStars Hand #254538893273:  Hold'em No Limit ($0.50/$1.00 USD) - 2025/01/24 0:23:25 WET [2025/01/24 19:23:25 ET]
Table 'Boreas III' 6-max Seat #3 is the button
Seat 1: nikalas22 ($111.32 in chips) 
Seat 3: z00mba ($103.50 in chips) 
Seat 5: Unipoker11 ($101.76 in chips) 
Unipoker11: posts small blind $0.50
nikalas22: posts big blind $1
*** HOLE CARDS ***
z00mba: folds 
Unipoker11: raises $2 to $3
nikalas22: calls $2
*** FLOP *** [3c 8s Js]
Unipoker11: checks 
nikalas22: bets $4.28
Unipoker11: folds 
Uncalled bet ($4.28) returned to nikalas22
nikalas22 collected $5.70 from pot
nikalas22: doesn't show hand 
*** SUMMARY ***
Total pot $6 | Rake $0.30 
Board [3c 8s Js]
Seat 1: nikalas22 (big blind) collected ($5.70)
Seat 3: z00mba (button) folded before Flop (didn't bet)
Seat 5: Unipoker11 (small blind) folded on the Flop



PokerStars Hand #254538903814:  Hold'em No Limit ($0.50/$1.00 USD) - 2025/01/24 0:24:12 WET [2025/01/24 19:24:12 ET]
Table 'Boreas III' 6-max Seat #1 is the button
Seat 3: z00mba ($103.50 in chips) is sitting out
Seat 1: nikalas22 ($114.02 in chips) 
Seat 5: Unipoker11 ($100 in chips) 
nikalas22: posts small blind $0.50
z00mba: is sitting out 
Unipoker11: posts big blind $1
*** HOLE CARDS ***
z00mba leaves the table
nikalas22: folds 
Uncalled bet ($0.50) returned to Unipoker11
Unipoker11 collected $1 from pot
Unipoker11: doesn't show hand 
*** SUMMARY ***
Total pot $1 | Rake $0 
Seat 3: z00mba
Seat 1: nikalas22 (button) (small blind) folded before Flop
Seat 5: Unipoker11 (big blind) collected ($1)



PokerStars Hand #254539136088:  Hold'em No Limit ($0.50/$1.00 USD) - 2025/01/24 0:41:53 WET [2025/01/24 19:41:53 ET]
Table 'Boreas III' 6-max Seat #3 is the button
Seat 1: nikalas22 ($113.52 in chips) 
Seat 3: B1GBankroll ($100 in chips) 
Seat 5: equilibrium_tv ($40 in chips) 
equilibrium_tv: posts small blind $0.50
nikalas22: posts big blind $1
*** HOLE CARDS ***
B1GBankroll: folds 
equilibrium_tv: folds 
Uncalled bet ($0.50) returned to nikalas22
nikalas22 collected $1 from pot
nikalas22: doesn't show hand 
*** SUMMARY ***
Total pot $1 | Rake $0 
Seat 1: nikalas22 (big blind) collected ($1)
Seat 3: B1GBankroll (button) folded before Flop (didn't bet)
Seat 5: equilibrium_tv (small blind) folded before Flop



PokerStars Hand #254539139542:  Hold'em No Limit ($0.50/$1.00 USD) - 2025/01/24 0:42:10 WET [2025/01/24 19:42:10 ET]
Table 'Boreas III' 6-max Seat #5 is the button
Seat 1: nikalas22 ($114.02 in chips) 
Seat 3: B1GBankroll ($100 in chips) 
Seat 5: equilibrium_tv ($39.50 in chips) 
nikalas22: posts small blind $0.50
B1GBankroll: posts big blind $1
*** HOLE CARDS ***
equilibrium_tv: raises $1 to $2
nikalas22: raises $8 to $10
B1GBankroll: folds 
equilibrium_tv: folds 
Uncalled bet ($8) returned to nikalas22
nikalas22 collected $5 from pot
nikalas22: doesn't show hand 
*** SUMMARY ***
Total pot $5 | Rake $0 
Seat 1: nikalas22 (small blind) collected ($5)
Seat 3: B1GBankroll (big blind) folded before Flop
Seat 5: equilibrium_tv (button) folded before Flop



PokerStars Hand #254539147648:  Hold'em No Limit ($0.50/$1.00 USD) - 2025/01/24 0:42:48 WET [2025/01/24 19:42:48 ET]
Table 'Boreas III' 6-max Seat #1 is the button
Seat 1: nikalas22 ($117.02 in chips) 
Seat 3: B1GBankroll ($100 in chips) 
Seat 5: equilibrium_tv ($37.50 in chips) 
B1GBankroll: posts small blind $0.50
equilibrium_tv: posts big blind $1
*** HOLE CARDS ***
nikalas22: folds 
B1GBankroll: folds 
Uncalled bet ($0.50) returned to equilibrium_tv
equilibrium_tv collected $1 from pot
*** SUMMARY ***
Total pot $1 | Rake $0 
Seat 1: nikalas22 (button) folded before Flop (didn't bet)
Seat 3: B1GBankroll (small blind) folded before Flop
Seat 5: equilibrium_tv (big blind) collected ($1)



PokerStars Hand #254539149552:  Hold'em No Limit ($0.50/$1.00 USD) - 2025/01/24 0:42:57 WET [2025/01/24 19:42:57 ET]
Table 'Boreas III' 6-max Seat #3 is the button
Seat 1: nikalas22 ($117.02 in chips) 
Seat 3: B1GBankroll ($100 in chips) 
Seat 5: equilibrium_tv ($38 in chips) 
equilibrium_tv: posts small blind $0.50
nikalas22: posts big blind $1
*** HOLE CARDS ***
B1GBankroll: folds 
equilibrium_tv: folds 
Uncalled bet ($0.50) returned to nikalas22
nikalas22 collected $1 from pot
nikalas22: doesn't show hand 
*** SUMMARY ***
Total pot $1 | Rake $0 
Seat 1: nikalas22 (big blind) collected ($1)
Seat 3: B1GBankroll (button) folded before Flop (didn't bet)
Seat 5: equilibrium_tv (small blind) folded before Flop



PokerStars Hand #254539152328:  Hold'em No Limit ($0.50/$1.00 USD) - 2025/01/24 0:43:10 WET [2025/01/24 19:43:10 ET]
Table 'Boreas III' 6-max Seat #5 is the button
Seat 1: nikalas22 ($117.52 in chips) 
Seat 3: B1GBankroll ($100 in chips) 
Seat 5: equilibrium_tv ($37.50 in chips) 
nikalas22: posts small blind $0.50
B1GBankroll: posts big blind $1
*** HOLE CARDS ***
equilibrium_tv: folds 
nikalas22: folds 
Uncalled bet ($0.50) returned to B1GBankroll
B1GBankroll collected $1 from pot
B1GBankroll: doesn't show hand 
*** SUMMARY ***
Total pot $1 | Rake $0 
Seat 1: nikalas22 (small blind) folded before Flop
Seat 3: B1GBankroll (big blind) collected ($1)
Seat 5: equilibrium_tv (button) folded before Flop (didn't bet)



PokerStars Hand #254539154875:  Hold'em No Limit ($0.50/$1.00 USD) - 2025/01/24 0:43:22 WET [2025/01/24 19:43:22 ET]
Table 'Boreas III' 6-max Seat #1 is the button
Seat 1: nikalas22 ($117.02 in chips) 
Seat 3: B1GBankroll ($100.50 in chips) 
Seat 5: equilibrium_tv ($37.50 in chips) 
B1GBankroll: posts small blind $0.50
equilibrium_tv: posts big blind $1
*** HOLE CARDS ***
nikalas22: raises $1.50 to $2.50
B1GBankroll: folds 
equilibrium_tv: folds 
Uncalled bet ($1.50) returned to nikalas22
nikalas22 collected $2.50 from pot
nikalas22: doesn't show hand 
*** SUMMARY ***
Total pot $2.50 | Rake $0 
Seat 1: nikalas22 (button) collected ($2.50)
Seat 3: B1GBankroll (small blind) folded before Flop
Seat 5: equilibrium_tv (big blind) folded before Flop



PokerStars Hand #254539158802:  Hold'em No Limit ($0.50/$1.00 USD) - 2025/01/24 0:43:41 WET [2025/01/24 19:43:41 ET]
Table 'Boreas III' 6-max Seat #3 is the button
Seat 1: nikalas22 ($118.52 in chips) 
Seat 3: B1GBankroll ($100 in chips) 
Seat 5: equilibrium_tv ($36.50 in chips) 
equilibrium_tv: posts small blind $0.50
nikalas22: posts big blind $1
*** HOLE CARDS ***
B1GBankroll: folds 
equilibrium_tv: raises $2 to $3
nikalas22: folds 
Uncalled bet ($2) returned to equilibrium_tv
equilibrium_tv collected $2 from pot
*** SUMMARY ***
Total pot $2 | Rake $0 
Seat 1: nikalas22 (big blind) folded before Flop
Seat 3: B1GBankroll (button) folded before Flop (didn't bet)
Seat 5: equilibrium_tv (small blind) collected ($2)



PokerStars Hand #254539162475:  Hold'em No Limit ($0.50/$1.00 USD) - 2025/01/24 0:43:59 WET [2025/01/24 19:43:59 ET]
Table 'Boreas III' 6-max Seat #5 is the button
Seat 1: nikalas22 ($117.52 in chips) 
Seat 3: B1GBankroll ($100 in chips) 
Seat 5: equilibrium_tv ($37.50 in chips) 
nikalas22: posts small blind $0.50
B1GBankroll: posts big blind $1
*** HOLE CARDS ***
equilibrium_tv: raises $1 to $2
nikalas22: folds 
B1GBankroll: calls $1
*** FLOP *** [Jc 4c 6d]
B1GBankroll: bets $3.17
equilibrium_tv: calls $3.17
*** TURN *** [Jc 4c 6d] [3s]
B1GBankroll: checks 
equilibrium_tv: checks 
*** RIVER *** [Jc 4c 6d 3s] [5c]
B1GBankroll: checks 
equilibrium_tv: bets $10.30
B1GBankroll: folds 
Uncalled bet ($10.30) returned to equilibrium_tv
equilibrium_tv collected $10.30 from pot
*** SUMMARY ***
Total pot $10.84 | Rake $0.54 
Board [Jc 4c 6d 3s 5c]
Seat 1: nikalas22 (small blind) folded before Flop
Seat 3: B1GBankroll (big blind) folded on the River
Seat 5: equilibrium_tv (button) collected ($10.30)



PokerStars Hand #254539183779:  Hold'em No Limit ($0.50/$1.00 USD) - 2025/01/24 0:45:40 WET [2025/01/24 19:45:40 ET]
Table 'Boreas III' 6-max Seat #1 is the button
Seat 1: nikalas22 ($117.02 in chips) 
Seat 3: B1GBankroll ($100 in chips) 
Seat 5: equilibrium_tv ($42.63 in chips) 
B1GBankroll: posts small blind $0.50
equilibrium_tv: posts big blind $1
*** HOLE CARDS ***
nikalas22: raises $1.50 to $2.50
B1GBankroll: folds 
nastja336 joins the table at seat #2 
andutu34 joins the table at seat #4 
equilibrium_tv: folds 
Uncalled bet ($1.50) returned to nikalas22
nikalas22 collected $2.50 from pot
nikalas22: doesn't show hand 
*** SUMMARY ***
Total pot $2.50 | Rake $0 
Seat 1: nikalas22 (button) collected ($2.50)
Seat 3: B1GBankroll (small blind) folded before Flop
Seat 5: equilibrium_tv (big blind) folded before Flop



PokerStars Hand #254539188202:  Hold'em No Limit ($0.50/$1.00 USD) - 2025/01/24 0:46:01 WET [2025/01/24 19:46:01 ET]
Table 'Boreas III' 6-max Seat #3 is the button
Seat 2: nastja336 ($100 in chips) is sitting out
Seat 4: andutu34 ($100 in chips) is sitting out
Seat 1: nikalas22 ($118.52 in chips) 
Seat 3: B1GBankroll ($100 in chips) 
Seat 5: equilibrium_tv ($41.63 in chips) 
equilibrium_tv: posts small blind $0.50
nikalas22: posts big blind $1
nastja336: sits out 
*** HOLE CARDS ***
beshece11harf joins the table at seat #6 
B1GBankroll: folds 
equilibrium_tv: folds 
Uncalled bet ($0.50) returned to nikalas22
nikalas22 collected $1 from pot
nikalas22: doesn't show hand 
*** SUMMARY ***
Total pot $1 | Rake $0 
Seat 2: nastja336
Seat 4: andutu34
Seat 1: nikalas22 (big blind) collected ($1)
Seat 3: B1GBankroll (button) folded before Flop (didn't bet)
Seat 5: equilibrium_tv (small blind) folded before Flop



PokerStars Hand #254539190448:  Hold'em No Limit ($0.50/$1.00 USD) - 2025/01/24 0:46:12 WET [2025/01/24 19:46:12 ET]
Table 'Boreas III' 6-max Seat #5 is the button
Seat 4: andutu34 ($100 in chips) is sitting out
Seat 6: beshece11harf ($100 in chips) is sitting out
Seat 1: nikalas22 ($119.02 in chips) 
Seat 2: nastja336 ($100 in chips) 
Seat 3: B1GBankroll ($100 in chips) 
Seat 5: equilibrium_tv ($41.13 in chips) 
nikalas22: posts small blind $0.50
nastja336: posts big blind $1
andutu34: sits out 
*** HOLE CARDS ***
B1GBankroll: folds 
equilibrium_tv: raises $1 to $2
nikalas22: raises $8 to $10
nastja336: folds 
B1GBankroll leaves the table
equilibrium_tv: folds 
Uncalled bet ($8) returned to nikalas22
nikalas22 collected $5 from pot
nikalas22: doesn't show hand 
*** SUMMARY ***
Total pot $5 | Rake $0 
Seat 4: andutu34
Seat 6: beshece11harf
Seat 1: nikalas22 (small blind) collected ($5)
Seat 2: nastja336 (big blind) folded before Flop
Seat 3: B1GBankroll folded before Flop (didn't bet)
Seat 5: equilibrium_tv (button) folded before Flop



PokerStars Hand #254539194521:  Hold'em No Limit ($0.50/$1.00 USD) - 2025/01/24 0:46:32 WET [2025/01/24 19:46:32 ET]
Table 'Boreas III' 6-max Seat #1 is the button
Seat 6: beshece11harf ($100 in chips) is sitting out
Seat 1: nikalas22 ($122.02 in chips) 
Seat 2: nastja336 ($100 in chips) 
Seat 4: andutu34 ($100 in chips) 
Seat 5: equilibrium_tv ($39.13 in chips) 
nastja336: posts small blind $0.50
andutu34: posts big blind $1
beshece11harf: sits out 
*** HOLE CARDS ***
equilibrium_tv: raises $1 to $2
afizola joins the table at seat #3 
afizola is disconnected 
nikalas22: folds 
nastja336: folds 
andutu34: folds 
Uncalled bet ($1) returned to equilibrium_tv
equilibrium_tv collected $2.50 from pot
*** SUMMARY ***
Total pot $2.50 | Rake $0 
Seat 6: beshece11harf
Seat 1: nikalas22 (button) folded before Flop (didn't bet)
Seat 2: nastja336 (small blind) folded before Flop
Seat 4: andutu34 (big blind) folded before Flop
Seat 5: equilibrium_tv collected ($2.50)



PokerStars Hand #254539197944:  Hold'em No Limit ($0.50/$1.00 USD) - 2025/01/24 0:46:48 WET [2025/01/24 19:46:48 ET]
Table 'Boreas III' 6-max Seat #2 is the button
Seat 3: afizola ($100 in chips) is sitting out
Seat 6: beshece11harf ($100 in chips) is sitting out
Seat 1: nikalas22 ($122.02 in chips) 
Seat 2: nastja336 ($100 in chips) 
Seat 4: andutu34 ($100 in chips) 
Seat 5: equilibrium_tv ($100 in chips) 
andutu34: posts small blind $0.50
equilibrium_tv: posts big blind $1
beshece11harf: sits out 
*** HOLE CARDS ***
nikalas22: raises $1.50 to $2.50
nastja336: folds 
andutu34: folds 
equilibrium_tv: folds 
Uncalled bet ($1.50) returned to nikalas22
nikalas22 collected $2.50 from pot
nikalas22: doesn't show hand 
*** SUMMARY ***
Total pot $2.50 | Rake $0 
Seat 3: afizola
Seat 6: beshece11harf
Seat 1: nikalas22 collected ($2.50)
Seat 2: nastja336 (button) folded before Flop (didn't bet)
Seat 4: andutu34 (small blind) folded before Flop
Seat 5: equilibrium_tv (big blind) folded before Flop



PokerStars Hand #254539201742:  Hold'em No Limit ($0.50/$1.00 USD) - 2025/01/24 0:47:06 WET [2025/01/24 19:47:06 ET]
Table 'Boreas III' 6-max Seat #4 is the button
Seat 1: nikalas22 ($123.52 in chips) 
Seat 2: nastja336 ($100 in chips) 
Seat 3: afizola ($100 in chips) 
Seat 4: andutu34 ($100 in chips) 
Seat 5: equilibrium_tv ($99 in chips) 
Seat 6: beshece11harf ($100 in chips) 
equilibrium_tv: posts small blind $0.50
beshece11harf: posts big blind $1
afizola: posts big blind $1
*** HOLE CARDS ***
nikalas22: folds 
nastja336: folds 
afizola: checks 
andutu34: raises $2.50 to $3.50
equilibrium_tv: folds 
beshece11harf: calls $2.50
afizola: calls $2.50
*** FLOP *** [6h Tc 4d]
beshece11harf: checks 
afizola: bets $10.45
andutu34: calls $10.45
beshece11harf: raises $31.35 to $41.80
afizola: raises $31.35 to $73.15
andutu34: folds 
beshece11harf: raises $23.35 to $96.50 and is all-in
afizola: calls $23.35 and is all-in
*** TURN *** [6h Tc 4d] [Kc]
*** RIVER *** [6h Tc 4d Kc] [7c]
*** SHOW DOWN ***
beshece11harf: shows [4c 6c] (a flush, King high)
afizola: shows [3s Qh] (high card King)
beshece11harf collected $211.95 from pot
*** SUMMARY ***
Total pot $214.45 | Rake $2.50 
Board [6h Tc 4d Kc 7c]
Seat 1: nikalas22 folded before Flop (didn't bet)
Seat 2: nastja336 folded before Flop (didn't bet)
Seat 3: afizola showed [3s Qh] and lost with high card King
Seat 4: andutu34 (button) folded on the Flop
Seat 5: equilibrium_tv (small blind) folded before Flop
Seat 6: beshece11harf (big blind) showed [4c 6c] and won ($211.95) with a flush, King high



PokerStars Hand #254539219280:  Hold'em No Limit ($0.50/$1.00 USD) - 2025/01/24 0:48:30 WET [2025/01/24 19:48:30 ET]
Table 'Boreas III' 6-max Seat #5 is the button
Seat 3: afizola ($0 in chips) is sitting out
Seat 1: nikalas22 ($123.52 in chips) 
Seat 2: nastja336 ($100 in chips) 
Seat 4: andutu34 ($100 in chips) 
Seat 5: equilibrium_tv ($100 in chips) 
Seat 6: beshece11harf ($211.95 in chips) 
beshece11harf: posts small blind $0.50
nikalas22: posts big blind $1
*** HOLE CARDS ***
nastja336: folds 
andutu34: raises $1.30 to $2.30
afizola leaves the table
equilibrium_tv: folds 
BeauParleur joins the table at seat #3 
beshece11harf: folds 
nikalas22: calls $1.30
*** FLOP *** [Td 6c 6s]
nastja336 leaves the table
nikalas22: checks 
andutu34: bets $1.21
nikalas22: raises $3.63 to $4.84
andutu34: calls $3.63
*** TURN *** [Td 6c 6s] [5s]
nikalas22: checks 
afizola joins the table at seat #2 
afizola is disconnected 
andutu34: bets $4.63
nikalas22: folds 
Uncalled bet ($4.63) returned to andutu34
andutu34 collected $14.04 from pot
andutu34: doesn't show hand 
*** SUMMARY ***
Total pot $14.78 | Rake $0.74 
Board [Td 6c 6s 5s]
Seat 3: afizola
Seat 1: nikalas22 (big blind) folded on the Turn
Seat 2: nastja336 folded before Flop (didn't bet)
Seat 4: andutu34 collected ($14.04)
Seat 5: equilibrium_tv (button) folded before Flop (didn't bet)
Seat 6: beshece11harf (small blind) folded before Flop



PokerStars Hand #254539235405:  Hold'em No Limit ($0.50/$1.00 USD) - 2025/01/24 0:49:46 WET [2025/01/24 19:49:46 ET]
Table 'Boreas III' 6-max Seat #6 is the button
Seat 3: BeauParleur ($100 in chips) is sitting out
Seat 1: nikalas22 ($116.38 in chips) 
Seat 2: afizola ($74.68 in chips) 
Seat 4: andutu34 ($106.90 in chips) 
Seat 5: equilibrium_tv ($100 in chips) 
Seat 6: beshece11harf ($211.45 in chips) 
nikalas22: posts small blind $0.50
afizola: posts big blind $1
BeauParleur: sits out 
*** HOLE CARDS ***
andutu34: raises $1 to $2
equilibrium_tv: folds 
beshece11harf: folds 
nikalas22: folds 
afizola: calls $1
*** FLOP *** [7s Js 8s]
afizola: checks 
andutu34: bets $1.41
afizola: calls $1.41
*** TURN *** [7s Js 8s] [4h]
afizola: checks 
andutu34: bets $5.21
afizola: folds 
Uncalled bet ($5.21) returned to andutu34
andutu34 collected $6.95 from pot
andutu34: doesn't show hand 
*** SUMMARY ***
Total pot $7.32 | Rake $0.37 
Board [7s Js 8s 4h]
Seat 3: BeauParleur
Seat 1: nikalas22 (small blind) folded before Flop
Seat 2: afizola (big blind) folded on the Turn
Seat 4: andutu34 collected ($6.95)
Seat 5: equilibrium_tv folded before Flop (didn't bet)
Seat 6: beshece11harf (button) folded before Flop (didn't bet)



PokerStars Hand #254539243519:  Hold'em No Limit ($0.50/$1.00 USD) - 2025/01/24 0:50:25 WET [2025/01/24 19:50:25 ET]
Table 'Boreas III' 6-max Seat #1 is the button
Seat 1: nikalas22 ($115.88 in chips) 
Seat 2: afizola ($71.27 in chips) 
Seat 3: BeauParleur ($100 in chips) 
Seat 4: andutu34 ($110.44 in chips) 
Seat 5: equilibrium_tv ($100 in chips) 
Seat 6: beshece11harf ($211.45 in chips) 
afizola: posts small blind $0.50
BeauParleur: posts big blind $1
*** HOLE CARDS ***
andutu34: folds 
equilibrium_tv: raises $1.50 to $2.50
beshece11harf: raises $5 to $7.50
nikalas22: folds 
afizola: folds 
BeauParleur: folds 
equilibrium_tv: folds 
Uncalled bet ($5) returned to beshece11harf
beshece11harf collected $6.50 from pot
beshece11harf: doesn't show hand 
*** SUMMARY ***
Total pot $6.50 | Rake $0 
Seat 1: nikalas22 (button) folded before Flop (didn't bet)
Seat 2: afizola (small blind) folded before Flop
Seat 3: BeauParleur (big blind) folded before Flop
Seat 4: andutu34 folded before Flop (didn't bet)
Seat 5: equilibrium_tv folded before Flop
Seat 6: beshece11harf collected ($6.50)



PokerStars Hand #254539250248:  Hold'em No Limit ($0.50/$1.00 USD) - 2025/01/24 0:50:57 WET [2025/01/24 19:50:57 ET]
Table 'Boreas III' 6-max Seat #2 is the button
Seat 1: nikalas22 ($115.88 in chips) 
Seat 2: afizola ($70.77 in chips) 
Seat 3: BeauParleur ($100 in chips) 
Seat 4: andutu34 ($110.44 in chips) 
Seat 5: equilibrium_tv ($97.50 in chips) 
Seat 6: beshece11harf ($215.45 in chips) 
BeauParleur: posts small blind $0.50
andutu34: posts big blind $1
*** HOLE CARDS ***
equilibrium_tv: raises $2 to $3
beshece11harf: folds 
nikalas22: folds 
afizola: raises $2 to $5
BeauParleur: folds 
andutu34: folds 
equilibrium_tv: calls $2
*** FLOP *** [8c 7s 9d]
equilibrium_tv: checks 
afizola: bets $10.92
equilibrium_tv: folds 
Uncalled bet ($10.92) returned to afizola
afizola collected $10.92 from pot
afizola: doesn't show hand 
*** SUMMARY ***
Total pot $11.50 | Rake $0.58 
Board [8c 7s 9d]
Seat 1: nikalas22 folded before Flop (didn't bet)
Seat 2: afizola (button) collected ($10.92)
Seat 3: BeauParleur (small blind) folded before Flop
Seat 4: andutu34 (big blind) folded before Flop
Seat 5: equilibrium_tv folded on the Flop
Seat 6: beshece11harf folded before Flop (didn't bet)



PokerStars Hand #254539255366:  Hold'em No Limit ($0.50/$1.00 USD) - 2025/01/24 0:51:22 WET [2025/01/24 19:51:22 ET]
Table 'Boreas III' 6-max Seat #3 is the button
Seat 1: nikalas22 ($115.88 in chips) 
Seat 2: afizola ($76.69 in chips) 
Seat 3: BeauParleur ($100 in chips) 
Seat 4: andutu34 ($109.44 in chips) 
Seat 5: equilibrium_tv ($100 in chips) 
Seat 6: beshece11harf ($215.45 in chips) 
andutu34: posts small blind $0.50
equilibrium_tv: posts big blind $1
*** HOLE CARDS ***
beshece11harf: raises $1 to $2
nikalas22: raises $6 to $8
afizola: folds 
BeauParleur: folds 
andutu34: folds 
equilibrium_tv: folds 
beshece11harf: folds 
Uncalled bet ($6) returned to nikalas22
nikalas22 collected $5.50 from pot
nikalas22: doesn't show hand 
*** SUMMARY ***
Total pot $5.50 | Rake $0 
Seat 1: nikalas22 collected ($5.50)
Seat 2: afizola folded before Flop (didn't bet)
Seat 3: BeauParleur (button) folded before Flop (didn't bet)
Seat 4: andutu34 (small blind) folded before Flop
Seat 5: equilibrium_tv (big blind) folded before Flop
Seat 6: beshece11harf folded before Flop



PokerStars Hand #254539260387:  Hold'em No Limit ($0.50/$1.00 USD) - 2025/01/24 0:51:47 WET [2025/01/24 19:51:47 ET]
Table 'Boreas III' 6-max Seat #4 is the button
Seat 1: nikalas22 ($119.38 in chips) 
Seat 2: afizola ($76.69 in chips) 
Seat 3: BeauParleur ($100 in chips) 
Seat 4: andutu34 ($108.94 in chips) 
Seat 5: equilibrium_tv ($99 in chips) 
Seat 6: beshece11harf ($213.45 in chips) 
equilibrium_tv: posts small blind $0.50
beshece11harf: posts big blind $1
*** HOLE CARDS ***
nikalas22: folds 
afizola: calls $1
BeauParleur: folds 
andutu34: folds 
equilibrium_tv: folds 
beshece11harf: checks 
*** FLOP *** [Ks As 4s]
beshece11harf: checks 
afizola: checks 
*** TURN *** [Ks As 4s] [Js]
beshece11harf: checks 
afizola: bets $1
beshece11harf: calls $1
*** RIVER *** [Ks As 4s Js] [8s]
beshece11harf: checks 
afizola: bets $4.28
beshece11harf: raises $15.72 to $20
afizola: raises $15.72 to $35.72
beshece11harf: folds 
Uncalled bet ($15.72) returned to afizola
afizola collected $42.28 from pot
afizola: doesn't show hand 
*** SUMMARY ***
Total pot $44.50 | Rake $2.22 
Board [Ks As 4s Js 8s]
Seat 1: nikalas22 folded before Flop (didn't bet)
Seat 2: afizola collected ($42.28)
Seat 3: BeauParleur folded before Flop (didn't bet)
Seat 4: andutu34 (button) folded before Flop (didn't bet)
Seat 5: equilibrium_tv (small blind) folded before Flop
Seat 6: beshece11harf (big blind) folded on the River



PokerStars Hand #254539278290:  Hold'em No Limit ($0.50/$1.00 USD) - 2025/01/24 0:53:13 WET [2025/01/24 19:53:13 ET]
Table 'Boreas III' 6-max Seat #5 is the button
Seat 1: nikalas22 ($119.38 in chips) 
Seat 2: afizola ($96.97 in chips) 
Seat 3: BeauParleur ($100 in chips) 
Seat 4: andutu34 ($108.94 in chips) 
Seat 5: equilibrium_tv ($98.50 in chips) 
Seat 6: beshece11harf ($191.45 in chips) 
beshece11harf: posts small blind $0.50
nikalas22: posts big blind $1
*** HOLE CARDS ***
afizola: calls $1
BeauParleur: folds 
andutu34: raises $3 to $4
equilibrium_tv: folds 
beshece11harf: folds 
nikalas22: folds 
afizola: calls $3
*** FLOP *** [Jd Ah 2h]
afizola: bets $4.51
andutu34: calls $4.51
*** TURN *** [Jd Ah 2h] [Jc]
afizola: bets $17.59
andutu34: calls $17.59
*** RIVER *** [Jd Ah 2h Jc] [Ks]
afizola: bets $70.87 and is all-in
andutu34: calls $70.87
*** SHOW DOWN ***
afizola: shows [Qd Qh] (two pair, Queens and Jacks)
andutu34: shows [Ts Jh] (three of a kind, Jacks)
andutu34 collected $192.94 from pot
*** SUMMARY ***
Total pot $195.44 | Rake $2.50 
Board [Jd Ah 2h Jc Ks]
Seat 1: nikalas22 (big blind) folded before Flop
Seat 2: afizola showed [Qd Qh] and lost with two pair, Queens and Jacks
Seat 3: BeauParleur folded before Flop (didn't bet)
Seat 4: andutu34 showed [Ts Jh] and won ($192.94) with three of a kind, Jacks
Seat 5: equilibrium_tv (button) folded before Flop (didn't bet)
Seat 6: beshece11harf (small blind) folded before Flop



PokerStars Hand #254539288543:  Hold'em No Limit ($0.50/$1.00 USD) - 2025/01/24 0:54:04 WET [2025/01/24 19:54:04 ET]
Table 'Boreas III' 6-max Seat #6 is the button
Seat 2: afizola ($0 in chips) is sitting out
Seat 1: nikalas22 ($118.38 in chips) 
Seat 3: BeauParleur ($100 in chips) 
Seat 4: andutu34 ($204.91 in chips) 
Seat 5: equilibrium_tv ($100 in chips) 
Seat 6: beshece11harf ($190.95 in chips) 
nikalas22: posts small blind $0.50
BeauParleur: posts big blind $1
*** HOLE CARDS ***
andutu34: folds 
equilibrium_tv: folds 
beshece11harf: folds 
nikalas22: folds 
Uncalled bet ($0.50) returned to BeauParleur
BeauParleur collected $1 from pot
BeauParleur: doesn't show hand 
*** SUMMARY ***
Total pot $1 | Rake $0 
Seat 2: afizola
Seat 1: nikalas22 (small blind) folded before Flop
Seat 3: BeauParleur (big blind) collected ($1)
Seat 4: andutu34 folded before Flop (didn't bet)
Seat 5: equilibrium_tv folded before Flop (didn't bet)
Seat 6: beshece11harf (button) folded before Flop (didn't bet)



PokerStars Hand #254539292887:  Hold'em No Limit ($0.50/$1.00 USD) - 2025/01/24 0:54:25 WET [2025/01/24 19:54:25 ET]
Table 'Boreas III' 6-max Seat #1 is the button
Seat 2: afizola ($0 in chips) is sitting out
Seat 1: nikalas22 ($117.88 in chips) 
Seat 3: BeauParleur ($100.50 in chips) 
Seat 4: andutu34 ($204.91 in chips) 
Seat 5: equilibrium_tv ($100 in chips) 
Seat 6: beshece11harf ($190.95 in chips) 
BeauParleur: posts small blind $0.50
andutu34: posts big blind $1
*** HOLE CARDS ***
afizola is disconnected 
equilibrium_tv: raises $1.50 to $2.50
beshece11harf: folds 
nikalas22: folds 
BeauParleur: folds 
andutu34: folds 
Uncalled bet ($1.50) returned to equilibrium_tv
equilibrium_tv collected $2.50 from pot
*** SUMMARY ***
Total pot $2.50 | Rake $0 
Seat 2: afizola
Seat 1: nikalas22 (button) folded before Flop (didn't bet)
Seat 3: BeauParleur (small blind) folded before Flop
Seat 4: andutu34 (big blind) folded before Flop
Seat 5: equilibrium_tv collected ($2.50)
Seat 6: beshece11harf folded before Flop (didn't bet)



PokerStars Hand #254539297674:  Hold'em No Limit ($0.50/$1.00 USD) - 2025/01/24 0:54:49 WET [2025/01/24 19:54:49 ET]
Table 'Boreas III' 6-max Seat #3 is the button
Seat 2: afizola ($0 in chips) is sitting out
Seat 1: nikalas22 ($117.88 in chips) 
Seat 3: BeauParleur ($100 in chips) 
Seat 4: andutu34 ($203.91 in chips) 
Seat 5: equilibrium_tv ($101.50 in chips) 
Seat 6: beshece11harf ($190.95 in chips) 
andutu34: posts small blind $0.50
equilibrium_tv: posts big blind $1
*** HOLE CARDS ***
beshece11harf: folds 
nikalas22: folds 
BeauParleur: folds 
andutu34: folds 
Uncalled bet ($0.50) returned to equilibrium_tv
equilibrium_tv collected $1 from pot
*** SUMMARY ***
Total pot $1 | Rake $0 
Seat 2: afizola
Seat 1: nikalas22 folded before Flop (didn't bet)
Seat 3: BeauParleur (button) folded before Flop (didn't bet)
Seat 4: andutu34 (small blind) folded before Flop
Seat 5: equilibrium_tv (big blind) collected ($1)
Seat 6: beshece11harf folded before Flop (didn't bet)



PokerStars Hand #254539300981:  Hold'em No Limit ($0.50/$1.00 USD) - 2025/01/24 0:55:05 WET [2025/01/24 19:55:05 ET]
Table 'Boreas III' 6-max Seat #4 is the button
Seat 2: afizola ($0 in chips) is sitting out
Seat 1: nikalas22 ($117.88 in chips) 
Seat 3: BeauParleur ($100 in chips) 
Seat 4: andutu34 ($203.41 in chips) 
Seat 5: equilibrium_tv ($102 in chips) 
Seat 6: beshece11harf ($190.95 in chips) 
equilibrium_tv: posts small blind $0.50
beshece11harf: posts big blind $1
*** HOLE CARDS ***
nikalas22: folds 
BeauParleur: raises $1.25 to $2.25
andutu34: folds 
equilibrium_tv: folds 
beshece11harf: folds 
Uncalled bet ($1.25) returned to BeauParleur
BeauParleur collected $2.50 from pot
BeauParleur: doesn't show hand 
*** SUMMARY ***
Total pot $2.50 | Rake $0 
Seat 2: afizola
Seat 1: nikalas22 folded before Flop (didn't bet)
Seat 3: BeauParleur collected ($2.50)
Seat 4: andutu34 (button) folded before Flop (didn't bet)
Seat 5: equilibrium_tv (small blind) folded before Flop
Seat 6: beshece11harf (big blind) folded before Flop



PokerStars Hand #254539305292:  Hold'em No Limit ($0.50/$1.00 USD) - 2025/01/24 0:55:30 WET [2025/01/24 19:55:30 ET]
Table 'Boreas III' 6-max Seat #5 is the button
Seat 2: afizola ($0 in chips) is sitting out
Seat 1: nikalas22 ($117.88 in chips) 
Seat 3: BeauParleur ($101.50 in chips) 
Seat 4: andutu34 ($203.41 in chips) 
Seat 5: equilibrium_tv ($101.50 in chips) 
Seat 6: beshece11harf ($189.95 in chips) 
beshece11harf: posts small blind $0.50
nikalas22: posts big blind $1
*** HOLE CARDS ***
BeauParleur: folds 
andutu34: folds 
equilibrium_tv: raises $1.50 to $2.50
beshece11harf: raises $8.50 to $11
nikalas22: folds 
equilibrium_tv: folds 
Uncalled bet ($8.50) returned to beshece11harf
beshece11harf collected $6 from pot
beshece11harf: doesn't show hand 
*** SUMMARY ***
Total pot $6 | Rake $0 
Seat 2: afizola
Seat 1: nikalas22 (big blind) folded before Flop
Seat 3: BeauParleur folded before Flop (didn't bet)
Seat 4: andutu34 folded before Flop (didn't bet)
Seat 5: equilibrium_tv (button) folded before Flop
Seat 6: beshece11harf (small blind) collected ($6)



PokerStars Hand #254539310235:  Hold'em No Limit ($0.50/$1.00 USD) - 2025/01/24 0:56:00 WET [2025/01/24 19:56:00 ET]
Table 'Boreas III' 6-max Seat #6 is the button
Seat 2: afizola ($0 in chips) is sitting out
Seat 1: nikalas22 ($116.88 in chips) 
Seat 3: BeauParleur ($101.50 in chips) 
Seat 4: andutu34 ($203.41 in chips) 
Seat 5: equilibrium_tv ($99 in chips) 
Seat 6: beshece11harf ($193.45 in chips) 
nikalas22: posts small blind $0.50
BeauParleur: posts big blind $1
*** HOLE CARDS ***
andutu34: folds 
equilibrium_tv: folds 
beshece11harf: raises $1.50 to $2.50
nikalas22: folds 
BeauParleur: folds 
Uncalled bet ($1.50) returned to beshece11harf
beshece11harf collected $2.50 from pot
beshece11harf: doesn't show hand 
*** SUMMARY ***
Total pot $2.50 | Rake $0 
Seat 2: afizola
Seat 1: nikalas22 (small blind) folded before Flop
Seat 3: BeauParleur (big blind) folded before Flop
Seat 4: andutu34 folded before Flop (didn't bet)
Seat 5: equilibrium_tv folded before Flop (didn't bet)
Seat 6: beshece11harf (button) collected ($2.50)



PokerStars Hand #254539316365:  Hold'em No Limit ($0.50/$1.00 USD) - 2025/01/24 0:56:37 WET [2025/01/24 19:56:37 ET]
Table 'Boreas III' 6-max Seat #1 is the button
Seat 2: afizola ($0 in chips) is sitting out
Seat 1: nikalas22 ($116.38 in chips) 
Seat 3: BeauParleur ($100.50 in chips) 
Seat 4: andutu34 ($203.41 in chips) 
Seat 5: equilibrium_tv ($99 in chips) 
Seat 6: beshece11harf ($194.95 in chips) 
BeauParleur: posts small blind $0.50
andutu34: posts big blind $1
*** HOLE CARDS ***
equilibrium_tv: folds 
beshece11harf: raises $1 to $2
nikalas22: calls $2
BeauParleur: folds 
andutu34: folds 
*** FLOP *** [Qd 3s 3d]
beshece11harf: bets $1.31
nikalas22: calls $1.31
*** TURN *** [Qd 3s 3d] [Ah]
beshece11harf: bets $1.93
nikalas22: folds 
Uncalled bet ($1.93) returned to beshece11harf
beshece11harf collected $7.71 from pot
beshece11harf: doesn't show hand 
*** SUMMARY ***
Total pot $8.12 | Rake $0.41 
Board [Qd 3s 3d Ah]
Seat 2: afizola
Seat 1: nikalas22 (button) folded on the Turn
Seat 3: BeauParleur (small blind) folded before Flop
Seat 4: andutu34 (big blind) folded before Flop
Seat 5: equilibrium_tv folded before Flop (didn't bet)
Seat 6: beshece11harf collected ($7.71)



PokerStars Hand #254539326294:  Hold'em No Limit ($0.50/$1.00 USD) - 2025/01/24 0:57:36 WET [2025/01/24 19:57:36 ET]
Table 'Boreas III' 6-max Seat #3 is the button
Seat 2: afizola ($0 in chips) is sitting out
Seat 1: nikalas22 ($113.07 in chips) 
Seat 3: BeauParleur ($100 in chips) 
Seat 4: andutu34 ($202.41 in chips) 
Seat 5: equilibrium_tv ($99 in chips) 
Seat 6: beshece11harf ($199.35 in chips) 
andutu34: posts small blind $0.50
equilibrium_tv: posts big blind $1
*** HOLE CARDS ***
beshece11harf: folds 
nikalas22: raises $1.50 to $2.50
BeauParleur: folds 
andutu34: folds 
equilibrium_tv: folds 
Uncalled bet ($1.50) returned to nikalas22
nikalas22 collected $2.50 from pot
nikalas22: doesn't show hand 
*** SUMMARY ***
Total pot $2.50 | Rake $0 
Seat 2: afizola
Seat 1: nikalas22 collected ($2.50)
Seat 3: BeauParleur (button) folded before Flop (didn't bet)
Seat 4: andutu34 (small blind) folded before Flop
Seat 5: equilibrium_tv (big blind) folded before Flop
Seat 6: beshece11harf folded before Flop (didn't bet)



PokerStars Hand #254539329398:  Hold'em No Limit ($0.50/$1.00 USD) - 2025/01/24 0:57:55 WET [2025/01/24 19:57:55 ET]
Table 'Boreas III' 6-max Seat #4 is the button
Seat 2: afizola ($0 in chips) is sitting out
Seat 6: beshece11harf ($199.35 in chips) is sitting out
Seat 1: nikalas22 ($114.57 in chips) 
Seat 3: BeauParleur ($100 in chips) 
Seat 4: andutu34 ($201.91 in chips) 
Seat 5: equilibrium_tv ($98 in chips) 
equilibrium_tv: posts small blind $0.50
beshece11harf: is sitting out 
nikalas22: posts big blind $1
*** HOLE CARDS ***
BeauParleur: folds 
andutu34: folds 
equilibrium_tv: raises $2 to $3
beshece11harf leaves the table
nikalas22: folds 
Uncalled bet ($2) returned to equilibrium_tv
equilibrium_tv collected $2 from pot
*** SUMMARY ***
Total pot $2 | Rake $0 
Seat 2: afizola
Seat 6: beshece11harf
Seat 1: nikalas22 (big blind) folded before Flop
Seat 3: BeauParleur folded before Flop (didn't bet)
Seat 4: andutu34 (button) folded before Flop (didn't bet)
Seat 5: equilibrium_tv (small blind) collected ($2)



PokerStars Hand #254539332515:  Hold'em No Limit ($0.50/$1.00 USD) - 2025/01/24 0:58:14 WET [2025/01/24 19:58:14 ET]
Table 'Boreas III' 6-max Seat #5 is the button
Seat 2: afizola ($0 in chips) is sitting out
Seat 1: nikalas22 ($113.57 in chips) 
Seat 3: BeauParleur ($100 in chips) 
Seat 4: andutu34 ($201.91 in chips) 
Seat 5: equilibrium_tv ($99 in chips) 
nikalas22: posts small blind $0.50
BeauParleur: posts big blind $1
*** HOLE CARDS ***
andutu34: raises $1.30 to $2.30
equilibrium_tv: folds 
nikalas22: folds 
BeauParleur: folds 
Uncalled bet ($1.30) returned to andutu34
BGS013 joins the table at seat #6 
andutu34 collected $2.50 from pot
andutu34: doesn't show hand 
*** SUMMARY ***
Total pot $2.50 | Rake $0 
Seat 2: afizola
Seat 1: nikalas22 (small blind) folded before Flop
Seat 3: BeauParleur (big blind) folded before Flop
Seat 4: andutu34 collected ($2.50)
Seat 5: equilibrium_tv (button) folded before Flop (didn't bet)



PokerStars Hand #254539336558:  Hold'em No Limit ($0.50/$1.00 USD) - 2025/01/24 0:58:38 WET [2025/01/24 19:58:38 ET]
Table 'Boreas III' 6-max Seat #1 is the button
Seat 2: afizola ($0 in chips) is sitting out
Seat 6: BGS013 ($119.02 in chips) is sitting out
Seat 1: nikalas22 ($113.07 in chips) 
Seat 3: BeauParleur ($100 in chips) 
Seat 4: andutu34 ($203.41 in chips) 
Seat 5: equilibrium_tv ($99 in chips) 
BeauParleur: posts small blind $0.50
andutu34: posts big blind $1
BGS013: sits out 
*** HOLE CARDS ***
equilibrium_tv: folds 
nikalas22: raises $1.50 to $2.50
BeauParleur: folds 
andutu34: folds 
Uncalled bet ($1.50) returned to nikalas22
nikalas22 collected $2.50 from pot
nikalas22: doesn't show hand 
BGS013 leaves the table
*** SUMMARY ***
Total pot $2.50 | Rake $0 
Seat 2: afizola
Seat 6: BGS013
Seat 1: nikalas22 (button) collected ($2.50)
Seat 3: BeauParleur (small blind) folded before Flop
Seat 4: andutu34 (big blind) folded before Flop
Seat 5: equilibrium_tv folded before Flop (didn't bet)



PokerStars Hand #254539338460:  Hold'em No Limit ($0.50/$1.00 USD) - 2025/01/24 0:58:50 WET [2025/01/24 19:58:50 ET]
Table 'Boreas III' 6-max Seat #3 is the button
Seat 2: afizola ($0 in chips) is sitting out
Seat 5: equilibrium_tv ($99 in chips) is sitting out
Seat 1: nikalas22 ($114.57 in chips) 
Seat 3: BeauParleur ($100 in chips) 
Seat 4: andutu34 ($202.41 in chips) 
andutu34: posts small blind $0.50
equilibrium_tv: is sitting out 
nikalas22: posts big blind $1
*** HOLE CARDS ***
BeauParleur: folds 
andutu34: raises $2 to $3
nikalas22: folds 
Uncalled bet ($2) returned to andutu34
andutu34 collected $2 from pot
andutu34: doesn't show hand 
*** SUMMARY ***
Total pot $2 | Rake $0 
Seat 2: afizola
Seat 5: equilibrium_tv
Seat 1: nikalas22 (big blind) folded before Flop
Seat 3: BeauParleur (button) folded before Flop (didn't bet)
Seat 4: andutu34 (small blind) collected ($2)



PokerStars Hand #254539340815:  Hold'em No Limit ($0.50/$1.00 USD) - 2025/01/24 0:59:05 WET [2025/01/24 19:59:05 ET]
Table 'Boreas III' 6-max Seat #4 is the button
Seat 2: afizola ($0 in chips) is sitting out
Seat 5: equilibrium_tv ($99 in chips) is sitting out
Seat 1: nikalas22 ($113.57 in chips) 
Seat 3: BeauParleur ($100 in chips) 
Seat 4: andutu34 ($203.41 in chips) 
nikalas22: posts small blind $0.50
BeauParleur: posts big blind $1
*** HOLE CARDS ***
andutu34: folds 
nikalas22: folds 
Uncalled bet ($0.50) returned to BeauParleur
andutu34 leaves the table
BeauParleur collected $1 from pot
afizola leaves the table
BeauParleur: doesn't show hand 
*** SUMMARY ***
Total pot $1 | Rake $0 
Seat 2: afizola
Seat 5: equilibrium_tv
Seat 1: nikalas22 (small blind) folded before Flop
Seat 3: BeauParleur (big blind) collected ($1)
Seat 4: andutu34 (button) folded before Flop (didn't bet)



PokerStars Hand #254539342056:  Hold'em No Limit ($0.50/$1.00 USD) - 2025/01/24 0:59:12 WET [2025/01/24 19:59:12 ET]
Table 'Boreas III' 6-max Seat #3 is the button
Seat 5: equilibrium_tv ($99 in chips) is sitting out
Seat 1: nikalas22 ($113.07 in chips) 
Seat 3: BeauParleur ($100.50 in chips) 
BeauParleur: posts small blind $0.50
nikalas22: posts big blind $1
*** HOLE CARDS ***
BeauParleur: raises $1.25 to $2.25
nikalas22: calls $1.25
*** FLOP *** [7s 2s 3c]
nikalas22: checks 
equilibrium_tv leaves the table
BeauParleur: bets $3.21
nikalas22: folds 
Uncalled bet ($3.21) returned to BeauParleur
BeauParleur collected $4.28 from pot
BeauParleur: doesn't show hand 
*** SUMMARY ***
Total pot $4.50 | Rake $0.22 
Board [7s 2s 3c]
Seat 5: equilibrium_tv
Seat 1: nikalas22 (big blind) folded on the Flop
Seat 3: BeauParleur (button) (small blind) collected ($4.28)



PokerStars Hand #254540920265:  Hold'em No Limit ($0.50/$1.00 USD) - 2025/01/24 3:38:35 WET [2025/01/24 22:38:35 ET]
Table 'Boreas III' 6-max Seat #3 is the button
Seat 1: Manifestorr ($100 in chips) 
Seat 3: Melenya ($100 in chips) 
Seat 4: XneferX ($223.85 in chips) 
Seat 5: alexandr699 ($100 in chips) 
XneferX: posts small blind $0.50
alexandr699: posts big blind $1
*** HOLE CARDS ***
Manifestorr: folds 
Melenya: raises $1.50 to $2.50
XneferX: folds 
alexandr699: folds 
Uncalled bet ($1.50) returned to Melenya
Melenya collected $2.50 from pot
Melenya: doesn't show hand 
*** SUMMARY ***
Total pot $2.50 | Rake $0 
Seat 1: Manifestorr folded before Flop (didn't bet)
Seat 3: Melenya (button) collected ($2.50)
Seat 4: XneferX (small blind) folded before Flop
Seat 5: alexandr699 (big blind) folded before Flop



PokerStars Hand #254540923062:  Hold'em No Limit ($0.50/$1.00 USD) - 2025/01/24 3:38:56 WET [2025/01/24 22:38:56 ET]
Table 'Boreas III' 6-max Seat #4 is the button
Seat 1: Manifestorr ($100 in chips) 
Seat 3: Melenya ($101.50 in chips) 
Seat 4: XneferX ($223.35 in chips) 
Seat 5: alexandr699 ($100 in chips) 
alexandr699: posts small blind $0.50
Manifestorr: posts big blind $1
*** HOLE CARDS ***
Melenya: folds 
XneferX: folds 
alexandr699: raises $1.98 to $2.98
Manifestorr: calls $1.98
*** FLOP *** [Kc Td 4s]
alexandr699: bets $4.25
Manifestorr: calls $4.25
*** TURN *** [Kc Td 4s] [4c]
alexandr699: bets $4.53
Manifestorr: folds 
Uncalled bet ($4.53) returned to alexandr699
alexandr699 collected $13.74 from pot
alexandr699: doesn't show hand 
*** SUMMARY ***
Total pot $14.46 | Rake $0.72 
Board [Kc Td 4s 4c]
Seat 1: Manifestorr (big blind) folded on the Turn
Seat 3: Melenya folded before Flop (didn't bet)
Seat 4: XneferX (button) folded before Flop (didn't bet)
Seat 5: alexandr699 (small blind) collected ($13.74)



PokerStars Hand #254540930791:  Hold'em No Limit ($0.50/$1.00 USD) - 2025/01/24 3:39:53 WET [2025/01/24 22:39:53 ET]
Table 'Boreas III' 6-max Seat #5 is the button
Seat 1: Manifestorr ($92.77 in chips) 
Seat 3: Melenya ($101.50 in chips) 
Seat 4: XneferX ($223.35 in chips) 
Seat 5: alexandr699 ($106.51 in chips) 
Manifestorr: posts small blind $0.50
Melenya: posts big blind $1
*** HOLE CARDS ***
XneferX: folds 
alexandr699: raises $1.98 to $2.98
XneferX leaves the table
Manifestorr: folds 
Melenya: folds 
Uncalled bet ($1.98) returned to alexandr699
alexandr699 collected $2.50 from pot
alexandr699: doesn't show hand 
*** SUMMARY ***
Total pot $2.50 | Rake $0 
Seat 1: Manifestorr (small blind) folded before Flop
Seat 3: Melenya (big blind) folded before Flop
Seat 4: XneferX folded before Flop (didn't bet)
Seat 5: alexandr699 (button) collected ($2.50)



PokerStars Hand #254540933380:  Hold'em No Limit ($0.50/$1.00 USD) - 2025/01/24 3:40:12 WET [2025/01/24 22:40:12 ET]
Table 'Boreas III' 6-max Seat #1 is the button
Seat 1: Manifestorr ($92.27 in chips) 
Seat 3: Melenya ($100.50 in chips) 
Seat 5: alexandr699 ($108.01 in chips) 
Melenya: posts small blind $0.50
alexandr699: posts big blind $1
*** HOLE CARDS ***
Manifestorr: folds 
Melenya: folds 
Uncalled bet ($0.50) returned to alexandr699
alexandr699 collected $1 from pot
alexandr699: doesn't show hand 
*** SUMMARY ***
Total pot $1 | Rake $0 
Seat 1: Manifestorr (button) folded before Flop (didn't bet)
Seat 3: Melenya (small blind) folded before Flop
Seat 5: alexandr699 (big blind) collected ($1)



PokerStars Hand #254540934590:  Hold'em No Limit ($0.50/$1.00 USD) - 2025/01/24 3:40:22 WET [2025/01/24 22:40:22 ET]
Table 'Boreas III' 6-max Seat #3 is the button
Seat 1: Manifestorr ($92.27 in chips) 
Seat 3: Melenya ($100 in chips) 
Seat 5: alexandr699 ($108.51 in chips) 
alexandr699: posts small blind $0.50
Manifestorr: posts big blind $1
*** HOLE CARDS ***
Melenya: folds 
alexandr699: folds 
Uncalled bet ($0.50) returned to Manifestorr
Manifestorr collected $1 from pot
*** SUMMARY ***
Total pot $1 | Rake $0 
Seat 1: Manifestorr (big blind) collected ($1)
Seat 3: Melenya (button) folded before Flop (didn't bet)
Seat 5: alexandr699 (small blind) folded before Flop



