PokerStars Hand #254529651691:  Hold'em No Limit ($0.50/$1.00 USD) - 2025/01/24 15:08:21 WET [2025/01/24 10:08:21 ET]
Table 'Horemheb IV' 6-max Seat #3 is the button
Seat 4: JoeBlack_MS ($100 in chips) is sitting out
Seat 1: Gfoer ($100 in chips) 
Seat 2: MAO_DZEDYN_S ($100 in chips) 
Seat 3: budala ($44.35 in chips) 
Seat 5: nastja336 ($100 in chips) 
Seat 6: Espada Fish ($100 in chips) 
nastja336: posts small blind $0.50
Espada Fish: posts big blind $1
*** HOLE CARDS ***
Gfoer: folds 
MAO_DZEDYN_S: raises $1.25 to $2.25
budala: folds 
nastja336: folds 
Espada Fish: calls $1.25
*** FLOP *** [3h 5s Jd]
Espada Fish: checks 
MAO_DZEDYN_S: bets $1.43
Espada Fish: folds 
Uncalled bet ($1.43) returned to MAO_DZEDYN_S
MAO_DZEDYN_S collected $4.75 from pot
MAO_DZEDYN_S: doesn't show hand 
*** SUMMARY ***
Total pot $5 | Rake $0.25 
Board [3h 5s Jd]
Seat 4: JoeBlack_MS
Seat 1: Gfoer folded before Flop (didn't bet)
Seat 2: MAO_DZEDYN_S collected ($4.75)
Seat 3: budala (button) folded before Flop (didn't bet)
Seat 5: nastja336 (small blind) folded before Flop
Seat 6: Espada Fish (big blind) folded on the Flop



PokerStars Hand #254529661703:  Hold'em No Limit ($0.50/$1.00 USD) - 2025/01/24 15:09:13 WET [2025/01/24 10:09:13 ET]
Table 'Horemheb IV' 6-max Seat #5 is the button
Seat 4: JoeBlack_MS ($100 in chips) is sitting out
Seat 1: Gfoer ($100 in chips) 
Seat 2: MAO_DZEDYN_S ($102.50 in chips) 
Seat 3: budala ($44.35 in chips) 
Seat 5: nastja336 ($100 in chips) 
Seat 6: Espada Fish ($100 in chips) 
Espada Fish: posts small blind $0.50
Gfoer: posts big blind $1
*** HOLE CARDS ***
MAO_DZEDYN_S: folds 
budala: folds 
nastja336: folds 
Espada Fish: raises $2 to $3
Gfoer: folds 
Uncalled bet ($2) returned to Espada Fish
Espada Fish collected $2 from pot
Espada Fish: doesn't show hand 
*** SUMMARY ***
Total pot $2 | Rake $0 
Seat 4: JoeBlack_MS
Seat 1: Gfoer (big blind) folded before Flop
Seat 2: MAO_DZEDYN_S folded before Flop (didn't bet)
Seat 3: budala folded before Flop (didn't bet)
Seat 5: nastja336 (button) folded before Flop (didn't bet)
Seat 6: Espada Fish (small blind) collected ($2)



PokerStars Hand #254529664813:  Hold'em No Limit ($0.50/$1.00 USD) - 2025/01/24 15:09:29 WET [2025/01/24 10:09:29 ET]
Table 'Horemheb IV' 6-max Seat #6 is the button
Seat 4: JoeBlack_MS ($100 in chips) is sitting out
Seat 1: Gfoer ($100 in chips) 
Seat 2: MAO_DZEDYN_S ($102.50 in chips) 
Seat 3: budala ($44.35 in chips) 
Seat 5: nastja336 ($100 in chips) 
Seat 6: Espada Fish ($101 in chips) 
Gfoer: posts small blind $0.50
MAO_DZEDYN_S: posts big blind $1
*** HOLE CARDS ***
budala: folds 
nastja336: folds 
Espada Fish: raises $1.50 to $2.50
Gfoer: folds 
MAO_DZEDYN_S: folds 
Uncalled bet ($1.50) returned to Espada Fish
Espada Fish collected $2.50 from pot
Espada Fish: doesn't show hand 
*** SUMMARY ***
Total pot $2.50 | Rake $0 
Seat 4: JoeBlack_MS
Seat 1: Gfoer (small blind) folded before Flop
Seat 2: MAO_DZEDYN_S (big blind) folded before Flop
Seat 3: budala folded before Flop (didn't bet)
Seat 5: nastja336 folded before Flop (didn't bet)
Seat 6: Espada Fish (button) collected ($2.50)



PokerStars Hand #254529668117:  Hold'em No Limit ($0.50/$1.00 USD) - 2025/01/24 15:09:46 WET [2025/01/24 10:09:46 ET]
Table 'Horemheb IV' 6-max Seat #1 is the button
Seat 4: JoeBlack_MS ($100 in chips) is sitting out
Seat 1: Gfoer ($100 in chips) 
Seat 2: MAO_DZEDYN_S ($101.50 in chips) 
Seat 3: budala ($44.35 in chips) 
Seat 5: nastja336 ($100 in chips) 
Seat 6: Espada Fish ($102.50 in chips) 
MAO_DZEDYN_S: posts small blind $0.50
budala: posts big blind $1
*** HOLE CARDS ***
nastja336: folds 
Espada Fish: raises $1.20 to $2.20
Gfoer: folds 
MAO_DZEDYN_S: folds 
budala: calls $1.20
*** FLOP *** [Ts Jd Js]
budala: checks 
Espada Fish: bets $1.54
budala: folds 
Uncalled bet ($1.54) returned to Espada Fish
Espada Fish collected $4.66 from pot
Espada Fish: doesn't show hand 
*** SUMMARY ***
Total pot $4.90 | Rake $0.24 
Board [Ts Jd Js]
Seat 4: JoeBlack_MS
Seat 1: Gfoer (button) folded before Flop (didn't bet)
Seat 2: MAO_DZEDYN_S (small blind) folded before Flop
Seat 3: budala (big blind) folded on the Flop
Seat 5: nastja336 folded before Flop (didn't bet)
Seat 6: Espada Fish collected ($4.66)



PokerStars Hand #254529674612:  Hold'em No Limit ($0.50/$1.00 USD) - 2025/01/24 15:10:20 WET [2025/01/24 10:10:20 ET]
Table 'Horemheb IV' 6-max Seat #2 is the button
Seat 1: Gfoer ($100 in chips) 
Seat 2: MAO_DZEDYN_S ($101 in chips) 
Seat 3: budala ($42.15 in chips) 
Seat 4: JoeBlack_MS ($100 in chips) 
Seat 5: nastja336 ($100 in chips) 
Seat 6: Espada Fish ($104.96 in chips) 
budala: posts small blind $0.50
JoeBlack_MS: posts big blind $1
*** HOLE CARDS ***
nastja336: folds 
Espada Fish: folds 
Gfoer: folds 
MAO_DZEDYN_S: raises $1.50 to $2.50
budala: folds 
JoeBlack_MS: folds 
Uncalled bet ($1.50) returned to MAO_DZEDYN_S
MAO_DZEDYN_S collected $2.50 from pot
MAO_DZEDYN_S: doesn't show hand 
*** SUMMARY ***
Total pot $2.50 | Rake $0 
Seat 1: Gfoer folded before Flop (didn't bet)
Seat 2: MAO_DZEDYN_S (button) collected ($2.50)
Seat 3: budala (small blind) folded before Flop
Seat 4: JoeBlack_MS (big blind) folded before Flop
Seat 5: nastja336 folded before Flop (didn't bet)
Seat 6: Espada Fish folded before Flop (didn't bet)



PokerStars Hand #254529677720:  Hold'em No Limit ($0.50/$1.00 USD) - 2025/01/24 15:10:36 WET [2025/01/24 10:10:36 ET]
Table 'Horemheb IV' 6-max Seat #3 is the button
Seat 1: Gfoer ($100 in chips) 
Seat 2: MAO_DZEDYN_S ($102.50 in chips) 
Seat 3: budala ($41.65 in chips) 
Seat 4: JoeBlack_MS ($100 in chips) 
Seat 5: nastja336 ($100 in chips) 
Seat 6: Espada Fish ($104.96 in chips) 
JoeBlack_MS: posts small blind $0.50
nastja336: posts big blind $1
*** HOLE CARDS ***
Espada Fish: raises $1.20 to $2.20
Gfoer: folds 
MAO_DZEDYN_S: folds 
budala: folds 
JoeBlack_MS: folds 
nastja336: folds 
Uncalled bet ($1.20) returned to Espada Fish
Espada Fish collected $2.50 from pot
Espada Fish: doesn't show hand 
*** SUMMARY ***
Total pot $2.50 | Rake $0 
Seat 1: Gfoer folded before Flop (didn't bet)
Seat 2: MAO_DZEDYN_S folded before Flop (didn't bet)
Seat 3: budala (button) folded before Flop (didn't bet)
Seat 4: JoeBlack_MS (small blind) folded before Flop
Seat 5: nastja336 (big blind) folded before Flop
Seat 6: Espada Fish collected ($2.50)



PokerStars Hand #254529680752:  Hold'em No Limit ($0.50/$1.00 USD) - 2025/01/24 15:10:51 WET [2025/01/24 10:10:51 ET]
Table 'Horemheb IV' 6-max Seat #4 is the button
Seat 1: Gfoer ($100 in chips) 
Seat 2: MAO_DZEDYN_S ($102.50 in chips) 
Seat 3: budala ($41.65 in chips) 
Seat 4: JoeBlack_MS ($100 in chips) 
Seat 5: nastja336 ($100 in chips) 
Seat 6: Espada Fish ($106.46 in chips) 
nastja336: posts small blind $0.50
Espada Fish: posts big blind $1
*** HOLE CARDS ***
Gfoer: folds 
MAO_DZEDYN_S: folds 
budala: folds 
JoeBlack_MS: raises $1.50 to $2.50
nastja336: raises $9.50 to $12
Espada Fish: folds 
JoeBlack_MS: calls $9.50
*** FLOP *** [Qc 6s 7d]
Gfoer leaves the table
nastja336: bets $19.50
JoeBlack_MS: calls $19.50
*** TURN *** [Qc 6s 7d] [3d]
nastja336: checks 
JoeBlack_MS: checks 
*** RIVER *** [Qc 6s 7d 3d] [9c]
nastja336: checks 
JoeBlack_MS: bets $18.45
nastja336: folds 
Uncalled bet ($18.45) returned to JoeBlack_MS
JoeBlack_MS collected $61.50 from pot
JoeBlack_MS: doesn't show hand 
*** SUMMARY ***
Total pot $64 | Rake $2.50 
Board [Qc 6s 7d 3d 9c]
Seat 1: Gfoer folded before Flop (didn't bet)
Seat 2: MAO_DZEDYN_S folded before Flop (didn't bet)
Seat 3: budala folded before Flop (didn't bet)
Seat 4: JoeBlack_MS (button) collected ($61.50)
Seat 5: nastja336 (small blind) folded on the River
Seat 6: Espada Fish (big blind) folded before Flop



PokerStars Hand #254529698898:  Hold'em No Limit ($0.50/$1.00 USD) - 2025/01/24 15:12:24 WET [2025/01/24 10:12:24 ET]
Table 'Horemheb IV' 6-max Seat #5 is the button
Seat 2: MAO_DZEDYN_S ($102.50 in chips) is sitting out
Seat 3: budala ($41.65 in chips) 
Seat 4: JoeBlack_MS ($130 in chips) 
Seat 5: nastja336 ($100 in chips) 
Seat 6: Espada Fish ($105.46 in chips) 
Espada Fish: posts small blind $0.50
MAO_DZEDYN_S: is sitting out 
budala: posts big blind $1
*** HOLE CARDS ***
JoeBlack_MS: folds 
nastja336: folds 
Espada Fish: raises $2 to $3
budala: folds 
Uncalled bet ($2) returned to Espada Fish
Espada Fish collected $2 from pot
Espada Fish: doesn't show hand 
*** SUMMARY ***
Total pot $2 | Rake $0 
Seat 2: MAO_DZEDYN_S
Seat 3: budala (big blind) folded before Flop
Seat 4: JoeBlack_MS folded before Flop (didn't bet)
Seat 5: nastja336 (button) folded before Flop (didn't bet)
Seat 6: Espada Fish (small blind) collected ($2)



PokerStars Hand #254529702079:  Hold'em No Limit ($0.50/$1.00 USD) - 2025/01/24 15:12:41 WET [2025/01/24 10:12:41 ET]
Table 'Horemheb IV' 6-max Seat #6 is the button
Seat 2: MAO_DZEDYN_S ($102.50 in chips) is sitting out
Seat 3: budala ($40.65 in chips) 
Seat 4: JoeBlack_MS ($130 in chips) 
Seat 5: nastja336 ($100 in chips) 
Seat 6: Espada Fish ($106.46 in chips) 
budala: posts small blind $0.50
JoeBlack_MS: posts big blind $1
*** HOLE CARDS ***
nastja336: folds 
MAO_DZEDYN_S leaves the table
Unipoker11 joins the table at seat #1 
Espada Fish: folds 
budala: folds 
Uncalled bet ($0.50) returned to JoeBlack_MS
JoeBlack_MS collected $1 from pot
JoeBlack_MS: doesn't show hand 
*** SUMMARY ***
Total pot $1 | Rake $0 
Seat 2: MAO_DZEDYN_S
Seat 3: budala (small blind) folded before Flop
Seat 4: JoeBlack_MS (big blind) collected ($1)
Seat 5: nastja336 folded before Flop (didn't bet)
Seat 6: Espada Fish (button) folded before Flop (didn't bet)



PokerStars Hand #254529704014:  Hold'em No Limit ($0.50/$1.00 USD) - 2025/01/24 15:12:51 WET [2025/01/24 10:12:51 ET]
Table 'Horemheb IV' 6-max Seat #3 is the button
Seat 1: Unipoker11 ($100 in chips) is sitting out
Seat 5: nastja336 ($100 in chips) is sitting out
Seat 3: budala ($40.15 in chips) 
Seat 4: JoeBlack_MS ($130.50 in chips) 
Seat 6: Espada Fish ($106.46 in chips) 
JoeBlack_MS: posts small blind $0.50
nastja336: is sitting out 
Espada Fish: posts big blind $1
Unipoker11: sits out 
*** HOLE CARDS ***
nastja336 leaves the table
budala: folds 
JoeBlack_MS: folds 
Uncalled bet ($0.50) returned to Espada Fish
Espada Fish collected $1 from pot
Espada Fish: doesn't show hand 
*** SUMMARY ***
Total pot $1 | Rake $0 
Seat 1: Unipoker11
Seat 5: nastja336
Seat 3: budala (button) folded before Flop (didn't bet)
Seat 4: JoeBlack_MS (small blind) folded before Flop
Seat 6: Espada Fish (big blind) collected ($1)



PokerStars Hand #254529705582:  Hold'em No Limit ($0.50/$1.00 USD) - 2025/01/24 15:12:59 WET [2025/01/24 10:12:59 ET]
Table 'Horemheb IV' 6-max Seat #4 is the button
Seat 1: Unipoker11 ($100 in chips) 
Seat 3: budala ($40.15 in chips) 
Seat 4: JoeBlack_MS ($130 in chips) 
Seat 6: Espada Fish ($106.96 in chips) 
Espada Fish: posts small blind $0.50
ponchua joins the table at seat #5 
Unipoker11: posts big blind $1
*** HOLE CARDS ***
budala: folds 
JoeBlack_MS: folds 
Nurlanstar92 joins the table at seat #2 
Espada Fish: raises $2 to $3
Unipoker11: folds 
Uncalled bet ($2) returned to Espada Fish
Espada Fish collected $2 from pot
Espada Fish: doesn't show hand 
*** SUMMARY ***
Total pot $2 | Rake $0 
Seat 1: Unipoker11 (big blind) folded before Flop
Seat 3: budala folded before Flop (didn't bet)
Seat 4: JoeBlack_MS (button) folded before Flop (didn't bet)
Seat 6: Espada Fish (small blind) collected ($2)



PokerStars Hand #254529707978:  Hold'em No Limit ($0.50/$1.00 USD) - 2025/01/24 15:13:11 WET [2025/01/24 10:13:11 ET]
Table 'Horemheb IV' 6-max Seat #6 is the button
Seat 5: ponchua ($100 in chips) is sitting out
Seat 1: Unipoker11 ($100 in chips) 
Seat 2: Nurlanstar92 ($100 in chips) 
Seat 3: budala ($40.15 in chips) 
Seat 4: JoeBlack_MS ($130 in chips) 
Seat 6: Espada Fish ($107.96 in chips) 
Unipoker11: posts small blind $0.50
Nurlanstar92: posts big blind $1
ponchua: sits out 
*** HOLE CARDS ***
budala: folds 
JoeBlack_MS: folds 
Espada Fish: folds 
Unipoker11: folds 
Uncalled bet ($0.50) returned to Nurlanstar92
Nurlanstar92 collected $1 from pot
Nurlanstar92: doesn't show hand 
*** SUMMARY ***
Total pot $1 | Rake $0 
Seat 5: ponchua
Seat 1: Unipoker11 (small blind) folded before Flop
Seat 2: Nurlanstar92 (big blind) collected ($1)
Seat 3: budala folded before Flop (didn't bet)
Seat 4: JoeBlack_MS folded before Flop (didn't bet)
Seat 6: Espada Fish (button) folded before Flop (didn't bet)



PokerStars Hand #254529711290:  Hold'em No Limit ($0.50/$1.00 USD) - 2025/01/24 15:13:28 WET [2025/01/24 10:13:28 ET]
Table 'Horemheb IV' 6-max Seat #1 is the button
Seat 5: ponchua ($100 in chips) is sitting out
Seat 1: Unipoker11 ($100 in chips) 
Seat 2: Nurlanstar92 ($100.50 in chips) 
Seat 3: budala ($40.15 in chips) 
Seat 4: JoeBlack_MS ($130 in chips) 
Seat 6: Espada Fish ($107.96 in chips) 
Nurlanstar92: posts small blind $0.50
budala: posts big blind $1
ponchua: sits out 
*** HOLE CARDS ***
JoeBlack_MS: folds 
Espada Fish: folds 
Unipoker11: raises $1.50 to $2.50
Nurlanstar92: folds 
budala: folds 
Uncalled bet ($1.50) returned to Unipoker11
Unipoker11 collected $2.50 from pot
Unipoker11: doesn't show hand 
*** SUMMARY ***
Total pot $2.50 | Rake $0 
Seat 5: ponchua
Seat 1: Unipoker11 (button) collected ($2.50)
Seat 2: Nurlanstar92 (small blind) folded before Flop
Seat 3: budala (big blind) folded before Flop
Seat 4: JoeBlack_MS folded before Flop (didn't bet)
Seat 6: Espada Fish folded before Flop (didn't bet)



PokerStars Hand #254529715213:  Hold'em No Limit ($0.50/$1.00 USD) - 2025/01/24 15:13:48 WET [2025/01/24 10:13:48 ET]
Table 'Horemheb IV' 6-max Seat #2 is the button
Seat 5: ponchua ($100 in chips) is sitting out
Seat 1: Unipoker11 ($101.50 in chips) 
Seat 2: Nurlanstar92 ($100 in chips) 
Seat 3: budala ($39.15 in chips) 
Seat 4: JoeBlack_MS ($130 in chips) 
Seat 6: Espada Fish ($107.96 in chips) 
budala: posts small blind $0.50
JoeBlack_MS: posts big blind $1
ponchua: sits out 
*** HOLE CARDS ***
Espada Fish: folds 
Unipoker11: folds 
Nurlanstar92: folds 
budala: folds 
Uncalled bet ($0.50) returned to JoeBlack_MS
JoeBlack_MS collected $1 from pot
JoeBlack_MS: doesn't show hand 
*** SUMMARY ***
Total pot $1 | Rake $0 
Seat 5: ponchua
Seat 1: Unipoker11 folded before Flop (didn't bet)
Seat 2: Nurlanstar92 (button) folded before Flop (didn't bet)
Seat 3: budala (small blind) folded before Flop
Seat 4: JoeBlack_MS (big blind) collected ($1)
Seat 6: Espada Fish folded before Flop (didn't bet)



PokerStars Hand #254529718711:  Hold'em No Limit ($0.50/$1.00 USD) - 2025/01/24 15:14:06 WET [2025/01/24 10:14:06 ET]
Table 'Horemheb IV' 6-max Seat #3 is the button
Seat 1: Unipoker11 ($101.50 in chips) 
Seat 2: Nurlanstar92 ($100 in chips) 
Seat 3: budala ($38.65 in chips) 
Seat 4: JoeBlack_MS ($130.50 in chips) 
Seat 5: ponchua ($100 in chips) 
Seat 6: Espada Fish ($107.96 in chips) 
JoeBlack_MS: posts small blind $0.50
ponchua: posts big blind $1
*** HOLE CARDS ***
Espada Fish: folds 
Espada Fish leaves the table
Unipoker11: folds 
Nurlanstar92: folds 
budala: folds 
JoeBlack_MS: raises $2 to $3
vadjkeee joins the table at seat #6 
ponchua: calls $2
*** FLOP *** [Qs Ks Qd]
JoeBlack_MS: bets $1.71
ponchua: folds 
Uncalled bet ($1.71) returned to JoeBlack_MS
JoeBlack_MS collected $5.70 from pot
JoeBlack_MS: doesn't show hand 
*** SUMMARY ***
Total pot $6 | Rake $0.30 
Board [Qs Ks Qd]
Seat 1: Unipoker11 folded before Flop (didn't bet)
Seat 2: Nurlanstar92 folded before Flop (didn't bet)
Seat 3: budala (button) folded before Flop (didn't bet)
Seat 4: JoeBlack_MS (small blind) collected ($5.70)
Seat 5: ponchua (big blind) folded on the Flop
Seat 6: Espada Fish folded before Flop (didn't bet)



PokerStars Hand #254529725075:  Hold'em No Limit ($0.50/$1.00 USD) - 2025/01/24 15:14:39 WET [2025/01/24 10:14:39 ET]
Table 'Horemheb IV' 6-max Seat #4 is the button
Seat 1: Unipoker11 ($101.50 in chips) 
Seat 2: Nurlanstar92 ($100 in chips) 
Seat 3: budala ($38.65 in chips) 
Seat 4: JoeBlack_MS ($133.20 in chips) 
Seat 5: ponchua ($100 in chips) 
Seat 6: vadjkeee ($100 in chips) 
ponchua: posts small blind $0.50
vadjkeee: posts big blind $1
*** HOLE CARDS ***
Unipoker11: folds 
Nurlanstar92: folds 
budala: folds 
JoeBlack_MS: folds 
ponchua: raises $2 to $3
vadjkeee: folds 
Uncalled bet ($2) returned to ponchua
ponchua collected $2 from pot
ponchua: doesn't show hand 
*** SUMMARY ***
Total pot $2 | Rake $0 
Seat 1: Unipoker11 folded before Flop (didn't bet)
Seat 2: Nurlanstar92 folded before Flop (didn't bet)
Seat 3: budala folded before Flop (didn't bet)
Seat 4: JoeBlack_MS (button) folded before Flop (didn't bet)
Seat 5: ponchua (small blind) collected ($2)
Seat 6: vadjkeee (big blind) folded before Flop



PokerStars Hand #254529728652:  Hold'em No Limit ($0.50/$1.00 USD) - 2025/01/24 15:14:57 WET [2025/01/24 10:14:57 ET]
Table 'Horemheb IV' 6-max Seat #5 is the button
Seat 1: Unipoker11 ($101.50 in chips) 
Seat 2: Nurlanstar92 ($100 in chips) 
Seat 3: budala ($38.65 in chips) 
Seat 4: JoeBlack_MS ($133.20 in chips) 
Seat 5: ponchua ($101 in chips) 
Seat 6: vadjkeee ($100 in chips) 
vadjkeee: posts small blind $0.50
Unipoker11: posts big blind $1
*** HOLE CARDS ***
Nurlanstar92: raises $1 to $2
budala: folds 
JoeBlack_MS: folds 
ponchua: folds 
vadjkeee: folds 
Unipoker11: folds 
Uncalled bet ($1) returned to Nurlanstar92
Nurlanstar92 collected $2.50 from pot
Nurlanstar92: doesn't show hand 
*** SUMMARY ***
Total pot $2.50 | Rake $0 
Seat 1: Unipoker11 (big blind) folded before Flop
Seat 2: Nurlanstar92 collected ($2.50)
Seat 3: budala folded before Flop (didn't bet)
Seat 4: JoeBlack_MS folded before Flop (didn't bet)
Seat 5: ponchua (button) folded before Flop (didn't bet)
Seat 6: vadjkeee (small blind) folded before Flop



PokerStars Hand #254529763112:  Hold'em No Limit ($0.50/$1.00 USD) - 2025/01/24 15:17:46 WET [2025/01/24 10:17:46 ET]
Table 'Horemheb IV' 6-max Seat #3 is the button
Seat 1: Unipoker11 ($100 in chips) 
Seat 2: Nurlanstar92 ($100 in chips) 
Seat 3: budala ($74.30 in chips) 
Seat 4: JoeBlack_MS ($138.97 in chips) 
Seat 5: ponchua ($101 in chips) 
Seat 6: vadjkeee ($100 in chips) 
JoeBlack_MS: posts small blind $0.50
ponchua: posts big blind $1
*** HOLE CARDS ***
vadjkeee: raises $1.50 to $2.50
Unipoker11: folds 
Nurlanstar92: folds 
budala: calls $2.50
JoeBlack_MS: folds 
ponchua: folds 
*** FLOP *** [6c 7h 3h]
vadjkeee: bets $3.40
budala: calls $3.40
*** TURN *** [6c 7h 3h] [6d]
vadjkeee: bets $16.43
budala: folds 
Uncalled bet ($16.43) returned to vadjkeee
vadjkeee collected $12.64 from pot
vadjkeee: doesn't show hand 
*** SUMMARY ***
Total pot $13.30 | Rake $0.66 
Board [6c 7h 3h 6d]
Seat 1: Unipoker11 folded before Flop (didn't bet)
Seat 2: Nurlanstar92 folded before Flop (didn't bet)
Seat 3: budala (button) folded on the Turn
Seat 4: JoeBlack_MS (small blind) folded before Flop
Seat 5: ponchua (big blind) folded before Flop
Seat 6: vadjkeee collected ($12.64)



PokerStars Hand #254529775692:  Hold'em No Limit ($0.50/$1.00 USD) - 2025/01/24 15:18:47 WET [2025/01/24 10:18:47 ET]
Table 'Horemheb IV' 6-max Seat #4 is the button
Seat 6: vadjkeee ($106.74 in chips) is sitting out
Seat 1: Unipoker11 ($100 in chips) 
Seat 2: Nurlanstar92 ($100 in chips) 
Seat 3: budala ($68.40 in chips) 
Seat 4: JoeBlack_MS ($138.47 in chips) 
Seat 5: ponchua ($100 in chips) 
ponchua: posts small blind $0.50
vadjkeee: is sitting out 
Unipoker11: posts big blind $1
*** HOLE CARDS ***
Nurlanstar92: folds 
budala: folds 
JoeBlack_MS: folds 
vadjkeee leaves the table
ponchua: raises $2 to $3
Unipoker11: folds 
Uncalled bet ($2) returned to ponchua
ponchua collected $2 from pot
ponchua: doesn't show hand 
*** SUMMARY ***
Total pot $2 | Rake $0 
Seat 6: vadjkeee
Seat 1: Unipoker11 (big blind) folded before Flop
Seat 2: Nurlanstar92 folded before Flop (didn't bet)
Seat 3: budala folded before Flop (didn't bet)
Seat 4: JoeBlack_MS (button) folded before Flop (didn't bet)
Seat 5: ponchua (small blind) collected ($2)



PokerStars Hand #254529778352:  Hold'em No Limit ($0.50/$1.00 USD) - 2025/01/24 15:19:00 WET [2025/01/24 10:19:00 ET]
Table 'Horemheb IV' 6-max Seat #5 is the button
Seat 1: Unipoker11 ($100 in chips) 
Seat 2: Nurlanstar92 ($100 in chips) 
Seat 3: budala ($68.40 in chips) 
Seat 4: JoeBlack_MS ($138.47 in chips) 
Seat 5: ponchua ($101 in chips) 
Unipoker11: posts small blind $0.50
Nurlanstar92: posts big blind $1
*** HOLE CARDS ***
budala: folds 
JoeBlack_MS: raises $1.30 to $2.30
ponchua: folds 
Unipoker11: folds 
Nurlanstar92: folds 
Uncalled bet ($1.30) returned to JoeBlack_MS
JoeBlack_MS collected $2.50 from pot
JoeBlack_MS: doesn't show hand 
*** SUMMARY ***
Total pot $2.50 | Rake $0 
Seat 1: Unipoker11 (small blind) folded before Flop
Seat 2: Nurlanstar92 (big blind) folded before Flop
Seat 3: budala folded before Flop (didn't bet)
Seat 4: JoeBlack_MS collected ($2.50)
Seat 5: ponchua (button) folded before Flop (didn't bet)



PokerStars Hand #254529780396:  Hold'em No Limit ($0.50/$1.00 USD) - 2025/01/24 15:19:10 WET [2025/01/24 10:19:10 ET]
Table 'Horemheb IV' 6-max Seat #1 is the button
Seat 1: Unipoker11 ($100 in chips) 
Seat 2: Nurlanstar92 ($100 in chips) 
Seat 3: budala ($68.40 in chips) 
Seat 4: JoeBlack_MS ($139.97 in chips) 
Seat 5: ponchua ($101 in chips) 
Nurlanstar92: posts small blind $0.50
budala: posts big blind $1
*** HOLE CARDS ***
coeeeelho joins the table at seat #6 
JoeBlack_MS: folds 
ponchua: folds 
Unipoker11: folds 
Nurlanstar92: folds 
Uncalled bet ($0.50) returned to budala
budala collected $1 from pot
budala: doesn't show hand 
*** SUMMARY ***
Total pot $1 | Rake $0 
Seat 1: Unipoker11 (button) folded before Flop (didn't bet)
Seat 2: Nurlanstar92 (small blind) folded before Flop
Seat 3: budala (big blind) collected ($1)
Seat 4: JoeBlack_MS folded before Flop (didn't bet)
Seat 5: ponchua folded before Flop (didn't bet)



PokerStars Hand #254529783858:  Hold'em No Limit ($0.50/$1.00 USD) - 2025/01/24 15:19:27 WET [2025/01/24 10:19:27 ET]
Table 'Horemheb IV' 6-max Seat #2 is the button
Seat 6: coeeeelho ($100 in chips) is sitting out
Seat 1: Unipoker11 ($100 in chips) 
Seat 2: Nurlanstar92 ($100 in chips) 
Seat 3: budala ($68.90 in chips) 
Seat 4: JoeBlack_MS ($139.97 in chips) 
Seat 5: ponchua ($101 in chips) 
budala: posts small blind $0.50
JoeBlack_MS: posts big blind $1
coeeeelho: sits out 
*** HOLE CARDS ***
ponchua: folds 
Unipoker11: folds 
Nurlanstar92: folds 
budala: raises $1 to $2
JoeBlack_MS: raises $5 to $7
budala: calls $5
*** FLOP *** [5h 9h Qc]
budala: checks 
JoeBlack_MS: bets $3.99
budala: calls $3.99
*** TURN *** [5h 9h Qc] [8d]
budala: checks 
JoeBlack_MS: bets $12.50
budala: raises $18.94 to $31.44
JoeBlack_MS: folds 
Uncalled bet ($18.94) returned to budala
budala collected $44.63 from pot
budala: doesn't show hand 
*** SUMMARY ***
Total pot $46.98 | Rake $2.35 
Board [5h 9h Qc 8d]
Seat 6: coeeeelho
Seat 1: Unipoker11 folded before Flop (didn't bet)
Seat 2: Nurlanstar92 (button) folded before Flop (didn't bet)
Seat 3: budala (small blind) collected ($44.63)
Seat 4: JoeBlack_MS (big blind) folded on the Turn
Seat 5: ponchua folded before Flop (didn't bet)



PokerStars Hand #254529795115:  Hold'em No Limit ($0.50/$1.00 USD) - 2025/01/24 15:20:22 WET [2025/01/24 10:20:22 ET]
Table 'Horemheb IV' 6-max Seat #3 is the button
Seat 6: coeeeelho ($100 in chips) is sitting out
Seat 1: Unipoker11 ($100 in chips) 
Seat 2: Nurlanstar92 ($100 in chips) 
Seat 3: budala ($90.04 in chips) 
Seat 4: JoeBlack_MS ($116.48 in chips) 
Seat 5: ponchua ($101 in chips) 
JoeBlack_MS: posts small blind $0.50
ponchua: posts big blind $1
coeeeelho: sits out 
*** HOLE CARDS ***
Unipoker11: folds 
Nurlanstar92: folds 
budala: folds 
JoeBlack_MS: raises $2 to $3
ponchua: raises $6 to $9
JoeBlack_MS: folds 
Uncalled bet ($6) returned to ponchua
ponchua collected $6 from pot
ponchua: doesn't show hand 
*** SUMMARY ***
Total pot $6 | Rake $0 
Seat 6: coeeeelho
Seat 1: Unipoker11 folded before Flop (didn't bet)
Seat 2: Nurlanstar92 folded before Flop (didn't bet)
Seat 3: budala (button) folded before Flop (didn't bet)
Seat 4: JoeBlack_MS (small blind) folded before Flop
Seat 5: ponchua (big blind) collected ($6)



PokerStars Hand #254529799824:  Hold'em No Limit ($0.50/$1.00 USD) - 2025/01/24 15:20:45 WET [2025/01/24 10:20:45 ET]
Table 'Horemheb IV' 6-max Seat #4 is the button
Seat 1: Unipoker11 ($100 in chips) 
Seat 2: Nurlanstar92 ($100 in chips) 
Seat 3: budala ($90.04 in chips) 
Seat 4: JoeBlack_MS ($113.48 in chips) 
Seat 5: ponchua ($104 in chips) 
Seat 6: coeeeelho ($100 in chips) 
ponchua: posts small blind $0.50
coeeeelho: posts big blind $1
*** HOLE CARDS ***
Unipoker11: folds 
Nurlanstar92: raises $1 to $2
budala: folds 
JoeBlack_MS: folds 
ponchua: folds 
coeeeelho: folds 
Uncalled bet ($1) returned to Nurlanstar92
Nurlanstar92 collected $2.50 from pot
Nurlanstar92: doesn't show hand 
*** SUMMARY ***
Total pot $2.50 | Rake $0 
Seat 1: Unipoker11 folded before Flop (didn't bet)
Seat 2: Nurlanstar92 collected ($2.50)
Seat 3: budala folded before Flop (didn't bet)
Seat 4: JoeBlack_MS (button) folded before Flop (didn't bet)
Seat 5: ponchua (small blind) folded before Flop
Seat 6: coeeeelho (big blind) folded before Flop



PokerStars Hand #254529803617:  Hold'em No Limit ($0.50/$1.00 USD) - 2025/01/24 15:21:03 WET [2025/01/24 10:21:03 ET]
Table 'Horemheb IV' 6-max Seat #5 is the button
Seat 1: Unipoker11 ($100 in chips) 
Seat 2: Nurlanstar92 ($101.50 in chips) 
Seat 3: budala ($90.04 in chips) 
Seat 4: JoeBlack_MS ($113.48 in chips) 
Seat 5: ponchua ($103.50 in chips) 
Seat 6: coeeeelho ($100 in chips) 
coeeeelho: posts small blind $0.50
Unipoker11: posts big blind $1
*** HOLE CARDS ***
Nurlanstar92: folds 
budala: folds 
JoeBlack_MS: raises $1.30 to $2.30
ponchua: folds 
coeeeelho: folds 
Unipoker11: folds 
Uncalled bet ($1.30) returned to JoeBlack_MS
JoeBlack_MS collected $2.50 from pot
JoeBlack_MS: doesn't show hand 
*** SUMMARY ***
Total pot $2.50 | Rake $0 
Seat 1: Unipoker11 (big blind) folded before Flop
Seat 2: Nurlanstar92 folded before Flop (didn't bet)
Seat 3: budala folded before Flop (didn't bet)
Seat 4: JoeBlack_MS collected ($2.50)
Seat 5: ponchua (button) folded before Flop (didn't bet)
Seat 6: coeeeelho (small blind) folded before Flop



PokerStars Hand #254529809068:  Hold'em No Limit ($0.50/$1.00 USD) - 2025/01/24 15:21:29 WET [2025/01/24 10:21:29 ET]
Table 'Horemheb IV' 6-max Seat #6 is the button
Seat 1: Unipoker11 ($100 in chips) 
Seat 2: Nurlanstar92 ($101.50 in chips) 
Seat 3: budala ($90.04 in chips) 
Seat 4: JoeBlack_MS ($114.98 in chips) 
Seat 5: ponchua ($103.50 in chips) 
Seat 6: coeeeelho ($100 in chips) 
Unipoker11: posts small blind $0.50
Nurlanstar92: posts big blind $1
*** HOLE CARDS ***
budala: raises $1 to $2
JoeBlack_MS: folds 
ponchua: folds 
coeeeelho: folds 
Unipoker11: folds 
Nurlanstar92: folds 
Uncalled bet ($1) returned to budala
budala collected $2.50 from pot
budala: doesn't show hand 
*** SUMMARY ***
Total pot $2.50 | Rake $0 
Seat 1: Unipoker11 (small blind) folded before Flop
Seat 2: Nurlanstar92 (big blind) folded before Flop
Seat 3: budala collected ($2.50)
Seat 4: JoeBlack_MS folded before Flop (didn't bet)
Seat 5: ponchua folded before Flop (didn't bet)
Seat 6: coeeeelho (button) folded before Flop (didn't bet)



PokerStars Hand #254529813952:  Hold'em No Limit ($0.50/$1.00 USD) - 2025/01/24 15:21:53 WET [2025/01/24 10:21:53 ET]
Table 'Horemheb IV' 6-max Seat #1 is the button
Seat 1: Unipoker11 ($100 in chips) 
Seat 2: Nurlanstar92 ($100.50 in chips) 
Seat 3: budala ($91.54 in chips) 
Seat 4: JoeBlack_MS ($114.98 in chips) 
Seat 5: ponchua ($103.50 in chips) 
Seat 6: coeeeelho ($100 in chips) 
Nurlanstar92: posts small blind $0.50
budala: posts big blind $1
*** HOLE CARDS ***
JoeBlack_MS: raises $1 to $2
ponchua: folds 
coeeeelho: folds 
Unipoker11: folds 
Nurlanstar92: folds 
budala: calls $1
*** FLOP *** [5s Ad 2s]
budala: checks 
JoeBlack_MS: bets $2.14
budala: folds 
Uncalled bet ($2.14) returned to JoeBlack_MS
JoeBlack_MS collected $4.28 from pot
JoeBlack_MS: doesn't show hand 
*** SUMMARY ***
Total pot $4.50 | Rake $0.22 
Board [5s Ad 2s]
Seat 1: Unipoker11 (button) folded before Flop (didn't bet)
Seat 2: Nurlanstar92 (small blind) folded before Flop
Seat 3: budala (big blind) folded on the Flop
Seat 4: JoeBlack_MS collected ($4.28)
Seat 5: ponchua folded before Flop (didn't bet)
Seat 6: coeeeelho folded before Flop (didn't bet)



PokerStars Hand #254529819902:  Hold'em No Limit ($0.50/$1.00 USD) - 2025/01/24 15:22:21 WET [2025/01/24 10:22:21 ET]
Table 'Horemheb IV' 6-max Seat #2 is the button
Seat 1: Unipoker11 ($100 in chips) 
Seat 2: Nurlanstar92 ($100 in chips) 
Seat 3: budala ($89.54 in chips) 
Seat 4: JoeBlack_MS ($117.26 in chips) 
Seat 5: ponchua ($103.50 in chips) 
Seat 6: coeeeelho ($100 in chips) 
budala: posts small blind $0.50
JoeBlack_MS: posts big blind $1
*** HOLE CARDS ***
ponchua: folds 
coeeeelho: folds 
Unipoker11: folds 
Nurlanstar92: raises $1.50 to $2.50
budala: folds 
JoeBlack_MS: folds 
Uncalled bet ($1.50) returned to Nurlanstar92
Nurlanstar92 collected $2.50 from pot
Nurlanstar92: doesn't show hand 
*** SUMMARY ***
Total pot $2.50 | Rake $0 
Seat 1: Unipoker11 folded before Flop (didn't bet)
Seat 2: Nurlanstar92 (button) collected ($2.50)
Seat 3: budala (small blind) folded before Flop
Seat 4: JoeBlack_MS (big blind) folded before Flop
Seat 5: ponchua folded before Flop (didn't bet)
Seat 6: coeeeelho folded before Flop (didn't bet)



PokerStars Hand #254529823227:  Hold'em No Limit ($0.50/$1.00 USD) - 2025/01/24 15:22:37 WET [2025/01/24 10:22:37 ET]
Table 'Horemheb IV' 6-max Seat #3 is the button
Seat 1: Unipoker11 ($100 in chips) 
Seat 2: Nurlanstar92 ($101.50 in chips) 
Seat 3: budala ($89.04 in chips) 
Seat 4: JoeBlack_MS ($116.26 in chips) 
Seat 5: ponchua ($103.50 in chips) 
Seat 6: coeeeelho ($100 in chips) 
JoeBlack_MS: posts small blind $0.50
ponchua: posts big blind $1
*** HOLE CARDS ***
coeeeelho: raises $1.20 to $2.20
Unipoker11: folds 
Nurlanstar92: folds 
budala: calls $2.20
JoeBlack_MS: folds 
ponchua: folds 
*** FLOP *** [2h 4c 3s]
coeeeelho: checks 
budala: bets $2.80
coeeeelho: calls $2.80
*** TURN *** [2h 4c 3s] [6d]
coeeeelho: checks 
budala: bets $6.46
coeeeelho: calls $6.46
*** RIVER *** [2h 4c 3s 6d] [2c]
coeeeelho: checks 
budala: bets $11.60
coeeeelho: calls $11.60
*** SHOW DOWN ***
budala: shows [5h 5s] (a straight, Deuce to Six)
coeeeelho: mucks hand 
budala collected $45.24 from pot
*** SUMMARY ***
Total pot $47.62 | Rake $2.38 
Board [2h 4c 3s 6d 2c]
Seat 1: Unipoker11 folded before Flop (didn't bet)
Seat 2: Nurlanstar92 folded before Flop (didn't bet)
Seat 3: budala (button) showed [5h 5s] and won ($45.24) with a straight, Deuce to Six
Seat 4: JoeBlack_MS (small blind) folded before Flop
Seat 5: ponchua (big blind) folded before Flop
Seat 6: coeeeelho mucked



PokerStars Hand #254529835336:  Hold'em No Limit ($0.50/$1.00 USD) - 2025/01/24 15:23:36 WET [2025/01/24 10:23:36 ET]
Table 'Horemheb IV' 6-max Seat #4 is the button
Seat 1: Unipoker11 ($100 in chips) 
Seat 2: Nurlanstar92 ($101.50 in chips) 
Seat 3: budala ($111.22 in chips) 
Seat 4: JoeBlack_MS ($115.76 in chips) 
Seat 5: ponchua ($102.50 in chips) 
Seat 6: coeeeelho ($100 in chips) 
ponchua: posts small blind $0.50
coeeeelho: posts big blind $1
*** HOLE CARDS ***
Unipoker11: folds 
Nurlanstar92: folds 
budala: raises $1 to $2
JoeBlack_MS: raises $5 to $7
ponchua: folds 
coeeeelho: folds 
budala: calls $5
*** FLOP *** [Qc 4d 8s]
budala: checks 
JoeBlack_MS: bets $7
budala: calls $7
*** TURN *** [Qc 4d 8s] [Td]
budala: checks 
JoeBlack_MS: checks 
*** RIVER *** [Qc 4d 8s Td] [7c]
budala: checks 
JoeBlack_MS: bets $22
budala: calls $22
*** SHOW DOWN ***
JoeBlack_MS: shows [As Kc] (high card Ace)
budala: shows [Jh Js] (a pair of Jacks)
budala collected $71 from pot
*** SUMMARY ***
Total pot $73.50 | Rake $2.50 
Board [Qc 4d 8s Td 7c]
Seat 1: Unipoker11 folded before Flop (didn't bet)
Seat 2: Nurlanstar92 folded before Flop (didn't bet)
Seat 3: budala showed [Jh Js] and won ($71) with a pair of Jacks
Seat 4: JoeBlack_MS (button) showed [As Kc] and lost with high card Ace
Seat 5: ponchua (small blind) folded before Flop
Seat 6: coeeeelho (big blind) folded before Flop



PokerStars Hand #254529851197:  Hold'em No Limit ($0.50/$1.00 USD) - 2025/01/24 15:24:52 WET [2025/01/24 10:24:52 ET]
Table 'Horemheb IV' 6-max Seat #5 is the button
Seat 1: Unipoker11 ($100 in chips) 
Seat 2: Nurlanstar92 ($101.50 in chips) 
Seat 3: budala ($146.22 in chips) 
Seat 4: JoeBlack_MS ($100 in chips) 
Seat 5: ponchua ($102 in chips) 
Seat 6: coeeeelho ($100 in chips) 
coeeeelho: posts small blind $0.50
Unipoker11: posts big blind $1
*** HOLE CARDS ***
Nurlanstar92: folds 
budala: folds 
JoeBlack_MS: raises $1.30 to $2.30
ponchua: folds 
coeeeelho: folds 
Unipoker11: calls $1.30
*** FLOP *** [8s Ad 9s]
Unipoker11: checks 
JoeBlack_MS: checks 
*** TURN *** [8s Ad 9s] [Ah]
Unipoker11: checks 
JoeBlack_MS: bets $1.45
Unipoker11: calls $1.45
*** RIVER *** [8s Ad 9s Ah] [Qh]
Unipoker11: checks 
JoeBlack_MS: bets $5.70
Unipoker11: calls $5.70
*** SHOW DOWN ***
JoeBlack_MS: shows [Ac 7h] (three of a kind, Aces)
Unipoker11: mucks hand 
JoeBlack_MS collected $18.43 from pot
*** SUMMARY ***
Total pot $19.40 | Rake $0.97 
Board [8s Ad 9s Ah Qh]
Seat 1: Unipoker11 (big blind) mucked
Seat 2: Nurlanstar92 folded before Flop (didn't bet)
Seat 3: budala folded before Flop (didn't bet)
Seat 4: JoeBlack_MS showed [Ac 7h] and won ($18.43) with three of a kind, Aces
Seat 5: ponchua (button) folded before Flop (didn't bet)
Seat 6: coeeeelho (small blind) folded before Flop



PokerStars Hand #254529869908:  Hold'em No Limit ($0.50/$1.00 USD) - 2025/01/24 15:26:22 WET [2025/01/24 10:26:22 ET]
Table 'Horemheb IV' 6-max Seat #6 is the button
Seat 1: Unipoker11 ($100 in chips) 
Seat 2: Nurlanstar92 ($101.50 in chips) 
Seat 3: budala ($146.22 in chips) 
Seat 4: JoeBlack_MS ($108.98 in chips) 
Seat 5: ponchua ($102 in chips) 
Seat 6: coeeeelho ($100 in chips) 
Unipoker11: posts small blind $0.50
Nurlanstar92: posts big blind $1
*** HOLE CARDS ***
budala: folds 
JoeBlack_MS: folds 
ponchua: folds 
coeeeelho: folds 
budala leaves the table
Unipoker11: raises $2 to $3
Nurlanstar92: folds 
Uncalled bet ($2) returned to Unipoker11
Unipoker11 collected $2 from pot
Unipoker11: doesn't show hand 
*** SUMMARY ***
Total pot $2 | Rake $0 
Seat 1: Unipoker11 (small blind) collected ($2)
Seat 2: Nurlanstar92 (big blind) folded before Flop
Seat 3: budala folded before Flop (didn't bet)
Seat 4: JoeBlack_MS folded before Flop (didn't bet)
Seat 5: ponchua folded before Flop (didn't bet)
Seat 6: coeeeelho (button) folded before Flop (didn't bet)



PokerStars Hand #254529873785:  Hold'em No Limit ($0.50/$1.00 USD) - 2025/01/24 15:26:40 WET [2025/01/24 10:26:40 ET]
Table 'Horemheb IV' 6-max Seat #1 is the button
Seat 1: Unipoker11 ($101 in chips) 
Seat 2: Nurlanstar92 ($100.50 in chips) 
Seat 4: JoeBlack_MS ($108.98 in chips) 
Seat 5: ponchua ($102 in chips) 
Seat 6: coeeeelho ($100 in chips) 
Nurlanstar92: posts small blind $0.50
JoeBlack_MS: posts big blind $1
*** HOLE CARDS ***
ponchua: folds 
coeeeelho: folds 
Unipoker11: folds 
Nurlanstar92: folds 
Uncalled bet ($0.50) returned to JoeBlack_MS
JoeBlack_MS collected $1 from pot
JoeBlack_MS: doesn't show hand 
*** SUMMARY ***
Total pot $1 | Rake $0 
Seat 1: Unipoker11 (button) folded before Flop (didn't bet)
Seat 2: Nurlanstar92 (small blind) folded before Flop
Seat 4: JoeBlack_MS (big blind) collected ($1)
Seat 5: ponchua folded before Flop (didn't bet)
Seat 6: coeeeelho folded before Flop (didn't bet)



PokerStars Hand #254529877652:  Hold'em No Limit ($0.50/$1.00 USD) - 2025/01/24 15:26:58 WET [2025/01/24 10:26:58 ET]
Table 'Horemheb IV' 6-max Seat #2 is the button
Seat 5: ponchua ($102 in chips) is sitting out
Seat 1: Unipoker11 ($101 in chips) 
Seat 2: Nurlanstar92 ($100 in chips) 
Seat 4: JoeBlack_MS ($109.48 in chips) 
Seat 6: coeeeelho ($100 in chips) 
JoeBlack_MS: posts small blind $0.50
ponchua: is sitting out 
coeeeelho: posts big blind $1
*** HOLE CARDS ***
Unipoker11: folds 
Nurlanstar92: folds 
JoeBlack_MS: folds 
Uncalled bet ($0.50) returned to coeeeelho
ponchua leaves the table
coeeeelho collected $1 from pot
*** SUMMARY ***
Total pot $1 | Rake $0 
Seat 5: ponchua
Seat 1: Unipoker11 folded before Flop (didn't bet)
Seat 2: Nurlanstar92 (button) folded before Flop (didn't bet)
Seat 4: JoeBlack_MS (small blind) folded before Flop
Seat 6: coeeeelho (big blind) collected ($1)



PokerStars Hand #254529879612:  Hold'em No Limit ($0.50/$1.00 USD) - 2025/01/24 15:27:07 WET [2025/01/24 10:27:07 ET]
Table 'Horemheb IV' 6-max Seat #4 is the button
Seat 1: Unipoker11 ($101 in chips) 
Seat 2: Nurlanstar92 ($100 in chips) 
Seat 4: JoeBlack_MS ($108.98 in chips) 
Seat 6: coeeeelho ($100.50 in chips) 
coeeeelho: posts small blind $0.50
Unipoker11: posts big blind $1
*** HOLE CARDS ***
Nurlanstar92: folds 
JoeBlack_MS: raises $1.50 to $2.50
coeeeelho: raises $8.72 to $11.22
Unipoker11: folds 
JoeBlack_MS: folds 
Uncalled bet ($8.72) returned to coeeeelho
coeeeelho collected $6 from pot
*** SUMMARY ***
Total pot $6 | Rake $0 
Seat 1: Unipoker11 (big blind) folded before Flop
Seat 2: Nurlanstar92 folded before Flop (didn't bet)
Seat 4: JoeBlack_MS (button) folded before Flop
Seat 6: coeeeelho (small blind) collected ($6)



PokerStars Hand #254529883694:  Hold'em No Limit ($0.50/$1.00 USD) - 2025/01/24 15:27:26 WET [2025/01/24 10:27:26 ET]
Table 'Horemheb IV' 6-max Seat #6 is the button
Seat 2: Nurlanstar92 ($100 in chips) is sitting out
Seat 1: Unipoker11 ($100 in chips) 
Seat 4: JoeBlack_MS ($106.48 in chips) 
Seat 6: coeeeelho ($104 in chips) 
Unipoker11: posts small blind $0.50
Nurlanstar92: is sitting out 
JoeBlack_MS: posts big blind $1
*** HOLE CARDS ***
Nurlanstar92 leaves the table
coeeeelho: raises $1.50 to $2.50
Unipoker11: folds 
JoeBlack_MS: folds 
Uncalled bet ($1.50) returned to coeeeelho
coeeeelho collected $2.50 from pot
*** SUMMARY ***
Total pot $2.50 | Rake $0 
Seat 2: Nurlanstar92
Seat 1: Unipoker11 (small blind) folded before Flop
Seat 4: JoeBlack_MS (big blind) folded before Flop
Seat 6: coeeeelho (button) collected ($2.50)



PokerStars Hand #254529887209:  Hold'em No Limit ($0.50/$1.00 USD) - 2025/01/24 15:27:43 WET [2025/01/24 10:27:43 ET]
Table 'Horemheb IV' 6-max Seat #1 is the button
Seat 1: Unipoker11 ($100 in chips) 
Seat 4: JoeBlack_MS ($105.48 in chips) 
Seat 6: coeeeelho ($105.50 in chips) 
JoeBlack_MS: posts small blind $0.50
coeeeelho: posts big blind $1
*** HOLE CARDS ***
Unipoker11: raises $1.50 to $2.50
JoeBlack_MS: folds 
coeeeelho: folds 
Uncalled bet ($1.50) returned to Unipoker11
Unipoker11 collected $2.50 from pot
Unipoker11: doesn't show hand 
*** SUMMARY ***
Total pot $2.50 | Rake $0 
Seat 1: Unipoker11 (button) collected ($2.50)
Seat 4: JoeBlack_MS (small blind) folded before Flop
Seat 6: coeeeelho (big blind) folded before Flop



PokerStars Hand #254529890113:  Hold'em No Limit ($0.50/$1.00 USD) - 2025/01/24 15:27:56 WET [2025/01/24 10:27:56 ET]
Table 'Horemheb IV' 6-max Seat #4 is the button
Seat 1: Unipoker11 ($101.50 in chips) 
Seat 4: JoeBlack_MS ($104.98 in chips) 
Seat 6: coeeeelho ($104.50 in chips) 
coeeeelho: posts small blind $0.50
Unipoker11: posts big blind $1
*** HOLE CARDS ***
JoeBlack_MS: raises $1.50 to $2.50
coeeeelho: folds 
Unipoker11: folds 
Uncalled bet ($1.50) returned to JoeBlack_MS
JoeBlack_MS collected $2.50 from pot
JoeBlack_MS: doesn't show hand 
*** SUMMARY ***
Total pot $2.50 | Rake $0 
Seat 1: Unipoker11 (big blind) folded before Flop
Seat 4: JoeBlack_MS (button) collected ($2.50)
Seat 6: coeeeelho (small blind) folded before Flop



PokerStars Hand #254529892694:  Hold'em No Limit ($0.50/$1.00 USD) - 2025/01/24 15:28:08 WET [2025/01/24 10:28:08 ET]
Table 'Horemheb IV' 6-max Seat #6 is the button
Seat 1: Unipoker11 ($100.50 in chips) 
Seat 4: JoeBlack_MS ($106.48 in chips) 
Seat 6: coeeeelho ($104 in chips) 
Unipoker11: posts small blind $0.50
JoeBlack_MS: posts big blind $1
*** HOLE CARDS ***
coeeeelho: folds 
Unipoker11: raises $2 to $3
JoeBlack_MS: folds 
Uncalled bet ($2) returned to Unipoker11
Unipoker11 collected $2 from pot
Unipoker11: doesn't show hand 
*** SUMMARY ***
Total pot $2 | Rake $0 
Seat 1: Unipoker11 (small blind) collected ($2)
Seat 4: JoeBlack_MS (big blind) folded before Flop
Seat 6: coeeeelho (button) folded before Flop (didn't bet)



PokerStars Hand #254529895635:  Hold'em No Limit ($0.50/$1.00 USD) - 2025/01/24 15:28:22 WET [2025/01/24 10:28:22 ET]
Table 'Horemheb IV' 6-max Seat #4 is the button
Seat 6: coeeeelho ($104 in chips) is sitting out
Seat 1: Unipoker11 ($101.50 in chips) 
Seat 4: JoeBlack_MS ($105.48 in chips) 
JoeBlack_MS: posts small blind $0.50
coeeeelho: is sitting out 
Unipoker11: posts big blind $1
*** HOLE CARDS ***
JoeBlack_MS: raises $1.50 to $2.50
Unipoker11: folds 
Uncalled bet ($1.50) returned to JoeBlack_MS
JoeBlack_MS collected $2 from pot
JoeBlack_MS: doesn't show hand 
*** SUMMARY ***
Total pot $2 | Rake $0 
Seat 6: coeeeelho
Seat 1: Unipoker11 (big blind) folded before Flop
Seat 4: JoeBlack_MS (button) (small blind) collected ($2)



PokerStars Hand #254529897336:  Hold'em No Limit ($0.50/$1.00 USD) - 2025/01/24 15:28:30 WET [2025/01/24 10:28:30 ET]
Table 'Horemheb IV' 6-max Seat #1 is the button
Seat 6: coeeeelho ($104 in chips) is sitting out
Seat 1: Unipoker11 ($100.50 in chips) 
Seat 4: JoeBlack_MS ($106.48 in chips) 
Unipoker11: posts small blind $0.50
JoeBlack_MS: posts big blind $1
*** HOLE CARDS ***
coeeeelho leaves the table
Unipoker11: raises $1.50 to $2.50
JoeBlack_MS: folds 
Uncalled bet ($1.50) returned to Unipoker11
Unipoker11 collected $2 from pot
Unipoker11: doesn't show hand 
*** SUMMARY ***
Total pot $2 | Rake $0 
Seat 6: coeeeelho
Seat 1: Unipoker11 (button) (small blind) collected ($2)
Seat 4: JoeBlack_MS (big blind) folded before Flop



PokerStars Hand #254529903872:  Hold'em No Limit ($0.50/$1.00 USD) - 2025/01/24 15:29:01 WET [2025/01/24 10:29:01 ET]
Table 'Horemheb IV' 6-max Seat #3 is the button
Seat 1: Unipoker11 ($101.50 in chips) is sitting out
Seat 4: JoeBlack_MS ($105.48 in chips) is sitting out
Seat 2: coeeeelho ($104 in chips) 
Seat 3: dreimis190 ($100 in chips) 
dreimis190: posts small blind $0.50
JoeBlack_MS: is sitting out 
coeeeelho: posts big blind $1
*** HOLE CARDS ***
dreimis190: raises $1.50 to $2.50
coeeeelho: folds 
Uncalled bet ($1.50) returned to dreimis190
dreimis190 collected $2 from pot
dreimis190: doesn't show hand 
*** SUMMARY ***
Total pot $2 | Rake $0 
Seat 1: Unipoker11
Seat 4: JoeBlack_MS
Seat 2: coeeeelho (big blind) folded before Flop
Seat 3: dreimis190 (button) (small blind) collected ($2)



PokerStars Hand #254529906900:  Hold'em No Limit ($0.50/$1.00 USD) - 2025/01/24 15:29:15 WET [2025/01/24 10:29:15 ET]
Table 'Horemheb IV' 6-max Seat #2 is the button
Seat 1: Unipoker11 ($101.50 in chips) is sitting out
Seat 4: JoeBlack_MS ($105.48 in chips) is sitting out
Seat 2: coeeeelho ($103 in chips) 
Seat 3: dreimis190 ($101 in chips) 
coeeeelho: posts small blind $0.50
dreimis190: posts big blind $1
*** HOLE CARDS ***
JoeBlack_MS leaves the table
coeeeelho: folds 
Uncalled bet ($0.50) returned to dreimis190
dreimis190 collected $1 from pot
dreimis190: doesn't show hand 
*** SUMMARY ***
Total pot $1 | Rake $0 
Seat 1: Unipoker11
Seat 4: JoeBlack_MS
Seat 2: coeeeelho (button) (small blind) folded before Flop
Seat 3: dreimis190 (big blind) collected ($1)



PokerStars Hand #254529946398:  Hold'em No Limit ($0.50/$1.00 USD) - 2025/01/24 15:32:21 WET [2025/01/24 10:32:21 ET]
Table 'Horemheb IV' 6-max Seat #4 is the button
Seat 6: JoeBlack_MS ($105.48 in chips) is sitting out
Seat 1: Unipoker11 ($101.50 in chips) 
Seat 4: poker_soul11 ($100 in chips) 
poker_soul11: posts small blind $0.50
Unipoker11: posts big blind $1
*** HOLE CARDS ***
poker_soul11: folds 
Uncalled bet ($0.50) returned to Unipoker11
Unipoker11 collected $1 from pot
Unipoker11: doesn't show hand 
*** SUMMARY ***
Total pot $1 | Rake $0 
Seat 6: JoeBlack_MS
Seat 1: Unipoker11 (big blind) collected ($1)
Seat 4: poker_soul11 (button) (small blind) folded before Flop



PokerStars Hand #254529948320:  Hold'em No Limit ($0.50/$1.00 USD) - 2025/01/24 15:32:30 WET [2025/01/24 10:32:30 ET]
Table 'Horemheb IV' 6-max Seat #1 is the button
Seat 6: JoeBlack_MS ($105.48 in chips) is sitting out
Seat 1: Unipoker11 ($102 in chips) 
Seat 4: poker_soul11 ($100 in chips) 
Unipoker11: posts small blind $0.50
poker_soul11: posts big blind $1
*** HOLE CARDS ***
Unipoker11: raises $1.50 to $2.50
poker_soul11: folds 
Uncalled bet ($1.50) returned to Unipoker11
Unipoker11 collected $2 from pot
Unipoker11: doesn't show hand 
*** SUMMARY ***
Total pot $2 | Rake $0 
Seat 6: JoeBlack_MS
Seat 1: Unipoker11 (button) (small blind) collected ($2)
Seat 4: poker_soul11 (big blind) folded before Flop



PokerStars Hand #254530212178:  Hold'em No Limit ($0.50/$1.00 USD) - 2025/01/24 15:52:49 WET [2025/01/24 10:52:49 ET]
Table 'Horemheb IV' 6-max Seat #2 is the button
Seat 1: EvilReality ($100 in chips) 
Seat 2: Pippa83 ($100 in chips) 
Seat 3: tintin641 ($100 in chips) 
Seat 4: poker_soul11 ($100 in chips) 
Seat 5: Pvn1219 ($63.45 in chips) 
Seat 6: nastja336 ($100 in chips) 
tintin641: posts small blind $0.50
poker_soul11: posts big blind $1
*** HOLE CARDS ***
Pvn1219: raises $2 to $3
nastja336: folds 
EvilReality: folds 
Pippa83: folds 
tintin641: folds 
poker_soul11: folds 
Uncalled bet ($2) returned to Pvn1219
Pvn1219 collected $2.50 from pot
*** SUMMARY ***
Total pot $2.50 | Rake $0 
Seat 1: EvilReality folded before Flop (didn't bet)
Seat 2: Pippa83 (button) folded before Flop (didn't bet)
Seat 3: tintin641 (small blind) folded before Flop
Seat 4: poker_soul11 (big blind) folded before Flop
Seat 5: Pvn1219 collected ($2.50)
Seat 6: nastja336 folded before Flop (didn't bet)



PokerStars Hand #254530218863:  Hold'em No Limit ($0.50/$1.00 USD) - 2025/01/24 15:53:19 WET [2025/01/24 10:53:19 ET]
Table 'Horemheb IV' 6-max Seat #3 is the button
Seat 1: EvilReality ($100 in chips) 
Seat 2: Pippa83 ($100 in chips) 
Seat 3: tintin641 ($100 in chips) 
Seat 4: poker_soul11 ($100 in chips) 
Seat 5: Pvn1219 ($64.95 in chips) 
Seat 6: nastja336 ($100 in chips) 
poker_soul11: posts small blind $0.50
Pvn1219: posts big blind $1
*** HOLE CARDS ***
nastja336: folds 
EvilReality: folds 
Pippa83: folds 
tintin641: raises $1.50 to $2.50
poker_soul11: folds 
Pvn1219: calls $1.50
*** FLOP *** [Qc Ts 2c]
Pvn1219: checks 
tintin641: checks 
*** TURN *** [Qc Ts 2c] [4c]
Pvn1219: checks 
tintin641: bets $1.72
Pvn1219: calls $1.72
*** RIVER *** [Qc Ts 2c 4c] [Jh]
Pvn1219: checks 
tintin641: checks 
*** SHOW DOWN ***
Pvn1219: shows [3h Qh] (a pair of Queens)
tintin641: mucks hand 
Pvn1219 collected $8.49 from pot
*** SUMMARY ***
Total pot $8.94 | Rake $0.45 
Board [Qc Ts 2c 4c Jh]
Seat 1: EvilReality folded before Flop (didn't bet)
Seat 2: Pippa83 folded before Flop (didn't bet)
Seat 3: tintin641 (button) mucked
Seat 4: poker_soul11 (small blind) folded before Flop
Seat 5: Pvn1219 (big blind) showed [3h Qh] and won ($8.49) with a pair of Queens
Seat 6: nastja336 folded before Flop (didn't bet)



PokerStars Hand #254530234610:  Hold'em No Limit ($0.50/$1.00 USD) - 2025/01/24 15:54:31 WET [2025/01/24 10:54:31 ET]
Table 'Horemheb IV' 6-max Seat #4 is the button
Seat 1: EvilReality ($100 in chips) 
Seat 2: Pippa83 ($100 in chips) 
Seat 3: tintin641 ($100 in chips) 
Seat 4: poker_soul11 ($100 in chips) 
Seat 5: Pvn1219 ($69.22 in chips) 
Seat 6: nastja336 ($100 in chips) 
Pvn1219: posts small blind $0.50
nastja336: posts big blind $1
*** HOLE CARDS ***
EvilReality: folds 
Pippa83: folds 
tintin641: raises $1.50 to $2.50
poker_soul11: folds 
Pvn1219: folds 
nastja336: folds 
Uncalled bet ($1.50) returned to tintin641
tintin641 collected $2.50 from pot
tintin641: doesn't show hand 
*** SUMMARY ***
Total pot $2.50 | Rake $0 
Seat 1: EvilReality folded before Flop (didn't bet)
Seat 2: Pippa83 folded before Flop (didn't bet)
Seat 3: tintin641 collected ($2.50)
Seat 4: poker_soul11 (button) folded before Flop (didn't bet)
Seat 5: Pvn1219 (small blind) folded before Flop
Seat 6: nastja336 (big blind) folded before Flop



PokerStars Hand #254530239430:  Hold'em No Limit ($0.50/$1.00 USD) - 2025/01/24 15:54:53 WET [2025/01/24 10:54:53 ET]
Table 'Horemheb IV' 6-max Seat #5 is the button
Seat 1: EvilReality ($100 in chips) 
Seat 2: Pippa83 ($100 in chips) 
Seat 3: tintin641 ($101.50 in chips) 
Seat 4: poker_soul11 ($100 in chips) 
Seat 5: Pvn1219 ($68.72 in chips) 
Seat 6: nastja336 ($100 in chips) 
nastja336: posts small blind $0.50
EvilReality: posts big blind $1
*** HOLE CARDS ***
Pippa83: folds 
tintin641: folds 
poker_soul11: folds 
Pvn1219: folds 
nastja336: folds 
Uncalled bet ($0.50) returned to EvilReality
EvilReality collected $1 from pot
EvilReality: doesn't show hand 
*** SUMMARY ***
Total pot $1 | Rake $0 
Seat 1: EvilReality (big blind) collected ($1)
Seat 2: Pippa83 folded before Flop (didn't bet)
Seat 3: tintin641 folded before Flop (didn't bet)
Seat 4: poker_soul11 folded before Flop (didn't bet)
Seat 5: Pvn1219 (button) folded before Flop (didn't bet)
Seat 6: nastja336 (small blind) folded before Flop



PokerStars Hand #254530242386:  Hold'em No Limit ($0.50/$1.00 USD) - 2025/01/24 15:55:07 WET [2025/01/24 10:55:07 ET]
Table 'Horemheb IV' 6-max Seat #6 is the button
Seat 1: EvilReality ($100.50 in chips) 
Seat 2: Pippa83 ($100 in chips) 
Seat 3: tintin641 ($101.50 in chips) 
Seat 4: poker_soul11 ($100 in chips) 
Seat 5: Pvn1219 ($68.72 in chips) 
Seat 6: nastja336 ($100 in chips) 
EvilReality: posts small blind $0.50
Pippa83: posts big blind $1
*** HOLE CARDS ***
tintin641: raises $1.50 to $2.50
poker_soul11: folds 
Pvn1219: calls $2.50
nastja336: folds 
EvilReality: folds 
Pippa83: folds 
*** FLOP *** [Qc 8s Ad]
tintin641: checks 
Pvn1219: checks 
*** TURN *** [Qc 8s Ad] [2h]
tintin641: checks 
Pvn1219: bets $3.09
tintin641: calls $3.09
*** RIVER *** [Qc 8s Ad 2h] [Jh]
tintin641: checks 
Pvn1219: bets $6.03
tintin641: calls $6.03
*** SHOW DOWN ***
Pvn1219: shows [As Td] (a pair of Aces)
tintin641: mucks hand 
Pvn1219 collected $23.50 from pot
*** SUMMARY ***
Total pot $24.74 | Rake $1.24 
Board [Qc 8s Ad 2h Jh]
Seat 1: EvilReality (small blind) folded before Flop
Seat 2: Pippa83 (big blind) folded before Flop
Seat 3: tintin641 mucked
Seat 4: poker_soul11 folded before Flop (didn't bet)
Seat 5: Pvn1219 showed [As Td] and won ($23.50) with a pair of Aces
Seat 6: nastja336 (button) folded before Flop (didn't bet)



PokerStars Hand #254530254200:  Hold'em No Limit ($0.50/$1.00 USD) - 2025/01/24 15:56:15 WET [2025/01/24 10:56:15 ET]
Table 'Horemheb IV' 6-max Seat #1 is the button
Seat 1: EvilReality ($100 in chips) 
Seat 2: Pippa83 ($100 in chips) 
Seat 3: tintin641 ($100 in chips) 
Seat 4: poker_soul11 ($100 in chips) 
Seat 5: Pvn1219 ($80.60 in chips) 
Seat 6: nastja336 ($100 in chips) 
Pippa83: posts small blind $0.50
tintin641: posts big blind $1
*** HOLE CARDS ***
poker_soul11: folds 
Pvn1219: folds 
nastja336: raises $1.50 to $2.50
EvilReality: raises $5 to $7.50
Pippa83: folds 
tintin641: folds 
nastja336: folds 
Uncalled bet ($5) returned to EvilReality
EvilReality collected $6.50 from pot
EvilReality: doesn't show hand 
*** SUMMARY ***
Total pot $6.50 | Rake $0 
Seat 1: EvilReality (button) collected ($6.50)
Seat 2: Pippa83 (small blind) folded before Flop
Seat 3: tintin641 (big blind) folded before Flop
Seat 4: poker_soul11 folded before Flop (didn't bet)
Seat 5: Pvn1219 folded before Flop (didn't bet)
Seat 6: nastja336 folded before Flop



PokerStars Hand #254530257781:  Hold'em No Limit ($0.50/$1.00 USD) - 2025/01/24 15:56:36 WET [2025/01/24 10:56:36 ET]
Table 'Horemheb IV' 6-max Seat #2 is the button
Seat 1: EvilReality ($104 in chips) 
Seat 2: Pippa83 ($100 in chips) 
Seat 3: tintin641 ($100 in chips) 
Seat 4: poker_soul11 ($100 in chips) 
Seat 5: Pvn1219 ($80.60 in chips) 
Seat 6: nastja336 ($100 in chips) 
tintin641: posts small blind $0.50
poker_soul11: posts big blind $1
*** HOLE CARDS ***
Pvn1219: folds 
nastja336: folds 
EvilReality: folds 
Pippa83: folds 
tintin641: raises $2 to $3
poker_soul11: folds 
Uncalled bet ($2) returned to tintin641
tintin641 collected $2 from pot
tintin641: doesn't show hand 
*** SUMMARY ***
Total pot $2 | Rake $0 
Seat 1: EvilReality folded before Flop (didn't bet)
Seat 2: Pippa83 (button) folded before Flop (didn't bet)
Seat 3: tintin641 (small blind) collected ($2)
Seat 4: poker_soul11 (big blind) folded before Flop
Seat 5: Pvn1219 folded before Flop (didn't bet)
Seat 6: nastja336 folded before Flop (didn't bet)



PokerStars Hand #254530261505:  Hold'em No Limit ($0.50/$1.00 USD) - 2025/01/24 15:56:57 WET [2025/01/24 10:56:57 ET]
Table 'Horemheb IV' 6-max Seat #3 is the button
Seat 1: EvilReality ($104 in chips) 
Seat 2: Pippa83 ($100 in chips) 
Seat 3: tintin641 ($101 in chips) 
Seat 4: poker_soul11 ($100 in chips) 
Seat 5: Pvn1219 ($80.60 in chips) 
Seat 6: nastja336 ($100 in chips) 
poker_soul11: posts small blind $0.50
Pvn1219: posts big blind $1
*** HOLE CARDS ***
nastja336: folds 
EvilReality: raises $1.50 to $2.50
Pippa83: folds 
tintin641: folds 
poker_soul11: folds 
Pvn1219: folds 
Uncalled bet ($1.50) returned to EvilReality
EvilReality collected $2.50 from pot
EvilReality: doesn't show hand 
*** SUMMARY ***
Total pot $2.50 | Rake $0 
Seat 1: EvilReality collected ($2.50)
Seat 2: Pippa83 folded before Flop (didn't bet)
Seat 3: tintin641 (button) folded before Flop (didn't bet)
Seat 4: poker_soul11 (small blind) folded before Flop
Seat 5: Pvn1219 (big blind) folded before Flop
Seat 6: nastja336 folded before Flop (didn't bet)



PokerStars Hand #254530263651:  Hold'em No Limit ($0.50/$1.00 USD) - 2025/01/24 15:57:09 WET [2025/01/24 10:57:09 ET]
Table 'Horemheb IV' 6-max Seat #4 is the button
Seat 1: EvilReality ($105.50 in chips) 
Seat 2: Pippa83 ($100 in chips) 
Seat 3: tintin641 ($101 in chips) 
Seat 4: poker_soul11 ($100 in chips) 
Seat 5: Pvn1219 ($79.60 in chips) 
Seat 6: nastja336 ($100 in chips) 
Pvn1219: posts small blind $0.50
nastja336: posts big blind $1
*** HOLE CARDS ***
EvilReality: folds 
Pippa83: folds 
tintin641: folds 
poker_soul11: raises $1.20 to $2.20
Pvn1219: calls $1.70
nastja336: folds 
*** FLOP *** [3h 3d 8d]
Pvn1219: checks 
poker_soul11: checks 
*** TURN *** [3h 3d 8d] [Td]
Pvn1219: bets $2.57
poker_soul11: raises $5.14 to $7.71
Pvn1219: folds 
Uncalled bet ($5.14) returned to poker_soul11
poker_soul11 collected $10.01 from pot
poker_soul11: doesn't show hand 
*** SUMMARY ***
Total pot $10.54 | Rake $0.53 
Board [3h 3d 8d Td]
Seat 1: EvilReality folded before Flop (didn't bet)
Seat 2: Pippa83 folded before Flop (didn't bet)
Seat 3: tintin641 folded before Flop (didn't bet)
Seat 4: poker_soul11 (button) collected ($10.01)
Seat 5: Pvn1219 (small blind) folded on the Turn
Seat 6: nastja336 (big blind) folded before Flop



PokerStars Hand #254530273989:  Hold'em No Limit ($0.50/$1.00 USD) - 2025/01/24 15:58:10 WET [2025/01/24 10:58:10 ET]
Table 'Horemheb IV' 6-max Seat #5 is the button
Seat 1: EvilReality ($105.50 in chips) 
Seat 2: Pippa83 ($100 in chips) 
Seat 3: tintin641 ($101 in chips) 
Seat 4: poker_soul11 ($105.24 in chips) 
Seat 5: Pvn1219 ($74.83 in chips) 
Seat 6: nastja336 ($100 in chips) 
nastja336: posts small blind $0.50
EvilReality: posts big blind $1
*** HOLE CARDS ***
Pippa83: folds 
tintin641: folds 
poker_soul11: raises $1.20 to $2.20
Pvn1219: calls $2.20
nastja336: folds 
EvilReality: calls $1.20
*** FLOP *** [8c 2s Kh]
EvilReality: checks 
poker_soul11: checks 
Pvn1219: checks 
*** TURN *** [8c 2s Kh] [Qh]
EvilReality: checks 
poker_soul11: checks 
Pvn1219: checks 
*** RIVER *** [8c 2s Kh Qh] [5s]
EvilReality: checks 
poker_soul11: checks 
Pvn1219: checks 
*** SHOW DOWN ***
EvilReality: shows [9c Ac] (high card Ace)
poker_soul11: shows [Js 8s] (a pair of Eights)
Pvn1219: mucks hand 
poker_soul11 collected $6.74 from pot
*** SUMMARY ***
Total pot $7.10 | Rake $0.36 
Board [8c 2s Kh Qh 5s]
Seat 1: EvilReality (big blind) showed [9c Ac] and lost with high card Ace
Seat 2: Pippa83 folded before Flop (didn't bet)
Seat 3: tintin641 folded before Flop (didn't bet)
Seat 4: poker_soul11 showed [Js 8s] and won ($6.74) with a pair of Eights
Seat 5: Pvn1219 (button) mucked
Seat 6: nastja336 (small blind) folded before Flop



PokerStars Hand #254530288100:  Hold'em No Limit ($0.50/$1.00 USD) - 2025/01/24 15:59:34 WET [2025/01/24 10:59:34 ET]
Table 'Horemheb IV' 6-max Seat #6 is the button
Seat 1: EvilReality ($103.30 in chips) 
Seat 2: Pippa83 ($100 in chips) 
Seat 3: tintin641 ($101 in chips) 
Seat 4: poker_soul11 ($109.78 in chips) 
Seat 5: Pvn1219 ($72.63 in chips) 
Seat 6: nastja336 ($100 in chips) 
EvilReality: posts small blind $0.50
Pippa83: posts big blind $1
*** HOLE CARDS ***
tintin641: folds 
poker_soul11: folds 
Pvn1219: folds 
nastja336: folds 
EvilReality: raises $2 to $3
Pippa83: raises $6 to $9
EvilReality: raises $15 to $24
Pippa83: folds 
Uncalled bet ($15) returned to EvilReality
EvilReality collected $18 from pot
EvilReality: doesn't show hand 
*** SUMMARY ***
Total pot $18 | Rake $0 
Seat 1: EvilReality (small blind) collected ($18)
Seat 2: Pippa83 (big blind) folded before Flop
Seat 3: tintin641 folded before Flop (didn't bet)
Seat 4: poker_soul11 folded before Flop (didn't bet)
Seat 5: Pvn1219 folded before Flop (didn't bet)
Seat 6: nastja336 (button) folded before Flop (didn't bet)



PokerStars Hand #254530295439:  Hold'em No Limit ($0.50/$1.00 USD) - 2025/01/24 16:00:17 WET [2025/01/24 11:00:17 ET]
Table 'Horemheb IV' 6-max Seat #1 is the button
Seat 1: EvilReality ($112.30 in chips) 
Seat 2: Pippa83 ($100 in chips) 
Seat 3: tintin641 ($101 in chips) 
Seat 4: poker_soul11 ($109.78 in chips) 
Seat 5: Pvn1219 ($72.63 in chips) 
Seat 6: nastja336 ($100 in chips) 
Pippa83: posts small blind $0.50
tintin641: posts big blind $1
*** HOLE CARDS ***
poker_soul11: folds 
Pvn1219: folds 
nastja336: folds 
EvilReality: raises $1.50 to $2.50
Pippa83: folds 
tintin641: folds 
Uncalled bet ($1.50) returned to EvilReality
EvilReality collected $2.50 from pot
EvilReality: doesn't show hand 
*** SUMMARY ***
Total pot $2.50 | Rake $0 
Seat 1: EvilReality (button) collected ($2.50)
Seat 2: Pippa83 (small blind) folded before Flop
Seat 3: tintin641 (big blind) folded before Flop
Seat 4: poker_soul11 folded before Flop (didn't bet)
Seat 5: Pvn1219 folded before Flop (didn't bet)
Seat 6: nastja336 folded before Flop (didn't bet)



PokerStars Hand #254530297652:  Hold'em No Limit ($0.50/$1.00 USD) - 2025/01/24 16:00:29 WET [2025/01/24 11:00:29 ET]
Table 'Horemheb IV' 6-max Seat #2 is the button
Seat 1: EvilReality ($113.80 in chips) 
Seat 2: Pippa83 ($100 in chips) 
Seat 3: tintin641 ($100 in chips) 
Seat 4: poker_soul11 ($109.78 in chips) 
Seat 5: Pvn1219 ($72.63 in chips) 
Seat 6: nastja336 ($100 in chips) 
tintin641: posts small blind $0.50
poker_soul11: posts big blind $1
*** HOLE CARDS ***
Pvn1219: raises $1 to $2
nastja336: folds 
EvilReality: folds 
Pippa83: raises $5 to $7
tintin641: folds 
poker_soul11: folds 
Pvn1219: calls $5
*** FLOP *** [Qs Kh 8s]
Pvn1219: checks 
Pippa83: bets $3.68
Pvn1219: calls $3.68
*** TURN *** [Qs Kh 8s] [7h]
Pvn1219: checks 
Pippa83: checks 
*** RIVER *** [Qs Kh 8s 7h] [Ks]
Pvn1219: checks 
Pippa83: bets $16.29
Pvn1219: folds 
Uncalled bet ($16.29) returned to Pippa83
Pippa83 collected $21.72 from pot
Pippa83: doesn't show hand 
*** SUMMARY ***
Total pot $22.86 | Rake $1.14 
Board [Qs Kh 8s 7h Ks]
Seat 1: EvilReality folded before Flop (didn't bet)
Seat 2: Pippa83 (button) collected ($21.72)
Seat 3: tintin641 (small blind) folded before Flop
Seat 4: poker_soul11 (big blind) folded before Flop
Seat 5: Pvn1219 folded on the River
Seat 6: nastja336 folded before Flop (didn't bet)



PokerStars Hand #254530313964:  Hold'em No Limit ($0.50/$1.00 USD) - 2025/01/24 16:01:51 WET [2025/01/24 11:01:51 ET]
Table 'Horemheb IV' 6-max Seat #3 is the button
Seat 1: EvilReality ($113.80 in chips) 
Seat 2: Pippa83 ($111.04 in chips) 
Seat 3: tintin641 ($100 in chips) 
Seat 4: poker_soul11 ($108.78 in chips) 
Seat 5: Pvn1219 ($61.95 in chips) 
Seat 6: nastja336 ($100 in chips) 
poker_soul11: posts small blind $0.50
Pvn1219: posts big blind $1
*** HOLE CARDS ***
nastja336: raises $1.50 to $2.50
EvilReality: folds 
Pippa83: folds 
tintin641: calls $2.50
poker_soul11: calls $2
Pvn1219: calls $1.50
*** FLOP *** [4d Qc Tc]
poker_soul11: checks 
Pvn1219: checks 
nastja336: bets $8
tintin641: calls $8
poker_soul11: folds 
Pvn1219: folds 
*** TURN *** [4d Qc Tc] [4h]
nastja336: bets $6.25
tintin641: calls $6.25
*** RIVER *** [4d Qc Tc 4h] [3c]
nastja336: checks 
tintin641: bets $27.44
nastja336: raises $55.81 to $83.25 and is all-in
tintin641: folds 
Uncalled bet ($55.81) returned to nastja336
nastja336 collected $90.88 from pot
nastja336: doesn't show hand 
*** SUMMARY ***
Total pot $93.38 | Rake $2.50 
Board [4d Qc Tc 4h 3c]
Seat 1: EvilReality folded before Flop (didn't bet)
Seat 2: Pippa83 folded before Flop (didn't bet)
Seat 3: tintin641 (button) folded on the River
Seat 4: poker_soul11 (small blind) folded on the Flop
Seat 5: Pvn1219 (big blind) folded on the Flop
Seat 6: nastja336 collected ($90.88)



PokerStars Hand #254530343806:  Hold'em No Limit ($0.50/$1.00 USD) - 2025/01/24 16:04:07 WET [2025/01/24 11:04:07 ET]
Table 'Horemheb IV' 6-max Seat #4 is the button
Seat 1: EvilReality ($113.80 in chips) 
Seat 2: Pippa83 ($111.04 in chips) 
Seat 3: tintin641 ($100 in chips) 
Seat 4: poker_soul11 ($106.28 in chips) 
Seat 5: Pvn1219 ($59.45 in chips) 
Seat 6: nastja336 ($146.69 in chips) 
Pvn1219: posts small blind $0.50
nastja336: posts big blind $1
*** HOLE CARDS ***
EvilReality: folds 
Pippa83: folds 
tintin641: raises $1.50 to $2.50
poker_soul11: folds 
Pvn1219: calls $2
nastja336: folds 
*** FLOP *** [Tc Kd 3h]
Pvn1219: checks 
tintin641: bets $1.88
Pvn1219: folds 
Uncalled bet ($1.88) returned to tintin641
tintin641 collected $5.70 from pot
tintin641: doesn't show hand 
*** SUMMARY ***
Total pot $6 | Rake $0.30 
Board [Tc Kd 3h]
Seat 1: EvilReality folded before Flop (didn't bet)
Seat 2: Pippa83 folded before Flop (didn't bet)
Seat 3: tintin641 collected ($5.70)
Seat 4: poker_soul11 (button) folded before Flop (didn't bet)
Seat 5: Pvn1219 (small blind) folded on the Flop
Seat 6: nastja336 (big blind) folded before Flop



PokerStars Hand #254530355251:  Hold'em No Limit ($0.50/$1.00 USD) - 2025/01/24 16:04:59 WET [2025/01/24 11:04:59 ET]
Table 'Horemheb IV' 6-max Seat #5 is the button
Seat 1: EvilReality ($113.80 in chips) 
Seat 2: Pippa83 ($111.04 in chips) 
Seat 3: tintin641 ($103.20 in chips) 
Seat 4: poker_soul11 ($106.28 in chips) 
Seat 5: Pvn1219 ($56.95 in chips) 
Seat 6: nastja336 ($145.69 in chips) 
nastja336: posts small blind $0.50
EvilReality: posts big blind $1
*** HOLE CARDS ***
Pippa83: folds 
tintin641: folds 
poker_soul11: folds 
Pvn1219: raises $2 to $3
nastja336: raises $9 to $12
EvilReality: folds 
Pvn1219: calls $9
*** FLOP *** [4s 9d 8c]
nastja336: checks 
Pvn1219: checks 
*** TURN *** [4s 9d 8c] [6s]
nastja336: checks 
Pvn1219: checks 
*** RIVER *** [4s 9d 8c 6s] [Ac]
nastja336: bets $72
Pvn1219: calls $44.95 and is all-in
Uncalled bet ($27.05) returned to nastja336
*** SHOW DOWN ***
nastja336: shows [Ad Kd] (a pair of Aces)
Pvn1219: shows [9s Ah] (two pair, Aces and Nines)
Pvn1219 collected $112.40 from pot
*** SUMMARY ***
Total pot $114.90 | Rake $2.50 
Board [4s 9d 8c 6s Ac]
Seat 1: EvilReality (big blind) folded before Flop
Seat 2: Pippa83 folded before Flop (didn't bet)
Seat 3: tintin641 folded before Flop (didn't bet)
Seat 4: poker_soul11 folded before Flop (didn't bet)
Seat 5: Pvn1219 (button) showed [9s Ah] and won ($112.40) with two pair, Aces and Nines
Seat 6: nastja336 (small blind) showed [Ad Kd] and lost with a pair of Aces



PokerStars Hand #254530367158:  Hold'em No Limit ($0.50/$1.00 USD) - 2025/01/24 16:05:52 WET [2025/01/24 11:05:52 ET]
Table 'Horemheb IV' 6-max Seat #6 is the button
Seat 1: EvilReality ($112.80 in chips) 
Seat 2: Pippa83 ($111.04 in chips) 
Seat 3: tintin641 ($103.20 in chips) 
Seat 4: poker_soul11 ($106.28 in chips) 
Seat 5: Pvn1219 ($112.40 in chips) 
Seat 6: nastja336 ($100 in chips) 
EvilReality: posts small blind $0.50
Pippa83 is connected 
Pippa83: posts big blind $1
*** HOLE CARDS ***
tintin641: folds 
poker_soul11: folds 
Pvn1219: folds 
nastja336: folds 
EvilReality: folds 
Uncalled bet ($0.50) returned to Pippa83
Pippa83 collected $1 from pot
Pippa83: doesn't show hand 
*** SUMMARY ***
Total pot $1 | Rake $0 
Seat 1: EvilReality (small blind) folded before Flop
Seat 2: Pippa83 (big blind) collected ($1)
Seat 3: tintin641 folded before Flop (didn't bet)
Seat 4: poker_soul11 folded before Flop (didn't bet)
Seat 5: Pvn1219 folded before Flop (didn't bet)
Seat 6: nastja336 (button) folded before Flop (didn't bet)



PokerStars Hand #254530370842:  Hold'em No Limit ($0.50/$1.00 USD) - 2025/01/24 16:06:09 WET [2025/01/24 11:06:09 ET]
Table 'Horemheb IV' 6-max Seat #1 is the button
Seat 1: EvilReality ($112.30 in chips) 
Seat 2: Pippa83 ($111.54 in chips) 
Seat 3: tintin641 ($103.20 in chips) 
Seat 4: poker_soul11 ($106.28 in chips) 
Seat 5: Pvn1219 ($112.40 in chips) 
Seat 6: nastja336 ($100 in chips) 
Pippa83: posts small blind $0.50
tintin641: posts big blind $1
*** HOLE CARDS ***
poker_soul11: raises $1.20 to $2.20
Pvn1219: calls $2.20
nastja336: folds 
EvilReality: folds 
Pippa83: raises $11.80 to $14
tintin641: folds 
poker_soul11: folds 
Pvn1219: folds 
Uncalled bet ($11.80) returned to Pippa83
Pippa83 collected $7.60 from pot
Pippa83: doesn't show hand 
*** SUMMARY ***
Total pot $7.60 | Rake $0 
Seat 1: EvilReality (button) folded before Flop (didn't bet)
Seat 2: Pippa83 (small blind) collected ($7.60)
Seat 3: tintin641 (big blind) folded before Flop
Seat 4: poker_soul11 folded before Flop
Seat 5: Pvn1219 folded before Flop
Seat 6: nastja336 folded before Flop (didn't bet)



PokerStars Hand #254530381568:  Hold'em No Limit ($0.50/$1.00 USD) - 2025/01/24 16:06:58 WET [2025/01/24 11:06:58 ET]
Table 'Horemheb IV' 6-max Seat #2 is the button
Seat 1: EvilReality ($112.30 in chips) 
Seat 2: Pippa83 ($116.94 in chips) 
Seat 3: tintin641 ($102.20 in chips) 
Seat 4: poker_soul11 ($104.08 in chips) 
Seat 5: Pvn1219 ($110.20 in chips) 
Seat 6: nastja336 ($100 in chips) 
tintin641: posts small blind $0.50
poker_soul11: posts big blind $1
*** HOLE CARDS ***
Pvn1219: folds 
nastja336: folds 
EvilReality: folds 
Pippa83: raises $1.50 to $2.50
tintin641: folds 
poker_soul11: raises $9.50 to $12
Pippa83: folds 
Uncalled bet ($9.50) returned to poker_soul11
poker_soul11 collected $5.50 from pot
poker_soul11: doesn't show hand 
*** SUMMARY ***
Total pot $5.50 | Rake $0 
Seat 1: EvilReality folded before Flop (didn't bet)
Seat 2: Pippa83 (button) folded before Flop
Seat 3: tintin641 (small blind) folded before Flop
Seat 4: poker_soul11 (big blind) collected ($5.50)
Seat 5: Pvn1219 folded before Flop (didn't bet)
Seat 6: nastja336 folded before Flop (didn't bet)



PokerStars Hand #254530387600:  Hold'em No Limit ($0.50/$1.00 USD) - 2025/01/24 16:07:25 WET [2025/01/24 11:07:25 ET]
Table 'Horemheb IV' 6-max Seat #3 is the button
Seat 1: EvilReality ($112.30 in chips) 
Seat 2: Pippa83 ($114.44 in chips) 
Seat 3: tintin641 ($101.70 in chips) 
Seat 4: poker_soul11 ($107.08 in chips) 
Seat 5: Pvn1219 ($110.20 in chips) 
Seat 6: nastja336 ($100 in chips) 
poker_soul11: posts small blind $0.50
Pvn1219: posts big blind $1
*** HOLE CARDS ***
nastja336: folds 
EvilReality: folds 
Pippa83 is connected 
Pippa83: folds 
tintin641: folds 
poker_soul11: folds 
Uncalled bet ($0.50) returned to Pvn1219
Pvn1219 collected $1 from pot
*** SUMMARY ***
Total pot $1 | Rake $0 
Seat 1: EvilReality folded before Flop (didn't bet)
Seat 2: Pippa83 folded before Flop (didn't bet)
Seat 3: tintin641 (button) folded before Flop (didn't bet)
Seat 4: poker_soul11 (small blind) folded before Flop
Seat 5: Pvn1219 (big blind) collected ($1)
Seat 6: nastja336 folded before Flop (didn't bet)



PokerStars Hand #254530393433:  Hold'em No Limit ($0.50/$1.00 USD) - 2025/01/24 16:07:51 WET [2025/01/24 11:07:51 ET]
Table 'Horemheb IV' 6-max Seat #4 is the button
Seat 1: EvilReality ($112.30 in chips) 
Seat 2: Pippa83 ($114.44 in chips) 
Seat 3: tintin641 ($101.70 in chips) 
Seat 4: poker_soul11 ($106.58 in chips) 
Seat 5: Pvn1219 ($110.70 in chips) 
Seat 6: nastja336 ($100 in chips) 
Pvn1219: posts small blind $0.50
nastja336: posts big blind $1
*** HOLE CARDS ***
EvilReality: folds 
Pippa83: raises $1.20 to $2.20
tintin641: raises $4.80 to $7
poker_soul11: folds 
Pvn1219: folds 
nastja336: folds 
Pippa83: folds 
Uncalled bet ($4.80) returned to tintin641
tintin641 collected $5.90 from pot
tintin641: doesn't show hand 
*** SUMMARY ***
Total pot $5.90 | Rake $0 
Seat 1: EvilReality folded before Flop (didn't bet)
Seat 2: Pippa83 folded before Flop
Seat 3: tintin641 collected ($5.90)
Seat 4: poker_soul11 (button) folded before Flop (didn't bet)
Seat 5: Pvn1219 (small blind) folded before Flop
Seat 6: nastja336 (big blind) folded before Flop



PokerStars Hand #254530398423:  Hold'em No Limit ($0.50/$1.00 USD) - 2025/01/24 16:08:14 WET [2025/01/24 11:08:14 ET]
Table 'Horemheb IV' 6-max Seat #5 is the button
Seat 1: EvilReality ($112.30 in chips) 
Seat 2: Pippa83 ($112.24 in chips) 
Seat 3: tintin641 ($105.40 in chips) 
Seat 4: poker_soul11 ($106.58 in chips) 
Seat 5: Pvn1219 ($110.20 in chips) 
Seat 6: nastja336 ($100 in chips) 
nastja336: posts small blind $0.50
EvilReality: posts big blind $1
*** HOLE CARDS ***
Pippa83: folds 
tintin641: folds 
poker_soul11: folds 
Pvn1219: folds 
nastja336: folds 
Uncalled bet ($0.50) returned to EvilReality
EvilReality collected $1 from pot
EvilReality: doesn't show hand 
*** SUMMARY ***
Total pot $1 | Rake $0 
Seat 1: EvilReality (big blind) collected ($1)
Seat 2: Pippa83 folded before Flop (didn't bet)
Seat 3: tintin641 folded before Flop (didn't bet)
Seat 4: poker_soul11 folded before Flop (didn't bet)
Seat 5: Pvn1219 (button) folded before Flop (didn't bet)
Seat 6: nastja336 (small blind) folded before Flop



PokerStars Hand #254530400992:  Hold'em No Limit ($0.50/$1.00 USD) - 2025/01/24 16:08:26 WET [2025/01/24 11:08:26 ET]
Table 'Horemheb IV' 6-max Seat #6 is the button
Seat 1: EvilReality ($112.80 in chips) 
Seat 2: Pippa83 ($112.24 in chips) 
Seat 3: tintin641 ($105.40 in chips) 
Seat 4: poker_soul11 ($106.58 in chips) 
Seat 5: Pvn1219 ($110.20 in chips) 
Seat 6: nastja336 ($100 in chips) 
EvilReality: posts small blind $0.50
Pippa83: posts big blind $1
*** HOLE CARDS ***
tintin641: folds 
poker_soul11: folds 
Pvn1219: folds 
nastja336: raises $1.50 to $2.50
EvilReality: folds 
Pippa83: folds 
Uncalled bet ($1.50) returned to nastja336
nastja336 collected $2.50 from pot
nastja336: doesn't show hand 
*** SUMMARY ***
Total pot $2.50 | Rake $0 
Seat 1: EvilReality (small blind) folded before Flop
Seat 2: Pippa83 (big blind) folded before Flop
Seat 3: tintin641 folded before Flop (didn't bet)
Seat 4: poker_soul11 folded before Flop (didn't bet)
Seat 5: Pvn1219 folded before Flop (didn't bet)
Seat 6: nastja336 (button) collected ($2.50)



PokerStars Hand #254530405273:  Hold'em No Limit ($0.50/$1.00 USD) - 2025/01/24 16:08:45 WET [2025/01/24 11:08:45 ET]
Table 'Horemheb IV' 6-max Seat #1 is the button
Seat 1: EvilReality ($112.30 in chips) 
Seat 2: Pippa83 ($111.24 in chips) 
Seat 3: tintin641 ($105.40 in chips) 
Seat 4: poker_soul11 ($106.58 in chips) 
Seat 5: Pvn1219 ($110.20 in chips) 
Seat 6: nastja336 ($101.50 in chips) 
Pippa83: posts small blind $0.50
tintin641: posts big blind $1
*** HOLE CARDS ***
poker_soul11: folds 
Pvn1219: folds 
nastja336: folds 
EvilReality: folds 
Pippa83: folds 
Uncalled bet ($0.50) returned to tintin641
tintin641 collected $1 from pot
tintin641: doesn't show hand 
*** SUMMARY ***
Total pot $1 | Rake $0 
Seat 1: EvilReality (button) folded before Flop (didn't bet)
Seat 2: Pippa83 (small blind) folded before Flop
Seat 3: tintin641 (big blind) collected ($1)
Seat 4: poker_soul11 folded before Flop (didn't bet)
Seat 5: Pvn1219 folded before Flop (didn't bet)
Seat 6: nastja336 folded before Flop (didn't bet)



PokerStars Hand #254530408658:  Hold'em No Limit ($0.50/$1.00 USD) - 2025/01/24 16:09:00 WET [2025/01/24 11:09:00 ET]
Table 'Horemheb IV' 6-max Seat #2 is the button
Seat 1: EvilReality ($112.30 in chips) 
Seat 2: Pippa83 ($110.74 in chips) 
Seat 3: tintin641 ($105.90 in chips) 
Seat 4: poker_soul11 ($106.58 in chips) 
Seat 5: Pvn1219 ($110.20 in chips) 
Seat 6: nastja336 ($101.50 in chips) 
tintin641: posts small blind $0.50
poker_soul11: posts big blind $1
*** HOLE CARDS ***
Pvn1219: folds 
nastja336: folds 
EvilReality: raises $1.50 to $2.50
Pippa83: folds 
tintin641: folds 
poker_soul11: calls $1.50
*** FLOP *** [4h Ts Jh]
poker_soul11: checks 
EvilReality: checks 
*** TURN *** [4h Ts Jh] [Th]
poker_soul11: bets $3.92
EvilReality: folds 
Uncalled bet ($3.92) returned to poker_soul11
poker_soul11 collected $5.22 from pot
poker_soul11: doesn't show hand 
*** SUMMARY ***
Total pot $5.50 | Rake $0.28 
Board [4h Ts Jh Th]
Seat 1: EvilReality folded on the Turn
Seat 2: Pippa83 (button) folded before Flop (didn't bet)
Seat 3: tintin641 (small blind) folded before Flop
Seat 4: poker_soul11 (big blind) collected ($5.22)
Seat 5: Pvn1219 folded before Flop (didn't bet)
Seat 6: nastja336 folded before Flop (didn't bet)



PokerStars Hand #254530422033:  Hold'em No Limit ($0.50/$1.00 USD) - 2025/01/24 16:10:01 WET [2025/01/24 11:10:01 ET]
Table 'Horemheb IV' 6-max Seat #3 is the button
Seat 5: Pvn1219 ($110.20 in chips) is sitting out
Seat 1: EvilReality ($109.80 in chips) 
Seat 2: Pippa83 ($110.74 in chips) 
Seat 3: tintin641 ($105.40 in chips) 
Seat 4: poker_soul11 ($109.30 in chips) 
Seat 6: nastja336 ($101.50 in chips) 
poker_soul11: posts small blind $0.50
Pvn1219 has timed out
Pvn1219: is sitting out 
nastja336: posts big blind $1
*** HOLE CARDS ***
EvilReality: folds 
Pippa83: folds 
tintin641: raises $1.50 to $2.50
poker_soul11: folds 
nastja336: folds 
Uncalled bet ($1.50) returned to tintin641
tintin641 collected $2.50 from pot
tintin641: doesn't show hand 
*** SUMMARY ***
Total pot $2.50 | Rake $0 
Seat 5: Pvn1219
Seat 1: EvilReality folded before Flop (didn't bet)
Seat 2: Pippa83 folded before Flop (didn't bet)
Seat 3: tintin641 (button) collected ($2.50)
Seat 4: poker_soul11 (small blind) folded before Flop
Seat 6: nastja336 (big blind) folded before Flop



PokerStars Hand #254530428068:  Hold'em No Limit ($0.50/$1.00 USD) - 2025/01/24 16:10:28 WET [2025/01/24 11:10:28 ET]
Table 'Horemheb IV' 6-max Seat #4 is the button
Seat 5: Pvn1219 ($110.20 in chips) is sitting out
Seat 1: EvilReality ($109.80 in chips) 
Seat 2: Pippa83 ($110.74 in chips) 
Seat 3: tintin641 ($106.90 in chips) 
Seat 4: poker_soul11 ($108.80 in chips) 
Seat 6: nastja336 ($100.50 in chips) 
nastja336: posts small blind $0.50
EvilReality: posts big blind $1
*** HOLE CARDS ***
Pippa83: folds 
tintin641: raises $1.50 to $2.50
poker_soul11: folds 
nastja336: folds 
EvilReality: folds 
Uncalled bet ($1.50) returned to tintin641
tintin641 collected $2.50 from pot
tintin641: doesn't show hand 
*** SUMMARY ***
Total pot $2.50 | Rake $0 
Seat 5: Pvn1219
Seat 1: EvilReality (big blind) folded before Flop
Seat 2: Pippa83 folded before Flop (didn't bet)
Seat 3: tintin641 collected ($2.50)
Seat 4: poker_soul11 (button) folded before Flop (didn't bet)
Seat 6: nastja336 (small blind) folded before Flop



PokerStars Hand #254530433004:  Hold'em No Limit ($0.50/$1.00 USD) - 2025/01/24 16:10:50 WET [2025/01/24 11:10:50 ET]
Table 'Horemheb IV' 6-max Seat #6 is the button
Seat 1: EvilReality ($108.80 in chips) 
Seat 2: Pippa83 ($110.74 in chips) 
Seat 3: tintin641 ($108.40 in chips) 
Seat 4: poker_soul11 ($108.80 in chips) 
Seat 5: Pvn1219 ($110.20 in chips) 
Seat 6: nastja336 ($100 in chips) 
EvilReality: posts small blind $0.50
Pippa83: posts big blind $1
Pvn1219: posts small & big blinds $1.50
*** HOLE CARDS ***
tintin641: folds 
poker_soul11: folds 
Pvn1219: checks 
nastja336: folds 
EvilReality: folds 
Pippa83: raises $4 to $5
Pvn1219: folds 
Uncalled bet ($4) returned to Pippa83
Pippa83 collected $3 from pot
Pippa83: doesn't show hand 
*** SUMMARY ***
Total pot $3 | Rake $0 
Seat 1: EvilReality (small blind) folded before Flop
Seat 2: Pippa83 (big blind) collected ($3)
Seat 3: tintin641 folded before Flop (didn't bet)
Seat 4: poker_soul11 folded before Flop (didn't bet)
Seat 5: Pvn1219 folded before Flop (didn't bet)
Seat 6: nastja336 (button) folded before Flop (didn't bet)



PokerStars Hand #254530441141:  Hold'em No Limit ($0.50/$1.00 USD) - 2025/01/24 16:11:26 WET [2025/01/24 11:11:26 ET]
Table 'Horemheb IV' 6-max Seat #1 is the button
Seat 1: EvilReality ($108.30 in chips) 
Seat 2: Pippa83 ($112.74 in chips) 
Seat 3: tintin641 ($108.40 in chips) 
Seat 4: poker_soul11 ($108.80 in chips) 
Seat 5: Pvn1219 ($108.70 in chips) 
Seat 6: nastja336 ($100 in chips) 
Pippa83: posts small blind $0.50
tintin641: posts big blind $1
*** HOLE CARDS ***
poker_soul11: folds 
Pvn1219: raises $2 to $3
nastja336: folds 
EvilReality: folds 
Pippa83: raises $9 to $12
tintin641: folds 
Pvn1219: calls $9
*** FLOP *** [2c 7h 9h]
Pippa83: bets $12
Pvn1219: folds 
Uncalled bet ($12) returned to Pippa83
Pippa83 collected $23.75 from pot
Pippa83: doesn't show hand 
*** SUMMARY ***
Total pot $25 | Rake $1.25 
Board [2c 7h 9h]
Seat 1: EvilReality (button) folded before Flop (didn't bet)
Seat 2: Pippa83 (small blind) collected ($23.75)
Seat 3: tintin641 (big blind) folded before Flop
Seat 4: poker_soul11 folded before Flop (didn't bet)
Seat 5: Pvn1219 folded on the Flop
Seat 6: nastja336 folded before Flop (didn't bet)



PokerStars Hand #254530451959:  Hold'em No Limit ($0.50/$1.00 USD) - 2025/01/24 16:12:14 WET [2025/01/24 11:12:14 ET]
Table 'Horemheb IV' 6-max Seat #2 is the button
Seat 1: EvilReality ($108.30 in chips) 
Seat 2: Pippa83 ($124.49 in chips) 
Seat 3: tintin641 ($107.40 in chips) 
Seat 4: poker_soul11 ($108.80 in chips) 
Seat 5: Pvn1219 ($96.70 in chips) 
Seat 6: nastja336 ($100 in chips) 
tintin641: posts small blind $0.50
poker_soul11: posts big blind $1
*** HOLE CARDS ***
Pvn1219: folds 
nastja336: folds 
EvilReality: folds 
Pippa83: raises $1.50 to $2.50
tintin641: folds 
poker_soul11: folds 
Uncalled bet ($1.50) returned to Pippa83
Pippa83 collected $2.50 from pot
Pippa83: doesn't show hand 
*** SUMMARY ***
Total pot $2.50 | Rake $0 
Seat 1: EvilReality folded before Flop (didn't bet)
Seat 2: Pippa83 (button) collected ($2.50)
Seat 3: tintin641 (small blind) folded before Flop
Seat 4: poker_soul11 (big blind) folded before Flop
Seat 5: Pvn1219 folded before Flop (didn't bet)
Seat 6: nastja336 folded before Flop (didn't bet)



PokerStars Hand #254530455407:  Hold'em No Limit ($0.50/$1.00 USD) - 2025/01/24 16:12:30 WET [2025/01/24 11:12:30 ET]
Table 'Horemheb IV' 6-max Seat #3 is the button
Seat 1: EvilReality ($108.30 in chips) 
Seat 2: Pippa83 ($125.99 in chips) 
Seat 3: tintin641 ($106.90 in chips) 
Seat 4: poker_soul11 ($107.80 in chips) 
Seat 5: Pvn1219 ($96.70 in chips) 
Seat 6: nastja336 ($100 in chips) 
poker_soul11: posts small blind $0.50
Pvn1219: posts big blind $1
*** HOLE CARDS ***
nastja336: folds 
EvilReality: folds 
Pippa83: raises $1.50 to $2.50
tintin641: folds 
poker_soul11: folds 
Pvn1219: calls $1.50
*** FLOP *** [Ah Tc 8c]
Pvn1219: checks 
Pippa83: checks 
*** TURN *** [Ah Tc 8c] [6c]
Pvn1219: checks 
Pippa83: bets $2.50
Pvn1219: calls $2.50
*** RIVER *** [Ah Tc 8c 6c] [Qs]
Pvn1219: checks 
Pippa83: checks 
*** SHOW DOWN ***
Pvn1219: shows [2c Th] (a pair of Tens)
Pippa83: shows [Ad 7d] (a pair of Aces)
Pippa83 collected $9.98 from pot
*** SUMMARY ***
Total pot $10.50 | Rake $0.52 
Board [Ah Tc 8c 6c Qs]
Seat 1: EvilReality folded before Flop (didn't bet)
Seat 2: Pippa83 showed [Ad 7d] and won ($9.98) with a pair of Aces
Seat 3: tintin641 (button) folded before Flop (didn't bet)
Seat 4: poker_soul11 (small blind) folded before Flop
Seat 5: Pvn1219 (big blind) showed [2c Th] and lost with a pair of Tens
Seat 6: nastja336 folded before Flop (didn't bet)



PokerStars Hand #254530465445:  Hold'em No Limit ($0.50/$1.00 USD) - 2025/01/24 16:13:14 WET [2025/01/24 11:13:14 ET]
Table 'Horemheb IV' 6-max Seat #4 is the button
Seat 1: EvilReality ($108.30 in chips) 
Seat 2: Pippa83 ($130.97 in chips) 
Seat 3: tintin641 ($106.90 in chips) 
Seat 4: poker_soul11 ($107.30 in chips) 
Seat 5: Pvn1219 ($91.70 in chips) 
Seat 6: nastja336 ($100 in chips) 
Pvn1219: posts small blind $0.50
nastja336: posts big blind $1
*** HOLE CARDS ***
EvilReality: folds 
Pippa83: raises $1.20 to $2.20
tintin641: folds 
poker_soul11: folds 
Pvn1219: calls $1.70
nastja336: calls $1.20
*** FLOP *** [6s 7h 8d]
Pvn1219: checks 
nastja336: checks 
Pippa83: checks 
*** TURN *** [6s 7h 8d] [5c]
Pvn1219: checks 
nastja336: checks 
Pippa83: checks 
*** RIVER *** [6s 7h 8d 5c] [Jh]
Pvn1219: checks 
nastja336: checks 
Pippa83: bets $4.70
Pvn1219: calls $4.70
nastja336: folds 
*** SHOW DOWN ***
Pippa83: shows [Jd Ad] (a pair of Jacks)
Pvn1219: shows [Js 7s] (two pair, Jacks and Sevens)
Pvn1219 collected $15.20 from pot
*** SUMMARY ***
Total pot $16 | Rake $0.80 
Board [6s 7h 8d 5c Jh]
Seat 1: EvilReality folded before Flop (didn't bet)
Seat 2: Pippa83 showed [Jd Ad] and lost with a pair of Jacks
Seat 3: tintin641 folded before Flop (didn't bet)
Seat 4: poker_soul11 (button) folded before Flop (didn't bet)
Seat 5: Pvn1219 (small blind) showed [Js 7s] and won ($15.20) with two pair, Jacks and Sevens
Seat 6: nastja336 (big blind) folded on the River



PokerStars Hand #254530488427:  Hold'em No Limit ($0.50/$1.00 USD) - 2025/01/24 16:14:57 WET [2025/01/24 11:14:57 ET]
Table 'Horemheb IV' 6-max Seat #5 is the button
Seat 1: EvilReality ($108.30 in chips) 
Seat 2: Pippa83 ($124.07 in chips) 
Seat 3: tintin641 ($106.90 in chips) 
Seat 4: poker_soul11 ($107.30 in chips) 
Seat 5: Pvn1219 ($100 in chips) 
Seat 6: nastja336 ($100 in chips) 
nastja336: posts small blind $0.50
EvilReality: posts big blind $1
*** HOLE CARDS ***
Pippa83: folds 
tintin641: folds 
poker_soul11: folds 
Pvn1219: folds 
nastja336: folds 
Uncalled bet ($0.50) returned to EvilReality
EvilReality collected $1 from pot
EvilReality: doesn't show hand 
*** SUMMARY ***
Total pot $1 | Rake $0 
Seat 1: EvilReality (big blind) collected ($1)
Seat 2: Pippa83 folded before Flop (didn't bet)
Seat 3: tintin641 folded before Flop (didn't bet)
Seat 4: poker_soul11 folded before Flop (didn't bet)
Seat 5: Pvn1219 (button) folded before Flop (didn't bet)
Seat 6: nastja336 (small blind) folded before Flop



PokerStars Hand #254530523847:  Hold'em No Limit ($0.50/$1.00 USD) - 2025/01/24 16:17:34 WET [2025/01/24 11:17:34 ET]
Table 'Horemheb IV' 6-max Seat #3 is the button
Seat 1: EvilReality ($108.30 in chips) 
Seat 2: Pippa83 ($124.07 in chips) 
Seat 3: tintin641 ($100 in chips) 
Seat 4: poker_soul11 ($210.70 in chips) 
Seat 5: Pvn1219 ($100 in chips) 
Seat 6: nastja336 ($101.50 in chips) 
poker_soul11: posts small blind $0.50
Pvn1219: posts big blind $1
*** HOLE CARDS ***
nastja336: folds 
EvilReality: folds 
Pippa83: raises $1.50 to $2.50
tintin641: folds 
poker_soul11: folds 
Pvn1219: folds 
Uncalled bet ($1.50) returned to Pippa83
Pippa83 collected $2.50 from pot
Pippa83: doesn't show hand 
*** SUMMARY ***
Total pot $2.50 | Rake $0 
Seat 1: EvilReality folded before Flop (didn't bet)
Seat 2: Pippa83 collected ($2.50)
Seat 3: tintin641 (button) folded before Flop (didn't bet)
Seat 4: poker_soul11 (small blind) folded before Flop
Seat 5: Pvn1219 (big blind) folded before Flop
Seat 6: nastja336 folded before Flop (didn't bet)



PokerStars Hand #254530530614:  Hold'em No Limit ($0.50/$1.00 USD) - 2025/01/24 16:18:04 WET [2025/01/24 11:18:04 ET]
Table 'Horemheb IV' 6-max Seat #4 is the button
Seat 1: EvilReality ($108.30 in chips) 
Seat 2: Pippa83 ($125.57 in chips) 
Seat 3: tintin641 ($100 in chips) 
Seat 4: poker_soul11 ($210.20 in chips) 
Seat 5: Pvn1219 ($99 in chips) 
Seat 6: nastja336 ($101.50 in chips) 
Pvn1219: posts small blind $0.50
nastja336: posts big blind $1
*** HOLE CARDS ***
EvilReality: folds 
Pippa83: folds 
tintin641: folds 
poker_soul11: raises $1.20 to $2.20
Pvn1219: folds 
nastja336: folds 
Uncalled bet ($1.20) returned to poker_soul11
poker_soul11 collected $2.50 from pot
poker_soul11: doesn't show hand 
*** SUMMARY ***
Total pot $2.50 | Rake $0 
Seat 1: EvilReality folded before Flop (didn't bet)
Seat 2: Pippa83 folded before Flop (didn't bet)
Seat 3: tintin641 folded before Flop (didn't bet)
Seat 4: poker_soul11 (button) collected ($2.50)
Seat 5: Pvn1219 (small blind) folded before Flop
Seat 6: nastja336 (big blind) folded before Flop



PokerStars Hand #254530533558:  Hold'em No Limit ($0.50/$1.00 USD) - 2025/01/24 16:18:17 WET [2025/01/24 11:18:17 ET]
Table 'Horemheb IV' 6-max Seat #5 is the button
Seat 1: EvilReality ($108.30 in chips) 
Seat 2: Pippa83 ($125.57 in chips) 
Seat 3: tintin641 ($100 in chips) 
Seat 4: poker_soul11 ($211.70 in chips) 
Seat 5: Pvn1219 ($98.50 in chips) 
Seat 6: nastja336 ($100.50 in chips) 
nastja336: posts small blind $0.50
EvilReality: posts big blind $1
*** HOLE CARDS ***
Pippa83: folds 
tintin641: folds 
poker_soul11: raises $1.20 to $2.20
Pvn1219: folds 
nastja336: folds 
EvilReality: folds 
Uncalled bet ($1.20) returned to poker_soul11
poker_soul11 collected $2.50 from pot
poker_soul11: doesn't show hand 
*** SUMMARY ***
Total pot $2.50 | Rake $0 
Seat 1: EvilReality (big blind) folded before Flop
Seat 2: Pippa83 folded before Flop (didn't bet)
Seat 3: tintin641 folded before Flop (didn't bet)
Seat 4: poker_soul11 collected ($2.50)
Seat 5: Pvn1219 (button) folded before Flop (didn't bet)
Seat 6: nastja336 (small blind) folded before Flop



PokerStars Hand #254530537530:  Hold'em No Limit ($0.50/$1.00 USD) - 2025/01/24 16:18:35 WET [2025/01/24 11:18:35 ET]
Table 'Horemheb IV' 6-max Seat #6 is the button
Seat 1: EvilReality ($107.30 in chips) 
Seat 2: Pippa83 ($125.57 in chips) 
Seat 3: tintin641 ($100 in chips) 
Seat 4: poker_soul11 ($213.20 in chips) 
Seat 5: Pvn1219 ($98.50 in chips) 
Seat 6: nastja336 ($100 in chips) 
EvilReality: posts small blind $0.50
Pippa83: posts big blind $1
*** HOLE CARDS ***
tintin641: folds 
poker_soul11: folds 
Pvn1219: folds 
nastja336: folds 
EvilReality: folds 
Uncalled bet ($0.50) returned to Pippa83
Pippa83 collected $1 from pot
Pippa83: doesn't show hand 
*** SUMMARY ***
Total pot $1 | Rake $0 
Seat 1: EvilReality (small blind) folded before Flop
Seat 2: Pippa83 (big blind) collected ($1)
Seat 3: tintin641 folded before Flop (didn't bet)
Seat 4: poker_soul11 folded before Flop (didn't bet)
Seat 5: Pvn1219 folded before Flop (didn't bet)
Seat 6: nastja336 (button) folded before Flop (didn't bet)



PokerStars Hand #254530541972:  Hold'em No Limit ($0.50/$1.00 USD) - 2025/01/24 16:18:55 WET [2025/01/24 11:18:55 ET]
Table 'Horemheb IV' 6-max Seat #1 is the button
Seat 1: EvilReality ($106.80 in chips) 
Seat 2: Pippa83 ($126.07 in chips) 
Seat 3: tintin641 ($100 in chips) 
Seat 4: poker_soul11 ($213.20 in chips) 
Seat 5: Pvn1219 ($98.50 in chips) 
Seat 6: nastja336 ($100 in chips) 
Pippa83: posts small blind $0.50
tintin641: posts big blind $1
*** HOLE CARDS ***
poker_soul11: folds 
Pvn1219: raises $2 to $3
nastja336: folds 
EvilReality: folds 
Pippa83: folds 
tintin641: folds 
Uncalled bet ($2) returned to Pvn1219
Pvn1219 collected $2.50 from pot
*** SUMMARY ***
Total pot $2.50 | Rake $0 
Seat 1: EvilReality (button) folded before Flop (didn't bet)
Seat 2: Pippa83 (small blind) folded before Flop
Seat 3: tintin641 (big blind) folded before Flop
Seat 4: poker_soul11 folded before Flop (didn't bet)
Seat 5: Pvn1219 collected ($2.50)
Seat 6: nastja336 folded before Flop (didn't bet)



PokerStars Hand #254530549154:  Hold'em No Limit ($0.50/$1.00 USD) - 2025/01/24 16:19:27 WET [2025/01/24 11:19:27 ET]
Table 'Horemheb IV' 6-max Seat #2 is the button
Seat 1: EvilReality ($106.80 in chips) 
Seat 2: Pippa83 ($125.57 in chips) 
Seat 3: tintin641 ($100 in chips) 
Seat 4: poker_soul11 ($213.20 in chips) 
Seat 5: Pvn1219 ($100 in chips) 
Seat 6: nastja336 ($100 in chips) 
tintin641: posts small blind $0.50
poker_soul11: posts big blind $1
*** HOLE CARDS ***
Pvn1219: folds 
nastja336: folds 
EvilReality: folds 
Pippa83: folds 
tintin641: raises $2 to $3
poker_soul11: calls $2
*** FLOP *** [3d 2c 5h]
tintin641: checks 
poker_soul11: bets $2.85
tintin641: folds 
Uncalled bet ($2.85) returned to poker_soul11
poker_soul11 collected $5.70 from pot
poker_soul11: doesn't show hand 
*** SUMMARY ***
Total pot $6 | Rake $0.30 
Board [3d 2c 5h]
Seat 1: EvilReality folded before Flop (didn't bet)
Seat 2: Pippa83 (button) folded before Flop (didn't bet)
Seat 3: tintin641 (small blind) folded on the Flop
Seat 4: poker_soul11 (big blind) collected ($5.70)
Seat 5: Pvn1219 folded before Flop (didn't bet)
Seat 6: nastja336 folded before Flop (didn't bet)



PokerStars Hand #254530561489:  Hold'em No Limit ($0.50/$1.00 USD) - 2025/01/24 16:20:21 WET [2025/01/24 11:20:21 ET]
Table 'Horemheb IV' 6-max Seat #3 is the button
Seat 1: EvilReality ($106.80 in chips) 
Seat 2: Pippa83 ($125.57 in chips) 
Seat 3: tintin641 ($100 in chips) 
Seat 4: poker_soul11 ($215.90 in chips) 
Seat 5: Pvn1219 ($100 in chips) 
Seat 6: nastja336 ($100 in chips) 
poker_soul11: posts small blind $0.50
Pvn1219: posts big blind $1
*** HOLE CARDS ***
nastja336: raises $1.50 to $2.50
EvilReality: folds 
Pippa83: folds 
tintin641: folds 
poker_soul11: folds 
Pvn1219: folds 
Uncalled bet ($1.50) returned to nastja336
nastja336 collected $2.50 from pot
nastja336: doesn't show hand 
*** SUMMARY ***
Total pot $2.50 | Rake $0 
Seat 1: EvilReality folded before Flop (didn't bet)
Seat 2: Pippa83 folded before Flop (didn't bet)
Seat 3: tintin641 (button) folded before Flop (didn't bet)
Seat 4: poker_soul11 (small blind) folded before Flop
Seat 5: Pvn1219 (big blind) folded before Flop
Seat 6: nastja336 collected ($2.50)



PokerStars Hand #254530566584:  Hold'em No Limit ($0.50/$1.00 USD) - 2025/01/24 16:20:43 WET [2025/01/24 11:20:43 ET]
Table 'Horemheb IV' 6-max Seat #4 is the button
Seat 1: EvilReality ($106.80 in chips) 
Seat 2: Pippa83 ($125.57 in chips) 
Seat 3: tintin641 ($100 in chips) 
Seat 4: poker_soul11 ($215.40 in chips) 
Seat 5: Pvn1219 ($99 in chips) 
Seat 6: nastja336 ($101.50 in chips) 
Pvn1219: posts small blind $0.50
nastja336: posts big blind $1
*** HOLE CARDS ***
EvilReality: raises $1.50 to $2.50
Pippa83: folds 
tintin641: folds 
poker_soul11: folds 
Pvn1219: folds 
nastja336: folds 
Uncalled bet ($1.50) returned to EvilReality
EvilReality collected $2.50 from pot
EvilReality: doesn't show hand 
*** SUMMARY ***
Total pot $2.50 | Rake $0 
Seat 1: EvilReality collected ($2.50)
Seat 2: Pippa83 folded before Flop (didn't bet)
Seat 3: tintin641 folded before Flop (didn't bet)
Seat 4: poker_soul11 (button) folded before Flop (didn't bet)
Seat 5: Pvn1219 (small blind) folded before Flop
Seat 6: nastja336 (big blind) folded before Flop



PokerStars Hand #254530571850:  Hold'em No Limit ($0.50/$1.00 USD) - 2025/01/24 16:21:06 WET [2025/01/24 11:21:06 ET]
Table 'Horemheb IV' 6-max Seat #5 is the button
Seat 1: EvilReality ($108.30 in chips) 
Seat 2: Pippa83 ($125.57 in chips) 
Seat 3: tintin641 ($100 in chips) 
Seat 4: poker_soul11 ($215.40 in chips) 
Seat 5: Pvn1219 ($98.50 in chips) 
Seat 6: nastja336 ($100.50 in chips) 
nastja336: posts small blind $0.50
EvilReality: posts big blind $1
*** HOLE CARDS ***
Pippa83: folds 
tintin641: folds 
poker_soul11: raises $1.20 to $2.20
Pvn1219: calls $2.20
nastja336: folds 
EvilReality: folds 
*** FLOP *** [8d Ah Ts]
poker_soul11: bets $1.40
Pvn1219: calls $1.40
*** TURN *** [8d Ah Ts] [8h]
poker_soul11: checks 
Pvn1219: checks 
*** RIVER *** [8d Ah Ts 8h] [6d]
poker_soul11: bets $4.13
Pvn1219: folds 
Uncalled bet ($4.13) returned to poker_soul11
poker_soul11 collected $8.26 from pot
poker_soul11: doesn't show hand 
*** SUMMARY ***
Total pot $8.70 | Rake $0.44 
Board [8d Ah Ts 8h 6d]
Seat 1: EvilReality (big blind) folded before Flop
Seat 2: Pippa83 folded before Flop (didn't bet)
Seat 3: tintin641 folded before Flop (didn't bet)
Seat 4: poker_soul11 collected ($8.26)
Seat 5: Pvn1219 (button) folded on the River
Seat 6: nastja336 (small blind) folded before Flop



PokerStars Hand #254530586110:  Hold'em No Limit ($0.50/$1.00 USD) - 2025/01/24 16:22:08 WET [2025/01/24 11:22:08 ET]
Table 'Horemheb IV' 6-max Seat #6 is the button
Seat 1: EvilReality ($107.30 in chips) 
Seat 2: Pippa83 ($125.57 in chips) 
Seat 3: tintin641 ($100 in chips) 
Seat 4: poker_soul11 ($220.06 in chips) 
Seat 5: Pvn1219 ($94.90 in chips) 
Seat 6: nastja336 ($100 in chips) 
EvilReality: posts small blind $0.50
Pippa83: posts big blind $1
*** HOLE CARDS ***
tintin641: folds 
poker_soul11: folds 
Pvn1219: raises $2 to $3
nastja336: folds 
EvilReality: folds 
Pippa83: calls $2
*** FLOP *** [Ts 4d Ks]
Pippa83: checks 
Pvn1219: checks 
*** TURN *** [Ts 4d Ks] [Qd]
Pippa83: checks 
Pvn1219: checks 
*** RIVER *** [Ts 4d Ks Qd] [5c]
Pippa83: bets $18.50
Pvn1219: calls $18.50
*** SHOW DOWN ***
Pippa83: shows [Jh 4h] (a pair of Fours)
Pvn1219: shows [Ah As] (a pair of Aces)
Pvn1219 collected $41.32 from pot
*** SUMMARY ***
Total pot $43.50 | Rake $2.18 
Board [Ts 4d Ks Qd 5c]
Seat 1: EvilReality (small blind) folded before Flop
Seat 2: Pippa83 (big blind) showed [Jh 4h] and lost with a pair of Fours
Seat 3: tintin641 folded before Flop (didn't bet)
Seat 4: poker_soul11 folded before Flop (didn't bet)
Seat 5: Pvn1219 showed [Ah As] and won ($41.32) with a pair of Aces
Seat 6: nastja336 (button) folded before Flop (didn't bet)



PokerStars Hand #254530597345:  Hold'em No Limit ($0.50/$1.00 USD) - 2025/01/24 16:22:58 WET [2025/01/24 11:22:58 ET]
Table 'Horemheb IV' 6-max Seat #1 is the button
Seat 1: EvilReality ($106.80 in chips) 
Seat 2: Pippa83 ($104.07 in chips) 
Seat 3: tintin641 ($100 in chips) 
Seat 4: poker_soul11 ($220.06 in chips) 
Seat 5: Pvn1219 ($114.72 in chips) 
Seat 6: nastja336 ($100 in chips) 
Pippa83: posts small blind $0.50
tintin641: posts big blind $1
*** HOLE CARDS ***
poker_soul11: folds 
Pvn1219: folds 
nastja336: folds 
EvilReality: folds 
Pippa83: folds 
Uncalled bet ($0.50) returned to tintin641
tintin641 collected $1 from pot
tintin641: doesn't show hand 
*** SUMMARY ***
Total pot $1 | Rake $0 
Seat 1: EvilReality (button) folded before Flop (didn't bet)
Seat 2: Pippa83 (small blind) folded before Flop
Seat 3: tintin641 (big blind) collected ($1)
Seat 4: poker_soul11 folded before Flop (didn't bet)
Seat 5: Pvn1219 folded before Flop (didn't bet)
Seat 6: nastja336 folded before Flop (didn't bet)



PokerStars Hand #254530602084:  Hold'em No Limit ($0.50/$1.00 USD) - 2025/01/24 16:23:18 WET [2025/01/24 11:23:18 ET]
Table 'Horemheb IV' 6-max Seat #2 is the button
Seat 1: EvilReality ($106.80 in chips) 
Seat 2: Pippa83 ($103.57 in chips) 
Seat 3: tintin641 ($100.50 in chips) 
Seat 4: poker_soul11 ($220.06 in chips) 
Seat 5: Pvn1219 ($114.72 in chips) 
Seat 6: nastja336 ($100 in chips) 
tintin641: posts small blind $0.50
poker_soul11: posts big blind $1
*** HOLE CARDS ***
Pvn1219: folds 
nastja336: folds 
EvilReality: folds 
Pippa83: folds 
tintin641: raises $2 to $3
poker_soul11: calls $2
*** FLOP *** [6d 9s 4c]
tintin641: bets $1.88
poker_soul11: raises $4.73 to $6.61
tintin641: calls $4.73
*** TURN *** [6d 9s 4c] [7h]
tintin641: checks 
poker_soul11: bets $22.83
tintin641: folds 
Uncalled bet ($22.83) returned to poker_soul11
poker_soul11 collected $18.26 from pot
poker_soul11: doesn't show hand 
*** SUMMARY ***
Total pot $19.22 | Rake $0.96 
Board [6d 9s 4c 7h]
Seat 1: EvilReality folded before Flop (didn't bet)
Seat 2: Pippa83 (button) folded before Flop (didn't bet)
Seat 3: tintin641 (small blind) folded on the Turn
Seat 4: poker_soul11 (big blind) collected ($18.26)
Seat 5: Pvn1219 folded before Flop (didn't bet)
Seat 6: nastja336 folded before Flop (didn't bet)



PokerStars Hand #254530615461:  Hold'em No Limit ($0.50/$1.00 USD) - 2025/01/24 16:24:17 WET [2025/01/24 11:24:17 ET]
Table 'Horemheb IV' 6-max Seat #3 is the button
Seat 1: EvilReality ($106.80 in chips) 
Seat 2: Pippa83 ($103.57 in chips) 
Seat 3: tintin641 ($100 in chips) 
Seat 4: poker_soul11 ($228.71 in chips) 
Seat 5: Pvn1219 ($114.72 in chips) 
Seat 6: nastja336 ($100 in chips) 
poker_soul11: posts small blind $0.50
Pvn1219: posts big blind $1
*** HOLE CARDS ***
nastja336: raises $1.50 to $2.50
EvilReality: folds 
Pippa83: raises $5 to $7.50
tintin641: folds 
poker_soul11: folds 
Pvn1219: calls $6.50
nastja336: folds 
*** FLOP *** [9h 9s 9d]
Pvn1219: checks 
Pippa83: bets $8.50
Pvn1219: calls $8.50
*** TURN *** [9h 9s 9d] [9c]
Pvn1219: checks 
Pippa83: checks 
*** RIVER *** [9h 9s 9d 9c] [Th]
Pvn1219: checks 
Pippa83: checks 
*** SHOW DOWN ***
Pvn1219: shows [Jd Ac] (four of a kind, Nines)
Pippa83: mucks hand 
Pvn1219 collected $33.25 from pot
*** SUMMARY ***
Total pot $35 | Rake $1.75 
Board [9h 9s 9d 9c Th]
Seat 1: EvilReality folded before Flop (didn't bet)
Seat 2: Pippa83 mucked
Seat 3: tintin641 (button) folded before Flop (didn't bet)
Seat 4: poker_soul11 (small blind) folded before Flop
Seat 5: Pvn1219 (big blind) showed [Jd Ac] and won ($33.25) with four of a kind, Nines
Seat 6: nastja336 folded before Flop



PokerStars Hand #254530626554:  Hold'em No Limit ($0.50/$1.00 USD) - 2025/01/24 16:25:05 WET [2025/01/24 11:25:05 ET]
Table 'Horemheb IV' 6-max Seat #4 is the button
Seat 1: EvilReality ($106.80 in chips) 
Seat 2: Pippa83 ($87.57 in chips) 
Seat 3: tintin641 ($100 in chips) 
Seat 4: poker_soul11 ($228.21 in chips) 
Seat 5: Pvn1219 ($131.97 in chips) 
Seat 6: nastja336 ($100 in chips) 
Pvn1219: posts small blind $0.50
nastja336: posts big blind $1
*** HOLE CARDS ***
EvilReality: folds 
Pippa83: folds 
tintin641: folds 
poker_soul11: folds 
Pvn1219: raises $1 to $2
nastja336: calls $1
*** FLOP *** [4s 9c 8s]
Pvn1219: checks 
nastja336: checks 
*** TURN *** [4s 9c 8s] [7d]
Pvn1219: checks 
nastja336: bets $1.25
Pvn1219: folds 
Uncalled bet ($1.25) returned to nastja336
nastja336 collected $3.80 from pot
nastja336: doesn't show hand 
*** SUMMARY ***
Total pot $4 | Rake $0.20 
Board [4s 9c 8s 7d]
Seat 1: EvilReality folded before Flop (didn't bet)
Seat 2: Pippa83 folded before Flop (didn't bet)
Seat 3: tintin641 folded before Flop (didn't bet)
Seat 4: poker_soul11 (button) folded before Flop (didn't bet)
Seat 5: Pvn1219 (small blind) folded on the Turn
Seat 6: nastja336 (big blind) collected ($3.80)



PokerStars Hand #254530635176:  Hold'em No Limit ($0.50/$1.00 USD) - 2025/01/24 16:25:42 WET [2025/01/24 11:25:42 ET]
Table 'Horemheb IV' 6-max Seat #5 is the button
Seat 1: EvilReality ($106.80 in chips) 
Seat 2: Pippa83 ($87.57 in chips) 
Seat 3: tintin641 ($100 in chips) 
Seat 4: poker_soul11 ($228.21 in chips) 
Seat 5: Pvn1219 ($129.97 in chips) 
Seat 6: nastja336 ($101.80 in chips) 
nastja336: posts small blind $0.50
EvilReality: posts big blind $1
*** HOLE CARDS ***
Pippa83: folds 
tintin641: folds 
Pippa83 leaves the table
poker_soul11: folds 
Pvn1219: raises $1 to $2
nastja336: folds 
EvilReality: folds 
Uncalled bet ($1) returned to Pvn1219
Pvn1219 collected $2.50 from pot
*** SUMMARY ***
Total pot $2.50 | Rake $0 
Seat 1: EvilReality (big blind) folded before Flop
Seat 2: Pippa83 folded before Flop (didn't bet)
Seat 3: tintin641 folded before Flop (didn't bet)
Seat 4: poker_soul11 folded before Flop (didn't bet)
Seat 5: Pvn1219 (button) collected ($2.50)
Seat 6: nastja336 (small blind) folded before Flop



PokerStars Hand #254530639592:  Hold'em No Limit ($0.50/$1.00 USD) - 2025/01/24 16:26:01 WET [2025/01/24 11:26:01 ET]
Table 'Horemheb IV' 6-max Seat #6 is the button
Seat 1: EvilReality ($105.80 in chips) 
Seat 3: tintin641 ($100 in chips) 
Seat 4: poker_soul11 ($228.21 in chips) 
Seat 5: Pvn1219 ($131.47 in chips) 
Seat 6: nastja336 ($101.30 in chips) 
EvilReality: posts small blind $0.50
tintin641: posts big blind $1
*** HOLE CARDS ***
KarP93 joins the table at seat #2 
poker_soul11: folds 
Pvn1219: folds 
nastja336: folds 
EvilReality: folds 
Uncalled bet ($0.50) returned to tintin641
tintin641 collected $1 from pot
tintin641: doesn't show hand 
*** SUMMARY ***
Total pot $1 | Rake $0 
Seat 1: EvilReality (small blind) folded before Flop
Seat 3: tintin641 (big blind) collected ($1)
Seat 4: poker_soul11 folded before Flop (didn't bet)
Seat 5: Pvn1219 folded before Flop (didn't bet)
Seat 6: nastja336 (button) folded before Flop (didn't bet)



PokerStars Hand #254530643506:  Hold'em No Limit ($0.50/$1.00 USD) - 2025/01/24 16:26:18 WET [2025/01/24 11:26:18 ET]
Table 'Horemheb IV' 6-max Seat #1 is the button
Seat 2: KarP93 ($100 in chips) is sitting out
Seat 1: EvilReality ($105.30 in chips) 
Seat 3: tintin641 ($100.50 in chips) 
Seat 4: poker_soul11 ($228.21 in chips) 
Seat 5: Pvn1219 ($131.47 in chips) 
Seat 6: nastja336 ($101.30 in chips) 
tintin641: posts small blind $0.50
poker_soul11: posts big blind $1
*** HOLE CARDS ***
Pvn1219: folds 
nastja336: folds 
EvilReality: raises $1.50 to $2.50
tintin641: folds 
poker_soul11: folds 
Uncalled bet ($1.50) returned to EvilReality
EvilReality collected $2.50 from pot
EvilReality: doesn't show hand 
*** SUMMARY ***
Total pot $2.50 | Rake $0 
Seat 2: KarP93
Seat 1: EvilReality (button) collected ($2.50)
Seat 3: tintin641 (small blind) folded before Flop
Seat 4: poker_soul11 (big blind) folded before Flop
Seat 5: Pvn1219 folded before Flop (didn't bet)
Seat 6: nastja336 folded before Flop (didn't bet)



PokerStars Hand #254530647674:  Hold'em No Limit ($0.50/$1.00 USD) - 2025/01/24 16:26:36 WET [2025/01/24 11:26:36 ET]
Table 'Horemheb IV' 6-max Seat #3 is the button
Seat 2: KarP93 ($100 in chips) is sitting out
Seat 1: EvilReality ($106.80 in chips) 
Seat 3: tintin641 ($100 in chips) 
Seat 4: poker_soul11 ($227.21 in chips) 
Seat 5: Pvn1219 ($131.47 in chips) 
Seat 6: nastja336 ($101.30 in chips) 
poker_soul11: posts small blind $0.50
Pvn1219: posts big blind $1
KarP93: sits out 
*** HOLE CARDS ***
nastja336: folds 
EvilReality: folds 
tintin641: folds 
poker_soul11: folds 
Uncalled bet ($0.50) returned to Pvn1219
Pvn1219 collected $1 from pot
*** SUMMARY ***
Total pot $1 | Rake $0 
Seat 2: KarP93
Seat 1: EvilReality folded before Flop (didn't bet)
Seat 3: tintin641 (button) folded before Flop (didn't bet)
Seat 4: poker_soul11 (small blind) folded before Flop
Seat 5: Pvn1219 (big blind) collected ($1)
Seat 6: nastja336 folded before Flop (didn't bet)



PokerStars Hand #254530651044:  Hold'em No Limit ($0.50/$1.00 USD) - 2025/01/24 16:26:51 WET [2025/01/24 11:26:51 ET]
Table 'Horemheb IV' 6-max Seat #4 is the button
Seat 2: KarP93 ($100 in chips) is sitting out
Seat 1: EvilReality ($106.80 in chips) 
Seat 3: tintin641 ($100 in chips) 
Seat 4: poker_soul11 ($226.71 in chips) 
Seat 5: Pvn1219 ($131.97 in chips) 
Seat 6: nastja336 ($101.30 in chips) 
Pvn1219: posts small blind $0.50
nastja336: posts big blind $1
KarP93: sits out 
*** HOLE CARDS ***
EvilReality: folds 
tintin641: folds 
poker_soul11: folds 
Pvn1219: raises $2 to $3
nastja336: raises $9 to $12
Pvn1219: calls $9
*** FLOP *** [8d 3s Qd]
Pvn1219: checks 
nastja336: checks 
*** TURN *** [8d 3s Qd] [Jc]
Pvn1219: bets $11.40
nastja336: raises $22.80 to $34.20
Pvn1219: raises $85.77 to $119.97 and is all-in
nastja336: calls $55.10 and is all-in
Uncalled bet ($30.67) returned to Pvn1219
*** RIVER *** [8d 3s Qd Jc] [6d]
*** SHOW DOWN ***
Pvn1219: shows [Qh Qc] (three of a kind, Queens)
nastja336: shows [Jh Js] (three of a kind, Jacks)
Pvn1219 collected $200.10 from pot
*** SUMMARY ***
Total pot $202.60 | Rake $2.50 
Board [8d 3s Qd Jc 6d]
Seat 2: KarP93
Seat 1: EvilReality folded before Flop (didn't bet)
Seat 3: tintin641 folded before Flop (didn't bet)
Seat 4: poker_soul11 (button) folded before Flop (didn't bet)
Seat 5: Pvn1219 (small blind) showed [Qh Qc] and won ($200.10) with three of a kind, Queens
Seat 6: nastja336 (big blind) showed [Jh Js] and lost with three of a kind, Jacks



PokerStars Hand #254530667423:  Hold'em No Limit ($0.50/$1.00 USD) - 2025/01/24 16:28:02 WET [2025/01/24 11:28:02 ET]
Table 'Horemheb IV' 6-max Seat #5 is the button
Seat 2: KarP93 ($100 in chips) is sitting out
Seat 1: EvilReality ($106.80 in chips) 
Seat 3: tintin641 ($100 in chips) 
Seat 4: poker_soul11 ($226.71 in chips) 
Seat 5: Pvn1219 ($230.77 in chips) 
Seat 6: nastja336 ($100 in chips) 
nastja336: posts small blind $0.50
EvilReality: posts big blind $1
KarP93: sits out 
*** HOLE CARDS ***
tintin641: folds 
poker_soul11: raises $1.20 to $2.20
Pvn1219: folds 
nastja336: folds 
EvilReality: folds 
Uncalled bet ($1.20) returned to poker_soul11
poker_soul11 collected $2.50 from pot
poker_soul11: doesn't show hand 
*** SUMMARY ***
Total pot $2.50 | Rake $0 
Seat 2: KarP93
Seat 1: EvilReality (big blind) folded before Flop
Seat 3: tintin641 folded before Flop (didn't bet)
Seat 4: poker_soul11 collected ($2.50)
Seat 5: Pvn1219 (button) folded before Flop (didn't bet)
Seat 6: nastja336 (small blind) folded before Flop



PokerStars Hand #254530673553:  Hold'em No Limit ($0.50/$1.00 USD) - 2025/01/24 16:28:29 WET [2025/01/24 11:28:29 ET]
Table 'Horemheb IV' 6-max Seat #6 is the button
Seat 1: EvilReality ($105.80 in chips) 
Seat 2: KarP93 ($100 in chips) 
Seat 3: tintin641 ($100 in chips) 
Seat 4: poker_soul11 ($228.21 in chips) 
Seat 5: Pvn1219 ($230.77 in chips) 
Seat 6: nastja336 ($100 in chips) 
EvilReality: posts small blind $0.50
KarP93: posts big blind $1
*** HOLE CARDS ***
tintin641: folds 
poker_soul11: folds 
Pvn1219: folds 
nastja336: raises $1.50 to $2.50
EvilReality: raises $7.50 to $10
KarP93: calls $9
nastja336: folds 
*** FLOP *** [Ad 7s 2s]
EvilReality: bets $11.33
KarP93: folds 
Uncalled bet ($11.33) returned to EvilReality
EvilReality collected $21.38 from pot
EvilReality: doesn't show hand 
*** SUMMARY ***
Total pot $22.50 | Rake $1.12 
Board [Ad 7s 2s]
Seat 1: EvilReality (small blind) collected ($21.38)
Seat 2: KarP93 (big blind) folded on the Flop
Seat 3: tintin641 folded before Flop (didn't bet)
Seat 4: poker_soul11 folded before Flop (didn't bet)
Seat 5: Pvn1219 folded before Flop (didn't bet)
Seat 6: nastja336 (button) folded before Flop



PokerStars Hand #254530682159:  Hold'em No Limit ($0.50/$1.00 USD) - 2025/01/24 16:29:07 WET [2025/01/24 11:29:07 ET]
Table 'Horemheb IV' 6-max Seat #1 is the button
Seat 3: tintin641 ($100 in chips) is sitting out
Seat 1: EvilReality ($117.18 in chips) 
Seat 2: KarP93 ($100 in chips) 
Seat 4: poker_soul11 ($228.21 in chips) 
Seat 5: Pvn1219 ($230.77 in chips) 
Seat 6: nastja336 ($100 in chips) 
KarP93: posts small blind $0.50
tintin641: is sitting out 
poker_soul11: posts big blind $1
*** HOLE CARDS ***
tintin641 leaves the table
Pvn1219: folds 
nastja336: folds 
EvilReality: folds 
KarP93: raises $2 to $3
peak joker33 joins the table at seat #3 
poker_soul11: calls $2
*** FLOP *** [Qd Ac 3c]
KarP93: checks 
poker_soul11: checks 
*** TURN *** [Qd Ac 3c] [Qh]
KarP93: checks 
poker_soul11: checks 
*** RIVER *** [Qd Ac 3c Qh] [Js]
KarP93: checks 
poker_soul11: bets $4.28
KarP93: folds 
Uncalled bet ($4.28) returned to poker_soul11
poker_soul11 collected $5.70 from pot
poker_soul11: doesn't show hand 
*** SUMMARY ***
Total pot $6 | Rake $0.30 
Board [Qd Ac 3c Qh Js]
Seat 3: tintin641
Seat 1: EvilReality (button) folded before Flop (didn't bet)
Seat 2: KarP93 (small blind) folded on the River
Seat 4: poker_soul11 (big blind) collected ($5.70)
Seat 5: Pvn1219 folded before Flop (didn't bet)
Seat 6: nastja336 folded before Flop (didn't bet)



PokerStars Hand #254530692258:  Hold'em No Limit ($0.50/$1.00 USD) - 2025/01/24 16:29:50 WET [2025/01/24 11:29:50 ET]
Table 'Horemheb IV' 6-max Seat #2 is the button
Seat 3: peak joker33 ($100 in chips) is sitting out
Seat 1: EvilReality ($117.18 in chips) 
Seat 2: KarP93 ($100 in chips) 
Seat 4: poker_soul11 ($230.91 in chips) 
Seat 5: Pvn1219 ($230.77 in chips) 
Seat 6: nastja336 ($100 in chips) 
poker_soul11: posts small blind $0.50
Pvn1219: posts big blind $1
*** HOLE CARDS ***
nastja336: folds 
EvilReality: folds 
KarP93: raises $1.50 to $2.50
poker_soul11: folds 
Pvn1219: folds 
Uncalled bet ($1.50) returned to KarP93
KarP93 collected $2.50 from pot
KarP93: doesn't show hand 
*** SUMMARY ***
Total pot $2.50 | Rake $0 
Seat 3: peak joker33
Seat 1: EvilReality folded before Flop (didn't bet)
Seat 2: KarP93 (button) collected ($2.50)
Seat 4: poker_soul11 (small blind) folded before Flop
Seat 5: Pvn1219 (big blind) folded before Flop
Seat 6: nastja336 folded before Flop (didn't bet)



PokerStars Hand #254530696210:  Hold'em No Limit ($0.50/$1.00 USD) - 2025/01/24 16:30:07 WET [2025/01/24 11:30:07 ET]
Table 'Horemheb IV' 6-max Seat #4 is the button
Seat 3: peak joker33 ($100 in chips) is sitting out
Seat 1: EvilReality ($117.18 in chips) 
Seat 2: KarP93 ($101.50 in chips) 
Seat 4: poker_soul11 ($230.41 in chips) 
Seat 5: Pvn1219 ($229.77 in chips) 
Seat 6: nastja336 ($100 in chips) 
Pvn1219: posts small blind $0.50
nastja336: posts big blind $1
peak joker33: sits out 
*** HOLE CARDS ***
EvilReality: folds 
EvilReality leaves the table
KarP93: folds 
poker_soul11: raises $1.20 to $2.20
Pvn1219: folds 
nastja336: calls $1.20
*** FLOP *** [Jd 5h Kd]
nastja336: checks 
poker_soul11: checks 
*** TURN *** [Jd 5h Kd] [Js]
nastja336: checks 
poker_soul11: bets $3.50
nastja336: folds 
Uncalled bet ($3.50) returned to poker_soul11
poker_soul11 collected $4.66 from pot
poker_soul11: doesn't show hand 
*** SUMMARY ***
Total pot $4.90 | Rake $0.24 
Board [Jd 5h Kd Js]
Seat 3: peak joker33
Seat 1: EvilReality folded before Flop (didn't bet)
Seat 2: KarP93 folded before Flop (didn't bet)
Seat 4: poker_soul11 (button) collected ($4.66)
Seat 5: Pvn1219 (small blind) folded before Flop
Seat 6: nastja336 (big blind) folded on the Turn



PokerStars Hand #254530707150:  Hold'em No Limit ($0.50/$1.00 USD) - 2025/01/24 16:30:54 WET [2025/01/24 11:30:54 ET]
Table 'Horemheb IV' 6-max Seat #5 is the button
Seat 3: peak joker33 ($100 in chips) is sitting out
Seat 2: KarP93 ($101.50 in chips) 
Seat 4: poker_soul11 ($232.87 in chips) 
Seat 5: Pvn1219 ($229.27 in chips) 
Seat 6: nastja336 ($100 in chips) 
nastja336: posts small blind $0.50
KarP93: posts big blind $1
peak joker33: sits out 
*** HOLE CARDS ***
poker_soul11: folds 
YeeesMan joins the table at seat #1 
Pvn1219: folds 
nastja336: folds 
Uncalled bet ($0.50) returned to KarP93
KarP93 collected $1 from pot
KarP93: doesn't show hand 
*** SUMMARY ***
Total pot $1 | Rake $0 
Seat 3: peak joker33
Seat 2: KarP93 (big blind) collected ($1)
Seat 4: poker_soul11 folded before Flop (didn't bet)
Seat 5: Pvn1219 (button) folded before Flop (didn't bet)
Seat 6: nastja336 (small blind) folded before Flop



PokerStars Hand #254530710972:  Hold'em No Limit ($0.50/$1.00 USD) - 2025/01/24 16:31:11 WET [2025/01/24 11:31:11 ET]
Table 'Horemheb IV' 6-max Seat #6 is the button
Seat 1: YeeesMan ($100 in chips) is sitting out
Seat 2: KarP93 ($102 in chips) 
Seat 3: peak joker33 ($100 in chips) 
Seat 4: poker_soul11 ($232.87 in chips) 
Seat 5: Pvn1219 ($229.27 in chips) 
Seat 6: nastja336 ($100 in chips) 
KarP93: posts small blind $0.50
peak joker33: posts big blind $1
*** HOLE CARDS ***
poker_soul11: folds 
Pvn1219: folds 
nastja336: raises $1.50 to $2.50
KarP93: raises $8.50 to $11
peak joker33: folds 
nastja336: folds 
Uncalled bet ($8.50) returned to KarP93
KarP93 collected $6 from pot
KarP93: doesn't show hand 
*** SUMMARY ***
Total pot $6 | Rake $0 
Seat 1: YeeesMan
Seat 2: KarP93 (small blind) collected ($6)
Seat 3: peak joker33 (big blind) folded before Flop
Seat 4: poker_soul11 folded before Flop (didn't bet)
Seat 5: Pvn1219 folded before Flop (didn't bet)
Seat 6: nastja336 (button) folded before Flop



PokerStars Hand #254530717532:  Hold'em No Limit ($0.50/$1.00 USD) - 2025/01/24 16:31:38 WET [2025/01/24 11:31:38 ET]
Table 'Horemheb IV' 6-max Seat #2 is the button
Seat 1: YeeesMan ($100 in chips) is sitting out
Seat 2: KarP93 ($105.50 in chips) 
Seat 3: peak joker33 ($100 in chips) 
Seat 4: poker_soul11 ($232.87 in chips) 
Seat 5: Pvn1219 ($229.27 in chips) 
Seat 6: nastja336 ($100 in chips) 
peak joker33: posts small blind $0.50
poker_soul11: posts big blind $1
YeeesMan: sits out 
*** HOLE CARDS ***
Pvn1219: raises $2 to $3
nastja336: raises $6 to $9
KarP93: folds 
peak joker33: folds 
poker_soul11: folds 
Pvn1219: calls $6
*** FLOP *** [5c Qs 9s]
Pvn1219: checks 
nastja336: checks 
*** TURN *** [5c Qs 9s] [6s]
Pvn1219: checks 
nastja336: checks 
*** RIVER *** [5c Qs 9s 6s] [5h]
Pvn1219: bets $9.26
nastja336: folds 
Uncalled bet ($9.26) returned to Pvn1219
Pvn1219 collected $18.52 from pot
*** SUMMARY ***
Total pot $19.50 | Rake $0.98 
Board [5c Qs 9s 6s 5h]
Seat 1: YeeesMan
Seat 2: KarP93 (button) folded before Flop (didn't bet)
Seat 3: peak joker33 (small blind) folded before Flop
Seat 4: poker_soul11 (big blind) folded before Flop
Seat 5: Pvn1219 collected ($18.52)
Seat 6: nastja336 folded on the River



PokerStars Hand #254530727576:  Hold'em No Limit ($0.50/$1.00 USD) - 2025/01/24 16:32:22 WET [2025/01/24 11:32:22 ET]
Table 'Horemheb IV' 6-max Seat #3 is the button
Seat 1: YeeesMan ($100 in chips) is sitting out
Seat 2: KarP93 ($105.50 in chips) 
Seat 3: peak joker33 ($100 in chips) 
Seat 4: poker_soul11 ($231.87 in chips) 
Seat 5: Pvn1219 ($238.79 in chips) 
Seat 6: nastja336 ($100 in chips) 
poker_soul11: posts small blind $0.50
Pvn1219: posts big blind $1
YeeesMan: sits out 
*** HOLE CARDS ***
nastja336: raises $1.50 to $2.50
KarP93: calls $2.50
peak joker33: folds 
poker_soul11: raises $11 to $13.50
Pvn1219: folds 
nastja336: calls $11
KarP93: folds 
*** FLOP *** [9d 5c 8s]
poker_soul11: bets $14.49
nastja336: calls $14.49
*** TURN *** [9d 5c 8s] [7s]
poker_soul11: checks 
nastja336: checks 
*** RIVER *** [9d 5c 8s 7s] [3c]
poker_soul11: checks 
nastja336: bets $72.01 and is all-in
poker_soul11: folds 
Uncalled bet ($72.01) returned to nastja336
nastja336 collected $56.98 from pot
nastja336: doesn't show hand 
*** SUMMARY ***
Total pot $59.48 | Rake $2.50 
Board [9d 5c 8s 7s 3c]
Seat 1: YeeesMan
Seat 2: KarP93 folded before Flop
Seat 3: peak joker33 (button) folded before Flop (didn't bet)
Seat 4: poker_soul11 (small blind) folded on the River
Seat 5: Pvn1219 (big blind) folded before Flop
Seat 6: nastja336 collected ($56.98)



PokerStars Hand #254530750166:  Hold'em No Limit ($0.50/$1.00 USD) - 2025/01/24 16:33:59 WET [2025/01/24 11:33:59 ET]
Table 'Horemheb IV' 6-max Seat #4 is the button
Seat 1: YeeesMan ($100 in chips) is sitting out
Seat 2: KarP93 ($103 in chips) 
Seat 3: peak joker33 ($100 in chips) 
Seat 4: poker_soul11 ($203.88 in chips) 
Seat 5: Pvn1219 ($237.79 in chips) 
Seat 6: nastja336 ($128.99 in chips) 
Pvn1219: posts small blind $0.50
nastja336: posts big blind $1
YeeesMan: sits out 
*** HOLE CARDS ***
KarP93: folds 
peak joker33: folds 
poker_soul11: raises $1.20 to $2.20
Pvn1219: folds 
nastja336: folds 
Uncalled bet ($1.20) returned to poker_soul11
poker_soul11 collected $2.50 from pot
poker_soul11: doesn't show hand 
*** SUMMARY ***
Total pot $2.50 | Rake $0 
Seat 1: YeeesMan
Seat 2: KarP93 folded before Flop (didn't bet)
Seat 3: peak joker33 folded before Flop (didn't bet)
Seat 4: poker_soul11 (button) collected ($2.50)
Seat 5: Pvn1219 (small blind) folded before Flop
Seat 6: nastja336 (big blind) folded before Flop



PokerStars Hand #254530753569:  Hold'em No Limit ($0.50/$1.00 USD) - 2025/01/24 16:34:13 WET [2025/01/24 11:34:13 ET]
Table 'Horemheb IV' 6-max Seat #5 is the button
Seat 1: YeeesMan ($100 in chips) 
Seat 2: KarP93 ($103 in chips) 
Seat 3: peak joker33 ($100 in chips) 
Seat 4: poker_soul11 ($205.38 in chips) 
Seat 5: Pvn1219 ($237.29 in chips) 
Seat 6: nastja336 ($127.99 in chips) 
nastja336: posts small blind $0.50
YeeesMan: posts big blind $1
*** HOLE CARDS ***
KarP93: folds 
peak joker33: folds 
poker_soul11: raises $1.20 to $2.20
Pvn1219: calls $2.20
nastja336: folds 
YeeesMan: raises $12.80 to $15
poker_soul11: folds 
Pvn1219: folds 
Uncalled bet ($12.80) returned to YeeesMan
YeeesMan collected $7.10 from pot
YeeesMan: doesn't show hand 
*** SUMMARY ***
Total pot $7.10 | Rake $0 
Seat 1: YeeesMan (big blind) collected ($7.10)
Seat 2: KarP93 folded before Flop (didn't bet)
Seat 3: peak joker33 folded before Flop (didn't bet)
Seat 4: poker_soul11 folded before Flop
Seat 5: Pvn1219 (button) folded before Flop
Seat 6: nastja336 (small blind) folded before Flop



PokerStars Hand #254530761037:  Hold'em No Limit ($0.50/$1.00 USD) - 2025/01/24 16:34:46 WET [2025/01/24 11:34:46 ET]
Table 'Horemheb IV' 6-max Seat #6 is the button
Seat 1: YeeesMan ($104.90 in chips) 
Seat 2: KarP93 ($103 in chips) 
Seat 3: peak joker33 ($100 in chips) 
Seat 4: poker_soul11 ($203.18 in chips) 
Seat 5: Pvn1219 ($235.09 in chips) 
Seat 6: nastja336 ($127.49 in chips) 
YeeesMan: posts small blind $0.50
KarP93: posts big blind $1
*** HOLE CARDS ***
peak joker33: folds 
poker_soul11: raises $1.20 to $2.20
Pvn1219: folds 
nastja336: folds 
YeeesMan: folds 
KarP93: folds 
Uncalled bet ($1.20) returned to poker_soul11
poker_soul11 collected $2.50 from pot
poker_soul11: doesn't show hand 
*** SUMMARY ***
Total pot $2.50 | Rake $0 
Seat 1: YeeesMan (small blind) folded before Flop
Seat 2: KarP93 (big blind) folded before Flop
Seat 3: peak joker33 folded before Flop (didn't bet)
Seat 4: poker_soul11 collected ($2.50)
Seat 5: Pvn1219 folded before Flop (didn't bet)
Seat 6: nastja336 (button) folded before Flop (didn't bet)



PokerStars Hand #254530772295:  Hold'em No Limit ($0.50/$1.00 USD) - 2025/01/24 16:35:35 WET [2025/01/24 11:35:35 ET]
Table 'Horemheb IV' 6-max Seat #1 is the button
Seat 1: YeeesMan ($104.40 in chips) 
Seat 2: KarP93 ($102 in chips) 
Seat 3: peak joker33 ($100 in chips) 
Seat 4: poker_soul11 ($204.68 in chips) 
Seat 5: Pvn1219 ($235.09 in chips) 
Seat 6: nastja336 ($127.49 in chips) 
KarP93: posts small blind $0.50
peak joker33: posts big blind $1
*** HOLE CARDS ***
poker_soul11: folds 
Pvn1219: raises $1 to $2
nastja336: raises $5.50 to $7.50
YeeesMan: folds 
KarP93: folds 
peak joker33: folds 
Pvn1219: calls $5.50
*** FLOP *** [4c Ac 9d]
Pvn1219: checks 
nastja336: bets $5.17
Pvn1219: calls $5.17
*** TURN *** [4c Ac 9d] [Qh]
Pvn1219: checks 
nastja336: checks 
*** RIVER *** [4c Ac 9d Qh] [Js]
Pvn1219: checks 
nastja336: checks 
*** SHOW DOWN ***
Pvn1219: shows [4d Qd] (two pair, Queens and Fours)
nastja336: mucks hand 
Pvn1219 collected $25.50 from pot
*** SUMMARY ***
Total pot $26.84 | Rake $1.34 
Board [4c Ac 9d Qh Js]
Seat 1: YeeesMan (button) folded before Flop (didn't bet)
Seat 2: KarP93 (small blind) folded before Flop
Seat 3: peak joker33 (big blind) folded before Flop
Seat 4: poker_soul11 folded before Flop (didn't bet)
Seat 5: Pvn1219 showed [4d Qd] and won ($25.50) with two pair, Queens and Fours
Seat 6: nastja336 mucked



PokerStars Hand #254530785953:  Hold'em No Limit ($0.50/$1.00 USD) - 2025/01/24 16:36:34 WET [2025/01/24 11:36:34 ET]
Table 'Horemheb IV' 6-max Seat #2 is the button
Seat 1: YeeesMan ($104.40 in chips) 
Seat 2: KarP93 ($101.50 in chips) 
Seat 3: peak joker33 ($100 in chips) 
Seat 4: poker_soul11 ($204.68 in chips) 
Seat 5: Pvn1219 ($247.92 in chips) 
Seat 6: nastja336 ($114.82 in chips) 
peak joker33: posts small blind $0.50
poker_soul11: posts big blind $1
*** HOLE CARDS ***
Pvn1219: folds 
nastja336: raises $1.50 to $2.50
YeeesMan: folds 
KarP93: folds 
peak joker33: folds 
poker_soul11: raises $9.50 to $12
nastja336: raises $15.50 to $27.50
poker_soul11: folds 
Uncalled bet ($15.50) returned to nastja336
nastja336 collected $24.50 from pot
nastja336: doesn't show hand 
*** SUMMARY ***
Total pot $24.50 | Rake $0 
Seat 1: YeeesMan folded before Flop (didn't bet)
Seat 2: KarP93 (button) folded before Flop (didn't bet)
Seat 3: peak joker33 (small blind) folded before Flop
Seat 4: poker_soul11 (big blind) folded before Flop
Seat 5: Pvn1219 folded before Flop (didn't bet)
Seat 6: nastja336 collected ($24.50)



PokerStars Hand #254530795474:  Hold'em No Limit ($0.50/$1.00 USD) - 2025/01/24 16:37:14 WET [2025/01/24 11:37:14 ET]
Table 'Horemheb IV' 6-max Seat #3 is the button
Seat 1: YeeesMan ($104.40 in chips) 
Seat 2: KarP93 ($101.50 in chips) 
Seat 3: peak joker33 ($100 in chips) 
Seat 4: poker_soul11 ($192.68 in chips) 
Seat 5: Pvn1219 ($247.92 in chips) 
Seat 6: nastja336 ($127.32 in chips) 
poker_soul11: posts small blind $0.50
Pvn1219: posts big blind $1
*** HOLE CARDS ***
nastja336: raises $1.50 to $2.50
YeeesMan: folds 
KarP93: folds 
peak joker33: folds 
poker_soul11: folds 
Pvn1219: calls $1.50
*** FLOP *** [9h 7h 3h]
Pvn1219: checks 
nastja336: bets $1.25
Pvn1219: calls $1.25
*** TURN *** [9h 7h 3h] [3c]
Pvn1219: checks 
nastja336: checks 
*** RIVER *** [9h 7h 3h 3c] [4h]
Pvn1219: checks 
nastja336: bets $12
Pvn1219: calls $12
*** SHOW DOWN ***
nastja336: shows [Ah Tc] (a flush, Ace high)
Pvn1219: mucks hand 
nastja336 collected $30.40 from pot
*** SUMMARY ***
Total pot $32 | Rake $1.60 
Board [9h 7h 3h 3c 4h]
Seat 1: YeeesMan folded before Flop (didn't bet)
Seat 2: KarP93 folded before Flop (didn't bet)
Seat 3: peak joker33 (button) folded before Flop (didn't bet)
Seat 4: poker_soul11 (small blind) folded before Flop
Seat 5: Pvn1219 (big blind) mucked
Seat 6: nastja336 showed [Ah Tc] and won ($30.40) with a flush, Ace high



PokerStars Hand #254530808988:  Hold'em No Limit ($0.50/$1.00 USD) - 2025/01/24 16:38:12 WET [2025/01/24 11:38:12 ET]
Table 'Horemheb IV' 6-max Seat #4 is the button
Seat 1: YeeesMan ($104.40 in chips) 
Seat 2: KarP93 ($101.50 in chips) 
Seat 3: peak joker33 ($100 in chips) 
Seat 4: poker_soul11 ($192.18 in chips) 
Seat 5: Pvn1219 ($232.17 in chips) 
Seat 6: nastja336 ($141.97 in chips) 
Pvn1219: posts small blind $0.50
nastja336: posts big blind $1
*** HOLE CARDS ***
YeeesMan: raises $1.50 to $2.50
KarP93: folds 
peak joker33: folds 
poker_soul11: folds 
Pvn1219: folds 
nastja336: folds 
Uncalled bet ($1.50) returned to YeeesMan
YeeesMan collected $2.50 from pot
YeeesMan: doesn't show hand 
*** SUMMARY ***
Total pot $2.50 | Rake $0 
Seat 1: YeeesMan collected ($2.50)
Seat 2: KarP93 folded before Flop (didn't bet)
Seat 3: peak joker33 folded before Flop (didn't bet)
Seat 4: poker_soul11 (button) folded before Flop (didn't bet)
Seat 5: Pvn1219 (small blind) folded before Flop
Seat 6: nastja336 (big blind) folded before Flop



PokerStars Hand #254530812612:  Hold'em No Limit ($0.50/$1.00 USD) - 2025/01/24 16:38:28 WET [2025/01/24 11:38:28 ET]
Table 'Horemheb IV' 6-max Seat #5 is the button
Seat 1: YeeesMan ($105.90 in chips) is sitting out
Seat 2: KarP93 ($101.50 in chips) 
Seat 3: peak joker33 ($100 in chips) 
Seat 4: poker_soul11 ($192.18 in chips) 
Seat 5: Pvn1219 ($231.67 in chips) 
Seat 6: nastja336 ($140.97 in chips) 
nastja336: posts small blind $0.50
YeeesMan: is sitting out 
KarP93: posts big blind $1
*** HOLE CARDS ***
peak joker33: folds 
poker_soul11: raises $1.20 to $2.20
Pvn1219: calls $2.20
YeeesMan leaves the table
nastja336: folds 
KarP93: calls $1.20
*** FLOP *** [5d 7d 7h]
KarP93: checks 
poker_soul11: bets $2.22
Pvn1219: calls $2.22
KarP93: calls $2.22
*** TURN *** [5d 7d 7h] [Qc]
KarP93: checks 
fataleggs13 joins the table at seat #1 
poker_soul11: checks 
Pvn1219: checks 
*** RIVER *** [5d 7d 7h Qc] [9s]
KarP93: bets $9.80
poker_soul11: calls $9.80
Pvn1219: folds 
*** SHOW DOWN ***
KarP93: shows [Td 8d] (a pair of Sevens)
poker_soul11: shows [8s 8c] (two pair, Eights and Sevens)
poker_soul11 collected $31.69 from pot
*** SUMMARY ***
Total pot $33.36 | Rake $1.67 
Board [5d 7d 7h Qc 9s]
Seat 1: YeeesMan
Seat 2: KarP93 (big blind) showed [Td 8d] and lost with a pair of Sevens
Seat 3: peak joker33 folded before Flop (didn't bet)
Seat 4: poker_soul11 showed [8s 8c] and won ($31.69) with two pair, Eights and Sevens
Seat 5: Pvn1219 (button) folded on the River
Seat 6: nastja336 (small blind) folded before Flop



PokerStars Hand #254530835072:  Hold'em No Limit ($0.50/$1.00 USD) - 2025/01/24 16:40:04 WET [2025/01/24 11:40:04 ET]
Table 'Horemheb IV' 6-max Seat #6 is the button
Seat 1: fataleggs13 ($75 in chips) is sitting out
Seat 2: KarP93 ($100 in chips) 
Seat 3: peak joker33 ($100 in chips) 
Seat 4: poker_soul11 ($209.65 in chips) 
Seat 5: Pvn1219 ($227.25 in chips) 
Seat 6: nastja336 ($140.47 in chips) 
KarP93: posts small blind $0.50
peak joker33: posts big blind $1
*** HOLE CARDS ***
poker_soul11: folds 
Pvn1219: folds 
nastja336: raises $1.50 to $2.50
KarP93: folds 
peak joker33: raises $8.50 to $11
nastja336: folds 
Uncalled bet ($8.50) returned to peak joker33
peak joker33 collected $5.50 from pot
peak joker33: doesn't show hand 
*** SUMMARY ***
Total pot $5.50 | Rake $0 
Seat 1: fataleggs13
Seat 2: KarP93 (small blind) folded before Flop
Seat 3: peak joker33 (big blind) collected ($5.50)
Seat 4: poker_soul11 folded before Flop (didn't bet)
Seat 5: Pvn1219 folded before Flop (didn't bet)
Seat 6: nastja336 (button) folded before Flop



PokerStars Hand #254530841885:  Hold'em No Limit ($0.50/$1.00 USD) - 2025/01/24 16:40:33 WET [2025/01/24 11:40:33 ET]
Table 'Horemheb IV' 6-max Seat #2 is the button
Seat 1: fataleggs13 ($75 in chips) is sitting out
Seat 2: KarP93 ($100 in chips) 
Seat 3: peak joker33 ($103 in chips) 
Seat 4: poker_soul11 ($209.65 in chips) 
Seat 5: Pvn1219 ($227.25 in chips) 
Seat 6: nastja336 ($137.97 in chips) 
peak joker33: posts small blind $0.50
poker_soul11: posts big blind $1
fataleggs13: sits out 
*** HOLE CARDS ***
Pvn1219: folds 
nastja336: folds 
KarP93: folds 
peak joker33: raises $2 to $3
poker_soul11: calls $2
*** FLOP *** [Ks 7s 4d]
peak joker33: checks 
poker_soul11: checks 
*** TURN *** [Ks 7s 4d] [3c]
peak joker33: checks 
poker_soul11: checks 
*** RIVER *** [Ks 7s 4d 3c] [8d]
peak joker33: bets $2.85
poker_soul11: folds 
Uncalled bet ($2.85) returned to peak joker33
peak joker33 collected $5.70 from pot
peak joker33: doesn't show hand 
*** SUMMARY ***
Total pot $6 | Rake $0.30 
Board [Ks 7s 4d 3c 8d]
Seat 1: fataleggs13
Seat 2: KarP93 (button) folded before Flop (didn't bet)
Seat 3: peak joker33 (small blind) collected ($5.70)
Seat 4: poker_soul11 (big blind) folded on the River
Seat 5: Pvn1219 folded before Flop (didn't bet)
Seat 6: nastja336 folded before Flop (didn't bet)



PokerStars Hand #254530854690:  Hold'em No Limit ($0.50/$1.00 USD) - 2025/01/24 16:41:28 WET [2025/01/24 11:41:28 ET]
Table 'Horemheb IV' 6-max Seat #3 is the button
Seat 1: fataleggs13 ($75 in chips) is sitting out
Seat 2: KarP93 ($100 in chips) 
Seat 3: peak joker33 ($105.70 in chips) 
Seat 4: poker_soul11 ($206.65 in chips) 
Seat 5: Pvn1219 ($227.25 in chips) 
Seat 6: nastja336 ($137.97 in chips) 
poker_soul11: posts small blind $0.50
Pvn1219: posts big blind $1
fataleggs13: sits out 
*** HOLE CARDS ***
nastja336: folds 
KarP93: folds 
peak joker33: raises $1.50 to $2.50
poker_soul11: folds 
Pvn1219: calls $1.50
*** FLOP *** [5c Jd Td]
Pvn1219: checks 
peak joker33: bets $6.79
Pvn1219: folds 
Uncalled bet ($6.79) returned to peak joker33
peak joker33 collected $5.22 from pot
peak joker33: doesn't show hand 
*** SUMMARY ***
Total pot $5.50 | Rake $0.28 
Board [5c Jd Td]
Seat 1: fataleggs13
Seat 2: KarP93 folded before Flop (didn't bet)
Seat 3: peak joker33 (button) collected ($5.22)
Seat 4: poker_soul11 (small blind) folded before Flop
Seat 5: Pvn1219 (big blind) folded on the Flop
Seat 6: nastja336 folded before Flop (didn't bet)



PokerStars Hand #254530863256:  Hold'em No Limit ($0.50/$1.00 USD) - 2025/01/24 16:42:04 WET [2025/01/24 11:42:04 ET]
Table 'Horemheb IV' 6-max Seat #4 is the button
Seat 1: fataleggs13 ($75 in chips) is sitting out
Seat 2: KarP93 ($100 in chips) 
Seat 3: peak joker33 ($108.42 in chips) 
Seat 4: poker_soul11 ($206.15 in chips) 
Seat 5: Pvn1219 ($224.75 in chips) 
Seat 6: nastja336 ($137.97 in chips) 
Pvn1219: posts small blind $0.50
nastja336: posts big blind $1
fataleggs13: sits out 
*** HOLE CARDS ***
KarP93: folds 
peak joker33: raises $1.50 to $2.50
poker_soul11: raises $5 to $7.50
Pvn1219: folds 
nastja336: folds 
peak joker33: folds 
Uncalled bet ($5) returned to poker_soul11
poker_soul11 collected $6.50 from pot
poker_soul11: doesn't show hand 
*** SUMMARY ***
Total pot $6.50 | Rake $0 
Seat 1: fataleggs13
Seat 2: KarP93 folded before Flop (didn't bet)
Seat 3: peak joker33 folded before Flop
Seat 4: poker_soul11 (button) collected ($6.50)
Seat 5: Pvn1219 (small blind) folded before Flop
Seat 6: nastja336 (big blind) folded before Flop



PokerStars Hand #254530869276:  Hold'em No Limit ($0.50/$1.00 USD) - 2025/01/24 16:42:30 WET [2025/01/24 11:42:30 ET]
Table 'Horemheb IV' 6-max Seat #5 is the button
Seat 1: fataleggs13 ($75 in chips) 
Seat 2: KarP93 ($100 in chips) 
Seat 3: peak joker33 ($105.92 in chips) 
Seat 4: poker_soul11 ($210.15 in chips) 
Seat 5: Pvn1219 ($224.25 in chips) 
Seat 6: nastja336 ($136.97 in chips) 
nastja336: posts small blind $0.50
fataleggs13: posts big blind $1
*** HOLE CARDS ***
KarP93: folds 
peak joker33: folds 
poker_soul11: folds 
Pvn1219: folds 
nastja336: folds 
Uncalled bet ($0.50) returned to fataleggs13
fataleggs13 collected $1 from pot
fataleggs13: doesn't show hand 
*** SUMMARY ***
Total pot $1 | Rake $0 
Seat 1: fataleggs13 (big blind) collected ($1)
Seat 2: KarP93 folded before Flop (didn't bet)
Seat 3: peak joker33 folded before Flop (didn't bet)
Seat 4: poker_soul11 folded before Flop (didn't bet)
Seat 5: Pvn1219 (button) folded before Flop (didn't bet)
Seat 6: nastja336 (small blind) folded before Flop



PokerStars Hand #254530871683:  Hold'em No Limit ($0.50/$1.00 USD) - 2025/01/24 16:42:40 WET [2025/01/24 11:42:40 ET]
Table 'Horemheb IV' 6-max Seat #6 is the button
Seat 1: fataleggs13 ($75.50 in chips) 
Seat 2: KarP93 ($100 in chips) 
Seat 3: peak joker33 ($105.92 in chips) 
Seat 4: poker_soul11 ($210.15 in chips) 
Seat 5: Pvn1219 ($224.25 in chips) 
Seat 6: nastja336 ($136.47 in chips) 
fataleggs13: posts small blind $0.50
KarP93: posts big blind $1
*** HOLE CARDS ***
peak joker33: folds 
poker_soul11: folds 
Pvn1219: folds 
nastja336: raises $1.50 to $2.50
fataleggs13: folds 
KarP93: folds 
Uncalled bet ($1.50) returned to nastja336
nastja336 collected $2.50 from pot
nastja336: doesn't show hand 
*** SUMMARY ***
Total pot $2.50 | Rake $0 
Seat 1: fataleggs13 (small blind) folded before Flop
Seat 2: KarP93 (big blind) folded before Flop
Seat 3: peak joker33 folded before Flop (didn't bet)
Seat 4: poker_soul11 folded before Flop (didn't bet)
Seat 5: Pvn1219 folded before Flop (didn't bet)
Seat 6: nastja336 (button) collected ($2.50)



PokerStars Hand #254530878215:  Hold'em No Limit ($0.50/$1.00 USD) - 2025/01/24 16:43:08 WET [2025/01/24 11:43:08 ET]
Table 'Horemheb IV' 6-max Seat #1 is the button
Seat 1: fataleggs13 ($75 in chips) 
Seat 2: KarP93 ($100 in chips) 
Seat 3: peak joker33 ($105.92 in chips) 
Seat 4: poker_soul11 ($210.15 in chips) 
Seat 5: Pvn1219 ($224.25 in chips) 
Seat 6: nastja336 ($137.97 in chips) 
KarP93: posts small blind $0.50
peak joker33: posts big blind $1
*** HOLE CARDS ***
poker_soul11: raises $1.20 to $2.20
Pvn1219: folds 
nastja336: folds 
fataleggs13: folds 
KarP93: folds 
peak joker33: folds 
Uncalled bet ($1.20) returned to poker_soul11
poker_soul11 collected $2.50 from pot
poker_soul11: doesn't show hand 
*** SUMMARY ***
Total pot $2.50 | Rake $0 
Seat 1: fataleggs13 (button) folded before Flop (didn't bet)
Seat 2: KarP93 (small blind) folded before Flop
Seat 3: peak joker33 (big blind) folded before Flop
Seat 4: poker_soul11 collected ($2.50)
Seat 5: Pvn1219 folded before Flop (didn't bet)
Seat 6: nastja336 folded before Flop (didn't bet)



PokerStars Hand #254530881774:  Hold'em No Limit ($0.50/$1.00 USD) - 2025/01/24 16:43:23 WET [2025/01/24 11:43:23 ET]
Table 'Horemheb IV' 6-max Seat #2 is the button
Seat 1: fataleggs13 ($75 in chips) 
Seat 2: KarP93 ($100 in chips) 
Seat 3: peak joker33 ($104.92 in chips) 
Seat 4: poker_soul11 ($211.65 in chips) 
Seat 5: Pvn1219 ($224.25 in chips) 
Seat 6: nastja336 ($137.97 in chips) 
peak joker33: posts small blind $0.50
poker_soul11: posts big blind $1
*** HOLE CARDS ***
Pvn1219: folds 
nastja336: raises $1.50 to $2.50
fataleggs13: folds 
KarP93: folds 
peak joker33: folds 
poker_soul11: folds 
Uncalled bet ($1.50) returned to nastja336
nastja336 collected $2.50 from pot
nastja336: doesn't show hand 
*** SUMMARY ***
Total pot $2.50 | Rake $0 
Seat 1: fataleggs13 folded before Flop (didn't bet)
Seat 2: KarP93 (button) folded before Flop (didn't bet)
Seat 3: peak joker33 (small blind) folded before Flop
Seat 4: poker_soul11 (big blind) folded before Flop
Seat 5: Pvn1219 folded before Flop (didn't bet)
Seat 6: nastja336 collected ($2.50)



PokerStars Hand #254530890098:  Hold'em No Limit ($0.50/$1.00 USD) - 2025/01/24 16:43:58 WET [2025/01/24 11:43:58 ET]
Table 'Horemheb IV' 6-max Seat #3 is the button
Seat 1: fataleggs13 ($75 in chips) 
Seat 2: KarP93 ($100 in chips) 
Seat 3: peak joker33 ($104.42 in chips) 
Seat 4: poker_soul11 ($210.65 in chips) 
Seat 5: Pvn1219 ($224.25 in chips) 
Seat 6: nastja336 ($139.47 in chips) 
poker_soul11: posts small blind $0.50
Pvn1219: posts big blind $1
*** HOLE CARDS ***
nastja336: folds 
fataleggs13: raises $1.20 to $2.20
KarP93: folds 
peak joker33: folds 
poker_soul11: folds 
Pvn1219: folds 
Uncalled bet ($1.20) returned to fataleggs13
fataleggs13 collected $2.50 from pot
fataleggs13: doesn't show hand 
*** SUMMARY ***
Total pot $2.50 | Rake $0 
Seat 1: fataleggs13 collected ($2.50)
Seat 2: KarP93 folded before Flop (didn't bet)
Seat 3: peak joker33 (button) folded before Flop (didn't bet)
Seat 4: poker_soul11 (small blind) folded before Flop
Seat 5: Pvn1219 (big blind) folded before Flop
Seat 6: nastja336 folded before Flop (didn't bet)



PokerStars Hand #254530893467:  Hold'em No Limit ($0.50/$1.00 USD) - 2025/01/24 16:44:12 WET [2025/01/24 11:44:12 ET]
Table 'Horemheb IV' 6-max Seat #4 is the button
Seat 1: fataleggs13 ($76.50 in chips) 
Seat 2: KarP93 ($100 in chips) 
Seat 3: peak joker33 ($104.42 in chips) 
Seat 4: poker_soul11 ($210.15 in chips) 
Seat 5: Pvn1219 ($223.25 in chips) 
Seat 6: nastja336 ($139.47 in chips) 
Pvn1219: posts small blind $0.50
nastja336: posts big blind $1
*** HOLE CARDS ***
fataleggs13: folds 
KarP93: raises $1.50 to $2.50
peak joker33: raises $5 to $7.50
poker_soul11: folds 
Pvn1219: folds 
nastja336: folds 
KarP93: folds 
Uncalled bet ($5) returned to peak joker33
peak joker33 collected $6.50 from pot
peak joker33: doesn't show hand 
*** SUMMARY ***
Total pot $6.50 | Rake $0 
Seat 1: fataleggs13 folded before Flop (didn't bet)
Seat 2: KarP93 folded before Flop
Seat 3: peak joker33 collected ($6.50)
Seat 4: poker_soul11 (button) folded before Flop (didn't bet)
Seat 5: Pvn1219 (small blind) folded before Flop
Seat 6: nastja336 (big blind) folded before Flop



PokerStars Hand #254530903567:  Hold'em No Limit ($0.50/$1.00 USD) - 2025/01/24 16:44:56 WET [2025/01/24 11:44:56 ET]
Table 'Horemheb IV' 6-max Seat #5 is the button
Seat 1: fataleggs13 ($76.50 in chips) 
Seat 2: KarP93 ($100 in chips) 
Seat 3: peak joker33 ($108.42 in chips) 
Seat 4: poker_soul11 ($210.15 in chips) 
Seat 5: Pvn1219 ($222.75 in chips) 
Seat 6: nastja336 ($138.47 in chips) 
nastja336: posts small blind $0.50
fataleggs13: posts big blind $1
*** HOLE CARDS ***
KarP93: folds 
peak joker33: folds 
poker_soul11: raises $1.20 to $2.20
Pvn1219: folds 
nastja336: folds 
fataleggs13: calls $1.20
*** FLOP *** [7c Qs Ks]
fataleggs13: checks 
poker_soul11: checks 
*** TURN *** [7c Qs Ks] [Qd]
fataleggs13: checks 
poker_soul11: checks 
*** RIVER *** [7c Qs Ks Qd] [7d]
fataleggs13: bets $3.50
poker_soul11: folds 
Uncalled bet ($3.50) returned to fataleggs13
fataleggs13 collected $4.66 from pot
fataleggs13: doesn't show hand 
*** SUMMARY ***
Total pot $4.90 | Rake $0.24 
Board [7c Qs Ks Qd 7d]
Seat 1: fataleggs13 (big blind) collected ($4.66)
Seat 2: KarP93 folded before Flop (didn't bet)
Seat 3: peak joker33 folded before Flop (didn't bet)
Seat 4: poker_soul11 folded on the River
Seat 5: Pvn1219 (button) folded before Flop (didn't bet)
Seat 6: nastja336 (small blind) folded before Flop



PokerStars Hand #254530916062:  Hold'em No Limit ($0.50/$1.00 USD) - 2025/01/24 16:45:50 WET [2025/01/24 11:45:50 ET]
Table 'Horemheb IV' 6-max Seat #6 is the button
Seat 2: KarP93 ($100 in chips) is sitting out
Seat 1: fataleggs13 ($78.96 in chips) 
Seat 3: peak joker33 ($108.42 in chips) 
Seat 4: poker_soul11 ($207.95 in chips) 
Seat 5: Pvn1219 ($222.75 in chips) 
Seat 6: nastja336 ($137.97 in chips) 
fataleggs13: posts small blind $0.50
KarP93: is sitting out 
peak joker33: posts big blind $1
*** HOLE CARDS ***
poker_soul11: raises $1.20 to $2.20
Pvn1219: folds 
nastja336: folds 
fataleggs13: folds 
peak joker33: folds 
Uncalled bet ($1.20) returned to poker_soul11
poker_soul11 collected $2.50 from pot
poker_soul11: doesn't show hand 
*** SUMMARY ***
Total pot $2.50 | Rake $0 
Seat 2: KarP93
Seat 1: fataleggs13 (small blind) folded before Flop
Seat 3: peak joker33 (big blind) folded before Flop
Seat 4: poker_soul11 collected ($2.50)
Seat 5: Pvn1219 folded before Flop (didn't bet)
Seat 6: nastja336 (button) folded before Flop (didn't bet)



PokerStars Hand #254530921275:  Hold'em No Limit ($0.50/$1.00 USD) - 2025/01/24 16:46:12 WET [2025/01/24 11:46:12 ET]
Table 'Horemheb IV' 6-max Seat #1 is the button
Seat 2: KarP93 ($100 in chips) is sitting out
Seat 1: fataleggs13 ($78.46 in chips) 
Seat 3: peak joker33 ($107.42 in chips) 
Seat 4: poker_soul11 ($209.45 in chips) 
Seat 5: Pvn1219 ($222.75 in chips) 
Seat 6: nastja336 ($137.97 in chips) 
peak joker33: posts small blind $0.50
poker_soul11: posts big blind $1
*** HOLE CARDS ***
Pvn1219: raises $2 to $3
nastja336: folds 
fataleggs13: folds 
peak joker33: folds 
poker_soul11: folds 
Uncalled bet ($2) returned to Pvn1219
Pvn1219 collected $2.50 from pot
*** SUMMARY ***
Total pot $2.50 | Rake $0 
Seat 2: KarP93
Seat 1: fataleggs13 (button) folded before Flop (didn't bet)
Seat 3: peak joker33 (small blind) folded before Flop
Seat 4: poker_soul11 (big blind) folded before Flop
Seat 5: Pvn1219 collected ($2.50)
Seat 6: nastja336 folded before Flop (didn't bet)



PokerStars Hand #254530925425:  Hold'em No Limit ($0.50/$1.00 USD) - 2025/01/24 16:46:30 WET [2025/01/24 11:46:30 ET]
Table 'Horemheb IV' 6-max Seat #3 is the button
Seat 2: KarP93 ($100 in chips) is sitting out
Seat 1: fataleggs13 ($78.46 in chips) 
Seat 3: peak joker33 ($106.92 in chips) 
Seat 4: poker_soul11 ($208.45 in chips) 
Seat 5: Pvn1219 ($224.25 in chips) 
Seat 6: nastja336 ($137.97 in chips) 
poker_soul11: posts small blind $0.50
Pvn1219: posts big blind $1
*** HOLE CARDS ***
nastja336: folds 
fataleggs13: folds 
peak joker33: folds 
poker_soul11: folds 
Uncalled bet ($0.50) returned to Pvn1219
Pvn1219 collected $1 from pot
*** SUMMARY ***
Total pot $1 | Rake $0 
Seat 2: KarP93
Seat 1: fataleggs13 folded before Flop (didn't bet)
Seat 3: peak joker33 (button) folded before Flop (didn't bet)
Seat 4: poker_soul11 (small blind) folded before Flop
Seat 5: Pvn1219 (big blind) collected ($1)
Seat 6: nastja336 folded before Flop (didn't bet)



PokerStars Hand #254530929341:  Hold'em No Limit ($0.50/$1.00 USD) - 2025/01/24 16:46:47 WET [2025/01/24 11:46:47 ET]
Table 'Horemheb IV' 6-max Seat #4 is the button
Seat 2: KarP93 ($100 in chips) is sitting out
Seat 6: nastja336 ($137.97 in chips) is sitting out
Seat 1: fataleggs13 ($78.46 in chips) 
Seat 3: peak joker33 ($106.92 in chips) 
Seat 4: poker_soul11 ($207.95 in chips) 
Seat 5: Pvn1219 ($224.75 in chips) 
Pvn1219: posts small blind $0.50
nastja336: is sitting out 
fataleggs13: posts big blind $1
*** HOLE CARDS ***
nastja336 leaves the table
peak joker33: folds 
sta$igk joins the table at seat #6 
poker_soul11: folds 
Pvn1219: folds 
Uncalled bet ($0.50) returned to fataleggs13
fataleggs13 collected $1 from pot
fataleggs13: doesn't show hand 
*** SUMMARY ***
Total pot $1 | Rake $0 
Seat 2: KarP93
Seat 6: nastja336
Seat 1: fataleggs13 (big blind) collected ($1)
Seat 3: peak joker33 folded before Flop (didn't bet)
Seat 4: poker_soul11 (button) folded before Flop (didn't bet)
Seat 5: Pvn1219 (small blind) folded before Flop



PokerStars Hand #254530931602:  Hold'em No Limit ($0.50/$1.00 USD) - 2025/01/24 16:46:57 WET [2025/01/24 11:46:57 ET]
Table 'Horemheb IV' 6-max Seat #5 is the button
Seat 2: KarP93 ($100 in chips) is sitting out
Seat 6: sta$igk ($100 in chips) is sitting out
Seat 1: fataleggs13 ($78.96 in chips) 
Seat 3: peak joker33 ($106.92 in chips) 
Seat 4: poker_soul11 ($207.95 in chips) 
Seat 5: Pvn1219 ($224.25 in chips) 
fataleggs13: posts small blind $0.50
peak joker33: posts big blind $1
*** HOLE CARDS ***
poker_soul11: raises $1.20 to $2.20
Pvn1219: calls $2.20
fataleggs13: folds 
peak joker33: calls $1.20
*** FLOP *** [Tc 8c Qc]
peak joker33: checks 
poker_soul11: checks 
Pvn1219: checks 
*** TURN *** [Tc 8c Qc] [Js]
peak joker33: checks 
poker_soul11: checks 
Pvn1219: checks 
*** RIVER *** [Tc 8c Qc Js] [2h]
peak joker33: checks 
poker_soul11: checks 
Pvn1219: bets $6.74
peak joker33: raises $97.98 to $104.72 and is all-in
poker_soul11: folds 
Pvn1219: folds 
Uncalled bet ($97.98) returned to peak joker33
peak joker33 collected $19.58 from pot
peak joker33: doesn't show hand 
*** SUMMARY ***
Total pot $20.58 | Rake $1 
Board [Tc 8c Qc Js 2h]
Seat 2: KarP93
Seat 6: sta$igk
Seat 1: fataleggs13 (small blind) folded before Flop
Seat 3: peak joker33 (big blind) collected ($19.58)
Seat 4: poker_soul11 folded on the River
Seat 5: Pvn1219 (button) folded on the River



PokerStars Hand #254530956156:  Hold'em No Limit ($0.50/$1.00 USD) - 2025/01/24 16:48:42 WET [2025/01/24 11:48:42 ET]
Table 'Horemheb IV' 6-max Seat #1 is the button
Seat 2: KarP93 ($100 in chips) is sitting out
Seat 6: sta$igk ($100 in chips) is sitting out
Seat 1: fataleggs13 ($78.46 in chips) 
Seat 3: peak joker33 ($117.56 in chips) 
Seat 4: poker_soul11 ($205.75 in chips) 
Seat 5: Pvn1219 ($215.31 in chips) 
peak joker33: posts small blind $0.50
poker_soul11: posts big blind $1
sta$igk: sits out 
*** HOLE CARDS ***
Pvn1219: folds 
fataleggs13: folds 
peak joker33: folds 
Uncalled bet ($0.50) returned to poker_soul11
poker_soul11 collected $1 from pot
poker_soul11: doesn't show hand 
*** SUMMARY ***
Total pot $1 | Rake $0 
Seat 2: KarP93
Seat 6: sta$igk
Seat 1: fataleggs13 (button) folded before Flop (didn't bet)
Seat 3: peak joker33 (small blind) folded before Flop
Seat 4: poker_soul11 (big blind) collected ($1)
Seat 5: Pvn1219 folded before Flop (didn't bet)



PokerStars Hand #254530959198:  Hold'em No Limit ($0.50/$1.00 USD) - 2025/01/24 16:48:54 WET [2025/01/24 11:48:54 ET]
Table 'Horemheb IV' 6-max Seat #3 is the button
Seat 2: KarP93 ($100 in chips) is sitting out
Seat 6: sta$igk ($100 in chips) is sitting out
Seat 1: fataleggs13 ($78.46 in chips) 
Seat 3: peak joker33 ($117.06 in chips) 
Seat 4: poker_soul11 ($206.25 in chips) 
Seat 5: Pvn1219 ($215.31 in chips) 
poker_soul11: posts small blind $0.50
Pvn1219: posts big blind $1
sta$igk: sits out 
*** HOLE CARDS ***
fataleggs13: raises $1.20 to $2.20
peak joker33: folds 
poker_soul11: folds 
Pvn1219: calls $1.20
*** FLOP *** [Ad Qd Qc]
Pvn1219: checks 
fataleggs13: bets $2.42
Pvn1219: calls $2.42
*** TURN *** [Ad Qd Qc] [Ah]
Pvn1219: checks 
fataleggs13: bets $6.94
Pvn1219: folds 
Uncalled bet ($6.94) returned to fataleggs13
fataleggs13 collected $9.25 from pot
fataleggs13: doesn't show hand 
*** SUMMARY ***
Total pot $9.74 | Rake $0.49 
Board [Ad Qd Qc Ah]
Seat 2: KarP93
Seat 6: sta$igk
Seat 1: fataleggs13 collected ($9.25)
Seat 3: peak joker33 (button) folded before Flop (didn't bet)
Seat 4: poker_soul11 (small blind) folded before Flop
Seat 5: Pvn1219 (big blind) folded on the Turn



PokerStars Hand #254530973313:  Hold'em No Limit ($0.50/$1.00 USD) - 2025/01/24 16:49:54 WET [2025/01/24 11:49:54 ET]
Table 'Horemheb IV' 6-max Seat #4 is the button
Seat 2: KarP93 ($100 in chips) is sitting out
Seat 1: fataleggs13 ($83.09 in chips) 
Seat 3: peak joker33 ($117.06 in chips) 
Seat 4: poker_soul11 ($205.75 in chips) 
Seat 5: Pvn1219 ($210.69 in chips) 
Seat 6: sta$igk ($100 in chips) 
Pvn1219: posts small blind $0.50
sta$igk: posts big blind $1
*** HOLE CARDS ***
fataleggs13: folds 
peak joker33: raises $1.50 to $2.50
poker_soul11: raises $5 to $7.50
Pvn1219: folds 
sta$igk: folds 
peak joker33: folds 
Uncalled bet ($5) returned to poker_soul11
poker_soul11 collected $6.50 from pot
poker_soul11: doesn't show hand 
*** SUMMARY ***
Total pot $6.50 | Rake $0 
Seat 2: KarP93
Seat 1: fataleggs13 folded before Flop (didn't bet)
Seat 3: peak joker33 folded before Flop
Seat 4: poker_soul11 (button) collected ($6.50)
Seat 5: Pvn1219 (small blind) folded before Flop
Seat 6: sta$igk (big blind) folded before Flop



PokerStars Hand #254530978904:  Hold'em No Limit ($0.50/$1.00 USD) - 2025/01/24 16:50:18 WET [2025/01/24 11:50:18 ET]
Table 'Horemheb IV' 6-max Seat #5 is the button
Seat 2: KarP93 ($100 in chips) is sitting out
Seat 1: fataleggs13 ($83.09 in chips) 
Seat 3: peak joker33 ($114.56 in chips) 
Seat 4: poker_soul11 ($209.75 in chips) 
Seat 5: Pvn1219 ($210.19 in chips) 
Seat 6: sta$igk ($100 in chips) 
sta$igk: posts small blind $0.50
fataleggs13: posts big blind $1
*** HOLE CARDS ***
peak joker33: folds 
poker_soul11: folds 
Pvn1219: raises $2 to $3
sta$igk: raises $9 to $12
fataleggs13: folds 
Pvn1219: folds 
Uncalled bet ($9) returned to sta$igk
sta$igk collected $7 from pot
sta$igk: doesn't show hand 
*** SUMMARY ***
Total pot $7 | Rake $0 
Seat 2: KarP93
Seat 1: fataleggs13 (big blind) folded before Flop
Seat 3: peak joker33 folded before Flop (didn't bet)
Seat 4: poker_soul11 folded before Flop (didn't bet)
Seat 5: Pvn1219 (button) folded before Flop
Seat 6: sta$igk (small blind) collected ($7)



PokerStars Hand #254530984431:  Hold'em No Limit ($0.50/$1.00 USD) - 2025/01/24 16:50:42 WET [2025/01/24 11:50:42 ET]
Table 'Horemheb IV' 6-max Seat #6 is the button
Seat 2: KarP93 ($100 in chips) is sitting out
Seat 3: peak joker33 ($114.56 in chips) is sitting out
Seat 1: fataleggs13 ($82.09 in chips) 
Seat 4: poker_soul11 ($209.75 in chips) 
Seat 5: Pvn1219 ($207.19 in chips) 
Seat 6: sta$igk ($104 in chips) 
fataleggs13: posts small blind $0.50
poker_soul11: posts big blind $1
*** HOLE CARDS ***
Pvn1219: folds 
sta$igk: raises $1.50 to $2.50
fataleggs13: folds 
poker_soul11: calls $1.50
*** FLOP *** [3d Jc Tc]
poker_soul11: checks 
sta$igk: checks 
*** TURN *** [3d Jc Tc] [Ts]
poker_soul11: bets $1.72
sta$igk: calls $1.72
*** RIVER *** [3d Jc Tc Ts] [4d]
poker_soul11: checks 
sta$igk: bets $8.49
poker_soul11: calls $8.49
*** SHOW DOWN ***
sta$igk: shows [Th Qd] (three of a kind, Tens)
poker_soul11: mucks hand 
sta$igk collected $24.92 from pot
*** SUMMARY ***
Total pot $25.92 | Rake $1 
Board [3d Jc Tc Ts 4d]
Seat 2: KarP93
Seat 3: peak joker33
Seat 1: fataleggs13 (small blind) folded before Flop
Seat 4: poker_soul11 (big blind) mucked
Seat 5: Pvn1219 folded before Flop (didn't bet)
Seat 6: sta$igk (button) showed [Th Qd] and won ($24.92) with three of a kind, Tens



PokerStars Hand #254530998290:  Hold'em No Limit ($0.50/$1.00 USD) - 2025/01/24 16:51:42 WET [2025/01/24 11:51:42 ET]
Table 'Horemheb IV' 6-max Seat #1 is the button
Seat 2: KarP93 ($100 in chips) is sitting out
Seat 3: peak joker33 ($114.56 in chips) is sitting out
Seat 1: fataleggs13 ($81.59 in chips) 
Seat 4: poker_soul11 ($197.04 in chips) 
Seat 5: Pvn1219 ($207.19 in chips) 
Seat 6: sta$igk ($116.21 in chips) 
poker_soul11: posts small blind $0.50
Pvn1219: posts big blind $1
*** HOLE CARDS ***
sta$igk: folds 
fataleggs13: raises $1.50 to $2.50
poker_soul11: folds 
Pvn1219: folds 
Uncalled bet ($1.50) returned to fataleggs13
fataleggs13 collected $2.50 from pot
fataleggs13: doesn't show hand 
*** SUMMARY ***
Total pot $2.50 | Rake $0 
Seat 2: KarP93
Seat 3: peak joker33
Seat 1: fataleggs13 (button) collected ($2.50)
Seat 4: poker_soul11 (small blind) folded before Flop
Seat 5: Pvn1219 (big blind) folded before Flop
Seat 6: sta$igk folded before Flop (didn't bet)



PokerStars Hand #254531003251:  Hold'em No Limit ($0.50/$1.00 USD) - 2025/01/24 16:52:03 WET [2025/01/24 11:52:03 ET]
Table 'Horemheb IV' 6-max Seat #4 is the button
Seat 2: KarP93 ($100 in chips) is sitting out
Seat 3: peak joker33 ($114.56 in chips) is sitting out
Seat 1: fataleggs13 ($83.09 in chips) 
Seat 4: poker_soul11 ($196.54 in chips) 
Seat 5: Pvn1219 ($206.19 in chips) 
Seat 6: sta$igk ($116.21 in chips) 
Pvn1219: posts small blind $0.50
sta$igk: posts big blind $1
*** HOLE CARDS ***
fataleggs13: folds 
poker_soul11: folds 
Pvn1219: raises $2 to $3
sta$igk: folds 
Uncalled bet ($2) returned to Pvn1219
Pvn1219 collected $2 from pot
*** SUMMARY ***
Total pot $2 | Rake $0 
Seat 2: KarP93
Seat 3: peak joker33
Seat 1: fataleggs13 folded before Flop (didn't bet)
Seat 4: poker_soul11 (button) folded before Flop (didn't bet)
Seat 5: Pvn1219 (small blind) collected ($2)
Seat 6: sta$igk (big blind) folded before Flop



PokerStars Hand #254531006701:  Hold'em No Limit ($0.50/$1.00 USD) - 2025/01/24 16:52:18 WET [2025/01/24 11:52:18 ET]
Table 'Horemheb IV' 6-max Seat #5 is the button
Seat 2: KarP93 ($100 in chips) is sitting out
Seat 3: peak joker33 ($114.56 in chips) is sitting out
Seat 1: fataleggs13 ($83.09 in chips) 
Seat 4: poker_soul11 ($196.54 in chips) 
Seat 5: Pvn1219 ($207.19 in chips) 
Seat 6: sta$igk ($115.21 in chips) 
sta$igk: posts small blind $0.50
fataleggs13: posts big blind $1
*** HOLE CARDS ***
poker_soul11: folds 
Pvn1219: raises $2 to $3
sta$igk: folds 
fataleggs13: calls $2
*** FLOP *** [Tc 4d Th]
fataleggs13: checks 
Pvn1219: bets $3.09
fataleggs13: calls $3.09
*** TURN *** [Tc 4d Th] [Ad]
fataleggs13: checks 
Pvn1219: bets $6.03
fataleggs13: calls $6.03
*** RIVER *** [Tc 4d Th Ad] [Kh]
fataleggs13: checks 
Pvn1219: checks 
*** SHOW DOWN ***
fataleggs13: shows [9d Qd] (a pair of Tens)
Pvn1219: shows [7c 4c] (two pair, Tens and Fours)
Pvn1219 collected $23.74 from pot
*** SUMMARY ***
Total pot $24.74 | Rake $1 
Board [Tc 4d Th Ad Kh]
Seat 2: KarP93
Seat 3: peak joker33
Seat 1: fataleggs13 (big blind) showed [9d Qd] and lost with a pair of Tens
Seat 4: poker_soul11 folded before Flop (didn't bet)
Seat 5: Pvn1219 (button) showed [7c 4c] and won ($23.74) with two pair, Tens and Fours
Seat 6: sta$igk (small blind) folded before Flop



PokerStars Hand #254531021534:  Hold'em No Limit ($0.50/$1.00 USD) - 2025/01/24 16:53:22 WET [2025/01/24 11:53:22 ET]
Table 'Horemheb IV' 6-max Seat #6 is the button
Seat 3: peak joker33 ($114.56 in chips) is sitting out
Seat 1: fataleggs13 ($75 in chips) 
Seat 2: KarP93 ($100 in chips) 
Seat 4: poker_soul11 ($196.54 in chips) 
Seat 5: Pvn1219 ($218.81 in chips) 
Seat 6: sta$igk ($114.71 in chips) 
fataleggs13: posts small blind $0.50
KarP93: posts big blind $1
*** HOLE CARDS ***
poker_soul11: folds 
Pvn1219: folds 
sta$igk: folds 
fataleggs13: raises $2 to $3
KarP93: folds 
Uncalled bet ($2) returned to fataleggs13
fataleggs13 collected $2 from pot
fataleggs13: doesn't show hand 
*** SUMMARY ***
Total pot $2 | Rake $0 
Seat 3: peak joker33
Seat 1: fataleggs13 (small blind) collected ($2)
Seat 2: KarP93 (big blind) folded before Flop
Seat 4: poker_soul11 folded before Flop (didn't bet)
Seat 5: Pvn1219 folded before Flop (didn't bet)
Seat 6: sta$igk (button) folded before Flop (didn't bet)



PokerStars Hand #254531031657:  Hold'em No Limit ($0.50/$1.00 USD) - 2025/01/24 16:54:05 WET [2025/01/24 11:54:05 ET]
Table 'Horemheb IV' 6-max Seat #1 is the button
Seat 1: fataleggs13 ($76 in chips) 
Seat 2: KarP93 ($100 in chips) 
Seat 3: peak joker33 ($114.56 in chips) 
Seat 4: poker_soul11 ($196.54 in chips) 
Seat 5: Pvn1219 ($218.81 in chips) 
Seat 6: sta$igk ($114.71 in chips) 
KarP93: posts small blind $0.50
peak joker33: posts big blind $1
*** HOLE CARDS ***
poker_soul11: folds 
Pvn1219: folds 
sta$igk: folds 
fataleggs13: folds 
KarP93: raises $2 to $3
peak joker33: folds 
Uncalled bet ($2) returned to KarP93
KarP93 collected $2 from pot
KarP93: doesn't show hand 
*** SUMMARY ***
Total pot $2 | Rake $0 
Seat 1: fataleggs13 (button) folded before Flop (didn't bet)
Seat 2: KarP93 (small blind) collected ($2)
Seat 3: peak joker33 (big blind) folded before Flop
Seat 4: poker_soul11 folded before Flop (didn't bet)
Seat 5: Pvn1219 folded before Flop (didn't bet)
Seat 6: sta$igk folded before Flop (didn't bet)



PokerStars Hand #254531037102:  Hold'em No Limit ($0.50/$1.00 USD) - 2025/01/24 16:54:29 WET [2025/01/24 11:54:29 ET]
Table 'Horemheb IV' 6-max Seat #2 is the button
Seat 1: fataleggs13 ($76 in chips) 
Seat 2: KarP93 ($101 in chips) 
Seat 3: peak joker33 ($113.56 in chips) 
Seat 4: poker_soul11 ($196.54 in chips) 
Seat 5: Pvn1219 ($218.81 in chips) 
Seat 6: sta$igk ($114.71 in chips) 
peak joker33: posts small blind $0.50
poker_soul11: posts big blind $1
*** HOLE CARDS ***
Pvn1219: folds 
sta$igk: folds 
fataleggs13: raises $1.20 to $2.20
KarP93: folds 
peak joker33: folds 
poker_soul11: folds 
Uncalled bet ($1.20) returned to fataleggs13
fataleggs13 collected $2.50 from pot
fataleggs13: doesn't show hand 
*** SUMMARY ***
Total pot $2.50 | Rake $0 
Seat 1: fataleggs13 collected ($2.50)
Seat 2: KarP93 (button) folded before Flop (didn't bet)
Seat 3: peak joker33 (small blind) folded before Flop
Seat 4: poker_soul11 (big blind) folded before Flop
Seat 5: Pvn1219 folded before Flop (didn't bet)
Seat 6: sta$igk folded before Flop (didn't bet)



PokerStars Hand #254531041687:  Hold'em No Limit ($0.50/$1.00 USD) - 2025/01/24 16:54:49 WET [2025/01/24 11:54:49 ET]
Table 'Horemheb IV' 6-max Seat #3 is the button
Seat 1: fataleggs13 ($77.50 in chips) 
Seat 2: KarP93 ($101 in chips) 
Seat 3: peak joker33 ($113.06 in chips) 
Seat 4: poker_soul11 ($195.54 in chips) 
Seat 5: Pvn1219 ($218.81 in chips) 
Seat 6: sta$igk ($114.71 in chips) 
poker_soul11: posts small blind $0.50
Pvn1219: posts big blind $1
*** HOLE CARDS ***
sta$igk: folds 
fataleggs13: folds 
KarP93: raises $1.50 to $2.50
peak joker33: calls $2.50
poker_soul11: calls $2
Pvn1219: folds 
*** FLOP *** [As Qd 2h]
poker_soul11: checks 
KarP93: checks 
peak joker33: checks 
*** TURN *** [As Qd 2h] [2d]
poker_soul11: checks 
KarP93: checks 
peak joker33: bets $2.67
poker_soul11: folds 
KarP93: calls $2.67
*** RIVER *** [As Qd 2h 2d] [3c]
KarP93: checks 
peak joker33: bets $9.86
KarP93: folds 
Uncalled bet ($9.86) returned to peak joker33
peak joker33 collected $13.15 from pot
peak joker33: doesn't show hand 
*** SUMMARY ***
Total pot $13.84 | Rake $0.69 
Board [As Qd 2h 2d 3c]
Seat 1: fataleggs13 folded before Flop (didn't bet)
Seat 2: KarP93 folded on the River
Seat 3: peak joker33 (button) collected ($13.15)
Seat 4: poker_soul11 (small blind) folded on the Turn
Seat 5: Pvn1219 (big blind) folded before Flop
Seat 6: sta$igk folded before Flop (didn't bet)



PokerStars Hand #254531059065:  Hold'em No Limit ($0.50/$1.00 USD) - 2025/01/24 16:56:18 WET [2025/01/24 11:56:18 ET]
Table 'Horemheb IV' 6-max Seat #4 is the button
Seat 1: fataleggs13 ($77.50 in chips) 
Seat 2: KarP93 ($100 in chips) 
Seat 3: peak joker33 ($121.04 in chips) 
Seat 4: poker_soul11 ($193.04 in chips) 
Seat 5: Pvn1219 ($217.81 in chips) 
Seat 6: sta$igk ($114.71 in chips) 
Pvn1219: posts small blind $0.50
sta$igk: posts big blind $1
*** HOLE CARDS ***
fataleggs13: folds 
KarP93: folds 
peak joker33: folds 
poker_soul11: raises $1.20 to $2.20
Pvn1219: folds 
sta$igk: raises $9.80 to $12
poker_soul11: folds 
Uncalled bet ($9.80) returned to sta$igk
sta$igk collected $4.90 from pot
sta$igk: doesn't show hand 
*** SUMMARY ***
Total pot $4.90 | Rake $0 
Seat 1: fataleggs13 folded before Flop (didn't bet)
Seat 2: KarP93 folded before Flop (didn't bet)
Seat 3: peak joker33 folded before Flop (didn't bet)
Seat 4: poker_soul11 (button) folded before Flop
Seat 5: Pvn1219 (small blind) folded before Flop
Seat 6: sta$igk (big blind) collected ($4.90)



PokerStars Hand #254531062290:  Hold'em No Limit ($0.50/$1.00 USD) - 2025/01/24 16:56:36 WET [2025/01/24 11:56:36 ET]
Table 'Horemheb IV' 6-max Seat #5 is the button
Seat 1: fataleggs13 ($77.50 in chips) 
Seat 2: KarP93 ($100 in chips) 
Seat 3: peak joker33 ($121.04 in chips) 
Seat 4: poker_soul11 ($190.84 in chips) 
Seat 5: Pvn1219 ($217.31 in chips) 
Seat 6: sta$igk ($117.41 in chips) 
sta$igk: posts small blind $0.50
fataleggs13: posts big blind $1
*** HOLE CARDS ***
KarP93: folds 
peak joker33: folds 
poker_soul11 has timed out
poker_soul11: folds 
Pvn1219: folds 
sta$igk: raises $2 to $3
fataleggs13: folds 
Uncalled bet ($2) returned to sta$igk
sta$igk collected $2 from pot
sta$igk: doesn't show hand 
*** SUMMARY ***
Total pot $2 | Rake $0 
Seat 1: fataleggs13 (big blind) folded before Flop
Seat 2: KarP93 folded before Flop (didn't bet)
Seat 3: peak joker33 folded before Flop (didn't bet)
Seat 4: poker_soul11 folded before Flop (didn't bet)
Seat 5: Pvn1219 (button) folded before Flop (didn't bet)
Seat 6: sta$igk (small blind) collected ($2)



PokerStars Hand #254531073474:  Hold'em No Limit ($0.50/$1.00 USD) - 2025/01/24 16:57:37 WET [2025/01/24 11:57:37 ET]
Table 'Horemheb IV' 6-max Seat #6 is the button
Seat 4: poker_soul11 ($190.84 in chips) is sitting out
Seat 1: fataleggs13 ($76.50 in chips) 
Seat 2: KarP93 ($100 in chips) 
Seat 3: peak joker33 ($121.04 in chips) 
Seat 5: Pvn1219 ($217.31 in chips) 
Seat 6: sta$igk ($118.41 in chips) 
fataleggs13: posts small blind $0.50
KarP93: posts big blind $1
*** HOLE CARDS ***
peak joker33: folds 
Pvn1219: folds 
sta$igk: folds 
fataleggs13: raises $2 to $3
KarP93: folds 
Uncalled bet ($2) returned to fataleggs13
fataleggs13 collected $2 from pot
fataleggs13: doesn't show hand 
*** SUMMARY ***
Total pot $2 | Rake $0 
Seat 4: poker_soul11
Seat 1: fataleggs13 (small blind) collected ($2)
Seat 2: KarP93 (big blind) folded before Flop
Seat 3: peak joker33 folded before Flop (didn't bet)
Seat 5: Pvn1219 folded before Flop (didn't bet)
Seat 6: sta$igk (button) folded before Flop (didn't bet)



PokerStars Hand #254531076279:  Hold'em No Limit ($0.50/$1.00 USD) - 2025/01/24 16:57:52 WET [2025/01/24 11:57:52 ET]
Table 'Horemheb IV' 6-max Seat #1 is the button
Seat 1: fataleggs13 ($77.50 in chips) 
Seat 2: KarP93 ($100 in chips) 
Seat 3: peak joker33 ($121.04 in chips) 
Seat 4: poker_soul11 ($190.84 in chips) 
Seat 5: Pvn1219 ($217.31 in chips) 
Seat 6: sta$igk ($118.41 in chips) 
KarP93: posts small blind $0.50
peak joker33: posts big blind $1
*** HOLE CARDS ***
poker_soul11: folds 
Pvn1219: raises $2 to $3
sta$igk: raises $6 to $9
fataleggs13: folds 
KarP93: folds 
peak joker33: folds 
Pvn1219: calls $6
*** FLOP *** [Ts As Jh]
Pvn1219: checks 
sta$igk: bets $4.63
Pvn1219: calls $4.63
*** TURN *** [Ts As Jh] [8s]
Pvn1219: checks 
sta$igk: checks 
*** RIVER *** [Ts As Jh 8s] [9s]
Pvn1219: checks 
sta$igk: bets $9.02
Pvn1219: calls $9.02
*** SHOW DOWN ***
sta$igk: shows [Js Kh] (a flush, Ace high)
Pvn1219: mucks hand 
sta$igk collected $44.46 from pot
*** SUMMARY ***
Total pot $46.80 | Rake $2.34 
Board [Ts As Jh 8s 9s]
Seat 1: fataleggs13 (button) folded before Flop (didn't bet)
Seat 2: KarP93 (small blind) folded before Flop
Seat 3: peak joker33 (big blind) folded before Flop
Seat 4: poker_soul11 folded before Flop (didn't bet)
Seat 5: Pvn1219 mucked
Seat 6: sta$igk showed [Js Kh] and won ($44.46) with a flush, Ace high



PokerStars Hand #254531090793:  Hold'em No Limit ($0.50/$1.00 USD) - 2025/01/24 16:59:12 WET [2025/01/24 11:59:12 ET]
Table 'Horemheb IV' 6-max Seat #2 is the button
Seat 1: fataleggs13 ($77.50 in chips) 
Seat 2: KarP93 ($100 in chips) 
Seat 3: peak joker33 ($120.04 in chips) 
Seat 4: poker_soul11 ($190.84 in chips) 
Seat 5: Pvn1219 ($194.66 in chips) 
Seat 6: sta$igk ($140.22 in chips) 
peak joker33: posts small blind $0.50
poker_soul11: posts big blind $1
*** HOLE CARDS ***
Pvn1219: folds 
sta$igk: raises $1.50 to $2.50
fataleggs13: folds 
KarP93: folds 
peak joker33: folds 
poker_soul11: folds 
Uncalled bet ($1.50) returned to sta$igk
sta$igk collected $2.50 from pot
sta$igk: doesn't show hand 
*** SUMMARY ***
Total pot $2.50 | Rake $0 
Seat 1: fataleggs13 folded before Flop (didn't bet)
Seat 2: KarP93 (button) folded before Flop (didn't bet)
Seat 3: peak joker33 (small blind) folded before Flop
Seat 4: poker_soul11 (big blind) folded before Flop
Seat 5: Pvn1219 folded before Flop (didn't bet)
Seat 6: sta$igk collected ($2.50)



PokerStars Hand #254531096089:  Hold'em No Limit ($0.50/$1.00 USD) - 2025/01/24 16:59:40 WET [2025/01/24 11:59:40 ET]
Table 'Horemheb IV' 6-max Seat #3 is the button
Seat 1: fataleggs13 ($77.50 in chips) 
Seat 2: KarP93 ($100 in chips) 
Seat 3: peak joker33 ($119.54 in chips) 
Seat 4: poker_soul11 ($189.84 in chips) 
Seat 5: Pvn1219 ($194.66 in chips) 
Seat 6: sta$igk ($141.72 in chips) 
poker_soul11: posts small blind $0.50
Pvn1219: posts big blind $1
*** HOLE CARDS ***
sta$igk: folds 
fataleggs13: folds 
KarP93: folds 
peak joker33: raises $1.50 to $2.50
poker_soul11: folds 
Pvn1219: calls $1.50
*** FLOP *** [Jd Kd 4d]
Pvn1219: checks 
peak joker33: bets $2.61
Pvn1219: folds 
Uncalled bet ($2.61) returned to peak joker33
peak joker33 collected $5.22 from pot
peak joker33: doesn't show hand 
*** SUMMARY ***
Total pot $5.50 | Rake $0.28 
Board [Jd Kd 4d]
Seat 1: fataleggs13 folded before Flop (didn't bet)
Seat 2: KarP93 folded before Flop (didn't bet)
Seat 3: peak joker33 (button) collected ($5.22)
Seat 4: poker_soul11 (small blind) folded before Flop
Seat 5: Pvn1219 (big blind) folded on the Flop
Seat 6: sta$igk folded before Flop (didn't bet)



PokerStars Hand #254531100860:  Hold'em No Limit ($0.50/$1.00 USD) - 2025/01/24 17:00:05 WET [2025/01/24 12:00:05 ET]
Table 'Horemheb IV' 6-max Seat #4 is the button
Seat 1: fataleggs13 ($77.50 in chips) 
Seat 2: KarP93 ($100 in chips) 
Seat 3: peak joker33 ($122.26 in chips) 
Seat 4: poker_soul11 ($189.34 in chips) 
Seat 5: Pvn1219 ($192.16 in chips) 
Seat 6: sta$igk ($141.72 in chips) 
Pvn1219: posts small blind $0.50
sta$igk: posts big blind $1
*** HOLE CARDS ***
fataleggs13: folds 
KarP93: raises $1.50 to $2.50
peak joker33: folds 
poker_soul11: folds 
Pvn1219: folds 
sta$igk: folds 
Uncalled bet ($1.50) returned to KarP93
KarP93 collected $2.50 from pot
KarP93: doesn't show hand 
*** SUMMARY ***
Total pot $2.50 | Rake $0 
Seat 1: fataleggs13 folded before Flop (didn't bet)
Seat 2: KarP93 collected ($2.50)
Seat 3: peak joker33 folded before Flop (didn't bet)
Seat 4: poker_soul11 (button) folded before Flop (didn't bet)
Seat 5: Pvn1219 (small blind) folded before Flop
Seat 6: sta$igk (big blind) folded before Flop



PokerStars Hand #254531210336:  Hold'em No Limit ($0.50/$1.00 USD) - 2025/01/24 17:07:56 WET [2025/01/24 12:07:56 ET]
Table 'Horemheb IV' 6-max Seat #1 is the button
Seat 5: Pvn1219 ($181.63 in chips) is sitting out
Seat 1: fataleggs13 ($94.67 in chips) 
Seat 2: KarP93 ($114.87 in chips) 
Seat 3: peak joker33 ($113.53 in chips) 
Seat 4: poker_soul11 ($185.64 in chips) 
Seat 6: sta$igk ($130.42 in chips) 
KarP93: posts small blind $0.50
peak joker33: posts big blind $1
*** HOLE CARDS ***
poker_soul11: folds 
sta$igk: folds 
fataleggs13: folds 
KarP93: folds 
Uncalled bet ($0.50) returned to peak joker33
peak joker33 collected $1 from pot
peak joker33: doesn't show hand 
*** SUMMARY ***
Total pot $1 | Rake $0 
Seat 5: Pvn1219
Seat 1: fataleggs13 (button) folded before Flop (didn't bet)
Seat 2: KarP93 (small blind) folded before Flop
Seat 3: peak joker33 (big blind) collected ($1)
Seat 4: poker_soul11 folded before Flop (didn't bet)
Seat 6: sta$igk folded before Flop (didn't bet)



PokerStars Hand #254531216922:  Hold'em No Limit ($0.50/$1.00 USD) - 2025/01/24 17:08:23 WET [2025/01/24 12:08:23 ET]
Table 'Horemheb IV' 6-max Seat #2 is the button
Seat 4: poker_soul11 ($185.64 in chips) is sitting out
Seat 5: Pvn1219 ($181.63 in chips) is sitting out
Seat 1: fataleggs13 ($94.67 in chips) 
Seat 2: KarP93 ($114.37 in chips) 
Seat 3: peak joker33 ($114.03 in chips) 
Seat 6: sta$igk ($130.42 in chips) 
peak joker33: posts small blind $0.50
poker_soul11: is sitting out 
sta$igk: posts big blind $1
*** HOLE CARDS ***
fataleggs13: folds 
poker_soul11 leaves the table
KarP93: raises $1.50 to $2.50
BoyLoc0 joins the table at seat #4 
peak joker33: raises $8.50 to $11
sta$igk: raises $13 to $24
KarP93: folds 
peak joker33: folds 
Uncalled bet ($13) returned to sta$igk
sta$igk collected $24.50 from pot
sta$igk: doesn't show hand 
*** SUMMARY ***
Total pot $24.50 | Rake $0 
Seat 4: poker_soul11
Seat 5: Pvn1219
Seat 1: fataleggs13 folded before Flop (didn't bet)
Seat 2: KarP93 (button) folded before Flop
Seat 3: peak joker33 (small blind) folded before Flop
Seat 6: sta$igk (big blind) collected ($24.50)



PokerStars Hand #254531225083:  Hold'em No Limit ($0.50/$1.00 USD) - 2025/01/24 17:08:56 WET [2025/01/24 12:08:56 ET]
Table 'Horemheb IV' 6-max Seat #3 is the button
Seat 4: BoyLoc0 ($100 in chips) is sitting out
Seat 5: Pvn1219 ($181.63 in chips) is sitting out
Seat 1: fataleggs13 ($94.67 in chips) 
Seat 2: KarP93 ($111.87 in chips) 
Seat 3: peak joker33 ($103.03 in chips) 
Seat 6: sta$igk ($143.92 in chips) 
sta$igk: posts small blind $0.50
fataleggs13: posts big blind $1
*** HOLE CARDS ***
KarP93: folds 
peak joker33: folds 
sta$igk: folds 
Uncalled bet ($0.50) returned to fataleggs13
fataleggs13 collected $1 from pot
fataleggs13: doesn't show hand 
*** SUMMARY ***
Total pot $1 | Rake $0 
Seat 4: BoyLoc0
Seat 5: Pvn1219
Seat 1: fataleggs13 (big blind) collected ($1)
Seat 2: KarP93 folded before Flop (didn't bet)
Seat 3: peak joker33 (button) folded before Flop (didn't bet)
Seat 6: sta$igk (small blind) folded before Flop



PokerStars Hand #254531227405:  Hold'em No Limit ($0.50/$1.00 USD) - 2025/01/24 17:09:06 WET [2025/01/24 12:09:06 ET]
Table 'Horemheb IV' 6-max Seat #6 is the button
Seat 4: BoyLoc0 ($100 in chips) is sitting out
Seat 5: Pvn1219 ($181.63 in chips) is sitting out
Seat 1: fataleggs13 ($95.17 in chips) 
Seat 2: KarP93 ($111.87 in chips) 
Seat 3: peak joker33 ($103.03 in chips) 
Seat 6: sta$igk ($143.42 in chips) 
fataleggs13: posts small blind $0.50
KarP93: posts big blind $1
BoyLoc0: sits out 
*** HOLE CARDS ***
peak joker33: folds 
sta$igk: folds 
fataleggs13: raises $2 to $3
KarP93: folds 
Uncalled bet ($2) returned to fataleggs13
fataleggs13 collected $2 from pot
fataleggs13: doesn't show hand 
*** SUMMARY ***
Total pot $2 | Rake $0 
Seat 4: BoyLoc0
Seat 5: Pvn1219
Seat 1: fataleggs13 (small blind) collected ($2)
Seat 2: KarP93 (big blind) folded before Flop
Seat 3: peak joker33 folded before Flop (didn't bet)
Seat 6: sta$igk (button) folded before Flop (didn't bet)



PokerStars Hand #254531231760:  Hold'em No Limit ($0.50/$1.00 USD) - 2025/01/24 17:09:24 WET [2025/01/24 12:09:24 ET]
Table 'Horemheb IV' 6-max Seat #1 is the button
Seat 4: BoyLoc0 ($100 in chips) is sitting out
Seat 5: Pvn1219 ($181.63 in chips) is sitting out
Seat 1: fataleggs13 ($96.17 in chips) 
Seat 2: KarP93 ($110.87 in chips) 
Seat 3: peak joker33 ($103.03 in chips) 
Seat 6: sta$igk ($143.42 in chips) 
KarP93: posts small blind $0.50
peak joker33: posts big blind $1
BoyLoc0: sits out 
*** HOLE CARDS ***
sta$igk: folds 
fataleggs13: folds 
KarP93: raises $2 to $3
peak joker33: calls $2
*** FLOP *** [8s 8c Ac]
KarP93: checks 
peak joker33: checks 
*** TURN *** [8s 8c Ac] [6s]
fataleggs13 leaves the table
KarP93: bets $1.88
Parabelum911 joins the table at seat #1 
peak joker33: calls $1.88
*** RIVER *** [8s 8c Ac 6s] [2c]
KarP93: bets $9.27
peak joker33: raises $25.73 to $35
KarP93: folds 
Uncalled bet ($25.73) returned to peak joker33
peak joker33 collected $27.30 from pot
peak joker33: doesn't show hand 
*** SUMMARY ***
Total pot $28.30 | Rake $1 
Board [8s 8c Ac 6s 2c]
Seat 4: BoyLoc0
Seat 5: Pvn1219
Seat 1: fataleggs13 (button) folded before Flop (didn't bet)
Seat 2: KarP93 (small blind) folded on the River
Seat 3: peak joker33 (big blind) collected ($27.30)
Seat 6: sta$igk folded before Flop (didn't bet)



PokerStars Hand #254531255462:  Hold'em No Limit ($0.50/$1.00 USD) - 2025/01/24 17:10:59 WET [2025/01/24 12:10:59 ET]
Table 'Horemheb IV' 6-max Seat #2 is the button
Seat 1: Parabelum911 ($100 in chips) is sitting out
Seat 5: Pvn1219 ($181.63 in chips) is sitting out
Seat 2: KarP93 ($100 in chips) 
Seat 3: peak joker33 ($116.18 in chips) 
Seat 4: BoyLoc0 ($100 in chips) 
Seat 6: sta$igk ($143.42 in chips) 
peak joker33: posts small blind $0.50
BoyLoc0: posts big blind $1
Parabelum911: sits out 
*** HOLE CARDS ***
sta$igk: folds 
KarP93: raises $1.50 to $2.50
peak joker33: folds 
BoyLoc0: calls $1.50
*** FLOP *** [8c 2d 6s]
BoyLoc0: checks 
KarP93: bets $1.72
BoyLoc0: calls $1.72
*** TURN *** [8c 2d 6s] [4c]
BoyLoc0: checks 
KarP93: bets $6.37
BoyLoc0: raises $15.92 to $22.29
KarP93: calls $15.92
*** RIVER *** [8c 2d 6s 4c] [Jd]
BoyLoc0: bets $73.49 and is all-in
KarP93: folds 
Uncalled bet ($73.49) returned to BoyLoc0
BoyLoc0 collected $52.52 from pot
BoyLoc0: doesn't show hand 
*** SUMMARY ***
Total pot $53.52 | Rake $1 
Board [8c 2d 6s 4c Jd]
Seat 1: Parabelum911
Seat 5: Pvn1219
Seat 2: KarP93 (button) folded on the River
Seat 3: peak joker33 (small blind) folded before Flop
Seat 4: BoyLoc0 (big blind) collected ($52.52)
Seat 6: sta$igk folded before Flop (didn't bet)



PokerStars Hand #254531280345:  Hold'em No Limit ($0.50/$1.00 USD) - 2025/01/24 17:12:39 WET [2025/01/24 12:12:39 ET]
Table 'Horemheb IV' 6-max Seat #3 is the button
Seat 1: Parabelum911 ($100 in chips) is sitting out
Seat 5: Pvn1219 ($181.63 in chips) is sitting out
Seat 2: KarP93 ($100 in chips) 
Seat 3: peak joker33 ($115.68 in chips) 
Seat 4: BoyLoc0 ($126.01 in chips) 
Seat 6: sta$igk ($143.42 in chips) 
BoyLoc0: posts small blind $0.50
sta$igk: posts big blind $1
Parabelum911: sits out 
*** HOLE CARDS ***
KarP93: folds 
peak joker33: raises $1.50 to $2.50
BoyLoc0: folds 
sta$igk: folds 
Uncalled bet ($1.50) returned to peak joker33
peak joker33 collected $2.50 from pot
peak joker33: doesn't show hand 
*** SUMMARY ***
Total pot $2.50 | Rake $0 
Seat 1: Parabelum911
Seat 5: Pvn1219
Seat 2: KarP93 folded before Flop (didn't bet)
Seat 3: peak joker33 (button) collected ($2.50)
Seat 4: BoyLoc0 (small blind) folded before Flop
Seat 6: sta$igk (big blind) folded before Flop



PokerStars Hand #254531283827:  Hold'em No Limit ($0.50/$1.00 USD) - 2025/01/24 17:12:52 WET [2025/01/24 12:12:52 ET]
Table 'Horemheb IV' 6-max Seat #4 is the button
Seat 5: Pvn1219 ($181.63 in chips) is sitting out
Seat 1: Parabelum911 ($100 in chips) 
Seat 2: KarP93 ($100 in chips) 
Seat 3: peak joker33 ($117.18 in chips) 
Seat 4: BoyLoc0 ($125.51 in chips) 
Seat 6: sta$igk ($142.42 in chips) 
sta$igk: posts small blind $0.50
Parabelum911: posts big blind $1
*** HOLE CARDS ***
KarP93: folds 
peak joker33: raises $1.50 to $2.50
BoyLoc0: raises $5 to $7.50
sta$igk: folds 
Parabelum911: folds 
peak joker33: folds 
Uncalled bet ($5) returned to BoyLoc0
BoyLoc0 collected $6.50 from pot
BoyLoc0: doesn't show hand 
*** SUMMARY ***
Total pot $6.50 | Rake $0 
Seat 5: Pvn1219
Seat 1: Parabelum911 (big blind) folded before Flop
Seat 2: KarP93 folded before Flop (didn't bet)
Seat 3: peak joker33 folded before Flop
Seat 4: BoyLoc0 (button) collected ($6.50)
Seat 6: sta$igk (small blind) folded before Flop



PokerStars Hand #254531291093:  Hold'em No Limit ($0.50/$1.00 USD) - 2025/01/24 17:13:21 WET [2025/01/24 12:13:21 ET]
Table 'Horemheb IV' 6-max Seat #6 is the button
Seat 5: Pvn1219 ($181.63 in chips) is sitting out
Seat 1: Parabelum911 ($100 in chips) 
Seat 2: KarP93 ($100 in chips) 
Seat 3: peak joker33 ($114.68 in chips) 
Seat 4: BoyLoc0 ($129.51 in chips) 
Seat 6: sta$igk ($141.92 in chips) 
Parabelum911: posts small blind $0.50
KarP93: posts big blind $1
*** HOLE CARDS ***
peak joker33: folds 
BoyLoc0: folds 
sta$igk: folds 
Parabelum911: folds 
Uncalled bet ($0.50) returned to KarP93
KarP93 collected $1 from pot
KarP93: doesn't show hand 
*** SUMMARY ***
Total pot $1 | Rake $0 
Seat 5: Pvn1219
Seat 1: Parabelum911 (small blind) folded before Flop
Seat 2: KarP93 (big blind) collected ($1)
Seat 3: peak joker33 folded before Flop (didn't bet)
Seat 4: BoyLoc0 folded before Flop (didn't bet)
Seat 6: sta$igk (button) folded before Flop (didn't bet)



PokerStars Hand #254531293799:  Hold'em No Limit ($0.50/$1.00 USD) - 2025/01/24 17:13:32 WET [2025/01/24 12:13:32 ET]
Table 'Horemheb IV' 6-max Seat #1 is the button
Seat 5: Pvn1219 ($181.63 in chips) is sitting out
Seat 1: Parabelum911 ($100 in chips) 
Seat 2: KarP93 ($100.50 in chips) 
Seat 3: peak joker33 ($114.68 in chips) 
Seat 4: BoyLoc0 ($129.51 in chips) 
Seat 6: sta$igk ($141.92 in chips) 
KarP93: posts small blind $0.50
peak joker33: posts big blind $1
*** HOLE CARDS ***
BoyLoc0: raises $1.50 to $2.50
sta$igk: folds 
Parabelum911: folds 
KarP93: folds 
peak joker33: calls $1.50
*** FLOP *** [Ac 9c Js]
peak joker33: checks 
BoyLoc0: bets $1.72
peak joker33: calls $1.72
*** TURN *** [Ac 9c Js] [9s]
peak joker33: checks 
BoyLoc0: bets $10.74
peak joker33: calls $10.74
*** RIVER *** [Ac 9c Js 9s] [2c]
peak joker33: checks 
BoyLoc0: bets $21.68
peak joker33: calls $21.68
*** SHOW DOWN ***
BoyLoc0: shows [Kh 9h] (three of a kind, Nines)
peak joker33: mucks hand 
BoyLoc0 collected $71.28 from pot
*** SUMMARY ***
Total pot $73.78 | Rake $2.50 
Board [Ac 9c Js 9s 2c]
Seat 5: Pvn1219
Seat 1: Parabelum911 (button) folded before Flop (didn't bet)
Seat 2: KarP93 (small blind) folded before Flop
Seat 3: peak joker33 (big blind) mucked
Seat 4: BoyLoc0 showed [Kh 9h] and won ($71.28) with three of a kind, Nines
Seat 6: sta$igk folded before Flop (didn't bet)



PokerStars Hand #254531314549:  Hold'em No Limit ($0.50/$1.00 USD) - 2025/01/24 17:14:54 WET [2025/01/24 12:14:54 ET]
Table 'Horemheb IV' 6-max Seat #2 is the button
Seat 5: Pvn1219 ($181.63 in chips) is sitting out
Seat 1: Parabelum911 ($100 in chips) 
Seat 2: KarP93 ($100 in chips) 
Seat 3: peak joker33 ($100 in chips) 
Seat 4: BoyLoc0 ($164.15 in chips) 
Seat 6: sta$igk ($141.92 in chips) 
peak joker33: posts small blind $0.50
BoyLoc0: posts big blind $1
*** HOLE CARDS ***
sta$igk: raises $1.50 to $2.50
Parabelum911: folds 
KarP93: folds 
peak joker33: folds 
BoyLoc0: calls $1.50
*** FLOP *** [4c 7c 6h]
BoyLoc0: bets $1.72
sta$igk: folds 
Uncalled bet ($1.72) returned to BoyLoc0
BoyLoc0 collected $5.22 from pot
BoyLoc0: doesn't show hand 
*** SUMMARY ***
Total pot $5.50 | Rake $0.28 
Board [4c 7c 6h]
Seat 5: Pvn1219
Seat 1: Parabelum911 folded before Flop (didn't bet)
Seat 2: KarP93 (button) folded before Flop (didn't bet)
Seat 3: peak joker33 (small blind) folded before Flop
Seat 4: BoyLoc0 (big blind) collected ($5.22)
Seat 6: sta$igk folded on the Flop



PokerStars Hand #254531354754:  Hold'em No Limit ($0.50/$1.00 USD) - 2025/01/24 17:17:32 WET [2025/01/24 12:17:32 ET]
Table 'Horemheb IV' 6-max Seat #5 is the button
Seat 1: Parabelum911 ($104 in chips) 
Seat 3: peak joker33 ($100 in chips) 
Seat 5: BronsonJC ($101 in chips) 
Parabelum911: posts small blind $0.50
peak joker33: posts big blind $1
*** HOLE CARDS ***
BronsonJC: folds 
Parabelum911: raises $2 to $3
peak joker33: calls $2
*** FLOP *** [Kh 6h 2c]
Parabelum911: checks 
peak joker33: checks 
*** TURN *** [Kh 6h 2c] [5h]
Parabelum911: bets $4.30
peak joker33: folds 
Uncalled bet ($4.30) returned to Parabelum911
Parabelum911 collected $5.70 from pot
Parabelum911: doesn't show hand 
*** SUMMARY ***
Total pot $6 | Rake $0.30 
Board [Kh 6h 2c 5h]
Seat 1: Parabelum911 (small blind) collected ($5.70)
Seat 3: peak joker33 (big blind) folded on the Turn
Seat 5: BronsonJC (button) folded before Flop (didn't bet)



