PokerStars Hand #254528512556:  Hold'em No Limit ($0.50/$1.00 USD) - 2025/01/24 13:19:25 WET [2025/01/24 8:19:25 ET]
Table 'Chow III' 6-max Seat #1 is the button
Seat 1: OrioNCOOL ($100 in chips) 
Seat 2: tintin641 ($100 in chips) 
Seat 3: Qwickone ($54.87 in chips) 
Seat 4: Evelexy1 ($102.25 in chips) 
Seat 5: mr.Jckpot ($100 in chips) 
Seat 6: cryptobotqb8 ($109.56 in chips) 
tintin641: posts small blind $0.50
Qwickone: posts big blind $1
*** HOLE CARDS ***
Evelexy1: folds 
mr.Jckpot: folds 
cryptobotqb8: raises $2.50 to $3.50
OrioNCOOL: folds 
tintin641: folds 
Qwickone: calls $2.50
*** FLOP *** [5s 3c 6h]
Qwickone: bets $4.56
cryptobotqb8: calls $4.56
*** TURN *** [5s 3c 6h] [6c]
Qwickone: bets $7.90
cryptobotqb8: calls $7.90
*** RIVER *** [5s 3c 6h 6c] [Qc]
Qwickone: bets $15.40
cryptobotqb8: calls $15.40
*** SHOW DOWN ***
Qwickone: shows [Td 6d] (three of a kind, Sixes)
cryptobotqb8: mucks hand 
Qwickone collected $60.72 from pot
*** SUMMARY ***
Total pot $63.22 | Rake $2.50 
Board [5s 3c 6h 6c Qc]
Seat 1: OrioNCOOL (button) folded before Flop (didn't bet)
Seat 2: tintin641 (small blind) folded before Flop
Seat 3: Qwickone (big blind) showed [Td 6d] and won ($60.72) with three of a kind, Sixes
Seat 4: Evelexy1 folded before Flop (didn't bet)
Seat 5: mr.Jckpot folded before Flop (didn't bet)
Seat 6: cryptobotqb8 mucked



PokerStars Hand #254528519980:  Hold'em No Limit ($0.50/$1.00 USD) - 2025/01/24 13:20:12 WET [2025/01/24 8:20:12 ET]
Table 'Chow III' 6-max Seat #2 is the button
Seat 1: OrioNCOOL ($100 in chips) 
Seat 2: tintin641 ($100 in chips) 
Seat 3: Qwickone ($84.23 in chips) 
Seat 4: Evelexy1 ($102.25 in chips) 
Seat 5: mr.Jckpot ($100 in chips) 
Seat 6: cryptobotqb8 ($100 in chips) 
Qwickone: posts small blind $0.50
Evelexy1: posts big blind $1
*** HOLE CARDS ***
mr.Jckpot: folds 
cryptobotqb8: folds 
OrioNCOOL: folds 
tintin641: folds 
Qwickone: folds 
Uncalled bet ($0.50) returned to Evelexy1
Evelexy1 collected $1 from pot
Evelexy1: doesn't show hand 
*** SUMMARY ***
Total pot $1 | Rake $0 
Seat 1: OrioNCOOL folded before Flop (didn't bet)
Seat 2: tintin641 (button) folded before Flop (didn't bet)
Seat 3: Qwickone (small blind) folded before Flop
Seat 4: Evelexy1 (big blind) collected ($1)
Seat 5: mr.Jckpot folded before Flop (didn't bet)
Seat 6: cryptobotqb8 folded before Flop (didn't bet)



PokerStars Hand #254528522495:  Hold'em No Limit ($0.50/$1.00 USD) - 2025/01/24 13:20:27 WET [2025/01/24 8:20:27 ET]
Table 'Chow III' 6-max Seat #3 is the button
Seat 1: OrioNCOOL ($100 in chips) 
Seat 2: tintin641 ($100 in chips) 
Seat 3: Qwickone ($83.73 in chips) 
Seat 4: Evelexy1 ($102.75 in chips) 
Seat 5: mr.Jckpot ($100 in chips) 
Seat 6: cryptobotqb8 ($100 in chips) 
Evelexy1: posts small blind $0.50
mr.Jckpot: posts big blind $1
*** HOLE CARDS ***
cryptobotqb8: folds 
OrioNCOOL: folds 
tintin641: folds 
Qwickone: folds 
Evelexy1: raises $1.50 to $2.50
mr.Jckpot: calls $1.50
*** FLOP *** [9h 2h 7c]
Evelexy1: checks 
mr.Jckpot: bets $2.61
Evelexy1: calls $2.61
*** TURN *** [9h 2h 7c] [Tc]
Evelexy1: checks 
mr.Jckpot: bets $7.50
Evelexy1: calls $7.50
*** RIVER *** [9h 2h 7c Tc] [6c]
Evelexy1: checks 
mr.Jckpot: bets $19.50
Evelexy1: calls $19.50
*** SHOW DOWN ***
mr.Jckpot: shows [Jh Qd] (high card Queen)
Evelexy1: shows [8h 9d] (a straight, Six to Ten)
Evelexy1 collected $61.72 from pot
*** SUMMARY ***
Total pot $64.22 | Rake $2.50 
Board [9h 2h 7c Tc 6c]
Seat 1: OrioNCOOL folded before Flop (didn't bet)
Seat 2: tintin641 folded before Flop (didn't bet)
Seat 3: Qwickone (button) folded before Flop (didn't bet)
Seat 4: Evelexy1 (small blind) showed [8h 9d] and won ($61.72) with a straight, Six to Ten
Seat 5: mr.Jckpot (big blind) showed [Jh Qd] and lost with high card Queen
Seat 6: cryptobotqb8 folded before Flop (didn't bet)



PokerStars Hand #254528528732:  Hold'em No Limit ($0.50/$1.00 USD) - 2025/01/24 13:21:06 WET [2025/01/24 8:21:06 ET]
Table 'Chow III' 6-max Seat #4 is the button
Seat 1: OrioNCOOL ($100 in chips) 
Seat 2: tintin641 ($100 in chips) 
Seat 3: Qwickone ($83.73 in chips) 
Seat 4: Evelexy1 ($132.36 in chips) 
Seat 5: mr.Jckpot ($100 in chips) 
Seat 6: cryptobotqb8 ($100 in chips) 
mr.Jckpot: posts small blind $0.50
cryptobotqb8: posts big blind $1
*** HOLE CARDS ***
OrioNCOOL: folds 
tintin641: folds 
Qwickone: folds 
Evelexy1: folds 
mr.Jckpot: folds 
Uncalled bet ($0.50) returned to cryptobotqb8
cryptobotqb8 collected $1 from pot
cryptobotqb8: doesn't show hand 
*** SUMMARY ***
Total pot $1 | Rake $0 
Seat 1: OrioNCOOL folded before Flop (didn't bet)
Seat 2: tintin641 folded before Flop (didn't bet)
Seat 3: Qwickone folded before Flop (didn't bet)
Seat 4: Evelexy1 (button) folded before Flop (didn't bet)
Seat 5: mr.Jckpot (small blind) folded before Flop
Seat 6: cryptobotqb8 (big blind) collected ($1)



PokerStars Hand #254528530154:  Hold'em No Limit ($0.50/$1.00 USD) - 2025/01/24 13:21:15 WET [2025/01/24 8:21:15 ET]
Table 'Chow III' 6-max Seat #5 is the button
Seat 1: OrioNCOOL ($100 in chips) 
Seat 2: tintin641 ($100 in chips) 
Seat 3: Qwickone ($83.73 in chips) 
Seat 4: Evelexy1 ($132.36 in chips) 
Seat 5: mr.Jckpot ($100 in chips) 
Seat 6: cryptobotqb8 ($100.50 in chips) 
cryptobotqb8: posts small blind $0.50
OrioNCOOL: posts big blind $1
*** HOLE CARDS ***
tintin641: folds 
Qwickone: folds 
Evelexy1: folds 
mr.Jckpot: folds 
cryptobotqb8: folds 
Uncalled bet ($0.50) returned to OrioNCOOL
OrioNCOOL collected $1 from pot
OrioNCOOL: doesn't show hand 
*** SUMMARY ***
Total pot $1 | Rake $0 
Seat 1: OrioNCOOL (big blind) collected ($1)
Seat 2: tintin641 folded before Flop (didn't bet)
Seat 3: Qwickone folded before Flop (didn't bet)
Seat 4: Evelexy1 folded before Flop (didn't bet)
Seat 5: mr.Jckpot (button) folded before Flop (didn't bet)
Seat 6: cryptobotqb8 (small blind) folded before Flop



PokerStars Hand #254528532206:  Hold'em No Limit ($0.50/$1.00 USD) - 2025/01/24 13:21:28 WET [2025/01/24 8:21:28 ET]
Table 'Chow III' 6-max Seat #6 is the button
Seat 1: OrioNCOOL ($100.50 in chips) 
Seat 2: tintin641 ($100 in chips) 
Seat 3: Qwickone ($83.73 in chips) 
Seat 4: Evelexy1 ($132.36 in chips) 
Seat 5: mr.Jckpot ($100 in chips) 
Seat 6: cryptobotqb8 ($100 in chips) 
OrioNCOOL: posts small blind $0.50
tintin641: posts big blind $1
*** HOLE CARDS ***
Qwickone: folds 
Evelexy1: folds 
mr.Jckpot: folds 
cryptobotqb8: folds 
OrioNCOOL: folds 
Uncalled bet ($0.50) returned to tintin641
tintin641 collected $1 from pot
tintin641: doesn't show hand 
*** SUMMARY ***
Total pot $1 | Rake $0 
Seat 1: OrioNCOOL (small blind) folded before Flop
Seat 2: tintin641 (big blind) collected ($1)
Seat 3: Qwickone folded before Flop (didn't bet)
Seat 4: Evelexy1 folded before Flop (didn't bet)
Seat 5: mr.Jckpot folded before Flop (didn't bet)
Seat 6: cryptobotqb8 (button) folded before Flop (didn't bet)



PokerStars Hand #254528534654:  Hold'em No Limit ($0.50/$1.00 USD) - 2025/01/24 13:21:43 WET [2025/01/24 8:21:43 ET]
Table 'Chow III' 6-max Seat #1 is the button
Seat 1: OrioNCOOL ($100 in chips) 
Seat 2: tintin641 ($100.50 in chips) 
Seat 3: Qwickone ($83.73 in chips) 
Seat 4: Evelexy1 ($132.36 in chips) 
Seat 5: mr.Jckpot ($100 in chips) 
Seat 6: cryptobotqb8 ($100 in chips) 
tintin641: posts small blind $0.50
Qwickone: posts big blind $1
*** HOLE CARDS ***
Evelexy1: folds 
mr.Jckpot: folds 
cryptobotqb8: folds 
OrioNCOOL: folds 
tintin641: folds 
Uncalled bet ($0.50) returned to Qwickone
Qwickone collected $1 from pot
*** SUMMARY ***
Total pot $1 | Rake $0 
Seat 1: OrioNCOOL (button) folded before Flop (didn't bet)
Seat 2: tintin641 (small blind) folded before Flop
Seat 3: Qwickone (big blind) collected ($1)
Seat 4: Evelexy1 folded before Flop (didn't bet)
Seat 5: mr.Jckpot folded before Flop (didn't bet)
Seat 6: cryptobotqb8 folded before Flop (didn't bet)



PokerStars Hand #254528536036:  Hold'em No Limit ($0.50/$1.00 USD) - 2025/01/24 13:21:52 WET [2025/01/24 8:21:52 ET]
Table 'Chow III' 6-max Seat #2 is the button
Seat 1: OrioNCOOL ($100 in chips) 
Seat 2: tintin641 ($100 in chips) 
Seat 3: Qwickone ($84.23 in chips) 
Seat 4: Evelexy1 ($132.36 in chips) 
Seat 5: mr.Jckpot ($100 in chips) 
Seat 6: cryptobotqb8 ($100 in chips) 
Qwickone: posts small blind $0.50
Evelexy1: posts big blind $1
*** HOLE CARDS ***
mr.Jckpot: raises $1.50 to $2.50
cryptobotqb8: calls $2.50
OrioNCOOL: calls $2.50
tintin641: folds 
Qwickone: calls $2
Evelexy1: calls $1.50
*** FLOP *** [Qs Qc Qd]
Qwickone: checks 
Evelexy1: checks 
mr.Jckpot: checks 
cryptobotqb8: checks 
OrioNCOOL: checks 
*** TURN *** [Qs Qc Qd] [6h]
Qwickone: checks 
Evelexy1: bets $2.38
mr.Jckpot: calls $2.38
cryptobotqb8: folds 
OrioNCOOL: folds 
Qwickone: calls $2.38
*** RIVER *** [Qs Qc Qd 6h] [4s]
Qwickone: checks 
Evelexy1: checks 
mr.Jckpot: checks 
*** SHOW DOWN ***
Qwickone: shows [Th Ks] (three of a kind, Queens)
Evelexy1: shows [7s 7h] (a full house, Queens full of Sevens)
mr.Jckpot: mucks hand 
Evelexy1 collected $18.66 from pot
*** SUMMARY ***
Total pot $19.64 | Rake $0.98 
Board [Qs Qc Qd 6h 4s]
Seat 1: OrioNCOOL folded on the Turn
Seat 2: tintin641 (button) folded before Flop (didn't bet)
Seat 3: Qwickone (small blind) showed [Th Ks] and lost with three of a kind, Queens
Seat 4: Evelexy1 (big blind) showed [7s 7h] and won ($18.66) with a full house, Queens full of Sevens
Seat 5: mr.Jckpot mucked
Seat 6: cryptobotqb8 folded on the Turn



PokerStars Hand #254528545184:  Hold'em No Limit ($0.50/$1.00 USD) - 2025/01/24 13:22:49 WET [2025/01/24 8:22:49 ET]
Table 'Chow III' 6-max Seat #3 is the button
Seat 1: OrioNCOOL ($100 in chips) 
Seat 2: tintin641 ($100 in chips) 
Seat 3: Qwickone ($79.35 in chips) 
Seat 4: Evelexy1 ($146.14 in chips) 
Seat 5: mr.Jckpot ($100 in chips) 
Seat 6: cryptobotqb8 ($97.50 in chips) 
Evelexy1: posts small blind $0.50
mr.Jckpot: posts big blind $1
*** HOLE CARDS ***
cryptobotqb8: raises $2.50 to $3.50
OrioNCOOL: folds 
tintin641: folds 
Qwickone: folds 
Evelexy1: folds 
mr.Jckpot: calls $2.50
*** FLOP *** [Tc 8h Kh]
mr.Jckpot: checks 
cryptobotqb8: bets $7.12
mr.Jckpot: folds 
Uncalled bet ($7.12) returned to cryptobotqb8
cryptobotqb8 collected $7.12 from pot
cryptobotqb8: doesn't show hand 
*** SUMMARY ***
Total pot $7.50 | Rake $0.38 
Board [Tc 8h Kh]
Seat 1: OrioNCOOL folded before Flop (didn't bet)
Seat 2: tintin641 folded before Flop (didn't bet)
Seat 3: Qwickone (button) folded before Flop (didn't bet)
Seat 4: Evelexy1 (small blind) folded before Flop
Seat 5: mr.Jckpot (big blind) folded on the Flop
Seat 6: cryptobotqb8 collected ($7.12)



PokerStars Hand #254528548445:  Hold'em No Limit ($0.50/$1.00 USD) - 2025/01/24 13:23:09 WET [2025/01/24 8:23:09 ET]
Table 'Chow III' 6-max Seat #4 is the button
Seat 1: OrioNCOOL ($100 in chips) 
Seat 2: tintin641 ($100 in chips) 
Seat 3: Qwickone ($79.35 in chips) 
Seat 4: Evelexy1 ($145.64 in chips) 
Seat 5: mr.Jckpot ($100 in chips) 
Seat 6: cryptobotqb8 ($101.12 in chips) 
mr.Jckpot: posts small blind $0.50
cryptobotqb8: posts big blind $1
*** HOLE CARDS ***
OrioNCOOL: folds 
tintin641: folds 
Qwickone: folds 
Evelexy1: folds 
mr.Jckpot: folds 
Uncalled bet ($0.50) returned to cryptobotqb8
cryptobotqb8 collected $1 from pot
cryptobotqb8: doesn't show hand 
*** SUMMARY ***
Total pot $1 | Rake $0 
Seat 1: OrioNCOOL folded before Flop (didn't bet)
Seat 2: tintin641 folded before Flop (didn't bet)
Seat 3: Qwickone folded before Flop (didn't bet)
Seat 4: Evelexy1 (button) folded before Flop (didn't bet)
Seat 5: mr.Jckpot (small blind) folded before Flop
Seat 6: cryptobotqb8 (big blind) collected ($1)



PokerStars Hand #254528550140:  Hold'em No Limit ($0.50/$1.00 USD) - 2025/01/24 13:23:20 WET [2025/01/24 8:23:20 ET]
Table 'Chow III' 6-max Seat #5 is the button
Seat 1: OrioNCOOL ($100 in chips) 
Seat 2: tintin641 ($100 in chips) 
Seat 3: Qwickone ($79.35 in chips) 
Seat 4: Evelexy1 ($145.64 in chips) 
Seat 5: mr.Jckpot ($100 in chips) 
Seat 6: cryptobotqb8 ($101.62 in chips) 
cryptobotqb8: posts small blind $0.50
OrioNCOOL: posts big blind $1
*** HOLE CARDS ***
tintin641: folds 
Qwickone: folds 
Evelexy1: raises $1.50 to $2.50
mr.Jckpot: folds 
cryptobotqb8: folds 
OrioNCOOL: folds 
Uncalled bet ($1.50) returned to Evelexy1
Evelexy1 collected $2.50 from pot
Evelexy1: doesn't show hand 
*** SUMMARY ***
Total pot $2.50 | Rake $0 
Seat 1: OrioNCOOL (big blind) folded before Flop
Seat 2: tintin641 folded before Flop (didn't bet)
Seat 3: Qwickone folded before Flop (didn't bet)
Seat 4: Evelexy1 collected ($2.50)
Seat 5: mr.Jckpot (button) folded before Flop (didn't bet)
Seat 6: cryptobotqb8 (small blind) folded before Flop



PokerStars Hand #254528552641:  Hold'em No Limit ($0.50/$1.00 USD) - 2025/01/24 13:23:36 WET [2025/01/24 8:23:36 ET]
Table 'Chow III' 6-max Seat #6 is the button
Seat 1: OrioNCOOL ($100 in chips) 
Seat 2: tintin641 ($100 in chips) 
Seat 3: Qwickone ($79.35 in chips) 
Seat 4: Evelexy1 ($147.14 in chips) 
Seat 5: mr.Jckpot ($100 in chips) 
Seat 6: cryptobotqb8 ($101.12 in chips) 
OrioNCOOL: posts small blind $0.50
tintin641: posts big blind $1
*** HOLE CARDS ***
Qwickone: folds 
Evelexy1: raises $1 to $2
mr.Jckpot: folds 
cryptobotqb8: calls $2
OrioNCOOL: folds 
tintin641: calls $1
*** FLOP *** [Jd 7s 7c]
tintin641: checks 
Evelexy1: checks 
cryptobotqb8: bets $3.09
tintin641: calls $3.09
Evelexy1: folds 
*** TURN *** [Jd 7s 7c] [6s]
tintin641: checks 
cryptobotqb8: checks 
*** RIVER *** [Jd 7s 7c 6s] [Td]
tintin641: bets $9.04
cryptobotqb8: folds 
Uncalled bet ($9.04) returned to tintin641
tintin641 collected $12.05 from pot
tintin641: doesn't show hand 
*** SUMMARY ***
Total pot $12.68 | Rake $0.63 
Board [Jd 7s 7c 6s Td]
Seat 1: OrioNCOOL (small blind) folded before Flop
Seat 2: tintin641 (big blind) collected ($12.05)
Seat 3: Qwickone folded before Flop (didn't bet)
Seat 4: Evelexy1 folded on the Flop
Seat 5: mr.Jckpot folded before Flop (didn't bet)
Seat 6: cryptobotqb8 (button) folded on the River



PokerStars Hand #254528562997:  Hold'em No Limit ($0.50/$1.00 USD) - 2025/01/24 13:24:41 WET [2025/01/24 8:24:41 ET]
Table 'Chow III' 6-max Seat #1 is the button
Seat 1: OrioNCOOL ($100 in chips) 
Seat 2: tintin641 ($106.96 in chips) 
Seat 3: Qwickone ($79.35 in chips) 
Seat 4: Evelexy1 ($145.14 in chips) 
Seat 5: mr.Jckpot ($100 in chips) 
Seat 6: cryptobotqb8 ($96.03 in chips) 
tintin641: posts small blind $0.50
Qwickone: posts big blind $1
*** HOLE CARDS ***
Evelexy1: folds 
mr.Jckpot: raises $1.50 to $2.50
cryptobotqb8: folds 
OrioNCOOL: folds 
tintin641: folds 
Qwickone: calls $1.50
*** FLOP *** [Kd 8s 6s]
Qwickone: checks 
mr.Jckpot: bets $1.72
Qwickone: folds 
Uncalled bet ($1.72) returned to mr.Jckpot
mr.Jckpot collected $5.22 from pot
mr.Jckpot: doesn't show hand 
*** SUMMARY ***
Total pot $5.50 | Rake $0.28 
Board [Kd 8s 6s]
Seat 1: OrioNCOOL (button) folded before Flop (didn't bet)
Seat 2: tintin641 (small blind) folded before Flop
Seat 3: Qwickone (big blind) folded on the Flop
Seat 4: Evelexy1 folded before Flop (didn't bet)
Seat 5: mr.Jckpot collected ($5.22)
Seat 6: cryptobotqb8 folded before Flop (didn't bet)



PokerStars Hand #254528566388:  Hold'em No Limit ($0.50/$1.00 USD) - 2025/01/24 13:25:02 WET [2025/01/24 8:25:02 ET]
Table 'Chow III' 6-max Seat #2 is the button
Seat 1: OrioNCOOL ($100 in chips) 
Seat 2: tintin641 ($106.46 in chips) 
Seat 3: Qwickone ($76.85 in chips) 
Seat 4: Evelexy1 ($145.14 in chips) 
Seat 5: mr.Jckpot ($102.72 in chips) 
Seat 6: cryptobotqb8 ($96.03 in chips) 
Qwickone: posts small blind $0.50
Evelexy1: posts big blind $1
*** HOLE CARDS ***
mr.Jckpot: folds 
cryptobotqb8: folds 
OrioNCOOL: raises $1.50 to $2.50
tintin641: folds 
Qwickone: folds 
Evelexy1: raises $9.45 to $11.95
OrioNCOOL: calls $9.45
*** FLOP *** [Kd Ks 8h]
Evelexy1: bets $7.73
OrioNCOOL: calls $7.73
*** TURN *** [Kd Ks 8h] [5h]
Evelexy1: bets $18.94
OrioNCOOL: calls $18.94
*** RIVER *** [Kd Ks 8h 5h] [Qh]
Evelexy1: checks 
OrioNCOOL: bets $22.57
Evelexy1: folds 
Uncalled bet ($22.57) returned to OrioNCOOL
OrioNCOOL collected $75.24 from pot
OrioNCOOL: doesn't show hand 
*** SUMMARY ***
Total pot $77.74 | Rake $2.50 
Board [Kd Ks 8h 5h Qh]
Seat 1: OrioNCOOL collected ($75.24)
Seat 2: tintin641 (button) folded before Flop (didn't bet)
Seat 3: Qwickone (small blind) folded before Flop
Seat 4: Evelexy1 (big blind) folded on the River
Seat 5: mr.Jckpot folded before Flop (didn't bet)
Seat 6: cryptobotqb8 folded before Flop (didn't bet)



PokerStars Hand #254528576870:  Hold'em No Limit ($0.50/$1.00 USD) - 2025/01/24 13:26:08 WET [2025/01/24 8:26:08 ET]
Table 'Chow III' 6-max Seat #3 is the button
Seat 1: OrioNCOOL ($136.62 in chips) 
Seat 2: tintin641 ($106.46 in chips) 
Seat 3: Qwickone ($76.35 in chips) 
Seat 4: Evelexy1 ($106.52 in chips) 
Seat 5: mr.Jckpot ($102.72 in chips) 
Seat 6: cryptobotqb8 ($96.03 in chips) 
Evelexy1: posts small blind $0.50
mr.Jckpot: posts big blind $1
*** HOLE CARDS ***
cryptobotqb8: folds 
OrioNCOOL: folds 
tintin641: folds 
Qwickone: raises $1.20 to $2.20
Evelexy1: folds 
mr.Jckpot: folds 
Uncalled bet ($1.20) returned to Qwickone
Qwickone collected $2.50 from pot
*** SUMMARY ***
Total pot $2.50 | Rake $0 
Seat 1: OrioNCOOL folded before Flop (didn't bet)
Seat 2: tintin641 folded before Flop (didn't bet)
Seat 3: Qwickone (button) collected ($2.50)
Seat 4: Evelexy1 (small blind) folded before Flop
Seat 5: mr.Jckpot (big blind) folded before Flop
Seat 6: cryptobotqb8 folded before Flop (didn't bet)



PokerStars Hand #254528579060:  Hold'em No Limit ($0.50/$1.00 USD) - 2025/01/24 13:26:21 WET [2025/01/24 8:26:21 ET]
Table 'Chow III' 6-max Seat #4 is the button
Seat 1: OrioNCOOL ($136.62 in chips) 
Seat 2: tintin641 ($106.46 in chips) 
Seat 3: Qwickone ($77.85 in chips) 
Seat 4: Evelexy1 ($106.02 in chips) 
Seat 5: mr.Jckpot ($101.72 in chips) 
Seat 6: cryptobotqb8 ($96.03 in chips) 
mr.Jckpot: posts small blind $0.50
cryptobotqb8: posts big blind $1
*** HOLE CARDS ***
OrioNCOOL: folds 
tintin641: folds 
Qwickone: folds 
Evelexy1: folds 
mr.Jckpot: folds 
Uncalled bet ($0.50) returned to cryptobotqb8
cryptobotqb8 collected $1 from pot
cryptobotqb8: doesn't show hand 
*** SUMMARY ***
Total pot $1 | Rake $0 
Seat 1: OrioNCOOL folded before Flop (didn't bet)
Seat 2: tintin641 folded before Flop (didn't bet)
Seat 3: Qwickone folded before Flop (didn't bet)
Seat 4: Evelexy1 (button) folded before Flop (didn't bet)
Seat 5: mr.Jckpot (small blind) folded before Flop
Seat 6: cryptobotqb8 (big blind) collected ($1)



PokerStars Hand #254528580353:  Hold'em No Limit ($0.50/$1.00 USD) - 2025/01/24 13:26:29 WET [2025/01/24 8:26:29 ET]
Table 'Chow III' 6-max Seat #5 is the button
Seat 1: OrioNCOOL ($136.62 in chips) 
Seat 2: tintin641 ($106.46 in chips) 
Seat 3: Qwickone ($77.85 in chips) 
Seat 4: Evelexy1 ($106.02 in chips) 
Seat 5: mr.Jckpot ($101.22 in chips) 
Seat 6: cryptobotqb8 ($96.53 in chips) 
cryptobotqb8: posts small blind $0.50
OrioNCOOL: posts big blind $1
*** HOLE CARDS ***
tintin641: folds 
Qwickone: folds 
Evelexy1: folds 
mr.Jckpot: folds 
cryptobotqb8: raises $2 to $3
OrioNCOOL: folds 
Uncalled bet ($2) returned to cryptobotqb8
cryptobotqb8 collected $2 from pot
cryptobotqb8: doesn't show hand 
*** SUMMARY ***
Total pot $2 | Rake $0 
Seat 1: OrioNCOOL (big blind) folded before Flop
Seat 2: tintin641 folded before Flop (didn't bet)
Seat 3: Qwickone folded before Flop (didn't bet)
Seat 4: Evelexy1 folded before Flop (didn't bet)
Seat 5: mr.Jckpot (button) folded before Flop (didn't bet)
Seat 6: cryptobotqb8 (small blind) collected ($2)



PokerStars Hand #254528582780:  Hold'em No Limit ($0.50/$1.00 USD) - 2025/01/24 13:26:44 WET [2025/01/24 8:26:44 ET]
Table 'Chow III' 6-max Seat #6 is the button
Seat 1: OrioNCOOL ($135.62 in chips) 
Seat 2: tintin641 ($106.46 in chips) 
Seat 3: Qwickone ($77.85 in chips) 
Seat 4: Evelexy1 ($106.02 in chips) 
Seat 5: mr.Jckpot ($101.22 in chips) 
Seat 6: cryptobotqb8 ($97.53 in chips) 
OrioNCOOL: posts small blind $0.50
tintin641: posts big blind $1
*** HOLE CARDS ***
Qwickone: folds 
Evelexy1: raises $1 to $2
mr.Jckpot: folds 
cryptobotqb8: folds 
OrioNCOOL: folds 
tintin641: folds 
Uncalled bet ($1) returned to Evelexy1
Evelexy1 collected $2.50 from pot
Evelexy1: doesn't show hand 
*** SUMMARY ***
Total pot $2.50 | Rake $0 
Seat 1: OrioNCOOL (small blind) folded before Flop
Seat 2: tintin641 (big blind) folded before Flop
Seat 3: Qwickone folded before Flop (didn't bet)
Seat 4: Evelexy1 collected ($2.50)
Seat 5: mr.Jckpot folded before Flop (didn't bet)
Seat 6: cryptobotqb8 (button) folded before Flop (didn't bet)



PokerStars Hand #254528588966:  Hold'em No Limit ($0.50/$1.00 USD) - 2025/01/24 13:27:23 WET [2025/01/24 8:27:23 ET]
Table 'Chow III' 6-max Seat #1 is the button
Seat 1: OrioNCOOL ($135.12 in chips) 
Seat 2: tintin641 ($105.46 in chips) 
Seat 3: Qwickone ($77.85 in chips) 
Seat 4: Evelexy1 ($107.52 in chips) 
Seat 5: mr.Jckpot ($101.22 in chips) 
Seat 6: cryptobotqb8 ($100 in chips) 
tintin641: posts small blind $0.50
Qwickone: posts big blind $1
*** HOLE CARDS ***
Evelexy1: raises $1 to $2
mr.Jckpot: folds 
cryptobotqb8: calls $2
OrioNCOOL: raises $7 to $9
tintin641: raises $15 to $24
Qwickone: folds 
Evelexy1: folds 
cryptobotqb8: calls $22
OrioNCOOL: calls $15
*** FLOP *** [9c Kd Qc]
tintin641: bets $81.46 and is all-in
cryptobotqb8: folds 
OrioNCOOL: folds 
Uncalled bet ($81.46) returned to tintin641
tintin641 collected $72.50 from pot
tintin641: doesn't show hand 
*** SUMMARY ***
Total pot $75 | Rake $2.50 
Board [9c Kd Qc]
Seat 1: OrioNCOOL (button) folded on the Flop
Seat 2: tintin641 (small blind) collected ($72.50)
Seat 3: Qwickone (big blind) folded before Flop
Seat 4: Evelexy1 folded before Flop
Seat 5: mr.Jckpot folded before Flop (didn't bet)
Seat 6: cryptobotqb8 folded on the Flop



PokerStars Hand #254528598485:  Hold'em No Limit ($0.50/$1.00 USD) - 2025/01/24 13:28:23 WET [2025/01/24 8:28:23 ET]
Table 'Chow III' 6-max Seat #2 is the button
Seat 1: OrioNCOOL ($111.12 in chips) 
Seat 2: tintin641 ($153.96 in chips) 
Seat 3: Qwickone ($76.85 in chips) 
Seat 4: Evelexy1 ($105.52 in chips) 
Seat 5: mr.Jckpot ($101.22 in chips) 
Seat 6: cryptobotqb8 ($100 in chips) 
Qwickone: posts small blind $0.50
Evelexy1: posts big blind $1
*** HOLE CARDS ***
mr.Jckpot: folds 
cryptobotqb8: raises $2.50 to $3.50
OrioNCOOL: raises $5.50 to $9
tintin641: folds 
Qwickone: folds 
Evelexy1: folds 
cryptobotqb8: raises $19.50 to $28.50
OrioNCOOL: folds 
Uncalled bet ($19.50) returned to cryptobotqb8
cryptobotqb8 collected $19.50 from pot
cryptobotqb8: doesn't show hand 
*** SUMMARY ***
Total pot $19.50 | Rake $0 
Seat 1: OrioNCOOL folded before Flop
Seat 2: tintin641 (button) folded before Flop (didn't bet)
Seat 3: Qwickone (small blind) folded before Flop
Seat 4: Evelexy1 (big blind) folded before Flop
Seat 5: mr.Jckpot folded before Flop (didn't bet)
Seat 6: cryptobotqb8 collected ($19.50)



PokerStars Hand #254528602707:  Hold'em No Limit ($0.50/$1.00 USD) - 2025/01/24 13:28:49 WET [2025/01/24 8:28:49 ET]
Table 'Chow III' 6-max Seat #3 is the button
Seat 1: OrioNCOOL ($102.12 in chips) 
Seat 2: tintin641 ($153.96 in chips) 
Seat 3: Qwickone ($76.35 in chips) 
Seat 4: Evelexy1 ($104.52 in chips) 
Seat 5: mr.Jckpot ($101.22 in chips) 
Seat 6: cryptobotqb8 ($110.50 in chips) 
Evelexy1: posts small blind $0.50
mr.Jckpot: posts big blind $1
*** HOLE CARDS ***
cryptobotqb8: raises $2.50 to $3.50
OrioNCOOL: folds 
tintin641: folds 
Qwickone: calls $3.50
Evelexy1: folds 
mr.Jckpot: folds 
*** FLOP *** [2c 4s Qc]
cryptobotqb8: bets $8.08
Qwickone: folds 
Uncalled bet ($8.08) returned to cryptobotqb8
cryptobotqb8 collected $8.08 from pot
cryptobotqb8: doesn't show hand 
*** SUMMARY ***
Total pot $8.50 | Rake $0.42 
Board [2c 4s Qc]
Seat 1: OrioNCOOL folded before Flop (didn't bet)
Seat 2: tintin641 folded before Flop (didn't bet)
Seat 3: Qwickone (button) folded on the Flop
Seat 4: Evelexy1 (small blind) folded before Flop
Seat 5: mr.Jckpot (big blind) folded before Flop
Seat 6: cryptobotqb8 collected ($8.08)



PokerStars Hand #254528607812:  Hold'em No Limit ($0.50/$1.00 USD) - 2025/01/24 13:29:21 WET [2025/01/24 8:29:21 ET]
Table 'Chow III' 6-max Seat #4 is the button
Seat 1: OrioNCOOL ($102.12 in chips) 
Seat 2: tintin641 ($153.96 in chips) 
Seat 3: Qwickone ($72.85 in chips) 
Seat 4: Evelexy1 ($104.02 in chips) 
Seat 5: mr.Jckpot ($100.22 in chips) 
Seat 6: cryptobotqb8 ($115.08 in chips) 
mr.Jckpot: posts small blind $0.50
cryptobotqb8: posts big blind $1
*** HOLE CARDS ***
OrioNCOOL: folds 
tintin641: folds 
Qwickone: folds 
Evelexy1: folds 
mr.Jckpot: raises $2 to $3
cryptobotqb8: calls $2
*** FLOP *** [6c 8c 9s]
mr.Jckpot: checks 
cryptobotqb8: bets $4.70
mr.Jckpot: calls $4.70
*** TURN *** [6c 8c 9s] [9c]
mr.Jckpot: checks 
cryptobotqb8: bets $10
mr.Jckpot: folds 
Uncalled bet ($10) returned to cryptobotqb8
cryptobotqb8 collected $14.63 from pot
cryptobotqb8: doesn't show hand 
*** SUMMARY ***
Total pot $15.40 | Rake $0.77 
Board [6c 8c 9s 9c]
Seat 1: OrioNCOOL folded before Flop (didn't bet)
Seat 2: tintin641 folded before Flop (didn't bet)
Seat 3: Qwickone folded before Flop (didn't bet)
Seat 4: Evelexy1 (button) folded before Flop (didn't bet)
Seat 5: mr.Jckpot (small blind) folded on the Turn
Seat 6: cryptobotqb8 (big blind) collected ($14.63)



PokerStars Hand #254528616810:  Hold'em No Limit ($0.50/$1.00 USD) - 2025/01/24 13:30:16 WET [2025/01/24 8:30:16 ET]
Table 'Chow III' 6-max Seat #5 is the button
Seat 1: OrioNCOOL ($102.12 in chips) 
Seat 2: tintin641 ($153.96 in chips) 
Seat 3: Qwickone ($72.85 in chips) 
Seat 4: Evelexy1 ($104.02 in chips) 
Seat 5: mr.Jckpot ($100 in chips) 
Seat 6: cryptobotqb8 ($122.01 in chips) 
cryptobotqb8: posts small blind $0.50
OrioNCOOL: posts big blind $1
*** HOLE CARDS ***
tintin641: folds 
Qwickone: folds 
Evelexy1: folds 
mr.Jckpot: folds 
cryptobotqb8: raises $2 to $3
OrioNCOOL: folds 
Uncalled bet ($2) returned to cryptobotqb8
cryptobotqb8 collected $2 from pot
cryptobotqb8: doesn't show hand 
*** SUMMARY ***
Total pot $2 | Rake $0 
Seat 1: OrioNCOOL (big blind) folded before Flop
Seat 2: tintin641 folded before Flop (didn't bet)
Seat 3: Qwickone folded before Flop (didn't bet)
Seat 4: Evelexy1 folded before Flop (didn't bet)
Seat 5: mr.Jckpot (button) folded before Flop (didn't bet)
Seat 6: cryptobotqb8 (small blind) collected ($2)



PokerStars Hand #254528638961:  Hold'em No Limit ($0.50/$1.00 USD) - 2025/01/24 13:32:31 WET [2025/01/24 8:32:31 ET]
Table 'Chow III' 6-max Seat #4 is the button
Seat 1: OrioNCOOL ($102.12 in chips) 
Seat 2: tintin641 ($152.46 in chips) 
Seat 3: Qwickone ($70.91 in chips) 
Seat 4: Evelexy1 ($208.54 in chips) 
Seat 5: mr.Jckpot ($100 in chips) 
Seat 6: cryptobotqb8 ($22.61 in chips) 
mr.Jckpot: posts small blind $0.50
cryptobotqb8: posts big blind $1
*** HOLE CARDS ***
OrioNCOOL: folds 
tintin641: raises $1.50 to $2.50
Qwickone: folds 
Evelexy1: folds 
mr.Jckpot: raises $9.50 to $12
cryptobotqb8: folds 
tintin641: folds 
Uncalled bet ($9.50) returned to mr.Jckpot
mr.Jckpot collected $6 from pot
mr.Jckpot: doesn't show hand 
*** SUMMARY ***
Total pot $6 | Rake $0 
Seat 1: OrioNCOOL folded before Flop (didn't bet)
Seat 2: tintin641 folded before Flop
Seat 3: Qwickone folded before Flop (didn't bet)
Seat 4: Evelexy1 (button) folded before Flop (didn't bet)
Seat 5: mr.Jckpot (small blind) collected ($6)
Seat 6: cryptobotqb8 (big blind) folded before Flop



PokerStars Hand #254528642546:  Hold'em No Limit ($0.50/$1.00 USD) - 2025/01/24 13:32:53 WET [2025/01/24 8:32:53 ET]
Table 'Chow III' 6-max Seat #5 is the button
Seat 1: OrioNCOOL ($102.12 in chips) 
Seat 2: tintin641 ($149.96 in chips) 
Seat 3: Qwickone ($70.91 in chips) 
Seat 4: Evelexy1 ($208.54 in chips) 
Seat 5: mr.Jckpot ($103.50 in chips) 
Seat 6: cryptobotqb8 ($100 in chips) 
cryptobotqb8: posts small blind $0.50
OrioNCOOL: posts big blind $1
*** HOLE CARDS ***
tintin641: folds 
Qwickone: folds 
Evelexy1: folds 
mr.Jckpot: folds 
cryptobotqb8: folds 
Uncalled bet ($0.50) returned to OrioNCOOL
OrioNCOOL collected $1 from pot
OrioNCOOL: doesn't show hand 
*** SUMMARY ***
Total pot $1 | Rake $0 
Seat 1: OrioNCOOL (big blind) collected ($1)
Seat 2: tintin641 folded before Flop (didn't bet)
Seat 3: Qwickone folded before Flop (didn't bet)
Seat 4: Evelexy1 folded before Flop (didn't bet)
Seat 5: mr.Jckpot (button) folded before Flop (didn't bet)
Seat 6: cryptobotqb8 (small blind) folded before Flop



PokerStars Hand #254528644396:  Hold'em No Limit ($0.50/$1.00 USD) - 2025/01/24 13:33:04 WET [2025/01/24 8:33:04 ET]
Table 'Chow III' 6-max Seat #6 is the button
Seat 1: OrioNCOOL ($102.62 in chips) 
Seat 2: tintin641 ($149.96 in chips) 
Seat 3: Qwickone ($70.91 in chips) 
Seat 4: Evelexy1 ($208.54 in chips) 
Seat 5: mr.Jckpot ($103.50 in chips) 
Seat 6: cryptobotqb8 ($99.50 in chips) 
OrioNCOOL: posts small blind $0.50
tintin641: posts big blind $1
*** HOLE CARDS ***
Qwickone: folds 
Evelexy1: folds 
mr.Jckpot: folds 
cryptobotqb8: raises $2.50 to $3.50
OrioNCOOL: folds 
tintin641: calls $2.50
*** FLOP *** [Qs 3d 8h]
tintin641: checks 
cryptobotqb8: bets $3.56
tintin641: folds 
Uncalled bet ($3.56) returned to cryptobotqb8
cryptobotqb8 collected $7.12 from pot
cryptobotqb8: doesn't show hand 
*** SUMMARY ***
Total pot $7.50 | Rake $0.38 
Board [Qs 3d 8h]
Seat 1: OrioNCOOL (small blind) folded before Flop
Seat 2: tintin641 (big blind) folded on the Flop
Seat 3: Qwickone folded before Flop (didn't bet)
Seat 4: Evelexy1 folded before Flop (didn't bet)
Seat 5: mr.Jckpot folded before Flop (didn't bet)
Seat 6: cryptobotqb8 (button) collected ($7.12)



PokerStars Hand #254528649268:  Hold'em No Limit ($0.50/$1.00 USD) - 2025/01/24 13:33:34 WET [2025/01/24 8:33:34 ET]
Table 'Chow III' 6-max Seat #1 is the button
Seat 1: OrioNCOOL ($102.12 in chips) 
Seat 2: tintin641 ($146.46 in chips) 
Seat 3: Qwickone ($70.91 in chips) 
Seat 4: Evelexy1 ($208.54 in chips) 
Seat 5: mr.Jckpot ($103.50 in chips) 
Seat 6: cryptobotqb8 ($103.12 in chips) 
tintin641: posts small blind $0.50
Qwickone: posts big blind $1
*** HOLE CARDS ***
Evelexy1: folds 
mr.Jckpot: folds 
cryptobotqb8: raises $2.50 to $3.50
OrioNCOOL: folds 
tintin641: folds 
Qwickone: folds 
Uncalled bet ($2.50) returned to cryptobotqb8
cryptobotqb8 collected $2.50 from pot
cryptobotqb8: doesn't show hand 
*** SUMMARY ***
Total pot $2.50 | Rake $0 
Seat 1: OrioNCOOL (button) folded before Flop (didn't bet)
Seat 2: tintin641 (small blind) folded before Flop
Seat 3: Qwickone (big blind) folded before Flop
Seat 4: Evelexy1 folded before Flop (didn't bet)
Seat 5: mr.Jckpot folded before Flop (didn't bet)
Seat 6: cryptobotqb8 collected ($2.50)



PokerStars Hand #254528653370:  Hold'em No Limit ($0.50/$1.00 USD) - 2025/01/24 13:33:59 WET [2025/01/24 8:33:59 ET]
Table 'Chow III' 6-max Seat #2 is the button
Seat 1: OrioNCOOL ($102.12 in chips) 
Seat 2: tintin641 ($145.96 in chips) 
Seat 3: Qwickone ($69.91 in chips) 
Seat 4: Evelexy1 ($208.54 in chips) 
Seat 5: mr.Jckpot ($103.50 in chips) 
Seat 6: cryptobotqb8 ($104.62 in chips) 
Qwickone: posts small blind $0.50
Evelexy1: posts big blind $1
*** HOLE CARDS ***
mr.Jckpot: folds 
cryptobotqb8: folds 
OrioNCOOL: raises $1.50 to $2.50
tintin641: folds 
Qwickone: calls $2
Evelexy1: folds 
*** FLOP *** [9c Kd Qc]
Qwickone: checks 
OrioNCOOL: bets $3
Qwickone: calls $3
*** TURN *** [9c Kd Qc] [6c]
Qwickone: checks 
OrioNCOOL: bets $7.55
Qwickone: calls $7.55
*** RIVER *** [9c Kd Qc 6c] [5c]
Qwickone: checks 
OrioNCOOL: bets $15.87
Qwickone: calls $15.87
*** SHOW DOWN ***
OrioNCOOL: shows [Kc Js] (a flush, King high)
Qwickone: mucks hand 
OrioNCOOL collected $56.34 from pot
*** SUMMARY ***
Total pot $58.84 | Rake $2.50 
Board [9c Kd Qc 6c 5c]
Seat 1: OrioNCOOL showed [Kc Js] and won ($56.34) with a flush, King high
Seat 2: tintin641 (button) folded before Flop (didn't bet)
Seat 3: Qwickone (small blind) mucked
Seat 4: Evelexy1 (big blind) folded before Flop
Seat 5: mr.Jckpot folded before Flop (didn't bet)
Seat 6: cryptobotqb8 folded before Flop (didn't bet)



PokerStars Hand #254528660392:  Hold'em No Limit ($0.50/$1.00 USD) - 2025/01/24 13:34:41 WET [2025/01/24 8:34:41 ET]
Table 'Chow III' 6-max Seat #3 is the button
Seat 1: OrioNCOOL ($129.54 in chips) 
Seat 2: tintin641 ($145.96 in chips) 
Seat 3: Qwickone ($40.99 in chips) 
Seat 4: Evelexy1 ($207.54 in chips) 
Seat 5: mr.Jckpot ($103.50 in chips) 
Seat 6: cryptobotqb8 ($104.62 in chips) 
Evelexy1: posts small blind $0.50
mr.Jckpot: posts big blind $1
*** HOLE CARDS ***
cryptobotqb8: folds 
OrioNCOOL: folds 
tintin641: folds 
Qwickone: folds 
Evelexy1: folds 
Uncalled bet ($0.50) returned to mr.Jckpot
mr.Jckpot collected $1 from pot
mr.Jckpot: doesn't show hand 
*** SUMMARY ***
Total pot $1 | Rake $0 
Seat 1: OrioNCOOL folded before Flop (didn't bet)
Seat 2: tintin641 folded before Flop (didn't bet)
Seat 3: Qwickone (button) folded before Flop (didn't bet)
Seat 4: Evelexy1 (small blind) folded before Flop
Seat 5: mr.Jckpot (big blind) collected ($1)
Seat 6: cryptobotqb8 folded before Flop (didn't bet)



PokerStars Hand #254528661944:  Hold'em No Limit ($0.50/$1.00 USD) - 2025/01/24 13:34:51 WET [2025/01/24 8:34:51 ET]
Table 'Chow III' 6-max Seat #4 is the button
Seat 1: OrioNCOOL ($129.54 in chips) 
Seat 2: tintin641 ($145.96 in chips) 
Seat 3: Qwickone ($40.99 in chips) 
Seat 4: Evelexy1 ($207.04 in chips) 
Seat 5: mr.Jckpot ($104 in chips) 
Seat 6: cryptobotqb8 ($104.62 in chips) 
mr.Jckpot: posts small blind $0.50
cryptobotqb8: posts big blind $1
*** HOLE CARDS ***
OrioNCOOL: folds 
tintin641: raises $1.50 to $2.50
Qwickone: folds 
Evelexy1: folds 
mr.Jckpot: folds 
cryptobotqb8: calls $1.50
*** FLOP *** [Qc Kc 8h]
cryptobotqb8: checks 
tintin641: bets $5.22
cryptobotqb8: folds 
Uncalled bet ($5.22) returned to tintin641
tintin641 collected $5.22 from pot
tintin641: doesn't show hand 
*** SUMMARY ***
Total pot $5.50 | Rake $0.28 
Board [Qc Kc 8h]
Seat 1: OrioNCOOL folded before Flop (didn't bet)
Seat 2: tintin641 collected ($5.22)
Seat 3: Qwickone folded before Flop (didn't bet)
Seat 4: Evelexy1 (button) folded before Flop (didn't bet)
Seat 5: mr.Jckpot (small blind) folded before Flop
Seat 6: cryptobotqb8 (big blind) folded on the Flop



PokerStars Hand #254528667339:  Hold'em No Limit ($0.50/$1.00 USD) - 2025/01/24 13:35:24 WET [2025/01/24 8:35:24 ET]
Table 'Chow III' 6-max Seat #5 is the button
Seat 1: OrioNCOOL ($129.54 in chips) 
Seat 2: tintin641 ($148.68 in chips) 
Seat 3: Qwickone ($40.99 in chips) 
Seat 4: Evelexy1 ($207.04 in chips) 
Seat 5: mr.Jckpot ($103.50 in chips) 
Seat 6: cryptobotqb8 ($102.12 in chips) 
cryptobotqb8: posts small blind $0.50
OrioNCOOL: posts big blind $1
*** HOLE CARDS ***
tintin641: raises $1.50 to $2.50
Qwickone: calls $2.50
Evelexy1: folds 
mr.Jckpot: folds 
cryptobotqb8: folds 
OrioNCOOL: calls $1.50
*** FLOP *** [9s 9d 5h]
OrioNCOOL: checks 
tintin641: checks 
Qwickone: checks 
*** TURN *** [9s 9d 5h] [6c]
OrioNCOOL: checks 
tintin641: checks 
Qwickone: bets $4.80
OrioNCOOL: folds 
tintin641: calls $4.80
*** RIVER *** [9s 9d 5h 6c] [8d]
tintin641: checks 
Qwickone: bets $16.72
tintin641: folds 
Uncalled bet ($16.72) returned to Qwickone
Qwickone collected $16.72 from pot
*** SUMMARY ***
Total pot $17.60 | Rake $0.88 
Board [9s 9d 5h 6c 8d]
Seat 1: OrioNCOOL (big blind) folded on the Turn
Seat 2: tintin641 folded on the River
Seat 3: Qwickone collected ($16.72)
Seat 4: Evelexy1 folded before Flop (didn't bet)
Seat 5: mr.Jckpot (button) folded before Flop (didn't bet)
Seat 6: cryptobotqb8 (small blind) folded before Flop



PokerStars Hand #254528676740:  Hold'em No Limit ($0.50/$1.00 USD) - 2025/01/24 13:36:21 WET [2025/01/24 8:36:21 ET]
Table 'Chow III' 6-max Seat #6 is the button
Seat 1: OrioNCOOL ($127.04 in chips) 
Seat 2: tintin641 ($141.38 in chips) 
Seat 3: Qwickone ($50.41 in chips) 
Seat 4: Evelexy1 ($207.04 in chips) 
Seat 5: mr.Jckpot ($103.50 in chips) 
Seat 6: cryptobotqb8 ($101.62 in chips) 
OrioNCOOL: posts small blind $0.50
tintin641: posts big blind $1
*** HOLE CARDS ***
Qwickone: raises $1.20 to $2.20
Evelexy1: folds 
mr.Jckpot: folds 
cryptobotqb8: folds 
OrioNCOOL: folds 
tintin641: folds 
Uncalled bet ($1.20) returned to Qwickone
Qwickone collected $2.50 from pot
Evelexy1 leaves the table
*** SUMMARY ***
Total pot $2.50 | Rake $0 
Seat 1: OrioNCOOL (small blind) folded before Flop
Seat 2: tintin641 (big blind) folded before Flop
Seat 3: Qwickone collected ($2.50)
Seat 4: Evelexy1 folded before Flop (didn't bet)
Seat 5: mr.Jckpot folded before Flop (didn't bet)
Seat 6: cryptobotqb8 (button) folded before Flop (didn't bet)



PokerStars Hand #254528679022:  Hold'em No Limit ($0.50/$1.00 USD) - 2025/01/24 13:36:35 WET [2025/01/24 8:36:35 ET]
Table 'Chow III' 6-max Seat #1 is the button
Seat 1: OrioNCOOL ($126.54 in chips) 
Seat 2: tintin641 ($140.38 in chips) 
Seat 3: Qwickone ($51.91 in chips) 
Seat 5: mr.Jckpot ($103.50 in chips) 
Seat 6: cryptobotqb8 ($101.62 in chips) 
tintin641: posts small blind $0.50
Qwickone: posts big blind $1
*** HOLE CARDS ***
mr.Jckpot: folds 
cryptobotqb8: raises $2.50 to $3.50
OrioNCOOL: calls $3.50
tintin641: folds 
Qwickone: calls $2.50
*** FLOP *** [Jh 4d 3c]
Qwickone: checks 
cryptobotqb8: bets $5.23
OrioNCOOL: calls $5.23
Qwickone: calls $5.23
*** TURN *** [Jh 4d 3c] [4h]
Qwickone: checks 
cryptobotqb8: checks 
OrioNCOOL: checks 
*** RIVER *** [Jh 4d 3c 4h] [9s]
Qwickone: bets $13.68
Pon4uk.ua joins the table at seat #4 
cryptobotqb8: folds 
OrioNCOOL: folds 
Uncalled bet ($13.68) returned to Qwickone
Qwickone collected $25.36 from pot
*** SUMMARY ***
Total pot $26.69 | Rake $1.33 
Board [Jh 4d 3c 4h 9s]
Seat 1: OrioNCOOL (button) folded on the River
Seat 2: tintin641 (small blind) folded before Flop
Seat 3: Qwickone (big blind) collected ($25.36)
Seat 5: mr.Jckpot folded before Flop (didn't bet)
Seat 6: cryptobotqb8 folded on the River



PokerStars Hand #254528688167:  Hold'em No Limit ($0.50/$1.00 USD) - 2025/01/24 13:37:30 WET [2025/01/24 8:37:30 ET]
Table 'Chow III' 6-max Seat #2 is the button
Seat 1: OrioNCOOL ($117.81 in chips) 
Seat 2: tintin641 ($139.88 in chips) 
Seat 3: Qwickone ($68.54 in chips) 
Seat 4: Pon4uk.ua ($100 in chips) 
Seat 5: mr.Jckpot ($103.50 in chips) 
Seat 6: cryptobotqb8 ($92.89 in chips) 
Qwickone: posts small blind $0.50
Pon4uk.ua: posts big blind $1
*** HOLE CARDS ***
mr.Jckpot: folds 
cryptobotqb8: raises $2.50 to $3.50
OrioNCOOL: folds 
tintin641: folds 
Qwickone: calls $3
Pon4uk.ua: folds 
*** FLOP *** [2c Td Qh]
Qwickone: checks 
cryptobotqb8: bets $7.60
Qwickone: folds 
Uncalled bet ($7.60) returned to cryptobotqb8
cryptobotqb8 collected $7.60 from pot
cryptobotqb8: doesn't show hand 
*** SUMMARY ***
Total pot $8 | Rake $0.40 
Board [2c Td Qh]
Seat 1: OrioNCOOL folded before Flop (didn't bet)
Seat 2: tintin641 (button) folded before Flop (didn't bet)
Seat 3: Qwickone (small blind) folded on the Flop
Seat 4: Pon4uk.ua (big blind) folded before Flop
Seat 5: mr.Jckpot folded before Flop (didn't bet)
Seat 6: cryptobotqb8 collected ($7.60)



PokerStars Hand #254528693397:  Hold'em No Limit ($0.50/$1.00 USD) - 2025/01/24 13:38:01 WET [2025/01/24 8:38:01 ET]
Table 'Chow III' 6-max Seat #3 is the button
Seat 1: OrioNCOOL ($117.81 in chips) 
Seat 2: tintin641 ($139.88 in chips) 
Seat 3: Qwickone ($65.04 in chips) 
Seat 4: Pon4uk.ua ($100 in chips) 
Seat 5: mr.Jckpot ($103.50 in chips) 
Seat 6: cryptobotqb8 ($96.99 in chips) 
Pon4uk.ua: posts small blind $0.50
mr.Jckpot: posts big blind $1
*** HOLE CARDS ***
cryptobotqb8: folds 
OrioNCOOL: folds 
tintin641: folds 
Qwickone: raises $1.20 to $2.20
Pon4uk.ua: folds 
mr.Jckpot: calls $1.20
*** FLOP *** [8d 5c Jd]
mr.Jckpot: checks 
Qwickone: checks 
*** TURN *** [8d 5c Jd] [2c]
mr.Jckpot: checks 
Qwickone: checks 
*** RIVER *** [8d 5c Jd 2c] [3c]
mr.Jckpot: checks 
Qwickone: checks 
*** SHOW DOWN ***
mr.Jckpot: shows [6h 5h] (a pair of Fives)
Qwickone: shows [Kd Ac] (high card Ace)
mr.Jckpot collected $4.66 from pot
*** SUMMARY ***
Total pot $4.90 | Rake $0.24 
Board [8d 5c Jd 2c 3c]
Seat 1: OrioNCOOL folded before Flop (didn't bet)
Seat 2: tintin641 folded before Flop (didn't bet)
Seat 3: Qwickone (button) showed [Kd Ac] and lost with high card Ace
Seat 4: Pon4uk.ua (small blind) folded before Flop
Seat 5: mr.Jckpot (big blind) showed [6h 5h] and won ($4.66) with a pair of Fives
Seat 6: cryptobotqb8 folded before Flop (didn't bet)



PokerStars Hand #254528698076:  Hold'em No Limit ($0.50/$1.00 USD) - 2025/01/24 13:38:29 WET [2025/01/24 8:38:29 ET]
Table 'Chow III' 6-max Seat #4 is the button
Seat 1: OrioNCOOL ($117.81 in chips) 
Seat 2: tintin641 ($139.88 in chips) 
Seat 3: Qwickone ($62.84 in chips) 
Seat 4: Pon4uk.ua ($100 in chips) 
Seat 5: mr.Jckpot ($105.96 in chips) 
Seat 6: cryptobotqb8 ($96.99 in chips) 
mr.Jckpot: posts small blind $0.50
cryptobotqb8: posts big blind $1
*** HOLE CARDS ***
OrioNCOOL: folds 
tintin641: folds 
Qwickone: raises $2.50 to $3.50
Pon4uk.ua: folds 
mr.Jckpot: folds 
cryptobotqb8: folds 
Uncalled bet ($2.50) returned to Qwickone
Qwickone collected $2.50 from pot
*** SUMMARY ***
Total pot $2.50 | Rake $0 
Seat 1: OrioNCOOL folded before Flop (didn't bet)
Seat 2: tintin641 folded before Flop (didn't bet)
Seat 3: Qwickone collected ($2.50)
Seat 4: Pon4uk.ua (button) folded before Flop (didn't bet)
Seat 5: mr.Jckpot (small blind) folded before Flop
Seat 6: cryptobotqb8 (big blind) folded before Flop



PokerStars Hand #254528700683:  Hold'em No Limit ($0.50/$1.00 USD) - 2025/01/24 13:38:44 WET [2025/01/24 8:38:44 ET]
Table 'Chow III' 6-max Seat #5 is the button
Seat 1: OrioNCOOL ($117.81 in chips) 
Seat 2: tintin641 ($139.88 in chips) 
Seat 3: Qwickone ($64.34 in chips) 
Seat 4: Pon4uk.ua ($100 in chips) 
Seat 5: mr.Jckpot ($105.46 in chips) 
Seat 6: cryptobotqb8 ($95.99 in chips) 
cryptobotqb8: posts small blind $0.50
OrioNCOOL: posts big blind $1
*** HOLE CARDS ***
tintin641: raises $1.50 to $2.50
Qwickone: folds 
Pon4uk.ua: folds 
mr.Jckpot: folds 
cryptobotqb8: folds 
OrioNCOOL: folds 
Uncalled bet ($1.50) returned to tintin641
tintin641 collected $2.50 from pot
tintin641: doesn't show hand 
*** SUMMARY ***
Total pot $2.50 | Rake $0 
Seat 1: OrioNCOOL (big blind) folded before Flop
Seat 2: tintin641 collected ($2.50)
Seat 3: Qwickone folded before Flop (didn't bet)
Seat 4: Pon4uk.ua folded before Flop (didn't bet)
Seat 5: mr.Jckpot (button) folded before Flop (didn't bet)
Seat 6: cryptobotqb8 (small blind) folded before Flop



PokerStars Hand #254528702907:  Hold'em No Limit ($0.50/$1.00 USD) - 2025/01/24 13:38:58 WET [2025/01/24 8:38:58 ET]
Table 'Chow III' 6-max Seat #6 is the button
Seat 1: OrioNCOOL ($116.81 in chips) 
Seat 2: tintin641 ($141.38 in chips) 
Seat 3: Qwickone ($64.34 in chips) 
Seat 4: Pon4uk.ua ($100 in chips) 
Seat 5: mr.Jckpot ($105.46 in chips) 
Seat 6: cryptobotqb8 ($95.49 in chips) 
OrioNCOOL: posts small blind $0.50
tintin641: posts big blind $1
*** HOLE CARDS ***
Qwickone: folds 
Pon4uk.ua: folds 
mr.Jckpot: raises $1.50 to $2.50
cryptobotqb8: folds 
OrioNCOOL: folds 
tintin641: calls $1.50
*** FLOP *** [Ah 2h Js]
tintin641: checks 
mr.Jckpot: bets $1.72
tintin641: folds 
Uncalled bet ($1.72) returned to mr.Jckpot
mr.Jckpot collected $5.22 from pot
mr.Jckpot: doesn't show hand 
*** SUMMARY ***
Total pot $5.50 | Rake $0.28 
Board [Ah 2h Js]
Seat 1: OrioNCOOL (small blind) folded before Flop
Seat 2: tintin641 (big blind) folded on the Flop
Seat 3: Qwickone folded before Flop (didn't bet)
Seat 4: Pon4uk.ua folded before Flop (didn't bet)
Seat 5: mr.Jckpot collected ($5.22)
Seat 6: cryptobotqb8 (button) folded before Flop (didn't bet)



PokerStars Hand #254528708205:  Hold'em No Limit ($0.50/$1.00 USD) - 2025/01/24 13:39:30 WET [2025/01/24 8:39:30 ET]
Table 'Chow III' 6-max Seat #1 is the button
Seat 1: OrioNCOOL ($116.31 in chips) 
Seat 2: tintin641 ($138.88 in chips) 
Seat 3: Qwickone ($64.34 in chips) 
Seat 4: Pon4uk.ua ($100 in chips) 
Seat 5: mr.Jckpot ($108.18 in chips) 
Seat 6: cryptobotqb8 ($95.49 in chips) 
tintin641: posts small blind $0.50
Qwickone: posts big blind $1
*** HOLE CARDS ***
Pon4uk.ua: folds 
mr.Jckpot: folds 
cryptobotqb8: folds 
OrioNCOOL: raises $1.50 to $2.50
tintin641: raises $8.50 to $11
Qwickone: folds 
OrioNCOOL: folds 
Uncalled bet ($8.50) returned to tintin641
tintin641 collected $6 from pot
tintin641: doesn't show hand 
*** SUMMARY ***
Total pot $6 | Rake $0 
Seat 1: OrioNCOOL (button) folded before Flop
Seat 2: tintin641 (small blind) collected ($6)
Seat 3: Qwickone (big blind) folded before Flop
Seat 4: Pon4uk.ua folded before Flop (didn't bet)
Seat 5: mr.Jckpot folded before Flop (didn't bet)
Seat 6: cryptobotqb8 folded before Flop (didn't bet)



PokerStars Hand #254528711487:  Hold'em No Limit ($0.50/$1.00 USD) - 2025/01/24 13:39:49 WET [2025/01/24 8:39:49 ET]
Table 'Chow III' 6-max Seat #2 is the button
Seat 1: OrioNCOOL ($113.81 in chips) 
Seat 2: tintin641 ($142.38 in chips) 
Seat 3: Qwickone ($63.34 in chips) 
Seat 4: Pon4uk.ua ($100 in chips) 
Seat 5: mr.Jckpot ($108.18 in chips) 
Seat 6: cryptobotqb8 ($95.49 in chips) 
Qwickone: posts small blind $0.50
Pon4uk.ua: posts big blind $1
*** HOLE CARDS ***
mr.Jckpot: raises $1.50 to $2.50
cryptobotqb8: folds 
OrioNCOOL: folds 
tintin641: folds 
Qwickone: folds 
Pon4uk.ua: folds 
Uncalled bet ($1.50) returned to mr.Jckpot
mr.Jckpot collected $2.50 from pot
mr.Jckpot: doesn't show hand 
*** SUMMARY ***
Total pot $2.50 | Rake $0 
Seat 1: OrioNCOOL folded before Flop (didn't bet)
Seat 2: tintin641 (button) folded before Flop (didn't bet)
Seat 3: Qwickone (small blind) folded before Flop
Seat 4: Pon4uk.ua (big blind) folded before Flop
Seat 5: mr.Jckpot collected ($2.50)
Seat 6: cryptobotqb8 folded before Flop (didn't bet)



PokerStars Hand #254528713794:  Hold'em No Limit ($0.50/$1.00 USD) - 2025/01/24 13:40:03 WET [2025/01/24 8:40:03 ET]
Table 'Chow III' 6-max Seat #3 is the button
Seat 1: OrioNCOOL ($113.81 in chips) 
Seat 2: tintin641 ($142.38 in chips) 
Seat 3: Qwickone ($62.84 in chips) 
Seat 4: Pon4uk.ua ($100 in chips) 
Seat 5: mr.Jckpot ($109.68 in chips) 
Seat 6: cryptobotqb8 ($95.49 in chips) 
Pon4uk.ua: posts small blind $0.50
mr.Jckpot: posts big blind $1
*** HOLE CARDS ***
cryptobotqb8: folds 
OrioNCOOL: raises $1.50 to $2.50
tintin641: folds 
Qwickone: folds 
Pon4uk.ua: folds 
mr.Jckpot: folds 
Uncalled bet ($1.50) returned to OrioNCOOL
OrioNCOOL collected $2.50 from pot
OrioNCOOL: doesn't show hand 
*** SUMMARY ***
Total pot $2.50 | Rake $0 
Seat 1: OrioNCOOL collected ($2.50)
Seat 2: tintin641 folded before Flop (didn't bet)
Seat 3: Qwickone (button) folded before Flop (didn't bet)
Seat 4: Pon4uk.ua (small blind) folded before Flop
Seat 5: mr.Jckpot (big blind) folded before Flop
Seat 6: cryptobotqb8 folded before Flop (didn't bet)



PokerStars Hand #254528717208:  Hold'em No Limit ($0.50/$1.00 USD) - 2025/01/24 13:40:23 WET [2025/01/24 8:40:23 ET]
Table 'Chow III' 6-max Seat #4 is the button
Seat 1: OrioNCOOL ($115.31 in chips) 
Seat 2: tintin641 ($142.38 in chips) 
Seat 3: Qwickone ($62.84 in chips) 
Seat 4: Pon4uk.ua ($100 in chips) 
Seat 5: mr.Jckpot ($108.68 in chips) 
Seat 6: cryptobotqb8 ($95.49 in chips) 
mr.Jckpot: posts small blind $0.50
cryptobotqb8: posts big blind $1
*** HOLE CARDS ***
OrioNCOOL: raises $1.50 to $2.50
tintin641: folds 
Qwickone: folds 
Pon4uk.ua: folds 
mr.Jckpot: folds 
cryptobotqb8: folds 
Uncalled bet ($1.50) returned to OrioNCOOL
OrioNCOOL collected $2.50 from pot
OrioNCOOL: doesn't show hand 
*** SUMMARY ***
Total pot $2.50 | Rake $0 
Seat 1: OrioNCOOL collected ($2.50)
Seat 2: tintin641 folded before Flop (didn't bet)
Seat 3: Qwickone folded before Flop (didn't bet)
Seat 4: Pon4uk.ua (button) folded before Flop (didn't bet)
Seat 5: mr.Jckpot (small blind) folded before Flop
Seat 6: cryptobotqb8 (big blind) folded before Flop



PokerStars Hand #254528718936:  Hold'em No Limit ($0.50/$1.00 USD) - 2025/01/24 13:40:34 WET [2025/01/24 8:40:34 ET]
Table 'Chow III' 6-max Seat #5 is the button
Seat 1: OrioNCOOL ($116.81 in chips) 
Seat 2: tintin641 ($142.38 in chips) 
Seat 3: Qwickone ($62.84 in chips) 
Seat 4: Pon4uk.ua ($100 in chips) 
Seat 5: mr.Jckpot ($108.18 in chips) 
Seat 6: cryptobotqb8 ($94.49 in chips) 
cryptobotqb8: posts small blind $0.50
OrioNCOOL: posts big blind $1
*** HOLE CARDS ***
tintin641: folds 
Qwickone: folds 
Pon4uk.ua: raises $1.50 to $2.50
mr.Jckpot: folds 
cryptobotqb8: folds 
OrioNCOOL: raises $8.50 to $11
Pon4uk.ua: calls $8.50
*** FLOP *** [Qd 4d Ah]
OrioNCOOL: bets $8.69
Pon4uk.ua: folds 
Uncalled bet ($8.69) returned to OrioNCOOL
OrioNCOOL collected $21.38 from pot
OrioNCOOL: doesn't show hand 
*** SUMMARY ***
Total pot $22.50 | Rake $1.12 
Board [Qd 4d Ah]
Seat 1: OrioNCOOL (big blind) collected ($21.38)
Seat 2: tintin641 folded before Flop (didn't bet)
Seat 3: Qwickone folded before Flop (didn't bet)
Seat 4: Pon4uk.ua folded on the Flop
Seat 5: mr.Jckpot (button) folded before Flop (didn't bet)
Seat 6: cryptobotqb8 (small blind) folded before Flop



PokerStars Hand #254528724199:  Hold'em No Limit ($0.50/$1.00 USD) - 2025/01/24 13:41:05 WET [2025/01/24 8:41:05 ET]
Table 'Chow III' 6-max Seat #6 is the button
Seat 1: OrioNCOOL ($127.19 in chips) 
Seat 2: tintin641 ($142.38 in chips) 
Seat 3: Qwickone ($62.84 in chips) 
Seat 4: Pon4uk.ua ($100 in chips) 
Seat 5: mr.Jckpot ($108.18 in chips) 
Seat 6: cryptobotqb8 ($93.99 in chips) 
OrioNCOOL: posts small blind $0.50
tintin641: posts big blind $1
*** HOLE CARDS ***
Qwickone: folds 
Pon4uk.ua: raises $1 to $2
mr.Jckpot: folds 
cryptobotqb8: folds 
OrioNCOOL: folds 
tintin641: folds 
Uncalled bet ($1) returned to Pon4uk.ua
Pon4uk.ua collected $2.50 from pot
Pon4uk.ua: doesn't show hand 
*** SUMMARY ***
Total pot $2.50 | Rake $0 
Seat 1: OrioNCOOL (small blind) folded before Flop
Seat 2: tintin641 (big blind) folded before Flop
Seat 3: Qwickone folded before Flop (didn't bet)
Seat 4: Pon4uk.ua collected ($2.50)
Seat 5: mr.Jckpot folded before Flop (didn't bet)
Seat 6: cryptobotqb8 (button) folded before Flop (didn't bet)



PokerStars Hand #254528727903:  Hold'em No Limit ($0.50/$1.00 USD) - 2025/01/24 13:41:27 WET [2025/01/24 8:41:27 ET]
Table 'Chow III' 6-max Seat #1 is the button
Seat 1: OrioNCOOL ($126.69 in chips) 
Seat 2: tintin641 ($141.38 in chips) 
Seat 3: Qwickone ($62.84 in chips) 
Seat 4: Pon4uk.ua ($101.50 in chips) 
Seat 5: mr.Jckpot ($108.18 in chips) 
Seat 6: cryptobotqb8 ($93.99 in chips) 
tintin641: posts small blind $0.50
Qwickone: posts big blind $1
*** HOLE CARDS ***
Pon4uk.ua: folds 
mr.Jckpot: raises $1.50 to $2.50
cryptobotqb8: calls $2.50
OrioNCOOL: folds 
tintin641: folds 
Qwickone: calls $1.50
*** FLOP *** [4d 7s Js]
Qwickone: checks 
mr.Jckpot: checks 
cryptobotqb8: bets $5
Qwickone: folds 
mr.Jckpot: folds 
Uncalled bet ($5) returned to cryptobotqb8
cryptobotqb8 collected $7.60 from pot
cryptobotqb8: doesn't show hand 
*** SUMMARY ***
Total pot $8 | Rake $0.40 
Board [4d 7s Js]
Seat 1: OrioNCOOL (button) folded before Flop (didn't bet)
Seat 2: tintin641 (small blind) folded before Flop
Seat 3: Qwickone (big blind) folded on the Flop
Seat 4: Pon4uk.ua folded before Flop (didn't bet)
Seat 5: mr.Jckpot folded on the Flop
Seat 6: cryptobotqb8 collected ($7.60)



PokerStars Hand #254528735674:  Hold'em No Limit ($0.50/$1.00 USD) - 2025/01/24 13:42:13 WET [2025/01/24 8:42:13 ET]
Table 'Chow III' 6-max Seat #2 is the button
Seat 1: OrioNCOOL ($126.69 in chips) 
Seat 2: tintin641 ($140.88 in chips) 
Seat 3: Qwickone ($60.34 in chips) 
Seat 4: Pon4uk.ua ($101.50 in chips) 
Seat 5: mr.Jckpot ($105.68 in chips) 
Seat 6: cryptobotqb8 ($99.09 in chips) 
Qwickone: posts small blind $0.50
Pon4uk.ua: posts big blind $1
*** HOLE CARDS ***
mr.Jckpot: folds 
cryptobotqb8: folds 
OrioNCOOL: folds 
tintin641: raises $1.50 to $2.50
Qwickone: raises $6.50 to $9
Pon4uk.ua: folds 
tintin641: folds 
Uncalled bet ($6.50) returned to Qwickone
Qwickone collected $6 from pot
*** SUMMARY ***
Total pot $6 | Rake $0 
Seat 1: OrioNCOOL folded before Flop (didn't bet)
Seat 2: tintin641 (button) folded before Flop
Seat 3: Qwickone (small blind) collected ($6)
Seat 4: Pon4uk.ua (big blind) folded before Flop
Seat 5: mr.Jckpot folded before Flop (didn't bet)
Seat 6: cryptobotqb8 folded before Flop (didn't bet)



PokerStars Hand #254528740417:  Hold'em No Limit ($0.50/$1.00 USD) - 2025/01/24 13:42:40 WET [2025/01/24 8:42:40 ET]
Table 'Chow III' 6-max Seat #3 is the button
Seat 1: OrioNCOOL ($126.69 in chips) 
Seat 2: tintin641 ($138.38 in chips) 
Seat 3: Qwickone ($63.84 in chips) 
Seat 4: Pon4uk.ua ($100.50 in chips) 
Seat 5: mr.Jckpot ($105.68 in chips) 
Seat 6: cryptobotqb8 ($99.09 in chips) 
Pon4uk.ua: posts small blind $0.50
mr.Jckpot: posts big blind $1
*** HOLE CARDS ***
cryptobotqb8: raises $2 to $3
OrioNCOOL: raises $6 to $9
tintin641: folds 
Qwickone: folds 
Pon4uk.ua: folds 
mr.Jckpot: folds 
cryptobotqb8: calls $6
*** FLOP *** [Jd 3c 4h]
cryptobotqb8: checks 
OrioNCOOL: bets $10.26
cryptobotqb8: calls $10.26
*** TURN *** [Jd 3c 4h] [9h]
cryptobotqb8: checks 
OrioNCOOL: bets $24.52
cryptobotqb8: folds 
Uncalled bet ($24.52) returned to OrioNCOOL
OrioNCOOL collected $38.02 from pot
OrioNCOOL: doesn't show hand 
*** SUMMARY ***
Total pot $40.02 | Rake $2 
Board [Jd 3c 4h 9h]
Seat 1: OrioNCOOL collected ($38.02)
Seat 2: tintin641 folded before Flop (didn't bet)
Seat 3: Qwickone (button) folded before Flop (didn't bet)
Seat 4: Pon4uk.ua (small blind) folded before Flop
Seat 5: mr.Jckpot (big blind) folded before Flop
Seat 6: cryptobotqb8 folded on the Turn



PokerStars Hand #254528750751:  Hold'em No Limit ($0.50/$1.00 USD) - 2025/01/24 13:43:41 WET [2025/01/24 8:43:41 ET]
Table 'Chow III' 6-max Seat #4 is the button
Seat 1: OrioNCOOL ($145.45 in chips) 
Seat 2: tintin641 ($138.38 in chips) 
Seat 3: Qwickone ($63.84 in chips) 
Seat 4: Pon4uk.ua ($100 in chips) 
Seat 5: mr.Jckpot ($104.68 in chips) 
Seat 6: cryptobotqb8 ($100 in chips) 
mr.Jckpot: posts small blind $0.50
cryptobotqb8: posts big blind $1
*** HOLE CARDS ***
OrioNCOOL: folds 
tintin641: folds 
Qwickone: folds 
Pon4uk.ua: folds 
mr.Jckpot: raises $2 to $3
cryptobotqb8: folds 
Uncalled bet ($2) returned to mr.Jckpot
mr.Jckpot collected $2 from pot
mr.Jckpot: doesn't show hand 
*** SUMMARY ***
Total pot $2 | Rake $0 
Seat 1: OrioNCOOL folded before Flop (didn't bet)
Seat 2: tintin641 folded before Flop (didn't bet)
Seat 3: Qwickone folded before Flop (didn't bet)
Seat 4: Pon4uk.ua (button) folded before Flop (didn't bet)
Seat 5: mr.Jckpot (small blind) collected ($2)
Seat 6: cryptobotqb8 (big blind) folded before Flop



PokerStars Hand #254528754309:  Hold'em No Limit ($0.50/$1.00 USD) - 2025/01/24 13:44:03 WET [2025/01/24 8:44:03 ET]
Table 'Chow III' 6-max Seat #5 is the button
Seat 1: OrioNCOOL ($145.45 in chips) 
Seat 2: tintin641 ($138.38 in chips) 
Seat 3: Qwickone ($63.84 in chips) 
Seat 4: Pon4uk.ua ($100 in chips) 
Seat 5: mr.Jckpot ($105.68 in chips) 
Seat 6: cryptobotqb8 ($99 in chips) 
cryptobotqb8: posts small blind $0.50
OrioNCOOL: posts big blind $1
*** HOLE CARDS ***
tintin641: folds 
Qwickone: folds 
Pon4uk.ua: folds 
mr.Jckpot: folds 
cryptobotqb8: raises $2 to $3
OrioNCOOL: folds 
Uncalled bet ($2) returned to cryptobotqb8
cryptobotqb8 collected $2 from pot
cryptobotqb8: doesn't show hand 
*** SUMMARY ***
Total pot $2 | Rake $0 
Seat 1: OrioNCOOL (big blind) folded before Flop
Seat 2: tintin641 folded before Flop (didn't bet)
Seat 3: Qwickone folded before Flop (didn't bet)
Seat 4: Pon4uk.ua folded before Flop (didn't bet)
Seat 5: mr.Jckpot (button) folded before Flop (didn't bet)
Seat 6: cryptobotqb8 (small blind) collected ($2)



PokerStars Hand #254528758801:  Hold'em No Limit ($0.50/$1.00 USD) - 2025/01/24 13:44:29 WET [2025/01/24 8:44:29 ET]
Table 'Chow III' 6-max Seat #6 is the button
Seat 1: OrioNCOOL ($144.45 in chips) 
Seat 2: tintin641 ($138.38 in chips) 
Seat 3: Qwickone ($63.84 in chips) 
Seat 4: Pon4uk.ua ($100 in chips) 
Seat 5: mr.Jckpot ($105.68 in chips) 
Seat 6: cryptobotqb8 ($100 in chips) 
OrioNCOOL: posts small blind $0.50
tintin641: posts big blind $1
*** HOLE CARDS ***
Qwickone: folds 
Pon4uk.ua: raises $1 to $2
mr.Jckpot: raises $5 to $7
cryptobotqb8: folds 
OrioNCOOL: folds 
tintin641: folds 
Pon4uk.ua: raises $13 to $20
mr.Jckpot: raises $85.68 to $105.68 and is all-in
Pon4uk.ua: folds 
Uncalled bet ($85.68) returned to mr.Jckpot
mr.Jckpot collected $41.50 from pot
mr.Jckpot: doesn't show hand 
*** SUMMARY ***
Total pot $41.50 | Rake $0 
Seat 1: OrioNCOOL (small blind) folded before Flop
Seat 2: tintin641 (big blind) folded before Flop
Seat 3: Qwickone folded before Flop (didn't bet)
Seat 4: Pon4uk.ua folded before Flop
Seat 5: mr.Jckpot collected ($41.50)
Seat 6: cryptobotqb8 (button) folded before Flop (didn't bet)



PokerStars Hand #254528768389:  Hold'em No Limit ($0.50/$1.00 USD) - 2025/01/24 13:45:25 WET [2025/01/24 8:45:25 ET]
Table 'Chow III' 6-max Seat #1 is the button
Seat 1: OrioNCOOL ($143.95 in chips) 
Seat 2: tintin641 ($137.38 in chips) 
Seat 3: Qwickone ($63.84 in chips) 
Seat 4: Pon4uk.ua ($100 in chips) 
Seat 5: mr.Jckpot ($127.18 in chips) 
Seat 6: cryptobotqb8 ($100 in chips) 
tintin641: posts small blind $0.50
Qwickone: posts big blind $1
*** HOLE CARDS ***
Pon4uk.ua: folds 
mr.Jckpot: folds 
cryptobotqb8: folds 
OrioNCOOL: raises $1.50 to $2.50
tintin641: folds 
Qwickone: calls $1.50
*** FLOP *** [5c 4c 9d]
Qwickone: bets $5.22
OrioNCOOL: folds 
Uncalled bet ($5.22) returned to Qwickone
Qwickone collected $5.22 from pot
*** SUMMARY ***
Total pot $5.50 | Rake $0.28 
Board [5c 4c 9d]
Seat 1: OrioNCOOL (button) folded on the Flop
Seat 2: tintin641 (small blind) folded before Flop
Seat 3: Qwickone (big blind) collected ($5.22)
Seat 4: Pon4uk.ua folded before Flop (didn't bet)
Seat 5: mr.Jckpot folded before Flop (didn't bet)
Seat 6: cryptobotqb8 folded before Flop (didn't bet)



PokerStars Hand #254528773534:  Hold'em No Limit ($0.50/$1.00 USD) - 2025/01/24 13:45:55 WET [2025/01/24 8:45:55 ET]
Table 'Chow III' 6-max Seat #2 is the button
Seat 1: OrioNCOOL ($141.45 in chips) 
Seat 2: tintin641 ($136.88 in chips) 
Seat 3: Qwickone ($66.56 in chips) 
Seat 4: Pon4uk.ua ($100 in chips) 
Seat 5: mr.Jckpot ($127.18 in chips) 
Seat 6: cryptobotqb8 ($100 in chips) 
Qwickone: posts small blind $0.50
Pon4uk.ua: posts big blind $1
*** HOLE CARDS ***
mr.Jckpot: folds 
cryptobotqb8: raises $2.50 to $3.50
OrioNCOOL: folds 
tintin641: raises $6.50 to $10
Qwickone: folds 
Pon4uk.ua: folds 
cryptobotqb8: calls $6.50
*** FLOP *** [6s Qh 8s]
cryptobotqb8: checks 
tintin641: bets $6.74
cryptobotqb8: folds 
Uncalled bet ($6.74) returned to tintin641
tintin641 collected $20.42 from pot
tintin641: doesn't show hand 
*** SUMMARY ***
Total pot $21.50 | Rake $1.08 
Board [6s Qh 8s]
Seat 1: OrioNCOOL folded before Flop (didn't bet)
Seat 2: tintin641 (button) collected ($20.42)
Seat 3: Qwickone (small blind) folded before Flop
Seat 4: Pon4uk.ua (big blind) folded before Flop
Seat 5: mr.Jckpot folded before Flop (didn't bet)
Seat 6: cryptobotqb8 folded on the Flop



PokerStars Hand #254528779125:  Hold'em No Limit ($0.50/$1.00 USD) - 2025/01/24 13:46:27 WET [2025/01/24 8:46:27 ET]
Table 'Chow III' 6-max Seat #3 is the button
Seat 1: OrioNCOOL ($141.45 in chips) 
Seat 2: tintin641 ($147.30 in chips) 
Seat 3: Qwickone ($66.06 in chips) 
Seat 4: Pon4uk.ua ($100 in chips) 
Seat 5: mr.Jckpot ($127.18 in chips) 
Seat 6: cryptobotqb8 ($90 in chips) 
Pon4uk.ua: posts small blind $0.50
mr.Jckpot: posts big blind $1
*** HOLE CARDS ***
cryptobotqb8: raises $2.50 to $3.50
OrioNCOOL: folds 
tintin641: folds 
Qwickone: folds 
Pon4uk.ua: folds 
mr.Jckpot: folds 
Uncalled bet ($2.50) returned to cryptobotqb8
cryptobotqb8 collected $2.50 from pot
cryptobotqb8: doesn't show hand 
*** SUMMARY ***
Total pot $2.50 | Rake $0 
Seat 1: OrioNCOOL folded before Flop (didn't bet)
Seat 2: tintin641 folded before Flop (didn't bet)
Seat 3: Qwickone (button) folded before Flop (didn't bet)
Seat 4: Pon4uk.ua (small blind) folded before Flop
Seat 5: mr.Jckpot (big blind) folded before Flop
Seat 6: cryptobotqb8 collected ($2.50)



PokerStars Hand #254528781244:  Hold'em No Limit ($0.50/$1.00 USD) - 2025/01/24 13:46:39 WET [2025/01/24 8:46:39 ET]
Table 'Chow III' 6-max Seat #4 is the button
Seat 1: OrioNCOOL ($141.45 in chips) 
Seat 2: tintin641 ($147.30 in chips) 
Seat 3: Qwickone ($66.06 in chips) 
Seat 4: Pon4uk.ua ($100 in chips) 
Seat 5: mr.Jckpot ($126.18 in chips) 
Seat 6: cryptobotqb8 ($91.50 in chips) 
mr.Jckpot: posts small blind $0.50
cryptobotqb8: posts big blind $1
*** HOLE CARDS ***
OrioNCOOL: folds 
tintin641: raises $1.50 to $2.50
Qwickone: folds 
Pon4uk.ua: calls $2.50
mr.Jckpot: folds 
cryptobotqb8: calls $1.50
*** FLOP *** [2d 7c 2s]
cryptobotqb8: checks 
tintin641: checks 
Pon4uk.ua: bets $3.80
cryptobotqb8: folds 
tintin641: folds 
Uncalled bet ($3.80) returned to Pon4uk.ua
Pon4uk.ua collected $7.60 from pot
Pon4uk.ua: doesn't show hand 
*** SUMMARY ***
Total pot $8 | Rake $0.40 
Board [2d 7c 2s]
Seat 1: OrioNCOOL folded before Flop (didn't bet)
Seat 2: tintin641 folded on the Flop
Seat 3: Qwickone folded before Flop (didn't bet)
Seat 4: Pon4uk.ua (button) collected ($7.60)
Seat 5: mr.Jckpot (small blind) folded before Flop
Seat 6: cryptobotqb8 (big blind) folded on the Flop



PokerStars Hand #254528789051:  Hold'em No Limit ($0.50/$1.00 USD) - 2025/01/24 13:47:24 WET [2025/01/24 8:47:24 ET]
Table 'Chow III' 6-max Seat #5 is the button
Seat 1: OrioNCOOL ($141.45 in chips) 
Seat 2: tintin641 ($144.80 in chips) 
Seat 3: Qwickone ($66.06 in chips) 
Seat 4: Pon4uk.ua ($105.10 in chips) 
Seat 5: mr.Jckpot ($125.68 in chips) 
Seat 6: cryptobotqb8 ($89 in chips) 
cryptobotqb8: posts small blind $0.50
OrioNCOOL: posts big blind $1
*** HOLE CARDS ***
tintin641: folds 
Qwickone: folds 
Pon4uk.ua: raises $1.50 to $2.50
mr.Jckpot: folds 
cryptobotqb8: folds 
OrioNCOOL: folds 
Uncalled bet ($1.50) returned to Pon4uk.ua
Pon4uk.ua collected $2.50 from pot
Pon4uk.ua: doesn't show hand 
*** SUMMARY ***
Total pot $2.50 | Rake $0 
Seat 1: OrioNCOOL (big blind) folded before Flop
Seat 2: tintin641 folded before Flop (didn't bet)
Seat 3: Qwickone folded before Flop (didn't bet)
Seat 4: Pon4uk.ua collected ($2.50)
Seat 5: mr.Jckpot (button) folded before Flop (didn't bet)
Seat 6: cryptobotqb8 (small blind) folded before Flop



PokerStars Hand #254528791978:  Hold'em No Limit ($0.50/$1.00 USD) - 2025/01/24 13:47:42 WET [2025/01/24 8:47:42 ET]
Table 'Chow III' 6-max Seat #6 is the button
Seat 1: OrioNCOOL ($140.45 in chips) 
Seat 2: tintin641 ($144.80 in chips) 
Seat 3: Qwickone ($66.06 in chips) 
Seat 4: Pon4uk.ua ($106.60 in chips) 
Seat 5: mr.Jckpot ($125.68 in chips) 
Seat 6: cryptobotqb8 ($88.50 in chips) 
OrioNCOOL: posts small blind $0.50
tintin641: posts big blind $1
*** HOLE CARDS ***
Qwickone: folds 
Pon4uk.ua: folds 
mr.Jckpot: folds 
cryptobotqb8: folds 
OrioNCOOL: raises $2 to $3
tintin641: calls $2
*** FLOP *** [3h 2d 4s]
OrioNCOOL: bets $1.85
tintin641: calls $1.85
*** TURN *** [3h 2d 4s] [3s]
OrioNCOOL: bets $5.92
tintin641: folds 
Uncalled bet ($5.92) returned to OrioNCOOL
OrioNCOOL collected $9.22 from pot
OrioNCOOL: doesn't show hand 
*** SUMMARY ***
Total pot $9.70 | Rake $0.48 
Board [3h 2d 4s 3s]
Seat 1: OrioNCOOL (small blind) collected ($9.22)
Seat 2: tintin641 (big blind) folded on the Turn
Seat 3: Qwickone folded before Flop (didn't bet)
Seat 4: Pon4uk.ua folded before Flop (didn't bet)
Seat 5: mr.Jckpot folded before Flop (didn't bet)
Seat 6: cryptobotqb8 (button) folded before Flop (didn't bet)



PokerStars Hand #254528803446:  Hold'em No Limit ($0.50/$1.00 USD) - 2025/01/24 13:48:48 WET [2025/01/24 8:48:48 ET]
Table 'Chow III' 6-max Seat #2 is the button
Seat 2: tintin641 ($139.95 in chips) 
Seat 3: Qwickone ($66.06 in chips) 
Seat 4: Pon4uk.ua ($106.60 in chips) 
Seat 5: mr.Jckpot ($125.68 in chips) 
Seat 6: cryptobotqb8 ($100 in chips) 
Qwickone: posts small blind $0.50
Pon4uk.ua: posts big blind $1
*** HOLE CARDS ***
mr.Jckpot: folds 
cryptobotqb8: folds 
tintin641: raises $1.50 to $2.50
Qwickone: folds 
Pon4uk.ua: calls $1.50
*** FLOP *** [Ks Ah Qh]
Pon4uk.ua: checks 
tintin641: bets $3.92
Pon4uk.ua: folds 
Uncalled bet ($3.92) returned to tintin641
tintin641 collected $5.22 from pot
tintin641: doesn't show hand 
*** SUMMARY ***
Total pot $5.50 | Rake $0.28 
Board [Ks Ah Qh]
Seat 2: tintin641 (button) collected ($5.22)
Seat 3: Qwickone (small blind) folded before Flop
Seat 4: Pon4uk.ua (big blind) folded on the Flop
Seat 5: mr.Jckpot folded before Flop (didn't bet)
Seat 6: cryptobotqb8 folded before Flop (didn't bet)



PokerStars Hand #254528809639:  Hold'em No Limit ($0.50/$1.00 USD) - 2025/01/24 13:49:23 WET [2025/01/24 8:49:23 ET]
Table 'Chow III' 6-max Seat #3 is the button
Seat 3: Qwickone ($65.56 in chips) 
Seat 4: Pon4uk.ua ($104.10 in chips) 
Seat 5: mr.Jckpot ($125.68 in chips) 
Seat 6: cryptobotqb8 ($100 in chips) 
Pon4uk.ua: posts small blind $0.50
mr.Jckpot: posts big blind $1
*** HOLE CARDS ***
cryptobotqb8: folds 
Powerpoint66 joins the table at seat #1 
Qwickone: raises $1.20 to $2.20
Pon4uk.ua: folds 
mr.Jckpot: raises $9.80 to $12
Maximysss85 joins the table at seat #2 
Qwickone: folds 
Uncalled bet ($9.80) returned to mr.Jckpot
mr.Jckpot collected $4.90 from pot
mr.Jckpot: doesn't show hand 
*** SUMMARY ***
Total pot $4.90 | Rake $0 
Seat 3: Qwickone (button) folded before Flop
Seat 4: Pon4uk.ua (small blind) folded before Flop
Seat 5: mr.Jckpot (big blind) collected ($4.90)
Seat 6: cryptobotqb8 folded before Flop (didn't bet)



PokerStars Hand #254528814451:  Hold'em No Limit ($0.50/$1.00 USD) - 2025/01/24 13:49:51 WET [2025/01/24 8:49:51 ET]
Table 'Chow III' 6-max Seat #4 is the button
Seat 1: Powerpoint66 ($80 in chips) is sitting out
Seat 2: Maximysss85 ($100 in chips) is sitting out
Seat 3: Qwickone ($63.36 in chips) 
Seat 4: Pon4uk.ua ($103.60 in chips) 
Seat 5: mr.Jckpot ($128.38 in chips) 
Seat 6: cryptobotqb8 ($100 in chips) 
mr.Jckpot: posts small blind $0.50
cryptobotqb8: posts big blind $1
Powerpoint66: sits out 
Maximysss85: sits out 
*** HOLE CARDS ***
Qwickone: folds 
Pon4uk.ua: folds 
mr.Jckpot: folds 
Uncalled bet ($0.50) returned to cryptobotqb8
cryptobotqb8 collected $1 from pot
cryptobotqb8: doesn't show hand 
*** SUMMARY ***
Total pot $1 | Rake $0 
Seat 1: Powerpoint66
Seat 2: Maximysss85
Seat 3: Qwickone folded before Flop (didn't bet)
Seat 4: Pon4uk.ua (button) folded before Flop (didn't bet)
Seat 5: mr.Jckpot (small blind) folded before Flop
Seat 6: cryptobotqb8 (big blind) collected ($1)



PokerStars Hand #254528816354:  Hold'em No Limit ($0.50/$1.00 USD) - 2025/01/24 13:50:02 WET [2025/01/24 8:50:02 ET]
Table 'Chow III' 6-max Seat #5 is the button
Seat 2: Maximysss85 ($100 in chips) is sitting out
Seat 1: Powerpoint66 ($80 in chips) 
Seat 3: Qwickone ($63.36 in chips) 
Seat 4: Pon4uk.ua ($103.60 in chips) 
Seat 5: mr.Jckpot ($127.88 in chips) 
Seat 6: cryptobotqb8 ($100.50 in chips) 
cryptobotqb8: posts small blind $0.50
Powerpoint66: posts big blind $1
Maximysss85: sits out 
*** HOLE CARDS ***
Qwickone: folds 
Pon4uk.ua: folds 
mr.Jckpot: raises $1.50 to $2.50
cryptobotqb8: folds 
Powerpoint66: folds 
Uncalled bet ($1.50) returned to mr.Jckpot
mr.Jckpot collected $2.50 from pot
mr.Jckpot: doesn't show hand 
*** SUMMARY ***
Total pot $2.50 | Rake $0 
Seat 2: Maximysss85
Seat 1: Powerpoint66 (big blind) folded before Flop
Seat 3: Qwickone folded before Flop (didn't bet)
Seat 4: Pon4uk.ua folded before Flop (didn't bet)
Seat 5: mr.Jckpot (button) collected ($2.50)
Seat 6: cryptobotqb8 (small blind) folded before Flop



PokerStars Hand #254528818779:  Hold'em No Limit ($0.50/$1.00 USD) - 2025/01/24 13:50:16 WET [2025/01/24 8:50:16 ET]
Table 'Chow III' 6-max Seat #6 is the button
Seat 1: Powerpoint66 ($79 in chips) 
Seat 2: Maximysss85 ($100 in chips) 
Seat 3: Qwickone ($63.36 in chips) 
Seat 4: Pon4uk.ua ($103.60 in chips) 
Seat 5: mr.Jckpot ($129.38 in chips) 
Seat 6: cryptobotqb8 ($100 in chips) 
Powerpoint66: posts small blind $0.50
Maximysss85: posts big blind $1
*** HOLE CARDS ***
Qwickone: raises $1.20 to $2.20
Pon4uk.ua: folds 
mr.Jckpot: folds 
cryptobotqb8: raises $5.90 to $8.10
Powerpoint66: folds 
Maximysss85: folds 
Qwickone: calls $5.90
*** FLOP *** [3s Ts Kd]
Qwickone: checks 
cryptobotqb8: bets $16.82
Qwickone: calls $16.82
*** TURN *** [3s Ts Kd] [Td]
Qwickone: checks 
cryptobotqb8: checks 
*** RIVER *** [3s Ts Kd Td] [8s]
Qwickone: bets $38.44 and is all-in
cryptobotqb8: calls $38.44
*** SHOW DOWN ***
Qwickone: shows [Qd Th] (three of a kind, Tens)
cryptobotqb8: shows [Ad Ah] (two pair, Aces and Tens)
Qwickone collected $125.72 from pot
*** SUMMARY ***
Total pot $128.22 | Rake $2.50 
Board [3s Ts Kd Td 8s]
Seat 1: Powerpoint66 (small blind) folded before Flop
Seat 2: Maximysss85 (big blind) folded before Flop
Seat 3: Qwickone showed [Qd Th] and won ($125.72) with three of a kind, Tens
Seat 4: Pon4uk.ua folded before Flop (didn't bet)
Seat 5: mr.Jckpot folded before Flop (didn't bet)
Seat 6: cryptobotqb8 (button) showed [Ad Ah] and lost with two pair, Aces and Tens



PokerStars Hand #254528827788:  Hold'em No Limit ($0.50/$1.00 USD) - 2025/01/24 13:51:09 WET [2025/01/24 8:51:09 ET]
Table 'Chow III' 6-max Seat #1 is the button
Seat 1: Powerpoint66 ($78.50 in chips) 
Seat 2: Maximysss85 ($100 in chips) 
Seat 3: Qwickone ($125.72 in chips) 
Seat 4: Pon4uk.ua ($103.60 in chips) 
Seat 5: mr.Jckpot ($129.38 in chips) 
Seat 6: cryptobotqb8 ($100 in chips) 
Maximysss85: posts small blind $0.50
Qwickone: posts big blind $1
*** HOLE CARDS ***
Pon4uk.ua: folds 
mr.Jckpot: folds 
cryptobotqb8: raises $2.50 to $3.50
Powerpoint66: folds 
Maximysss85: folds 
Qwickone: folds 
Uncalled bet ($2.50) returned to cryptobotqb8
cryptobotqb8 collected $2.50 from pot
cryptobotqb8: doesn't show hand 
*** SUMMARY ***
Total pot $2.50 | Rake $0 
Seat 1: Powerpoint66 (button) folded before Flop (didn't bet)
Seat 2: Maximysss85 (small blind) folded before Flop
Seat 3: Qwickone (big blind) folded before Flop
Seat 4: Pon4uk.ua folded before Flop (didn't bet)
Seat 5: mr.Jckpot folded before Flop (didn't bet)
Seat 6: cryptobotqb8 collected ($2.50)



PokerStars Hand #254528830335:  Hold'em No Limit ($0.50/$1.00 USD) - 2025/01/24 13:51:24 WET [2025/01/24 8:51:24 ET]
Table 'Chow III' 6-max Seat #2 is the button
Seat 1: Powerpoint66 ($78.50 in chips) 
Seat 2: Maximysss85 ($100 in chips) 
Seat 3: Qwickone ($124.72 in chips) 
Seat 4: Pon4uk.ua ($103.60 in chips) 
Seat 5: mr.Jckpot ($129.38 in chips) 
Seat 6: cryptobotqb8 ($101.50 in chips) 
Qwickone: posts small blind $0.50
Pon4uk.ua: posts big blind $1
*** HOLE CARDS ***
mr.Jckpot: folds 
cryptobotqb8: folds 
Powerpoint66: calls $1
Maximysss85: raises $1.75 to $2.75
Qwickone: calls $2.25
Pon4uk.ua: folds 
Powerpoint66: calls $1.75
*** FLOP *** [Qh 5d 4c]
Qwickone: bets $1
Powerpoint66: folds 
Maximysss85: calls $1
*** TURN *** [Qh 5d 4c] [Ac]
Qwickone: checks 
Maximysss85: bets $13.36
Qwickone: folds 
Uncalled bet ($13.36) returned to Maximysss85
Maximysss85 collected $10.69 from pot
Maximysss85: doesn't show hand 
*** SUMMARY ***
Total pot $11.25 | Rake $0.56 
Board [Qh 5d 4c Ac]
Seat 1: Powerpoint66 folded on the Flop
Seat 2: Maximysss85 (button) collected ($10.69)
Seat 3: Qwickone (small blind) folded on the Turn
Seat 4: Pon4uk.ua (big blind) folded before Flop
Seat 5: mr.Jckpot folded before Flop (didn't bet)
Seat 6: cryptobotqb8 folded before Flop (didn't bet)



PokerStars Hand #254528842030:  Hold'em No Limit ($0.50/$1.00 USD) - 2025/01/24 13:52:31 WET [2025/01/24 8:52:31 ET]
Table 'Chow III' 6-max Seat #3 is the button
Seat 1: Powerpoint66 ($75.75 in chips) 
Seat 2: Maximysss85 ($106.94 in chips) 
Seat 3: Qwickone ($120.97 in chips) 
Seat 4: Pon4uk.ua ($102.60 in chips) 
Seat 5: mr.Jckpot ($129.38 in chips) 
Seat 6: cryptobotqb8 ($101.50 in chips) 
Pon4uk.ua: posts small blind $0.50
mr.Jckpot: posts big blind $1
*** HOLE CARDS ***
cryptobotqb8: raises $2.50 to $3.50
Powerpoint66: calls $3.50
Maximysss85: folds 
Qwickone: calls $3.50
Pon4uk.ua: folds 
mr.Jckpot: folds 
*** FLOP *** [Tc 3h 5c]
cryptobotqb8: bets $5.70
Powerpoint66: calls $5.70
Qwickone: calls $5.70
*** TURN *** [Tc 3h 5c] [Jc]
cryptobotqb8: checks 
Powerpoint66: checks 
Qwickone: checks 
*** RIVER *** [Tc 3h 5c Jc] [Ah]
cryptobotqb8: checks 
Powerpoint66: bets $14
Qwickone: calls $14
cryptobotqb8: calls $14
*** SHOW DOWN ***
Powerpoint66: shows [Kc 7c] (a flush, King high)
Qwickone: mucks hand 
cryptobotqb8: mucks hand 
Powerpoint66 collected $67.98 from pot
*** SUMMARY ***
Total pot $71.10 | Rake $3.12 
Board [Tc 3h 5c Jc Ah]
Seat 1: Powerpoint66 showed [Kc 7c] and won ($67.98) with a flush, King high
Seat 2: Maximysss85 folded before Flop (didn't bet)
Seat 3: Qwickone (button) mucked
Seat 4: Pon4uk.ua (small blind) folded before Flop
Seat 5: mr.Jckpot (big blind) folded before Flop
Seat 6: cryptobotqb8 mucked



PokerStars Hand #254528856851:  Hold'em No Limit ($0.50/$1.00 USD) - 2025/01/24 13:53:59 WET [2025/01/24 8:53:59 ET]
Table 'Chow III' 6-max Seat #4 is the button
Seat 1: Powerpoint66 ($120.53 in chips) 
Seat 2: Maximysss85 ($106.94 in chips) 
Seat 3: Qwickone ($97.77 in chips) 
Seat 4: Pon4uk.ua ($102.10 in chips) 
Seat 5: mr.Jckpot ($128.38 in chips) 
Seat 6: cryptobotqb8 ($100 in chips) 
mr.Jckpot: posts small blind $0.50
cryptobotqb8: posts big blind $1
*** HOLE CARDS ***
Powerpoint66: calls $1
Maximysss85: folds 
Qwickone: folds 
Pon4uk.ua: folds 
mr.Jckpot: folds 
cryptobotqb8: raises $2.50 to $3.50
Powerpoint66: calls $2.50
*** FLOP *** [Th 9c 8c]
cryptobotqb8: bets $7.12
Powerpoint66: folds 
Uncalled bet ($7.12) returned to cryptobotqb8
cryptobotqb8 collected $7.12 from pot
cryptobotqb8: doesn't show hand 
*** SUMMARY ***
Total pot $7.50 | Rake $0.38 
Board [Th 9c 8c]
Seat 1: Powerpoint66 folded on the Flop
Seat 2: Maximysss85 folded before Flop (didn't bet)
Seat 3: Qwickone folded before Flop (didn't bet)
Seat 4: Pon4uk.ua (button) folded before Flop (didn't bet)
Seat 5: mr.Jckpot (small blind) folded before Flop
Seat 6: cryptobotqb8 (big blind) collected ($7.12)



PokerStars Hand #254528861343:  Hold'em No Limit ($0.50/$1.00 USD) - 2025/01/24 13:54:26 WET [2025/01/24 8:54:26 ET]
Table 'Chow III' 6-max Seat #5 is the button
Seat 1: Powerpoint66 ($117.03 in chips) 
Seat 2: Maximysss85 ($106.94 in chips) 
Seat 3: Qwickone ($97.77 in chips) 
Seat 4: Pon4uk.ua ($102.10 in chips) 
Seat 5: mr.Jckpot ($127.88 in chips) 
Seat 6: cryptobotqb8 ($103.62 in chips) 
cryptobotqb8: posts small blind $0.50
Powerpoint66: posts big blind $1
*** HOLE CARDS ***
Maximysss85: folds 
Qwickone: raises $1.20 to $2.20
Pon4uk.ua: folds 
mr.Jckpot: folds 
cryptobotqb8: folds 
Powerpoint66: calls $1.20
*** FLOP *** [Jd 7c 2h]
Powerpoint66: bets $4.66
Qwickone: calls $4.66
*** TURN *** [Jd 7c 2h] [Ah]
Powerpoint66: checks 
Qwickone: checks 
*** RIVER *** [Jd 7c 2h Ah] [2d]
Powerpoint66: checks 
Qwickone: checks 
*** SHOW DOWN ***
Powerpoint66: shows [Qh Js] (two pair, Jacks and Deuces)
Qwickone: shows [Jc Ts] (two pair, Jacks and Deuces)
Powerpoint66 collected $6.67 from pot
Qwickone collected $6.75 from pot
*** SUMMARY ***
Total pot $14.22 | Rake $0.80 
Board [Jd 7c 2h Ah 2d]
Seat 1: Powerpoint66 (big blind) showed [Qh Js] and won ($6.67) with two pair, Jacks and Deuces
Seat 2: Maximysss85 folded before Flop (didn't bet)
Seat 3: Qwickone showed [Jc Ts] and won ($6.75) with two pair, Jacks and Deuces
Seat 4: Pon4uk.ua folded before Flop (didn't bet)
Seat 5: mr.Jckpot (button) folded before Flop (didn't bet)
Seat 6: cryptobotqb8 (small blind) folded before Flop



PokerStars Hand #254528866997:  Hold'em No Limit ($0.50/$1.00 USD) - 2025/01/24 13:55:00 WET [2025/01/24 8:55:00 ET]
Table 'Chow III' 6-max Seat #6 is the button
Seat 1: Powerpoint66 ($116.84 in chips) 
Seat 2: Maximysss85 ($106.94 in chips) 
Seat 3: Qwickone ($97.66 in chips) 
Seat 4: Pon4uk.ua ($102.10 in chips) 
Seat 5: mr.Jckpot ($127.88 in chips) 
Seat 6: cryptobotqb8 ($103.12 in chips) 
Powerpoint66: posts small blind $0.50
Maximysss85: posts big blind $1
*** HOLE CARDS ***
Qwickone: folds 
Pon4uk.ua: folds 
mr.Jckpot: folds 
cryptobotqb8: raises $5 to $6
Powerpoint66: folds 
Maximysss85: folds 
Uncalled bet ($5) returned to cryptobotqb8
cryptobotqb8 collected $2.50 from pot
cryptobotqb8: doesn't show hand 
*** SUMMARY ***
Total pot $2.50 | Rake $0 
Seat 1: Powerpoint66 (small blind) folded before Flop
Seat 2: Maximysss85 (big blind) folded before Flop
Seat 3: Qwickone folded before Flop (didn't bet)
Seat 4: Pon4uk.ua folded before Flop (didn't bet)
Seat 5: mr.Jckpot folded before Flop (didn't bet)
Seat 6: cryptobotqb8 (button) collected ($2.50)



PokerStars Hand #254528870003:  Hold'em No Limit ($0.50/$1.00 USD) - 2025/01/24 13:55:19 WET [2025/01/24 8:55:19 ET]
Table 'Chow III' 6-max Seat #1 is the button
Seat 1: Powerpoint66 ($116.34 in chips) 
Seat 2: Maximysss85 ($105.94 in chips) 
Seat 3: Qwickone ($97.66 in chips) 
Seat 4: Pon4uk.ua ($102.10 in chips) 
Seat 5: mr.Jckpot ($127.88 in chips) 
Seat 6: cryptobotqb8 ($104.62 in chips) 
Maximysss85: posts small blind $0.50
Qwickone: posts big blind $1
*** HOLE CARDS ***
Pon4uk.ua: folds 
mr.Jckpot: raises $1.50 to $2.50
cryptobotqb8: calls $2.50
Powerpoint66: folds 
Maximysss85: raises $10.63 to $13.13
Qwickone: folds 
mr.Jckpot: folds 
cryptobotqb8: calls $10.63
*** FLOP *** [Jc 8d 6s]
Maximysss85: bets $11.31
cryptobotqb8: folds 
Uncalled bet ($11.31) returned to Maximysss85
Maximysss85 collected $28.27 from pot
Maximysss85: doesn't show hand 
*** SUMMARY ***
Total pot $29.76 | Rake $1.49 
Board [Jc 8d 6s]
Seat 1: Powerpoint66 (button) folded before Flop (didn't bet)
Seat 2: Maximysss85 (small blind) collected ($28.27)
Seat 3: Qwickone (big blind) folded before Flop
Seat 4: Pon4uk.ua folded before Flop (didn't bet)
Seat 5: mr.Jckpot folded before Flop
Seat 6: cryptobotqb8 folded on the Flop



PokerStars Hand #254528873155:  Hold'em No Limit ($0.50/$1.00 USD) - 2025/01/24 13:55:42 WET [2025/01/24 8:55:42 ET]
Table 'Chow III' 6-max Seat #2 is the button
Seat 1: Powerpoint66 ($116.34 in chips) 
Seat 2: Maximysss85 ($121.08 in chips) 
Seat 3: Qwickone ($96.66 in chips) 
Seat 4: Pon4uk.ua ($102.10 in chips) 
Seat 5: mr.Jckpot ($125.38 in chips) 
Seat 6: cryptobotqb8 ($91.49 in chips) 
Qwickone: posts small blind $0.50
Pon4uk.ua: posts big blind $1
*** HOLE CARDS ***
mr.Jckpot: raises $1.50 to $2.50
cryptobotqb8: folds 
Powerpoint66: folds 
Maximysss85: folds 
Qwickone: folds 
Pon4uk.ua: folds 
Uncalled bet ($1.50) returned to mr.Jckpot
mr.Jckpot collected $2.50 from pot
mr.Jckpot: doesn't show hand 
*** SUMMARY ***
Total pot $2.50 | Rake $0 
Seat 1: Powerpoint66 folded before Flop (didn't bet)
Seat 2: Maximysss85 (button) folded before Flop (didn't bet)
Seat 3: Qwickone (small blind) folded before Flop
Seat 4: Pon4uk.ua (big blind) folded before Flop
Seat 5: mr.Jckpot collected ($2.50)
Seat 6: cryptobotqb8 folded before Flop (didn't bet)



PokerStars Hand #254528876583:  Hold'em No Limit ($0.50/$1.00 USD) - 2025/01/24 13:56:08 WET [2025/01/24 8:56:08 ET]
Table 'Chow III' 6-max Seat #3 is the button
Seat 1: Powerpoint66 ($116.34 in chips) 
Seat 2: Maximysss85 ($121.08 in chips) 
Seat 3: Qwickone ($96.16 in chips) 
Seat 4: Pon4uk.ua ($101.10 in chips) 
Seat 5: mr.Jckpot ($126.88 in chips) 
Seat 6: cryptobotqb8 ($91.49 in chips) 
Pon4uk.ua: posts small blind $0.50
mr.Jckpot: posts big blind $1
*** HOLE CARDS ***
cryptobotqb8: folds 
Powerpoint66: calls $1
Maximysss85: raises $1.75 to $2.75
Qwickone: folds 
Pon4uk.ua: folds 
mr.Jckpot: calls $1.75
Powerpoint66: calls $1.75
*** FLOP *** [Qc 6c Qh]
mr.Jckpot: checks 
Powerpoint66: checks 
Maximysss85: checks 
*** TURN *** [Qc 6c Qh] [5s]
mr.Jckpot: checks 
Powerpoint66: checks 
Maximysss85: checks 
*** RIVER *** [Qc 6c Qh 5s] [9d]
mr.Jckpot: checks 
Powerpoint66: checks 
Maximysss85: checks 
*** SHOW DOWN ***
mr.Jckpot: shows [2c 2s] (two pair, Queens and Deuces)
Powerpoint66: mucks hand 
Maximysss85: mucks hand 
mr.Jckpot collected $8.31 from pot
cryptobotqb8 leaves the table
*** SUMMARY ***
Total pot $8.75 | Rake $0.44 
Board [Qc 6c Qh 5s 9d]
Seat 1: Powerpoint66 mucked
Seat 2: Maximysss85 mucked
Seat 3: Qwickone (button) folded before Flop (didn't bet)
Seat 4: Pon4uk.ua (small blind) folded before Flop
Seat 5: mr.Jckpot (big blind) showed [2c 2s] and won ($8.31) with two pair, Queens and Deuces
Seat 6: cryptobotqb8 folded before Flop (didn't bet)



PokerStars Hand #254528887292:  Hold'em No Limit ($0.50/$1.00 USD) - 2025/01/24 13:57:25 WET [2025/01/24 8:57:25 ET]
Table 'Chow III' 6-max Seat #4 is the button
Seat 1: Powerpoint66 ($113.59 in chips) 
Seat 2: Maximysss85 ($118.33 in chips) 
Seat 3: Qwickone ($96.16 in chips) 
Seat 4: Pon4uk.ua ($100.60 in chips) 
Seat 5: mr.Jckpot ($132.44 in chips) 
mr.Jckpot: posts small blind $0.50
Powerpoint66: posts big blind $1
*** HOLE CARDS ***
Maximysss85: folds 
Qwickone: folds 
Pon4uk.ua: raises $1.50 to $2.50
mr.Jckpot: folds 
Powerpoint66: folds 
Uncalled bet ($1.50) returned to Pon4uk.ua
Pon4uk.ua collected $2.50 from pot
Pon4uk.ua: doesn't show hand 
*** SUMMARY ***
Total pot $2.50 | Rake $0 
Seat 1: Powerpoint66 (big blind) folded before Flop
Seat 2: Maximysss85 folded before Flop (didn't bet)
Seat 3: Qwickone folded before Flop (didn't bet)
Seat 4: Pon4uk.ua (button) collected ($2.50)
Seat 5: mr.Jckpot (small blind) folded before Flop



PokerStars Hand #254528888902:  Hold'em No Limit ($0.50/$1.00 USD) - 2025/01/24 13:57:37 WET [2025/01/24 8:57:37 ET]
Table 'Chow III' 6-max Seat #5 is the button
Seat 1: Powerpoint66 ($112.59 in chips) 
Seat 2: Maximysss85 ($118.33 in chips) 
Seat 3: Qwickone ($96.16 in chips) 
Seat 4: Pon4uk.ua ($102.10 in chips) 
Seat 5: mr.Jckpot ($131.94 in chips) 
Powerpoint66: posts small blind $0.50
Maximysss85: posts big blind $1
*** HOLE CARDS ***
Qwickone: folds 
Pon4uk.ua: folds 
mr.Jckpot: folds 
Powerpoint66: folds 
Uncalled bet ($0.50) returned to Maximysss85
Maximysss85 collected $1 from pot
Maximysss85: doesn't show hand 
*** SUMMARY ***
Total pot $1 | Rake $0 
Seat 1: Powerpoint66 (small blind) folded before Flop
Seat 2: Maximysss85 (big blind) collected ($1)
Seat 3: Qwickone folded before Flop (didn't bet)
Seat 4: Pon4uk.ua folded before Flop (didn't bet)
Seat 5: mr.Jckpot (button) folded before Flop (didn't bet)



PokerStars Hand #254528890768:  Hold'em No Limit ($0.50/$1.00 USD) - 2025/01/24 13:57:51 WET [2025/01/24 8:57:51 ET]
Table 'Chow III' 6-max Seat #1 is the button
Seat 1: Powerpoint66 ($112.09 in chips) 
Seat 2: Maximysss85 ($118.83 in chips) 
Seat 3: Qwickone ($96.16 in chips) 
Seat 4: Pon4uk.ua ($102.10 in chips) 
Seat 5: mr.Jckpot ($131.94 in chips) 
Maximysss85: posts small blind $0.50
Qwickone: posts big blind $1
*** HOLE CARDS ***
Pon4uk.ua: folds 
mr.Jckpot: folds 
Powerpoint66: calls $1
Maximysss85: folds 
Qwickone: checks 
*** FLOP *** [6h 8d 6s]
Pigumelis joins the table at seat #6 
Qwickone: checks 
Powerpoint66: checks 
*** TURN *** [6h 8d 6s] [Ks]
Qwickone: bets $1.19
Powerpoint66: calls $1.19
*** RIVER *** [6h 8d 6s Ks] [3d]
Qwickone: checks 
Powerpoint66: checks 
*** SHOW DOWN ***
Qwickone: shows [7s Ts] (a pair of Sixes)
Powerpoint66: shows [8c Jc] (two pair, Eights and Sixes)
Powerpoint66 collected $4.58 from pot
*** SUMMARY ***
Total pot $4.88 | Rake $0.30 
Board [6h 8d 6s Ks 3d]
Seat 1: Powerpoint66 (button) showed [8c Jc] and won ($4.58) with two pair, Eights and Sixes
Seat 2: Maximysss85 (small blind) folded before Flop
Seat 3: Qwickone (big blind) showed [7s Ts] and lost with a pair of Sixes
Seat 4: Pon4uk.ua folded before Flop (didn't bet)
Seat 5: mr.Jckpot folded before Flop (didn't bet)



PokerStars Hand #254528894867:  Hold'em No Limit ($0.50/$1.00 USD) - 2025/01/24 13:58:21 WET [2025/01/24 8:58:21 ET]
Table 'Chow III' 6-max Seat #2 is the button
Seat 6: Pigumelis ($100 in chips) is sitting out
Seat 1: Powerpoint66 ($114.48 in chips) 
Seat 2: Maximysss85 ($118.33 in chips) 
Seat 3: Qwickone ($93.97 in chips) 
Seat 4: Pon4uk.ua ($102.10 in chips) 
Seat 5: mr.Jckpot ($131.94 in chips) 
Qwickone: posts small blind $0.50
Pon4uk.ua: posts big blind $1
Pigumelis: sits out 
*** HOLE CARDS ***
mr.Jckpot: folds 
Powerpoint66: calls $1
Maximysss85: folds 
Qwickone: raises $3 to $4
Pon4uk.ua: folds 
Powerpoint66: calls $3
*** FLOP *** [9h 6h Kc]
Qwickone: bets $5.13
Powerpoint66: folds 
Uncalled bet ($5.13) returned to Qwickone
Qwickone collected $8.55 from pot
*** SUMMARY ***
Total pot $9 | Rake $0.45 
Board [9h 6h Kc]
Seat 6: Pigumelis
Seat 1: Powerpoint66 folded on the Flop
Seat 2: Maximysss85 (button) folded before Flop (didn't bet)
Seat 3: Qwickone (small blind) collected ($8.55)
Seat 4: Pon4uk.ua (big blind) folded before Flop
Seat 5: mr.Jckpot folded before Flop (didn't bet)



PokerStars Hand #254528900112:  Hold'em No Limit ($0.50/$1.00 USD) - 2025/01/24 13:58:59 WET [2025/01/24 8:58:59 ET]
Table 'Chow III' 6-max Seat #3 is the button
Seat 6: Pigumelis ($100 in chips) is sitting out
Seat 1: Powerpoint66 ($110.48 in chips) 
Seat 2: Maximysss85 ($118.33 in chips) 
Seat 3: Qwickone ($98.52 in chips) 
Seat 4: Pon4uk.ua ($101.10 in chips) 
Seat 5: mr.Jckpot ($131.94 in chips) 
Pon4uk.ua: posts small blind $0.50
mr.Jckpot: posts big blind $1
Pigumelis: sits out 
*** HOLE CARDS ***
Powerpoint66: folds 
Maximysss85: folds 
Qwickone: raises $1.20 to $2.20
Pon4uk.ua: folds 
mr.Jckpot: folds 
Uncalled bet ($1.20) returned to Qwickone
Qwickone collected $2.50 from pot
*** SUMMARY ***
Total pot $2.50 | Rake $0 
Seat 6: Pigumelis
Seat 1: Powerpoint66 folded before Flop (didn't bet)
Seat 2: Maximysss85 folded before Flop (didn't bet)
Seat 3: Qwickone (button) collected ($2.50)
Seat 4: Pon4uk.ua (small blind) folded before Flop
Seat 5: mr.Jckpot (big blind) folded before Flop



PokerStars Hand #254528902201:  Hold'em No Limit ($0.50/$1.00 USD) - 2025/01/24 13:59:14 WET [2025/01/24 8:59:14 ET]
Table 'Chow III' 6-max Seat #4 is the button
Seat 1: Powerpoint66 ($110.48 in chips) 
Seat 2: Maximysss85 ($118.33 in chips) 
Seat 3: Qwickone ($100.02 in chips) 
Seat 4: Pon4uk.ua ($100.60 in chips) 
Seat 5: mr.Jckpot ($130.94 in chips) 
Seat 6: Pigumelis ($100 in chips) 
mr.Jckpot: posts small blind $0.50
Pigumelis: posts big blind $1
*** HOLE CARDS ***
Powerpoint66: calls $1
Maximysss85: folds 
Qwickone: folds 
Pon4uk.ua: folds 
mr.Jckpot: raises $3.50 to $4.50
Pigumelis: folds 
Powerpoint66: calls $3.50
*** FLOP *** [4s Jh 2h]
mr.Jckpot: bets $5.23
Powerpoint66: folds 
Uncalled bet ($5.23) returned to mr.Jckpot
mr.Jckpot collected $9.50 from pot
mr.Jckpot: doesn't show hand 
*** SUMMARY ***
Total pot $10 | Rake $0.50 
Board [4s Jh 2h]
Seat 1: Powerpoint66 folded on the Flop
Seat 2: Maximysss85 folded before Flop (didn't bet)
Seat 3: Qwickone folded before Flop (didn't bet)
Seat 4: Pon4uk.ua (button) folded before Flop (didn't bet)
Seat 5: mr.Jckpot (small blind) collected ($9.50)
Seat 6: Pigumelis (big blind) folded before Flop



PokerStars Hand #254528905446:  Hold'em No Limit ($0.50/$1.00 USD) - 2025/01/24 13:59:38 WET [2025/01/24 8:59:38 ET]
Table 'Chow III' 6-max Seat #5 is the button
Seat 1: Powerpoint66 ($105.98 in chips) 
Seat 2: Maximysss85 ($118.33 in chips) 
Seat 3: Qwickone ($100.02 in chips) 
Seat 4: Pon4uk.ua ($100.60 in chips) 
Seat 5: mr.Jckpot ($135.94 in chips) 
Seat 6: Pigumelis ($100 in chips) 
Pigumelis: posts small blind $0.50
Powerpoint66: posts big blind $1
*** HOLE CARDS ***
Maximysss85: folds 
Qwickone: folds 
Pon4uk.ua: folds 
mr.Jckpot: folds 
Pigumelis: raises $1.50 to $2.50
Powerpoint66: folds 
Uncalled bet ($1.50) returned to Pigumelis
Pigumelis collected $2 from pot
Pigumelis: doesn't show hand 
*** SUMMARY ***
Total pot $2 | Rake $0 
Seat 1: Powerpoint66 (big blind) folded before Flop
Seat 2: Maximysss85 folded before Flop (didn't bet)
Seat 3: Qwickone folded before Flop (didn't bet)
Seat 4: Pon4uk.ua folded before Flop (didn't bet)
Seat 5: mr.Jckpot (button) folded before Flop (didn't bet)
Seat 6: Pigumelis (small blind) collected ($2)



PokerStars Hand #254528907156:  Hold'em No Limit ($0.50/$1.00 USD) - 2025/01/24 13:59:51 WET [2025/01/24 8:59:51 ET]
Table 'Chow III' 6-max Seat #6 is the button
Seat 1: Powerpoint66 ($104.98 in chips) 
Seat 2: Maximysss85 ($118.33 in chips) 
Seat 3: Qwickone ($100.02 in chips) 
Seat 4: Pon4uk.ua ($100.60 in chips) 
Seat 5: mr.Jckpot ($135.94 in chips) 
Seat 6: Pigumelis ($101 in chips) 
Powerpoint66: posts small blind $0.50
Maximysss85: posts big blind $1
*** HOLE CARDS ***
Qwickone: folds 
Pon4uk.ua: raises $1.50 to $2.50
mr.Jckpot: folds 
Pigumelis: raises $5 to $7.50
Powerpoint66: folds 
Maximysss85: folds 
Pon4uk.ua: calls $5
*** FLOP *** [Qh 6d Ts]
Pon4uk.ua: checks 
Pigumelis: bets $5.17
Pon4uk.ua: calls $5.17
*** TURN *** [Qh 6d Ts] [5d]
Pon4uk.ua: checks 
Pigumelis: bets $17.85
Pon4uk.ua: raises $70.08 to $87.93 and is all-in
Pigumelis: folds 
Uncalled bet ($70.08) returned to Pon4uk.ua
Pon4uk.ua collected $60.04 from pot
Pon4uk.ua: doesn't show hand 
*** SUMMARY ***
Total pot $62.54 | Rake $2.50 
Board [Qh 6d Ts 5d]
Seat 1: Powerpoint66 (small blind) folded before Flop
Seat 2: Maximysss85 (big blind) folded before Flop
Seat 3: Qwickone folded before Flop (didn't bet)
Seat 4: Pon4uk.ua collected ($60.04)
Seat 5: mr.Jckpot folded before Flop (didn't bet)
Seat 6: Pigumelis (button) folded on the Turn



PokerStars Hand #254528919770:  Hold'em No Limit ($0.50/$1.00 USD) - 2025/01/24 14:01:15 WET [2025/01/24 9:01:15 ET]
Table 'Chow III' 6-max Seat #1 is the button
Seat 1: Powerpoint66 ($104.48 in chips) 
Seat 2: Maximysss85 ($117.33 in chips) 
Seat 3: Qwickone ($100.02 in chips) 
Seat 4: Pon4uk.ua ($130.12 in chips) 
Seat 5: mr.Jckpot ($135.94 in chips) 
Seat 6: Pigumelis ($100 in chips) 
Maximysss85: posts small blind $0.50
Qwickone: posts big blind $1
*** HOLE CARDS ***
Pon4uk.ua: folds 
mr.Jckpot: folds 
Pigumelis: folds 
Powerpoint66: folds 
Maximysss85: raises $2 to $3
Qwickone: folds 
Uncalled bet ($2) returned to Maximysss85
Maximysss85 collected $2 from pot
Maximysss85: doesn't show hand 
*** SUMMARY ***
Total pot $2 | Rake $0 
Seat 1: Powerpoint66 (button) folded before Flop (didn't bet)
Seat 2: Maximysss85 (small blind) collected ($2)
Seat 3: Qwickone (big blind) folded before Flop
Seat 4: Pon4uk.ua folded before Flop (didn't bet)
Seat 5: mr.Jckpot folded before Flop (didn't bet)
Seat 6: Pigumelis folded before Flop (didn't bet)



PokerStars Hand #254528922716:  Hold'em No Limit ($0.50/$1.00 USD) - 2025/01/24 14:01:32 WET [2025/01/24 9:01:32 ET]
Table 'Chow III' 6-max Seat #2 is the button
Seat 1: Powerpoint66 ($104.48 in chips) 
Seat 2: Maximysss85 ($118.33 in chips) 
Seat 3: Qwickone ($99.02 in chips) 
Seat 4: Pon4uk.ua ($130.12 in chips) 
Seat 5: mr.Jckpot ($135.94 in chips) 
Seat 6: Pigumelis ($100 in chips) 
Qwickone: posts small blind $0.50
Pon4uk.ua: posts big blind $1
*** HOLE CARDS ***
mr.Jckpot: raises $1.50 to $2.50
Pigumelis: folds 
Powerpoint66: folds 
Maximysss85: folds 
Qwickone: calls $2
Pon4uk.ua: calls $1.50
*** FLOP *** [Ac 9c 4d]
Qwickone: checks 
Pon4uk.ua: checks 
mr.Jckpot: bets $3.92
Qwickone: calls $3.92
Pon4uk.ua: folds 
*** TURN *** [Ac 9c 4d] [2s]
Qwickone: checks 
mr.Jckpot: bets $9.47
Qwickone: folds 
Uncalled bet ($9.47) returned to mr.Jckpot
mr.Jckpot collected $14.57 from pot
mr.Jckpot: doesn't show hand 
*** SUMMARY ***
Total pot $15.34 | Rake $0.77 
Board [Ac 9c 4d 2s]
Seat 1: Powerpoint66 folded before Flop (didn't bet)
Seat 2: Maximysss85 (button) folded before Flop (didn't bet)
Seat 3: Qwickone (small blind) folded on the Turn
Seat 4: Pon4uk.ua (big blind) folded on the Flop
Seat 5: mr.Jckpot collected ($14.57)
Seat 6: Pigumelis folded before Flop (didn't bet)



PokerStars Hand #254528932648:  Hold'em No Limit ($0.50/$1.00 USD) - 2025/01/24 14:02:30 WET [2025/01/24 9:02:30 ET]
Table 'Chow III' 6-max Seat #3 is the button
Seat 1: Powerpoint66 ($104.48 in chips) 
Seat 2: Maximysss85 ($118.33 in chips) 
Seat 3: Qwickone ($92.60 in chips) 
Seat 4: Pon4uk.ua ($127.62 in chips) 
Seat 5: mr.Jckpot ($144.09 in chips) 
Seat 6: Pigumelis ($100 in chips) 
Pon4uk.ua: posts small blind $0.50
mr.Jckpot: posts big blind $1
*** HOLE CARDS ***
Pigumelis: folds 
Powerpoint66 has timed out
Powerpoint66: folds 
Maximysss85: folds 
Qwickone: folds 
Pon4uk.ua: folds 
Uncalled bet ($0.50) returned to mr.Jckpot
mr.Jckpot collected $1 from pot
mr.Jckpot: doesn't show hand 
*** SUMMARY ***
Total pot $1 | Rake $0 
Seat 1: Powerpoint66 folded before Flop (didn't bet)
Seat 2: Maximysss85 folded before Flop (didn't bet)
Seat 3: Qwickone (button) folded before Flop (didn't bet)
Seat 4: Pon4uk.ua (small blind) folded before Flop
Seat 5: mr.Jckpot (big blind) collected ($1)
Seat 6: Pigumelis folded before Flop (didn't bet)



PokerStars Hand #254528936687:  Hold'em No Limit ($0.50/$1.00 USD) - 2025/01/24 14:02:53 WET [2025/01/24 9:02:53 ET]
Table 'Chow III' 6-max Seat #4 is the button
Seat 1: Powerpoint66 ($104.48 in chips) is sitting out
Seat 2: Maximysss85 ($118.33 in chips) 
Seat 3: Qwickone ($92.60 in chips) 
Seat 4: Pon4uk.ua ($127.12 in chips) 
Seat 5: mr.Jckpot ($144.59 in chips) 
Seat 6: Pigumelis ($100 in chips) 
mr.Jckpot: posts small blind $0.50
Pigumelis: posts big blind $1
*** HOLE CARDS ***
Maximysss85: folds 
Qwickone: folds 
Pon4uk.ua: raises $1.50 to $2.50
mr.Jckpot: raises $9.50 to $12
Pigumelis: folds 
Pon4uk.ua: calls $9.50
*** FLOP *** [6c Kd 5s]
mr.Jckpot: bets $7.84
Pon4uk.ua: calls $7.84
*** TURN *** [6c Kd 5s] [Ah]
mr.Jckpot: bets $16.50
Pon4uk.ua: calls $16.50
*** RIVER *** [6c Kd 5s Ah] [Ac]
mr.Jckpot: checks 
Pon4uk.ua: checks 
*** SHOW DOWN ***
mr.Jckpot: shows [Td Ts] (two pair, Aces and Tens)
Pon4uk.ua: shows [Ad Th] (three of a kind, Aces)
Pon4uk.ua collected $71.18 from pot
*** SUMMARY ***
Total pot $73.68 | Rake $2.50 
Board [6c Kd 5s Ah Ac]
Seat 1: Powerpoint66
Seat 2: Maximysss85 folded before Flop (didn't bet)
Seat 3: Qwickone folded before Flop (didn't bet)
Seat 4: Pon4uk.ua (button) showed [Ad Th] and won ($71.18) with three of a kind, Aces
Seat 5: mr.Jckpot (small blind) showed [Td Ts] and lost with two pair, Aces and Tens
Seat 6: Pigumelis (big blind) folded before Flop



PokerStars Hand #254528947012:  Hold'em No Limit ($0.50/$1.00 USD) - 2025/01/24 14:03:51 WET [2025/01/24 9:03:51 ET]
Table 'Chow III' 6-max Seat #5 is the button
Seat 1: Powerpoint66 ($104.48 in chips) is sitting out
Seat 2: Maximysss85 ($118.33 in chips) 
Seat 3: Qwickone ($92.60 in chips) 
Seat 4: Pon4uk.ua ($161.96 in chips) 
Seat 5: mr.Jckpot ($108.25 in chips) 
Seat 6: Pigumelis ($100 in chips) 
Pigumelis: posts small blind $0.50
Maximysss85: posts big blind $1
*** HOLE CARDS ***
Qwickone: folds 
Pon4uk.ua: folds 
mr.Jckpot: folds 
Pigumelis: raises $1.50 to $2.50
Maximysss85: calls $1.50
*** FLOP *** [5h 4s Ac]
Pigumelis: checks 
Maximysss85: checks 
*** TURN *** [5h 4s Ac] [Td]
Pigumelis: bets $6.32
Maximysss85: calls $6.32
*** RIVER *** [5h 4s Ac Td] [Kc]
Pigumelis: bets $11.73
Maximysss85: raises $40.22 to $51.95
Pigumelis has timed out
Pigumelis: folds 
Uncalled bet ($40.22) returned to Maximysss85
Maximysss85 collected $39.04 from pot
Maximysss85: doesn't show hand 
*** SUMMARY ***
Total pot $41.10 | Rake $2.06 
Board [5h 4s Ac Td Kc]
Seat 1: Powerpoint66
Seat 2: Maximysss85 (big blind) collected ($39.04)
Seat 3: Qwickone folded before Flop (didn't bet)
Seat 4: Pon4uk.ua folded before Flop (didn't bet)
Seat 5: mr.Jckpot (button) folded before Flop (didn't bet)
Seat 6: Pigumelis (small blind) folded on the River



PokerStars Hand #254528966010:  Hold'em No Limit ($0.50/$1.00 USD) - 2025/01/24 14:05:39 WET [2025/01/24 9:05:39 ET]
Table 'Chow III' 6-max Seat #6 is the button
Seat 1: Powerpoint66 ($104.48 in chips) is sitting out
Seat 2: Maximysss85 ($136.82 in chips) 
Seat 3: Qwickone ($92.60 in chips) 
Seat 4: Pon4uk.ua ($161.96 in chips) 
Seat 5: mr.Jckpot ($108.25 in chips) 
Seat 6: Pigumelis ($100 in chips) 
Maximysss85: posts small blind $0.50
Qwickone: posts big blind $1
*** HOLE CARDS ***
Pon4uk.ua: folds 
mr.Jckpot: folds 
Pigumelis: folds 
Maximysss85: folds 
Uncalled bet ($0.50) returned to Qwickone
Qwickone collected $1 from pot
*** SUMMARY ***
Total pot $1 | Rake $0 
Seat 1: Powerpoint66
Seat 2: Maximysss85 (small blind) folded before Flop
Seat 3: Qwickone (big blind) collected ($1)
Seat 4: Pon4uk.ua folded before Flop (didn't bet)
Seat 5: mr.Jckpot folded before Flop (didn't bet)
Seat 6: Pigumelis (button) folded before Flop (didn't bet)



PokerStars Hand #254528967552:  Hold'em No Limit ($0.50/$1.00 USD) - 2025/01/24 14:05:47 WET [2025/01/24 9:05:47 ET]
Table 'Chow III' 6-max Seat #2 is the button
Seat 1: Powerpoint66 ($104.48 in chips) is sitting out
Seat 2: Maximysss85 ($136.32 in chips) 
Seat 3: Qwickone ($93.10 in chips) 
Seat 4: Pon4uk.ua ($161.96 in chips) 
Seat 5: mr.Jckpot ($108.25 in chips) 
Seat 6: Pigumelis ($100 in chips) 
Qwickone: posts small blind $0.50
Pon4uk.ua: posts big blind $1
*** HOLE CARDS ***
mr.Jckpot: folds 
Pigumelis: raises $1.10 to $2.10
Maximysss85: folds 
Qwickone: calls $1.60
Pon4uk.ua: calls $1.10
*** FLOP *** [8d 3c 9s]
Qwickone: checks 
Pon4uk.ua: checks 
Pigumelis: bets $3
Qwickone: calls $3
Pon4uk.ua: folds 
*** TURN *** [8d 3c 9s] [7c]
Qwickone: checks 
Pigumelis: checks 
*** RIVER *** [8d 3c 9s 7c] [Tc]
Qwickone: checks 
Pigumelis: checks 
*** SHOW DOWN ***
Qwickone: shows [7d 6h] (a straight, Six to Ten)
Pigumelis: mucks hand 
Qwickone collected $11.68 from pot
*** SUMMARY ***
Total pot $12.30 | Rake $0.62 
Board [8d 3c 9s 7c Tc]
Seat 1: Powerpoint66
Seat 2: Maximysss85 (button) folded before Flop (didn't bet)
Seat 3: Qwickone (small blind) showed [7d 6h] and won ($11.68) with a straight, Six to Ten
Seat 4: Pon4uk.ua (big blind) folded on the Flop
Seat 5: mr.Jckpot folded before Flop (didn't bet)
Seat 6: Pigumelis mucked



PokerStars Hand #254528978842:  Hold'em No Limit ($0.50/$1.00 USD) - 2025/01/24 14:06:50 WET [2025/01/24 9:06:50 ET]
Table 'Chow III' 6-max Seat #3 is the button
Seat 1: Powerpoint66 ($104.48 in chips) is sitting out
Seat 2: Maximysss85 ($136.32 in chips) 
Seat 3: Qwickone ($99.68 in chips) 
Seat 4: Pon4uk.ua ($159.86 in chips) 
Seat 5: mr.Jckpot ($108.25 in chips) 
Seat 6: Pigumelis ($100 in chips) 
Pon4uk.ua: posts small blind $0.50
mr.Jckpot: posts big blind $1
Powerpoint66: sits out 
*** HOLE CARDS ***
Pigumelis: folds 
Maximysss85: folds 
Qwickone: folds 
Pon4uk.ua: raises $1.75 to $2.75
mr.Jckpot: folds 
Uncalled bet ($1.75) returned to Pon4uk.ua
Pon4uk.ua collected $2 from pot
Pon4uk.ua: doesn't show hand 
*** SUMMARY ***
Total pot $2 | Rake $0 
Seat 1: Powerpoint66
Seat 2: Maximysss85 folded before Flop (didn't bet)
Seat 3: Qwickone (button) folded before Flop (didn't bet)
Seat 4: Pon4uk.ua (small blind) collected ($2)
Seat 5: mr.Jckpot (big blind) folded before Flop
Seat 6: Pigumelis folded before Flop (didn't bet)



PokerStars Hand #254528980938:  Hold'em No Limit ($0.50/$1.00 USD) - 2025/01/24 14:07:02 WET [2025/01/24 9:07:02 ET]
Table 'Chow III' 6-max Seat #4 is the button
Seat 1: Powerpoint66 ($104.48 in chips) is sitting out
Seat 2: Maximysss85 ($136.32 in chips) 
Seat 3: Qwickone ($99.68 in chips) 
Seat 4: Pon4uk.ua ($160.86 in chips) 
Seat 5: mr.Jckpot ($107.25 in chips) 
Seat 6: Pigumelis ($100 in chips) 
mr.Jckpot: posts small blind $0.50
Pigumelis: posts big blind $1
Powerpoint66: sits out 
*** HOLE CARDS ***
Maximysss85: folds 
Qwickone: folds 
Pon4uk.ua has timed out
Pon4uk.ua: folds 
mr.Jckpot: folds 
Uncalled bet ($0.50) returned to Pigumelis
Pigumelis collected $1 from pot
Pigumelis: doesn't show hand 
*** SUMMARY ***
Total pot $1 | Rake $0 
Seat 1: Powerpoint66
Seat 2: Maximysss85 folded before Flop (didn't bet)
Seat 3: Qwickone folded before Flop (didn't bet)
Seat 4: Pon4uk.ua (button) folded before Flop (didn't bet)
Seat 5: mr.Jckpot (small blind) folded before Flop
Seat 6: Pigumelis (big blind) collected ($1)



PokerStars Hand #254528984449:  Hold'em No Limit ($0.50/$1.00 USD) - 2025/01/24 14:07:22 WET [2025/01/24 9:07:22 ET]
Table 'Chow III' 6-max Seat #5 is the button
Seat 1: Powerpoint66 ($104.48 in chips) 
Seat 2: Maximysss85 ($136.32 in chips) 
Seat 3: Qwickone ($99.68 in chips) 
Seat 4: Pon4uk.ua ($160.86 in chips) 
Seat 5: mr.Jckpot ($106.75 in chips) 
Seat 6: Pigumelis ($100.50 in chips) 
Pigumelis: posts small blind $0.50
Powerpoint66: posts big blind $1
*** HOLE CARDS ***
Maximysss85: folds 
Qwickone: raises $1.20 to $2.20
Pon4uk.ua: folds 
mr.Jckpot: folds 
Pigumelis: folds 
Powerpoint66: folds 
Uncalled bet ($1.20) returned to Qwickone
Qwickone collected $2.50 from pot
*** SUMMARY ***
Total pot $2.50 | Rake $0 
Seat 1: Powerpoint66 (big blind) folded before Flop
Seat 2: Maximysss85 folded before Flop (didn't bet)
Seat 3: Qwickone collected ($2.50)
Seat 4: Pon4uk.ua folded before Flop (didn't bet)
Seat 5: mr.Jckpot (button) folded before Flop (didn't bet)
Seat 6: Pigumelis (small blind) folded before Flop



PokerStars Hand #254528988705:  Hold'em No Limit ($0.50/$1.00 USD) - 2025/01/24 14:07:47 WET [2025/01/24 9:07:47 ET]
Table 'Chow III' 6-max Seat #6 is the button
Seat 1: Powerpoint66 ($103.48 in chips) 
Seat 2: Maximysss85 ($136.32 in chips) 
Seat 3: Qwickone ($101.18 in chips) 
Seat 4: Pon4uk.ua ($160.86 in chips) 
Seat 5: mr.Jckpot ($106.75 in chips) 
Seat 6: Pigumelis ($100 in chips) 
Powerpoint66: posts small blind $0.50
Maximysss85: posts big blind $1
*** HOLE CARDS ***
Qwickone: folds 
Pon4uk.ua: folds 
mr.Jckpot: raises $1.50 to $2.50
Pigumelis: raises $5 to $7.50
Powerpoint66: folds 
Maximysss85: folds 
Qwickone leaves the table
mr.Jckpot: calls $5
*** FLOP *** [3s Kc 7h]
mr.Jckpot: checks 
Pigumelis: bets $5.17
mr.Jckpot: calls $5.17
*** TURN *** [3s Kc 7h] [7c]
mr.Jckpot: checks 
Pigumelis: bets $17.85
Pon4uk.ua leaves the table
mr.Jckpot: folds 
Uncalled bet ($17.85) returned to Pigumelis
Pigumelis collected $25.50 from pot
Pigumelis: doesn't show hand 
*** SUMMARY ***
Total pot $26.84 | Rake $1.34 
Board [3s Kc 7h 7c]
Seat 1: Powerpoint66 (small blind) folded before Flop
Seat 2: Maximysss85 (big blind) folded before Flop
Seat 3: Qwickone folded before Flop (didn't bet)
Seat 4: Pon4uk.ua folded before Flop (didn't bet)
Seat 5: mr.Jckpot folded on the Turn
Seat 6: Pigumelis (button) collected ($25.50)



PokerStars Hand #254529000368:  Hold'em No Limit ($0.50/$1.00 USD) - 2025/01/24 14:08:52 WET [2025/01/24 9:08:52 ET]
Table 'Chow III' 6-max Seat #1 is the button
Seat 5: mr.Jckpot ($100 in chips) is sitting out
Seat 1: Powerpoint66 ($102.98 in chips) 
Seat 2: Maximysss85 ($135.32 in chips) 
Seat 6: Pigumelis ($112.83 in chips) 
Maximysss85: posts small blind $0.50
mr.Jckpot: is sitting out 
Pigumelis: posts big blind $1
*** HOLE CARDS ***
mr.Jckpot leaves the table
Powerpoint66: raises $4 to $5
Maximysss85: folds 
Pigumelis: folds 
Uncalled bet ($4) returned to Powerpoint66
Powerpoint66 collected $2.50 from pot
*** SUMMARY ***
Total pot $2.50 | Rake $0 
Seat 5: mr.Jckpot
Seat 1: Powerpoint66 (button) collected ($2.50)
Seat 2: Maximysss85 (small blind) folded before Flop
Seat 6: Pigumelis (big blind) folded before Flop



PokerStars Hand #254529002574:  Hold'em No Limit ($0.50/$1.00 USD) - 2025/01/24 14:09:05 WET [2025/01/24 9:09:05 ET]
Table 'Chow III' 6-max Seat #2 is the button
Seat 1: Powerpoint66 ($104.48 in chips) 
Seat 2: Maximysss85 ($134.82 in chips) 
Seat 6: Pigumelis ($111.83 in chips) 
Pigumelis: posts small blind $0.50
Powerpoint66: posts big blind $1
*** HOLE CARDS ***
Maximysss85: folds 
Maximysss85 leaves the table
Pigumelis: raises $1.50 to $2.50
Powerpoint66: calls $1.50
*** FLOP *** [4s Tc 8d]
Pigumelis: checks 
Powerpoint66: checks 
*** TURN *** [4s Tc 8d] [5s]
Pigumelis: bets $6.32
Powerpoint66: folds 
Uncalled bet ($6.32) returned to Pigumelis
Pigumelis collected $4.75 from pot
Pigumelis: doesn't show hand 
Powerpoint66 leaves the table
*** SUMMARY ***
Total pot $5 | Rake $0.25 
Board [4s Tc 8d 5s]
Seat 1: Powerpoint66 (big blind) folded on the Turn
Seat 2: Maximysss85 (button) folded before Flop (didn't bet)
Seat 6: Pigumelis (small blind) collected ($4.75)



