PokerStars Hand #254539448951:  Hold'em No Limit ($0.50/$1.00 USD) - 2025/01/24 1:08:29 WET [2025/01/24 20:08:29 ET]
Table 'Gellivara II' 6-max Seat #1 is the button
Seat 4: equilibrium_tv ($14 in chips) is sitting out
Seat 1: BMdoubleV777 ($22.10 in chips) 
Seat 3: ptolejmus ($10 in chips) 
Seat 5: z00mba ($100 in chips) 
ptolejmus: posts small blind $0.50
equilibrium_tv: is sitting out 
z00mba: posts big blind $1
*** HOLE CARDS ***
BMdoubleV777: folds 
equilibrium_tv leaves the table
ptolejmus: raises $2 to $3
z00mba: calls $2
*** FLOP *** [Qd Td Js]
ptolejmus: bets $7 and is all-in
z00mba: calls $7
*** TURN *** [Qd Td Js] [Qs]
*** RIVER *** [Qd Td Js Qs] [Th]
*** SHOW DOWN ***
ptolejmus: shows [Ad 4h] (two pair, Queens and Tens)
z00mba: shows [9c Kh] (a straight, Nine to King)
z00mba collected $19 from pot
*** SUMMARY ***
Total pot $20 | Rake $1 
Board [Qd Td Js Qs Th]
Seat 4: equilibrium_tv
Seat 1: BMdoubleV777 (button) folded before Flop (didn't bet)
Seat 3: ptolejmus (small blind) showed [Ad 4h] and lost with two pair, Queens and Tens
Seat 5: z00mba (big blind) showed [9c Kh] and won ($19) with a straight, Nine to King



PokerStars Hand #254539458309:  Hold'em No Limit ($0.50/$1.00 USD) - 2025/01/24 1:09:17 WET [2025/01/24 20:09:17 ET]
Table 'Gellivara II' 6-max Seat #3 is the button
Seat 1: BMdoubleV777 ($22.10 in chips) 
Seat 3: ptolejmus ($10 in chips) 
Seat 5: z00mba ($109 in chips) 
z00mba: posts small blind $0.50
BMdoubleV777: posts big blind $1
*** HOLE CARDS ***
ptolejmus: raises $1 to $2
z00mba: folds 
BMdoubleV777: folds 
Uncalled bet ($1) returned to ptolejmus
ptolejmus collected $2.50 from pot
*** SUMMARY ***
Total pot $2.50 | Rake $0 
Seat 1: BMdoubleV777 (big blind) folded before Flop
Seat 3: ptolejmus (button) collected ($2.50)
Seat 5: z00mba (small blind) folded before Flop



PokerStars Hand #254539461688:  Hold'em No Limit ($0.50/$1.00 USD) - 2025/01/24 1:09:35 WET [2025/01/24 20:09:35 ET]
Table 'Gellivara II' 6-max Seat #5 is the button
Seat 1: BMdoubleV777 ($21.10 in chips) 
Seat 3: ptolejmus ($11.50 in chips) 
Seat 5: z00mba ($108.50 in chips) 
BMdoubleV777: posts small blind $0.50
ptolejmus: posts big blind $1
*** HOLE CARDS ***
z00mba: raises $1.50 to $2.50
BMdoubleV777: calls $2
ptolejmus: calls $1.50
*** FLOP *** [Qc Js 5d]
BMdoubleV777: checks 
ptolejmus: checks 
z00mba: checks 
*** TURN *** [Qc Js 5d] [Th]
BMdoubleV777: bets $3.56
ptolejmus: folds 
z00mba: folds 
Uncalled bet ($3.56) returned to BMdoubleV777
BMdoubleV777 collected $7.12 from pot
*** SUMMARY ***
Total pot $7.50 | Rake $0.38 
Board [Qc Js 5d Th]
Seat 1: BMdoubleV777 (small blind) collected ($7.12)
Seat 3: ptolejmus (big blind) folded on the Turn
Seat 5: z00mba (button) folded on the Turn



PokerStars Hand #254539473812:  Hold'em No Limit ($0.50/$1.00 USD) - 2025/01/24 1:10:37 WET [2025/01/24 20:10:37 ET]
Table 'Gellivara II' 6-max Seat #3 is the button
Seat 5: z00mba ($106 in chips) is sitting out
Seat 1: BMdoubleV777 ($25.72 in chips) 
Seat 3: ptolejmus ($10 in chips) 
ptolejmus: posts small blind $0.50
z00mba: is sitting out 
BMdoubleV777: posts big blind $1
*** HOLE CARDS ***
ptolejmus: calls $0.50
BMdoubleV777: checks 
*** FLOP *** [3c Qc Kd]
BMdoubleV777: checks 
ptolejmus: bets $1
BMdoubleV777: calls $1
*** TURN *** [3c Qc Kd] [8h]
BMdoubleV777: checks 
ptolejmus: checks 
*** RIVER *** [3c Qc Kd 8h] [6h]
BMdoubleV777: checks 
ptolejmus: checks 
*** SHOW DOWN ***
BMdoubleV777: shows [4d 4c] (a pair of Fours)
ptolejmus: mucks hand 
BMdoubleV777 collected $3.80 from pot
*** SUMMARY ***
Total pot $4 | Rake $0.20 
Board [3c Qc Kd 8h 6h]
Seat 5: z00mba
Seat 1: BMdoubleV777 (big blind) showed [4d 4c] and won ($3.80) with a pair of Fours
Seat 3: ptolejmus (button) (small blind) mucked



PokerStars Hand #254539530438:  Hold'em No Limit ($0.50/$1.00 USD) - 2025/01/24 1:15:31 WET [2025/01/24 20:15:31 ET]
Table 'Gellivara II' 6-max Seat #1 is the button
Seat 1: BMdoubleV777 ($27.52 in chips) 
Seat 2: nastja336 ($100 in chips) 
BMdoubleV777: posts small blind $0.50
nastja336: posts big blind $1
*** HOLE CARDS ***
BMdoubleV777: calls $0.50
nastja336: checks 
*** FLOP *** [7s Kc 8h]
nastja336: checks 
BMdoubleV777: checks 
*** TURN *** [7s Kc 8h] [3s]
nastja336: checks 
BMdoubleV777: checks 
*** RIVER *** [7s Kc 8h 3s] [3d]
nastja336: checks 
BMdoubleV777: checks 
*** SHOW DOWN ***
nastja336: shows [5d Qh] (a pair of Threes)
BMdoubleV777: mucks hand 
nastja336 collected $1.90 from pot
*** SUMMARY ***
Total pot $2 | Rake $0.10 
Board [7s Kc 8h 3s 3d]
Seat 1: BMdoubleV777 (button) (small blind) mucked
Seat 2: nastja336 (big blind) showed [5d Qh] and won ($1.90) with a pair of Threes



PokerStars Hand #254539535722:  Hold'em No Limit ($0.50/$1.00 USD) - 2025/01/24 1:15:59 WET [2025/01/24 20:15:59 ET]
Table 'Gellivara II' 6-max Seat #2 is the button
Seat 1: BMdoubleV777 ($26.52 in chips) 
Seat 2: nastja336 ($100.90 in chips) 
nastja336: posts small blind $0.50
BMdoubleV777: posts big blind $1
*** HOLE CARDS ***
nastja336: folds 
Uncalled bet ($0.50) returned to BMdoubleV777
BMdoubleV777 collected $1 from pot
*** SUMMARY ***
Total pot $1 | Rake $0 
Seat 1: BMdoubleV777 (big blind) collected ($1)
Seat 2: nastja336 (button) (small blind) folded before Flop



PokerStars Hand #254539547105:  Hold'em No Limit ($0.50/$1.00 USD) - 2025/01/24 1:16:58 WET [2025/01/24 20:16:58 ET]
Table 'Gellivara II' 6-max Seat #1 is the button
Seat 1: BMdoubleV777 ($27.02 in chips) 
Seat 2: m0nTTu ($10 in chips) 
BMdoubleV777: posts small blind $0.50
m0nTTu: posts big blind $1
*** HOLE CARDS ***
BMdoubleV777: folds 
Uncalled bet ($0.50) returned to m0nTTu
m0nTTu collected $1 from pot
m0nTTu: doesn't show hand 
ptolejmus joins the table at seat #3 
*** SUMMARY ***
Total pot $1 | Rake $0 
Seat 1: BMdoubleV777 (button) (small blind) folded before Flop
Seat 2: m0nTTu (big blind) collected ($1)



PokerStars Hand #254539548887:  Hold'em No Limit ($0.50/$1.00 USD) - 2025/01/24 1:17:08 WET [2025/01/24 20:17:08 ET]
Table 'Gellivara II' 6-max Seat #1 is the button
Seat 1: BMdoubleV777 ($26.52 in chips) 
Seat 2: m0nTTu ($10.50 in chips) 
Seat 3: ptolejmus ($10 in chips) 
m0nTTu: posts small blind $0.50
ptolejmus: posts big blind $1
*** HOLE CARDS ***
BMdoubleV777: folds 
m0nTTu: folds 
Uncalled bet ($0.50) returned to ptolejmus
ptolejmus collected $1 from pot
*** SUMMARY ***
Total pot $1 | Rake $0 
Seat 1: BMdoubleV777 (button) folded before Flop (didn't bet)
Seat 2: m0nTTu (small blind) folded before Flop
Seat 3: ptolejmus (big blind) collected ($1)



PokerStars Hand #254539550298:  Hold'em No Limit ($0.50/$1.00 USD) - 2025/01/24 1:17:15 WET [2025/01/24 20:17:15 ET]
Table 'Gellivara II' 6-max Seat #2 is the button
Seat 1: BMdoubleV777 ($26.52 in chips) 
Seat 2: m0nTTu ($10 in chips) 
Seat 3: ptolejmus ($10.50 in chips) 
ptolejmus: posts small blind $0.50
BMdoubleV777: posts big blind $1
*** HOLE CARDS ***
m0nTTu: folds 
ptolejmus: raises $9.50 to $10.50 and is all-in
BMdoubleV777: folds 
Uncalled bet ($9.50) returned to ptolejmus
ptolejmus collected $2 from pot
*** SUMMARY ***
Total pot $2 | Rake $0 
Seat 1: BMdoubleV777 (big blind) folded before Flop
Seat 2: m0nTTu (button) folded before Flop (didn't bet)
Seat 3: ptolejmus (small blind) collected ($2)



PokerStars Hand #254539554011:  Hold'em No Limit ($0.50/$1.00 USD) - 2025/01/24 1:17:34 WET [2025/01/24 20:17:34 ET]
Table 'Gellivara II' 6-max Seat #3 is the button
Seat 1: BMdoubleV777 ($25.52 in chips) 
Seat 2: m0nTTu ($10 in chips) 
Seat 3: ptolejmus ($11.50 in chips) 
BMdoubleV777: posts small blind $0.50
m0nTTu: posts big blind $1
*** HOLE CARDS ***
ptolejmus: raises $1 to $2
BMdoubleV777: folds 
m0nTTu: folds 
Uncalled bet ($1) returned to ptolejmus
ptolejmus collected $2.50 from pot
*** SUMMARY ***
Total pot $2.50 | Rake $0 
Seat 1: BMdoubleV777 (small blind) folded before Flop
Seat 2: m0nTTu (big blind) folded before Flop
Seat 3: ptolejmus (button) collected ($2.50)



PokerStars Hand #254539558217:  Hold'em No Limit ($0.50/$1.00 USD) - 2025/01/24 1:17:56 WET [2025/01/24 20:17:56 ET]
Table 'Gellivara II' 6-max Seat #1 is the button
Seat 1: BMdoubleV777 ($25.02 in chips) 
Seat 2: m0nTTu ($10 in chips) 
Seat 3: ptolejmus ($13 in chips) 
m0nTTu: posts small blind $0.50
ptolejmus: posts big blind $1
*** HOLE CARDS ***
BMdoubleV777: calls $1
m0nTTu: folds 
ptolejmus: checks 
*** FLOP *** [6c 3h Jc]
ptolejmus: checks 
BMdoubleV777: bets $1.19
ptolejmus: calls $1.19
*** TURN *** [6c 3h Jc] [7d]
ptolejmus: checks 
BMdoubleV777: bets $3
ptolejmus: folds 
Uncalled bet ($3) returned to BMdoubleV777
BMdoubleV777 collected $4.64 from pot
*** SUMMARY ***
Total pot $4.88 | Rake $0.24 
Board [6c 3h Jc 7d]
Seat 1: BMdoubleV777 (button) collected ($4.64)
Seat 2: m0nTTu (small blind) folded before Flop
Seat 3: ptolejmus (big blind) folded on the Turn



PokerStars Hand #254539567913:  Hold'em No Limit ($0.50/$1.00 USD) - 2025/01/24 1:18:46 WET [2025/01/24 20:18:46 ET]
Table 'Gellivara II' 6-max Seat #2 is the button
Seat 1: BMdoubleV777 ($27.47 in chips) 
Seat 2: m0nTTu ($10 in chips) 
Seat 3: ptolejmus ($10.81 in chips) 
ptolejmus: posts small blind $0.50
BMdoubleV777: posts big blind $1
*** HOLE CARDS ***
m0nTTu: folds 
ptolejmus: folds 
Uncalled bet ($0.50) returned to BMdoubleV777
BMdoubleV777 collected $1 from pot
*** SUMMARY ***
Total pot $1 | Rake $0 
Seat 1: BMdoubleV777 (big blind) collected ($1)
Seat 2: m0nTTu (button) folded before Flop (didn't bet)
Seat 3: ptolejmus (small blind) folded before Flop



PokerStars Hand #254539570138:  Hold'em No Limit ($0.50/$1.00 USD) - 2025/01/24 1:18:58 WET [2025/01/24 20:18:58 ET]
Table 'Gellivara II' 6-max Seat #3 is the button
Seat 1: BMdoubleV777 ($27.97 in chips) 
Seat 2: m0nTTu ($10 in chips) 
Seat 3: ptolejmus ($10.31 in chips) 
BMdoubleV777: posts small blind $0.50
m0nTTu: posts big blind $1
*** HOLE CARDS ***
ptolejmus: raises $1 to $2
BMdoubleV777: folds 
m0nTTu: folds 
Uncalled bet ($1) returned to ptolejmus
ptolejmus collected $2.50 from pot
*** SUMMARY ***
Total pot $2.50 | Rake $0 
Seat 1: BMdoubleV777 (small blind) folded before Flop
Seat 2: m0nTTu (big blind) folded before Flop
Seat 3: ptolejmus (button) collected ($2.50)



PokerStars Hand #254539573027:  Hold'em No Limit ($0.50/$1.00 USD) - 2025/01/24 1:19:13 WET [2025/01/24 20:19:13 ET]
Table 'Gellivara II' 6-max Seat #1 is the button
Seat 1: BMdoubleV777 ($27.47 in chips) 
Seat 2: m0nTTu ($10 in chips) 
Seat 3: ptolejmus ($11.81 in chips) 
m0nTTu: posts small blind $0.50
ptolejmus: posts big blind $1
*** HOLE CARDS ***
BMdoubleV777: folds 
m0nTTu: raises $9 to $10 and is all-in
ptolejmus: folds 
Uncalled bet ($9) returned to m0nTTu
m0nTTu collected $2 from pot
m0nTTu: doesn't show hand 
*** SUMMARY ***
Total pot $2 | Rake $0 
Seat 1: BMdoubleV777 (button) folded before Flop (didn't bet)
Seat 2: m0nTTu (small blind) collected ($2)
Seat 3: ptolejmus (big blind) folded before Flop



PokerStars Hand #254539575458:  Hold'em No Limit ($0.50/$1.00 USD) - 2025/01/24 1:19:25 WET [2025/01/24 20:19:25 ET]
Table 'Gellivara II' 6-max Seat #2 is the button
Seat 1: BMdoubleV777 ($27.47 in chips) 
Seat 2: m0nTTu ($11 in chips) 
Seat 3: ptolejmus ($10.81 in chips) 
ptolejmus: posts small blind $0.50
BMdoubleV777: posts big blind $1
*** HOLE CARDS ***
m0nTTu: folds 
ptolejmus: folds 
Uncalled bet ($0.50) returned to BMdoubleV777
BMdoubleV777 collected $1 from pot
*** SUMMARY ***
Total pot $1 | Rake $0 
Seat 1: BMdoubleV777 (big blind) collected ($1)
Seat 2: m0nTTu (button) folded before Flop (didn't bet)
Seat 3: ptolejmus (small blind) folded before Flop



PokerStars Hand #254539577549:  Hold'em No Limit ($0.50/$1.00 USD) - 2025/01/24 1:19:36 WET [2025/01/24 20:19:36 ET]
Table 'Gellivara II' 6-max Seat #3 is the button
Seat 1: BMdoubleV777 ($27.97 in chips) 
Seat 2: m0nTTu ($11 in chips) 
Seat 3: ptolejmus ($10.31 in chips) 
BMdoubleV777: posts small blind $0.50
m0nTTu: posts big blind $1
*** HOLE CARDS ***
ptolejmus: folds 
BMdoubleV777: calls $0.50
m0nTTu: checks 
*** FLOP *** [Ad 5c Qs]
ptolejmus leaves the table
BMdoubleV777: bets $1.90
m0nTTu: folds 
Uncalled bet ($1.90) returned to BMdoubleV777
BMdoubleV777 collected $1.90 from pot
*** SUMMARY ***
Total pot $2 | Rake $0.10 
Board [Ad 5c Qs]
Seat 1: BMdoubleV777 (small blind) collected ($1.90)
Seat 2: m0nTTu (big blind) folded on the Flop
Seat 3: ptolejmus (button) folded before Flop (didn't bet)



PokerStars Hand #254539582590:  Hold'em No Limit ($0.50/$1.00 USD) - 2025/01/24 1:20:02 WET [2025/01/24 20:20:02 ET]
Table 'Gellivara II' 6-max Seat #2 is the button
Seat 1: BMdoubleV777 ($28.87 in chips) 
Seat 2: m0nTTu ($10 in chips) 
m0nTTu: posts small blind $0.50
BMdoubleV777: posts big blind $1
*** HOLE CARDS ***
m0nTTu: raises $9 to $10 and is all-in
BMdoubleV777: folds 
Uncalled bet ($9) returned to m0nTTu
m0nTTu collected $2 from pot
m0nTTu: doesn't show hand 
*** SUMMARY ***
Total pot $2 | Rake $0 
Seat 1: BMdoubleV777 (big blind) folded before Flop
Seat 2: m0nTTu (button) (small blind) collected ($2)



PokerStars Hand #254539584412:  Hold'em No Limit ($0.50/$1.00 USD) - 2025/01/24 1:20:12 WET [2025/01/24 20:20:12 ET]
Table 'Gellivara II' 6-max Seat #1 is the button
Seat 1: BMdoubleV777 ($27.87 in chips) 
Seat 2: m0nTTu ($11 in chips) 
BMdoubleV777: posts small blind $0.50
m0nTTu: posts big blind $1
*** HOLE CARDS ***
BMdoubleV777: folds 
Uncalled bet ($0.50) returned to m0nTTu
m0nTTu collected $1 from pot
m0nTTu: doesn't show hand 
*** SUMMARY ***
Total pot $1 | Rake $0 
Seat 1: BMdoubleV777 (button) (small blind) folded before Flop
Seat 2: m0nTTu (big blind) collected ($1)



PokerStars Hand #254539585613:  Hold'em No Limit ($0.50/$1.00 USD) - 2025/01/24 1:20:18 WET [2025/01/24 20:20:18 ET]
Table 'Gellivara II' 6-max Seat #2 is the button
Seat 1: BMdoubleV777 ($27.37 in chips) 
Seat 2: m0nTTu ($11.50 in chips) 
m0nTTu: posts small blind $0.50
BMdoubleV777: posts big blind $1
*** HOLE CARDS ***
m0nTTu: raises $10.50 to $11.50 and is all-in
BMdoubleV777: folds 
Uncalled bet ($10.50) returned to m0nTTu
m0nTTu collected $2 from pot
m0nTTu: doesn't show hand 
*** SUMMARY ***
Total pot $2 | Rake $0 
Seat 1: BMdoubleV777 (big blind) folded before Flop
Seat 2: m0nTTu (button) (small blind) collected ($2)



PokerStars Hand #254539587373:  Hold'em No Limit ($0.50/$1.00 USD) - 2025/01/24 1:20:27 WET [2025/01/24 20:20:27 ET]
Table 'Gellivara II' 6-max Seat #1 is the button
Seat 1: BMdoubleV777 ($26.37 in chips) 
Seat 2: m0nTTu ($12.50 in chips) 
BMdoubleV777: posts small blind $0.50
m0nTTu: posts big blind $1
*** HOLE CARDS ***
nikalas22 joins the table at seat #3 
BMdoubleV777: raises $1 to $2
m0nTTu: calls $1
*** FLOP *** [7c Kc Td]
m0nTTu: checks 
BMdoubleV777: bets $1.90
m0nTTu: raises $8.60 to $10.50 and is all-in
BMdoubleV777: calls $8.60
*** TURN *** [7c Kc Td] [Kh]
*** RIVER *** [7c Kc Td Kh] [5h]
*** SHOW DOWN ***
m0nTTu: shows [Qd Js] (a pair of Kings)
BMdoubleV777: shows [6c 6d] (two pair, Kings and Sixes)
BMdoubleV777 collected $24 from pot
*** SUMMARY ***
Total pot $25 | Rake $1 
Board [7c Kc Td Kh 5h]
Seat 1: BMdoubleV777 (button) (small blind) showed [6c 6d] and won ($24) with two pair, Kings and Sixes
Seat 2: m0nTTu (big blind) showed [Qd Js] and lost with a pair of Kings



PokerStars Hand #254539592920:  Hold'em No Limit ($0.50/$1.00 USD) - 2025/01/24 1:20:56 WET [2025/01/24 20:20:56 ET]
Table 'Gellivara II' 6-max Seat #1 is the button
Seat 1: BMdoubleV777 ($37.87 in chips) 
Seat 2: m0nTTu ($10 in chips) 
Seat 3: nikalas22 ($100 in chips) 
m0nTTu: posts small blind $0.50
nikalas22: posts big blind $1
*** HOLE CARDS ***
BMdoubleV777: calls $1
m0nTTu: folds 
nikalas22: checks 
*** FLOP *** [5c Qs 2h]
nikalas22: checks 
BMdoubleV777: bets $1.19
nikalas22: calls $1.19
*** TURN *** [5c Qs 2h] [2c]
nikalas22: checks 
Mr.Lucky MMM joins the table at seat #6 
Mr.Lucky MMM is disconnected 
BMdoubleV777: bets $3.32
XneferX joins the table at seat #5 
nikalas22: folds 
Uncalled bet ($3.32) returned to BMdoubleV777
BMdoubleV777 collected $4.64 from pot
*** SUMMARY ***
Total pot $4.88 | Rake $0.24 
Board [5c Qs 2h 2c]
Seat 1: BMdoubleV777 (button) collected ($4.64)
Seat 2: m0nTTu (small blind) folded before Flop
Seat 3: nikalas22 (big blind) folded on the Turn



PokerStars Hand #254539598074:  Hold'em No Limit ($0.50/$1.00 USD) - 2025/01/24 1:21:23 WET [2025/01/24 20:21:23 ET]
Table 'Gellivara II' 6-max Seat #2 is the button
Seat 1: BMdoubleV777 ($40.32 in chips) 
Seat 2: m0nTTu ($10 in chips) 
Seat 3: nikalas22 ($100 in chips) 
Seat 5: XneferX ($100 in chips) 
Seat 6: Mr.Lucky MMM ($38.66 in chips) 
avlee1 joins the table at seat #4 
nikalas22: posts small blind $0.50
XneferX: posts big blind $1
Mr.Lucky MMM: posts big blind $1
*** HOLE CARDS ***
Mr.Lucky MMM: checks 
BMdoubleV777: folds 
m0nTTu: folds 
nikalas22: folds 
XneferX: checks 
*** FLOP *** [8h Js 3s]
XneferX: checks 
Mr.Lucky MMM: checks 
*** TURN *** [8h Js 3s] [3d]
XneferX: checks 
Mr.Lucky MMM: checks 
*** RIVER *** [8h Js 3s 3d] [9s]
XneferX: checks 
Mr.Lucky MMM: checks 
*** SHOW DOWN ***
XneferX: shows [Ah 5s] (a pair of Threes)
Mr.Lucky MMM: mucks hand 
XneferX collected $2.38 from pot
*** SUMMARY ***
Total pot $2.50 | Rake $0.12 
Board [8h Js 3s 3d 9s]
Seat 1: BMdoubleV777 folded before Flop (didn't bet)
Seat 2: m0nTTu (button) folded before Flop (didn't bet)
Seat 3: nikalas22 (small blind) folded before Flop
Seat 5: XneferX (big blind) showed [Ah 5s] and won ($2.38) with a pair of Threes
Seat 6: Mr.Lucky MMM mucked



PokerStars Hand #254539608175:  Hold'em No Limit ($0.50/$1.00 USD) - 2025/01/24 1:22:16 WET [2025/01/24 20:22:16 ET]
Table 'Gellivara II' 6-max Seat #3 is the button
Seat 4: avlee1 ($100 in chips) is sitting out
Seat 1: BMdoubleV777 ($40.32 in chips) 
Seat 2: m0nTTu ($10 in chips) 
Seat 3: nikalas22 ($100 in chips) 
Seat 5: XneferX ($101.38 in chips) 
Seat 6: Mr.Lucky MMM ($37.66 in chips) 
XneferX: posts small blind $0.50
Mr.Lucky MMM: posts big blind $1
*** HOLE CARDS ***
BMdoubleV777: folds 
m0nTTu: raises $9 to $10 and is all-in
nikalas22: folds 
XneferX: folds 
Mr.Lucky MMM: calls $9
*** FIRST FLOP *** [3s Qh 5d]
*** FIRST TURN *** [3s Qh 5d] [Jh]
*** FIRST RIVER *** [3s Qh 5d Jh] [9s]
*** SECOND FLOP *** [3d Qc 7d]
*** SECOND TURN *** [3d Qc 7d] [Js]
*** SECOND RIVER *** [3d Qc 7d Js] [2d]
*** FIRST SHOW DOWN ***
Mr.Lucky MMM: shows [4s 4h] (a pair of Fours)
m0nTTu: shows [Ad Kh] (high card Ace)
Mr.Lucky MMM collected $9.74 from pot
*** SECOND SHOW DOWN ***
Mr.Lucky MMM: shows [4s 4h] (a pair of Fours)
m0nTTu: shows [Ad Kh] (high card Ace)
Mr.Lucky MMM collected $9.74 from pot
*** SUMMARY ***
Total pot $20.50 | Rake $1.02 
Hand was run twice
FIRST Board [3s Qh 5d Jh 9s]
SECOND Board [3d Qc 7d Js 2d]
Seat 4: avlee1
Seat 1: BMdoubleV777 folded before Flop (didn't bet)
Seat 2: m0nTTu showed [Ad Kh] and lost with high card Ace, and lost with high card Ace
Seat 3: nikalas22 (button) folded before Flop (didn't bet)
Seat 5: XneferX (small blind) folded before Flop
Seat 6: Mr.Lucky MMM (big blind) showed [4s 4h] and won ($9.74) with a pair of Fours, and won ($9.74) with a pair of Fours



PokerStars Hand #254539613183:  Hold'em No Limit ($0.50/$1.00 USD) - 2025/01/24 1:22:43 WET [2025/01/24 20:22:43 ET]
Table 'Gellivara II' 6-max Seat #5 is the button
Seat 4: avlee1 ($100 in chips) is sitting out
Seat 1: BMdoubleV777 ($40.32 in chips) 
Seat 2: m0nTTu ($10 in chips) 
Seat 3: nikalas22 ($100 in chips) 
Seat 5: XneferX ($100.88 in chips) 
Seat 6: Mr.Lucky MMM ($47.14 in chips) 
Mr.Lucky MMM: posts small blind $0.50
BMdoubleV777: posts big blind $1
avlee1: sits out 
*** HOLE CARDS ***
m0nTTu: folds 
nikalas22: folds 
XneferX: raises $1.77 to $2.77
Mr.Lucky MMM: folds 
BMdoubleV777: folds 
Uncalled bet ($1.77) returned to XneferX
XneferX collected $2.50 from pot
XneferX: doesn't show hand 
*** SUMMARY ***
Total pot $2.50 | Rake $0 
Seat 4: avlee1
Seat 1: BMdoubleV777 (big blind) folded before Flop
Seat 2: m0nTTu folded before Flop (didn't bet)
Seat 3: nikalas22 folded before Flop (didn't bet)
Seat 5: XneferX (button) collected ($2.50)
Seat 6: Mr.Lucky MMM (small blind) folded before Flop



PokerStars Hand #254539616578:  Hold'em No Limit ($0.50/$1.00 USD) - 2025/01/24 1:23:01 WET [2025/01/24 20:23:01 ET]
Table 'Gellivara II' 6-max Seat #6 is the button
Seat 2: m0nTTu ($10 in chips) is sitting out
Seat 4: avlee1 ($100 in chips) is sitting out
Seat 1: BMdoubleV777 ($39.32 in chips) 
Seat 3: nikalas22 ($100 in chips) 
Seat 5: XneferX ($102.38 in chips) 
Seat 6: Mr.Lucky MMM ($46.64 in chips) 
BMdoubleV777: posts small blind $0.50
m0nTTu: is sitting out 
nikalas22: posts big blind $1
avlee1: sits out 
*** HOLE CARDS ***
XneferX: folds 
m0nTTu leaves the table
Mr.Lucky MMM: raises $1 to $2
BMdoubleV777: folds 
nikalas22: folds 
Uncalled bet ($1) returned to Mr.Lucky MMM
Mr.Lucky MMM collected $2.50 from pot
*** SUMMARY ***
Total pot $2.50 | Rake $0 
Seat 2: m0nTTu
Seat 4: avlee1
Seat 1: BMdoubleV777 (small blind) folded before Flop
Seat 3: nikalas22 (big blind) folded before Flop
Seat 5: XneferX folded before Flop (didn't bet)
Seat 6: Mr.Lucky MMM (button) collected ($2.50)



PokerStars Hand #254539620694:  Hold'em No Limit ($0.50/$1.00 USD) - 2025/01/24 1:23:23 WET [2025/01/24 20:23:23 ET]
Table 'Gellivara II' 6-max Seat #1 is the button
Seat 1: BMdoubleV777 ($38.82 in chips) 
Seat 3: nikalas22 ($100 in chips) 
Seat 4: avlee1 ($100 in chips) 
Seat 5: XneferX ($102.38 in chips) 
Seat 6: Mr.Lucky MMM ($48.14 in chips) 
nikalas22: posts small blind $0.50
avlee1: posts big blind $1
*** HOLE CARDS ***
XneferX: folds 
Mr.Lucky MMM: folds 
BMdoubleV777: raises $1 to $2
nikalas22: folds 
avlee1: calls $1
*** FLOP *** [2s 7d 3c]
avlee1: checks 
BMdoubleV777: bets $2.14
avlee1: folds 
Uncalled bet ($2.14) returned to BMdoubleV777
BMdoubleV777 collected $4.28 from pot
*** SUMMARY ***
Total pot $4.50 | Rake $0.22 
Board [2s 7d 3c]
Seat 1: BMdoubleV777 (button) collected ($4.28)
Seat 3: nikalas22 (small blind) folded before Flop
Seat 4: avlee1 (big blind) folded on the Flop
Seat 5: XneferX folded before Flop (didn't bet)
Seat 6: Mr.Lucky MMM folded before Flop (didn't bet)



PokerStars Hand #254539626447:  Hold'em No Limit ($0.50/$1.00 USD) - 2025/01/24 1:23:54 WET [2025/01/24 20:23:54 ET]
Table 'Gellivara II' 6-max Seat #3 is the button
Seat 1: BMdoubleV777 ($41.10 in chips) 
Seat 3: nikalas22 ($100 in chips) 
Seat 4: avlee1 ($100 in chips) 
Seat 5: XneferX ($102.38 in chips) 
Seat 6: Mr.Lucky MMM ($48.14 in chips) 
avlee1: posts small blind $0.50
XneferX: posts big blind $1
*** HOLE CARDS ***
Mr.Lucky MMM: folds 
BMdoubleV777: folds 
nikalas22: folds 
avlee1: folds 
Uncalled bet ($0.50) returned to XneferX
XneferX collected $1 from pot
XneferX: doesn't show hand 
*** SUMMARY ***
Total pot $1 | Rake $0 
Seat 1: BMdoubleV777 folded before Flop (didn't bet)
Seat 3: nikalas22 (button) folded before Flop (didn't bet)
Seat 4: avlee1 (small blind) folded before Flop
Seat 5: XneferX (big blind) collected ($1)
Seat 6: Mr.Lucky MMM folded before Flop (didn't bet)



PokerStars Hand #254539628597:  Hold'em No Limit ($0.50/$1.00 USD) - 2025/01/24 1:24:06 WET [2025/01/24 20:24:06 ET]
Table 'Gellivara II' 6-max Seat #4 is the button
Seat 1: BMdoubleV777 ($41.10 in chips) 
Seat 3: nikalas22 ($100 in chips) 
Seat 4: avlee1 ($100 in chips) 
Seat 5: XneferX ($102.88 in chips) 
Seat 6: Mr.Lucky MMM ($48.14 in chips) 
XneferX: posts small blind $0.50
Mr.Lucky MMM: posts big blind $1
*** HOLE CARDS ***
BMdoubleV777: folds 
nikalas22: folds 
avlee1: folds 
XneferX: raises $2 to $3
Mr.Lucky MMM: folds 
Uncalled bet ($2) returned to XneferX
XneferX collected $2 from pot
XneferX: doesn't show hand 
*** SUMMARY ***
Total pot $2 | Rake $0 
Seat 1: BMdoubleV777 folded before Flop (didn't bet)
Seat 3: nikalas22 folded before Flop (didn't bet)
Seat 4: avlee1 (button) folded before Flop (didn't bet)
Seat 5: XneferX (small blind) collected ($2)
Seat 6: Mr.Lucky MMM (big blind) folded before Flop



PokerStars Hand #254539633324:  Hold'em No Limit ($0.50/$1.00 USD) - 2025/01/24 1:24:31 WET [2025/01/24 20:24:31 ET]
Table 'Gellivara II' 6-max Seat #5 is the button
Seat 1: BMdoubleV777 ($41.10 in chips) 
Seat 3: nikalas22 ($100 in chips) 
Seat 4: avlee1 ($100 in chips) 
Seat 5: XneferX ($103.88 in chips) 
Seat 6: Mr.Lucky MMM ($47.14 in chips) 
Mr.Lucky MMM: posts small blind $0.50
BMdoubleV777: posts big blind $1
*** HOLE CARDS ***
nikalas22: raises $1.50 to $2.50
avlee1: folds 
XneferX: folds 
Mr.Lucky MMM: folds 
BuzaCR7 joins the table at seat #2 
BMdoubleV777: calls $1.50
*** FLOP *** [7h 2s 5h]
BuzaCR7 is disconnected 
BMdoubleV777: checks 
nikalas22: checks 
*** TURN *** [7h 2s 5h] [Ad]
BMdoubleV777: bets $2.61
nikalas22: calls $2.61
*** RIVER *** [7h 2s 5h Ad] [5c]
BMdoubleV777: bets $2.09
nikalas22: raises $10.77 to $12.86
BMdoubleV777: folds 
Uncalled bet ($10.77) returned to nikalas22
nikalas22 collected $14.16 from pot
nikalas22: doesn't show hand 
*** SUMMARY ***
Total pot $14.90 | Rake $0.74 
Board [7h 2s 5h Ad 5c]
Seat 1: BMdoubleV777 (big blind) folded on the River
Seat 3: nikalas22 collected ($14.16)
Seat 4: avlee1 folded before Flop (didn't bet)
Seat 5: XneferX (button) folded before Flop (didn't bet)
Seat 6: Mr.Lucky MMM (small blind) folded before Flop



PokerStars Hand #254539641769:  Hold'em No Limit ($0.50/$1.00 USD) - 2025/01/24 1:25:16 WET [2025/01/24 20:25:16 ET]
Table 'Gellivara II' 6-max Seat #6 is the button
Seat 1: BMdoubleV777 ($33.90 in chips) 
Seat 2: BuzaCR7 ($28.51 in chips) 
Seat 3: nikalas22 ($106.96 in chips) 
Seat 4: avlee1 ($100 in chips) 
Seat 5: XneferX ($103.88 in chips) 
Seat 6: Mr.Lucky MMM ($46.64 in chips) 
BMdoubleV777: posts small blind $0.50
BuzaCR7: posts big blind $1
*** HOLE CARDS ***
nikalas22: folds 
avlee1: raises $1.50 to $2.50
XneferX: folds 
Mr.Lucky MMM: folds 
BMdoubleV777: folds 
BuzaCR7: calls $1.50
*** FLOP *** [5d 5c As]
BuzaCR7: checks 
avlee1: bets $3.45
BuzaCR7: folds 
Uncalled bet ($3.45) returned to avlee1
avlee1 collected $5.22 from pot
avlee1: doesn't show hand 
*** SUMMARY ***
Total pot $5.50 | Rake $0.28 
Board [5d 5c As]
Seat 1: BMdoubleV777 (small blind) folded before Flop
Seat 2: BuzaCR7 (big blind) folded on the Flop
Seat 3: nikalas22 folded before Flop (didn't bet)
Seat 4: avlee1 collected ($5.22)
Seat 5: XneferX folded before Flop (didn't bet)
Seat 6: Mr.Lucky MMM (button) folded before Flop (didn't bet)



PokerStars Hand #254539646713:  Hold'em No Limit ($0.50/$1.00 USD) - 2025/01/24 1:25:42 WET [2025/01/24 20:25:42 ET]
Table 'Gellivara II' 6-max Seat #1 is the button
Seat 1: BMdoubleV777 ($33.40 in chips) 
Seat 2: BuzaCR7 ($26.01 in chips) 
Seat 3: nikalas22 ($106.96 in chips) 
Seat 4: avlee1 ($102.72 in chips) 
Seat 5: XneferX ($103.88 in chips) 
Seat 6: Mr.Lucky MMM ($46.64 in chips) 
BuzaCR7: posts small blind $0.50
nikalas22: posts big blind $1
*** HOLE CARDS ***
avlee1: folds 
XneferX: folds 
Mr.Lucky MMM: folds 
BMdoubleV777: raises $1 to $2
BuzaCR7: folds 
nikalas22: raises $8 to $10
BMdoubleV777: raises $23.40 to $33.40 and is all-in
nikalas22: folds 
Uncalled bet ($23.40) returned to BMdoubleV777
BMdoubleV777 collected $20.50 from pot
*** SUMMARY ***
Total pot $20.50 | Rake $0 
Seat 1: BMdoubleV777 (button) collected ($20.50)
Seat 2: BuzaCR7 (small blind) folded before Flop
Seat 3: nikalas22 (big blind) folded before Flop
Seat 4: avlee1 folded before Flop (didn't bet)
Seat 5: XneferX folded before Flop (didn't bet)
Seat 6: Mr.Lucky MMM folded before Flop (didn't bet)



PokerStars Hand #254539653096:  Hold'em No Limit ($0.50/$1.00 USD) - 2025/01/24 1:26:16 WET [2025/01/24 20:26:16 ET]
Table 'Gellivara II' 6-max Seat #2 is the button
Seat 4: avlee1 ($102.72 in chips) is sitting out
Seat 1: BMdoubleV777 ($43.90 in chips) 
Seat 2: BuzaCR7 ($25.51 in chips) 
Seat 3: nikalas22 ($100 in chips) 
Seat 5: XneferX ($103.88 in chips) 
Seat 6: Mr.Lucky MMM ($46.64 in chips) 
nikalas22: posts small blind $0.50
avlee1: is sitting out 
XneferX: posts big blind $1
*** HOLE CARDS ***
Mr.Lucky MMM: folds 
BMdoubleV777: folds 
BuzaCR7: calls $1
nikalas22: raises $3 to $4
XneferX: folds 
BuzaCR7: calls $3
*** FLOP *** [Kd Qs 3c]
nikalas22: bets $2.57
BuzaCR7: folds 
Uncalled bet ($2.57) returned to nikalas22
nikalas22 collected $8.55 from pot
nikalas22: doesn't show hand 
*** SUMMARY ***
Total pot $9 | Rake $0.45 
Board [Kd Qs 3c]
Seat 4: avlee1
Seat 1: BMdoubleV777 folded before Flop (didn't bet)
Seat 2: BuzaCR7 (button) folded on the Flop
Seat 3: nikalas22 (small blind) collected ($8.55)
Seat 5: XneferX (big blind) folded before Flop
Seat 6: Mr.Lucky MMM folded before Flop (didn't bet)



PokerStars Hand #254539658114:  Hold'em No Limit ($0.50/$1.00 USD) - 2025/01/24 1:26:42 WET [2025/01/24 20:26:42 ET]
Table 'Gellivara II' 6-max Seat #3 is the button
Seat 4: avlee1 ($102.72 in chips) is sitting out
Seat 1: BMdoubleV777 ($43.90 in chips) 
Seat 2: BuzaCR7 ($21.51 in chips) 
Seat 3: nikalas22 ($104.55 in chips) 
Seat 5: XneferX ($102.88 in chips) 
Seat 6: Mr.Lucky MMM ($46.64 in chips) 
XneferX: posts small blind $0.50
Mr.Lucky MMM: posts big blind $1
*** HOLE CARDS ***
BMdoubleV777: folds 
BuzaCR7: folds 
nikalas22: folds 
XneferX: folds 
Uncalled bet ($0.50) returned to Mr.Lucky MMM
Mr.Lucky MMM collected $1 from pot
*** SUMMARY ***
Total pot $1 | Rake $0 
Seat 4: avlee1
Seat 1: BMdoubleV777 folded before Flop (didn't bet)
Seat 2: BuzaCR7 folded before Flop (didn't bet)
Seat 3: nikalas22 (button) folded before Flop (didn't bet)
Seat 5: XneferX (small blind) folded before Flop
Seat 6: Mr.Lucky MMM (big blind) collected ($1)



PokerStars Hand #254539661487:  Hold'em No Limit ($0.50/$1.00 USD) - 2025/01/24 1:27:00 WET [2025/01/24 20:27:00 ET]
Table 'Gellivara II' 6-max Seat #5 is the button
Seat 4: avlee1 ($102.72 in chips) is sitting out
Seat 1: BMdoubleV777 ($43.90 in chips) 
Seat 2: BuzaCR7 ($21.51 in chips) 
Seat 3: nikalas22 ($104.55 in chips) 
Seat 5: XneferX ($102.38 in chips) 
Seat 6: Mr.Lucky MMM ($47.14 in chips) 
Mr.Lucky MMM: posts small blind $0.50
BMdoubleV777: posts big blind $1
avlee1: sits out 
*** HOLE CARDS ***
BuzaCR7: calls $1
nikalas22: raises $3.50 to $4.50
XneferX: folds 
Mr.Lucky MMM: calls $4
BMdoubleV777: folds 
BuzaCR7: raises $17.01 to $21.51 and is all-in
nikalas22: folds 
Mr.Lucky MMM: calls $17.01
*** FLOP *** [6c Ad 2c]
*** TURN *** [6c Ad 2c] [Ks]
*** RIVER *** [6c Ad 2c Ks] [6h]
*** SHOW DOWN ***
Mr.Lucky MMM: shows [Td Jd] (a pair of Sixes)
BuzaCR7: shows [Qd 7d] (a pair of Sixes - Ace+King+Queen kicker)
BuzaCR7 collected $46.09 from pot
*** SUMMARY ***
Total pot $48.52 | Rake $2.43 
Board [6c Ad 2c Ks 6h]
Seat 4: avlee1
Seat 1: BMdoubleV777 (big blind) folded before Flop
Seat 2: BuzaCR7 showed [Qd 7d] and won ($46.09) with a pair of Sixes
Seat 3: nikalas22 folded before Flop
Seat 5: XneferX (button) folded before Flop (didn't bet)
Seat 6: Mr.Lucky MMM (small blind) showed [Td Jd] and lost with a pair of Sixes



PokerStars Hand #254539668526:  Hold'em No Limit ($0.50/$1.00 USD) - 2025/01/24 1:27:37 WET [2025/01/24 20:27:37 ET]
Table 'Gellivara II' 6-max Seat #6 is the button
Seat 4: avlee1 ($102.72 in chips) is sitting out
Seat 1: BMdoubleV777 ($42.90 in chips) 
Seat 2: BuzaCR7 ($46.09 in chips) 
Seat 3: nikalas22 ($100.05 in chips) 
Seat 5: XneferX ($102.38 in chips) 
Seat 6: Mr.Lucky MMM ($25.63 in chips) 
BMdoubleV777: posts small blind $0.50
BuzaCR7: posts big blind $1
avlee1: sits out 
*** HOLE CARDS ***
nikalas22: raises $1.50 to $2.50
XneferX: folds 
Mr.Lucky MMM: folds 
BMdoubleV777: calls $2
BuzaCR7: calls $1.50
*** FLOP *** [5d Qh Kh]
BMdoubleV777: checks 
BuzaCR7: checks 
nikalas22: bets $5.34
BMdoubleV777: folds 
Mr.Lucky MMM is disconnected 
BuzaCR7: calls $5.34
*** TURN *** [5d Qh Kh] [4h]
BuzaCR7: checks 
nikalas22: bets $12.95
BuzaCR7: folds 
Uncalled bet ($12.95) returned to nikalas22
nikalas22 collected $17.27 from pot
nikalas22: doesn't show hand 
*** SUMMARY ***
Total pot $18.18 | Rake $0.91 
Board [5d Qh Kh 4h]
Seat 4: avlee1
Seat 1: BMdoubleV777 (small blind) folded on the Flop
Seat 2: BuzaCR7 (big blind) folded on the Turn
Seat 3: nikalas22 collected ($17.27)
Seat 5: XneferX folded before Flop (didn't bet)
Seat 6: Mr.Lucky MMM (button) folded before Flop (didn't bet)



PokerStars Hand #254539676351:  Hold'em No Limit ($0.50/$1.00 USD) - 2025/01/24 1:28:18 WET [2025/01/24 20:28:18 ET]
Table 'Gellivara II' 6-max Seat #1 is the button
Seat 4: avlee1 ($102.72 in chips) is sitting out
Seat 1: BMdoubleV777 ($40.40 in chips) 
Seat 2: BuzaCR7 ($38.25 in chips) 
Seat 3: nikalas22 ($109.48 in chips) 
Seat 5: XneferX ($102.38 in chips) 
Seat 6: Mr.Lucky MMM ($25.63 in chips) 
BuzaCR7: posts small blind $0.50
nikalas22: posts big blind $1
avlee1: sits out 
*** HOLE CARDS ***
XneferX: folds 
Mr.Lucky MMM has timed out while disconnected
Mr.Lucky MMM: folds 
BMdoubleV777: folds 
BuzaCR7: calls $0.50
nikalas22: raises $4 to $5
BuzaCR7: raises $33.25 to $38.25 and is all-in
nikalas22: calls $33.25
*** FLOP *** [Ks 7d 3s]
*** TURN *** [Ks 7d 3s] [5c]
*** RIVER *** [Ks 7d 3s 5c] [2h]
*** SHOW DOWN ***
BuzaCR7: shows [Qs Jc] (high card King)
nikalas22: shows [As Th] (high card Ace)
nikalas22 collected $74 from pot
BuzaCR7 cashed out the hand for $29.67 | Cash Out Fee $0.61
*** SUMMARY ***
Total pot $76.50 | Rake $2.50 
Board [Ks 7d 3s 5c 2h]
Seat 4: avlee1
Seat 1: BMdoubleV777 (button) folded before Flop (didn't bet)
Seat 2: BuzaCR7 (small blind) showed [Qs Jc] and lost with high card King (cashed out).
Seat 3: nikalas22 (big blind) showed [As Th] and won ($74) with high card Ace
Seat 5: XneferX folded before Flop (didn't bet)
Seat 6: Mr.Lucky MMM folded before Flop (didn't bet)



PokerStars Hand #254539684537:  Hold'em No Limit ($0.50/$1.00 USD) - 2025/01/24 1:29:01 WET [2025/01/24 20:29:01 ET]
Table 'Gellivara II' 6-max Seat #2 is the button
Seat 6: Mr.Lucky MMM ($25.63 in chips) is sitting out
Seat 1: BMdoubleV777 ($40.40 in chips) 
Seat 2: BuzaCR7 ($29.67 in chips) 
Seat 3: nikalas22 ($145.23 in chips) 
Seat 4: avlee1 ($102.72 in chips) 
Seat 5: XneferX ($102.38 in chips) 
nikalas22: posts small blind $0.50
avlee1: posts big blind $1
*** HOLE CARDS ***
XneferX: folds 
BMdoubleV777: folds 
BuzaCR7: calls $1
nikalas22: folds 
avlee1: checks 
*** FLOP *** [3h 3d 7d]
avlee1: bets $1.57
BuzaCR7: folds 
Uncalled bet ($1.57) returned to avlee1
avlee1 collected $2.38 from pot
avlee1: doesn't show hand 
*** SUMMARY ***
Total pot $2.50 | Rake $0.12 
Board [3h 3d 7d]
Seat 6: Mr.Lucky MMM
Seat 1: BMdoubleV777 folded before Flop (didn't bet)
Seat 2: BuzaCR7 (button) folded on the Flop
Seat 3: nikalas22 (small blind) folded before Flop
Seat 4: avlee1 (big blind) collected ($2.38)
Seat 5: XneferX folded before Flop (didn't bet)



PokerStars Hand #254539689657:  Hold'em No Limit ($0.50/$1.00 USD) - 2025/01/24 1:29:28 WET [2025/01/24 20:29:28 ET]
Table 'Gellivara II' 6-max Seat #3 is the button
Seat 6: Mr.Lucky MMM ($25.63 in chips) is sitting out
Seat 1: BMdoubleV777 ($40.40 in chips) 
Seat 2: BuzaCR7 ($28.67 in chips) 
Seat 3: nikalas22 ($144.73 in chips) 
Seat 4: avlee1 ($104.10 in chips) 
Seat 5: XneferX ($102.38 in chips) 
avlee1: posts small blind $0.50
XneferX: posts big blind $1
*** HOLE CARDS ***
BMdoubleV777: raises $1 to $2
BuzaCR7: folds 
nikalas22: raises $6 to $8
avlee1: raises $12 to $20
XneferX: folds 
BMdoubleV777: folds 
nikalas22: folds 
Uncalled bet ($12) returned to avlee1
avlee1 collected $19 from pot
avlee1: doesn't show hand 
*** SUMMARY ***
Total pot $19 | Rake $0 
Seat 6: Mr.Lucky MMM
Seat 1: BMdoubleV777 folded before Flop
Seat 2: BuzaCR7 folded before Flop (didn't bet)
Seat 3: nikalas22 (button) folded before Flop
Seat 4: avlee1 (small blind) collected ($19)
Seat 5: XneferX (big blind) folded before Flop



PokerStars Hand #254539700212:  Hold'em No Limit ($0.50/$1.00 USD) - 2025/01/24 1:30:25 WET [2025/01/24 20:30:25 ET]
Table 'Gellivara II' 6-max Seat #4 is the button
Seat 6: Mr.Lucky MMM ($25.63 in chips) is sitting out
Seat 1: BMdoubleV777 ($38.40 in chips) 
Seat 2: BuzaCR7 ($28.67 in chips) 
Seat 3: nikalas22 ($136.73 in chips) 
Seat 4: avlee1 ($115.10 in chips) 
Seat 5: XneferX ($101.38 in chips) 
XneferX: posts small blind $0.50
BMdoubleV777: posts big blind $1
*** HOLE CARDS ***
BuzaCR7: calls $1
nikalas22: folds 
avlee1: folds 
XneferX: calls $0.50
BMdoubleV777: raises $3 to $4
BuzaCR7: raises $24.67 to $28.67 and is all-in
XneferX: folds 
BMdoubleV777: calls $24.67
*** FLOP *** [3d 9d Qs]
*** TURN *** [3d 9d Qs] [5s]
*** RIVER *** [3d 9d Qs 5s] [4h]
*** SHOW DOWN ***
BMdoubleV777: shows [Tc Th] (a pair of Tens)
BuzaCR7: shows [Ac Jd] (high card Ace)
BMdoubleV777 collected $55.84 from pot
*** SUMMARY ***
Total pot $58.34 | Rake $2.50 
Board [3d 9d Qs 5s 4h]
Seat 6: Mr.Lucky MMM
Seat 1: BMdoubleV777 (big blind) showed [Tc Th] and won ($55.84) with a pair of Tens
Seat 2: BuzaCR7 showed [Ac Jd] and lost with high card Ace
Seat 3: nikalas22 folded before Flop (didn't bet)
Seat 4: avlee1 (button) folded before Flop (didn't bet)
Seat 5: XneferX (small blind) folded before Flop



PokerStars Hand #254539709520:  Hold'em No Limit ($0.50/$1.00 USD) - 2025/01/24 1:31:14 WET [2025/01/24 20:31:14 ET]
Table 'Gellivara II' 6-max Seat #5 is the button
Seat 2: BuzaCR7 ($0 in chips) is sitting out
Seat 6: Mr.Lucky MMM ($25.63 in chips) is sitting out
Seat 1: BMdoubleV777 ($65.57 in chips) 
Seat 3: nikalas22 ($136.73 in chips) 
Seat 4: avlee1 ($115.10 in chips) 
Seat 5: XneferX ($100.38 in chips) 
BMdoubleV777: posts small blind $0.50
nikalas22: posts big blind $1
*** HOLE CARDS ***
avlee1: folds 
XneferX: folds 
BMdoubleV777: raises $1 to $2
nikalas22: folds 
Uncalled bet ($1) returned to BMdoubleV777
BMdoubleV777 collected $2 from pot
*** SUMMARY ***
Total pot $2 | Rake $0 
Seat 2: BuzaCR7
Seat 6: Mr.Lucky MMM
Seat 1: BMdoubleV777 (small blind) collected ($2)
Seat 3: nikalas22 (big blind) folded before Flop
Seat 4: avlee1 folded before Flop (didn't bet)
Seat 5: XneferX (button) folded before Flop (didn't bet)



PokerStars Hand #254539712023:  Hold'em No Limit ($0.50/$1.00 USD) - 2025/01/24 1:31:27 WET [2025/01/24 20:31:27 ET]
Table 'Gellivara II' 6-max Seat #1 is the button
Seat 2: BuzaCR7 ($20.32 in chips) is sitting out
Seat 6: Mr.Lucky MMM ($25.63 in chips) is sitting out
Seat 1: BMdoubleV777 ($66.57 in chips) 
Seat 3: nikalas22 ($135.73 in chips) 
Seat 4: avlee1 ($115.10 in chips) 
Seat 5: XneferX ($100.38 in chips) 
nikalas22: posts small blind $0.50
avlee1: posts big blind $1
*** HOLE CARDS ***
XneferX: raises $1.30 to $2.30
BMdoubleV777: folds 
nikalas22: folds 
avlee1: folds 
Uncalled bet ($1.30) returned to XneferX
XneferX collected $2.50 from pot
XneferX: doesn't show hand 
*** SUMMARY ***
Total pot $2.50 | Rake $0 
Seat 2: BuzaCR7
Seat 6: Mr.Lucky MMM
Seat 1: BMdoubleV777 (button) folded before Flop (didn't bet)
Seat 3: nikalas22 (small blind) folded before Flop
Seat 4: avlee1 (big blind) folded before Flop
Seat 5: XneferX collected ($2.50)



PokerStars Hand #254539715253:  Hold'em No Limit ($0.50/$1.00 USD) - 2025/01/24 1:31:44 WET [2025/01/24 20:31:44 ET]
Table 'Gellivara II' 6-max Seat #3 is the button
Seat 6: Mr.Lucky MMM ($25.63 in chips) is sitting out
Seat 1: BMdoubleV777 ($66.57 in chips) 
Seat 2: BuzaCR7 ($20.32 in chips) 
Seat 3: nikalas22 ($135.23 in chips) 
Seat 4: avlee1 ($114.10 in chips) 
Seat 5: XneferX ($101.88 in chips) 
avlee1: posts small blind $0.50
XneferX: posts big blind $1
BuzaCR7: posts small & big blinds $1.50
*** HOLE CARDS ***
BMdoubleV777: folds 
BuzaCR7: checks 
nikalas22: folds 
avlee1: folds 
XneferX: raises $3 to $4
BuzaCR7: calls $3
*** FLOP *** [5d Ac 2s]
XneferX: checks 
BuzaCR7: bets $15.82 and is all-in
XneferX: calls $15.82
*** TURN *** [5d Ac 2s] [5s]
*** RIVER *** [5d Ac 2s 5s] [4d]
*** SHOW DOWN ***
XneferX: shows [Ad Td] (two pair, Aces and Fives)
BuzaCR7: shows [8c 9d] (a pair of Fives)
XneferX collected $38.61 from pot
*** SUMMARY ***
Total pot $40.64 | Rake $2.03 
Board [5d Ac 2s 5s 4d]
Seat 6: Mr.Lucky MMM
Seat 1: BMdoubleV777 folded before Flop (didn't bet)
Seat 2: BuzaCR7 showed [8c 9d] and lost with a pair of Fives
Seat 3: nikalas22 (button) folded before Flop (didn't bet)
Seat 4: avlee1 (small blind) folded before Flop
Seat 5: XneferX (big blind) showed [Ad Td] and won ($38.61) with two pair, Aces and Fives



PokerStars Hand #254539723890:  Hold'em No Limit ($0.50/$1.00 USD) - 2025/01/24 1:32:29 WET [2025/01/24 20:32:29 ET]
Table 'Gellivara II' 6-max Seat #4 is the button
Seat 2: BuzaCR7 ($0 in chips) is sitting out
Seat 6: Mr.Lucky MMM ($25.63 in chips) is sitting out
Seat 1: BMdoubleV777 ($66.57 in chips) 
Seat 3: nikalas22 ($135.23 in chips) 
Seat 4: avlee1 ($113.60 in chips) 
Seat 5: XneferX ($120.67 in chips) 
XneferX: posts small blind $0.50
BMdoubleV777: posts big blind $1
*** HOLE CARDS ***
nikalas22: raises $1.50 to $2.50
avlee1: folds 
XneferX: folds 
BMdoubleV777: calls $1.50
*** FLOP *** [Qc 7h Ah]
BMdoubleV777: checks 
nikalas22: checks 
*** TURN *** [Qc 7h Ah] [9d]
BMdoubleV777: checks 
nikalas22: checks 
*** RIVER *** [Qc 7h Ah 9d] [Kd]
BMdoubleV777: checks 
nikalas22: checks 
*** SHOW DOWN ***
BMdoubleV777: shows [Ac Th] (a pair of Aces)
nikalas22: mucks hand 
BMdoubleV777 collected $5.22 from pot
*** SUMMARY ***
Total pot $5.50 | Rake $0.28 
Board [Qc 7h Ah 9d Kd]
Seat 2: BuzaCR7
Seat 6: Mr.Lucky MMM
Seat 1: BMdoubleV777 (big blind) showed [Ac Th] and won ($5.22) with a pair of Aces
Seat 3: nikalas22 mucked
Seat 4: avlee1 (button) folded before Flop (didn't bet)
Seat 5: XneferX (small blind) folded before Flop



PokerStars Hand #254539729639:  Hold'em No Limit ($0.50/$1.00 USD) - 2025/01/24 1:33:00 WET [2025/01/24 20:33:00 ET]
Table 'Gellivara II' 6-max Seat #5 is the button
Seat 6: Mr.Lucky MMM ($25.63 in chips) is sitting out
Seat 1: BMdoubleV777 ($69.29 in chips) 
Seat 2: BuzaCR7 ($40.58 in chips) 
Seat 3: nikalas22 ($132.73 in chips) 
Seat 4: avlee1 ($113.60 in chips) 
Seat 5: XneferX ($120.17 in chips) 
BMdoubleV777: posts small blind $0.50
BuzaCR7: posts big blind $1
*** HOLE CARDS ***
nikalas22: folds 
avlee1: raises $1.50 to $2.50
XneferX: folds 
BMdoubleV777: folds 
BuzaCR7: calls $1.50
*** FLOP *** [2h Td 7d]
BuzaCR7: checks 
avlee1: bets $1.46
BuzaCR7: calls $1.46
*** TURN *** [2h Td 7d] [Kc]
BuzaCR7: checks 
avlee1: checks 
*** RIVER *** [2h Td 7d Kc] [8c]
BuzaCR7: checks 
avlee1: checks 
*** SHOW DOWN ***
BuzaCR7: shows [8s Tc] (two pair, Tens and Eights)
avlee1: mucks hand 
BuzaCR7 collected $8 from pot
*** SUMMARY ***
Total pot $8.42 | Rake $0.42 
Board [2h Td 7d Kc 8c]
Seat 6: Mr.Lucky MMM
Seat 1: BMdoubleV777 (small blind) folded before Flop
Seat 2: BuzaCR7 (big blind) showed [8s Tc] and won ($8) with two pair, Tens and Eights
Seat 3: nikalas22 folded before Flop (didn't bet)
Seat 4: avlee1 mucked
Seat 5: XneferX (button) folded before Flop (didn't bet)



PokerStars Hand #254539738773:  Hold'em No Limit ($0.50/$1.00 USD) - 2025/01/24 1:33:48 WET [2025/01/24 20:33:48 ET]
Table 'Gellivara II' 6-max Seat #1 is the button
Seat 6: Mr.Lucky MMM ($25.63 in chips) is sitting out
Seat 1: BMdoubleV777 ($68.79 in chips) 
Seat 2: BuzaCR7 ($44.62 in chips) 
Seat 3: nikalas22 ($132.73 in chips) 
Seat 4: avlee1 ($109.64 in chips) 
Seat 5: XneferX ($120.17 in chips) 
BuzaCR7: posts small blind $0.50
nikalas22: posts big blind $1
*** HOLE CARDS ***
avlee1: folds 
XneferX: raises $1.30 to $2.30
BMdoubleV777: folds 
BuzaCR7: calls $1.80
nikalas22: folds 
*** FLOP *** [Kh 5h Qc]
BuzaCR7: checks 
XneferX: bets $1.81
BuzaCR7: calls $1.81
*** TURN *** [Kh 5h Qc] [Ts]
BuzaCR7: checks 
XneferX: checks 
*** RIVER *** [Kh 5h Qc Ts] [8c]
BuzaCR7: checks 
XneferX: bets $6.75
BuzaCR7: folds 
Uncalled bet ($6.75) returned to XneferX
XneferX collected $8.76 from pot
XneferX: doesn't show hand 
*** SUMMARY ***
Total pot $9.22 | Rake $0.46 
Board [Kh 5h Qc Ts 8c]
Seat 6: Mr.Lucky MMM
Seat 1: BMdoubleV777 (button) folded before Flop (didn't bet)
Seat 2: BuzaCR7 (small blind) folded on the River
Seat 3: nikalas22 (big blind) folded before Flop
Seat 4: avlee1 folded before Flop (didn't bet)
Seat 5: XneferX collected ($8.76)



PokerStars Hand #254539750565:  Hold'em No Limit ($0.50/$1.00 USD) - 2025/01/24 1:34:50 WET [2025/01/24 20:34:50 ET]
Table 'Gellivara II' 6-max Seat #2 is the button
Seat 6: Mr.Lucky MMM ($25.63 in chips) is sitting out
Seat 1: BMdoubleV777 ($68.79 in chips) 
Seat 2: BuzaCR7 ($40.51 in chips) 
Seat 3: nikalas22 ($131.73 in chips) 
Seat 4: avlee1 ($109.64 in chips) 
Seat 5: XneferX ($124.82 in chips) 
nikalas22: posts small blind $0.50
avlee1: posts big blind $1
*** HOLE CARDS ***
XneferX: folds 
BMdoubleV777: folds 
BuzaCR7: calls $1
nikalas22: folds 
avlee1: checks 
*** FLOP *** [4c As Ah]
avlee1: checks 
BuzaCR7: bets $1
avlee1: folds 
Uncalled bet ($1) returned to BuzaCR7
BuzaCR7 collected $2.38 from pot
*** SUMMARY ***
Total pot $2.50 | Rake $0.12 
Board [4c As Ah]
Seat 6: Mr.Lucky MMM
Seat 1: BMdoubleV777 folded before Flop (didn't bet)
Seat 2: BuzaCR7 (button) collected ($2.38)
Seat 3: nikalas22 (small blind) folded before Flop
Seat 4: avlee1 (big blind) folded on the Flop
Seat 5: XneferX folded before Flop (didn't bet)



PokerStars Hand #254539754417:  Hold'em No Limit ($0.50/$1.00 USD) - 2025/01/24 1:35:10 WET [2025/01/24 20:35:10 ET]
Table 'Gellivara II' 6-max Seat #3 is the button
Seat 6: Mr.Lucky MMM ($25.63 in chips) is sitting out
Seat 1: BMdoubleV777 ($68.79 in chips) 
Seat 2: BuzaCR7 ($41.89 in chips) 
Seat 3: nikalas22 ($131.23 in chips) 
Seat 4: avlee1 ($108.64 in chips) 
Seat 5: XneferX ($124.82 in chips) 
avlee1: posts small blind $0.50
XneferX: posts big blind $1
*** HOLE CARDS ***
BMdoubleV777: folds 
BuzaCR7: calls $1
nikalas22: raises $3.50 to $4.50
avlee1: folds 
XneferX: calls $3.50
BuzaCR7: calls $3.50
*** FLOP *** [8s 7h 3h]
XneferX: checks 
BuzaCR7: checks 
nikalas22: bets $9.98
XneferX: folds 
BuzaCR7: folds 
Uncalled bet ($9.98) returned to nikalas22
nikalas22 collected $13.30 from pot
nikalas22: doesn't show hand 
*** SUMMARY ***
Total pot $14 | Rake $0.70 
Board [8s 7h 3h]
Seat 6: Mr.Lucky MMM
Seat 1: BMdoubleV777 folded before Flop (didn't bet)
Seat 2: BuzaCR7 folded on the Flop
Seat 3: nikalas22 (button) collected ($13.30)
Seat 4: avlee1 (small blind) folded before Flop
Seat 5: XneferX (big blind) folded on the Flop



PokerStars Hand #254539761998:  Hold'em No Limit ($0.50/$1.00 USD) - 2025/01/24 1:35:50 WET [2025/01/24 20:35:50 ET]
Table 'Gellivara II' 6-max Seat #4 is the button
Seat 6: Mr.Lucky MMM ($25.63 in chips) is sitting out
Seat 1: BMdoubleV777 ($68.79 in chips) 
Seat 2: BuzaCR7 ($37.39 in chips) 
Seat 3: nikalas22 ($140.03 in chips) 
Seat 4: avlee1 ($108.14 in chips) 
Seat 5: XneferX ($120.32 in chips) 
XneferX: posts small blind $0.50
BMdoubleV777: posts big blind $1
*** HOLE CARDS ***
BuzaCR7: calls $1
nikalas22: folds 
avlee1: folds 
XneferX: calls $0.50
BMdoubleV777: checks 
*** FLOP *** [Qh 2c 3s]
XneferX: checks 
BMdoubleV777: bets $1.43
BuzaCR7: calls $1.43
XneferX: folds 
*** TURN *** [Qh 2c 3s] [Qc]
BMdoubleV777: bets $1
BuzaCR7: calls $1
*** RIVER *** [Qh 2c 3s Qc] [Ks]
BMdoubleV777: bets $1
BuzaCR7: calls $1
*** SHOW DOWN ***
BMdoubleV777: shows [Jh 4d] (a pair of Queens)
BuzaCR7: shows [5c 5s] (two pair, Queens and Fives)
BuzaCR7 collected $9.37 from pot
*** SUMMARY ***
Total pot $9.86 | Rake $0.49 
Board [Qh 2c 3s Qc Ks]
Seat 6: Mr.Lucky MMM
Seat 1: BMdoubleV777 (big blind) showed [Jh 4d] and lost with a pair of Queens
Seat 2: BuzaCR7 showed [5c 5s] and won ($9.37) with two pair, Queens and Fives
Seat 3: nikalas22 folded before Flop (didn't bet)
Seat 4: avlee1 (button) folded before Flop (didn't bet)
Seat 5: XneferX (small blind) folded on the Flop



PokerStars Hand #254539770727:  Hold'em No Limit ($0.50/$1.00 USD) - 2025/01/24 1:36:36 WET [2025/01/24 20:36:36 ET]
Table 'Gellivara II' 6-max Seat #5 is the button
Seat 6: Mr.Lucky MMM ($25.63 in chips) is sitting out
Seat 1: BMdoubleV777 ($64.36 in chips) 
Seat 2: BuzaCR7 ($42.33 in chips) 
Seat 3: nikalas22 ($140.03 in chips) 
Seat 4: avlee1 ($108.14 in chips) 
Seat 5: XneferX ($119.32 in chips) 
BMdoubleV777: posts small blind $0.50
BuzaCR7: posts big blind $1
*** HOLE CARDS ***
nikalas22: raises $1.50 to $2.50
avlee1: folds 
XneferX: folds 
BMdoubleV777: calls $2
BuzaCR7: folds 
*** FLOP *** [9d Kc 8s]
BMdoubleV777: checks 
nikalas22: bets $4.28
BMdoubleV777: calls $4.28
*** TURN *** [9d Kc 8s] [4c]
BMdoubleV777: checks 
nikalas22: checks 
*** RIVER *** [9d Kc 8s 4c] [8h]
BMdoubleV777: bets $6.92
nikalas22: folds 
Uncalled bet ($6.92) returned to BMdoubleV777
BMdoubleV777 collected $13.83 from pot
*** SUMMARY ***
Total pot $14.56 | Rake $0.73 
Board [9d Kc 8s 4c 8h]
Seat 6: Mr.Lucky MMM
Seat 1: BMdoubleV777 (small blind) collected ($13.83)
Seat 2: BuzaCR7 (big blind) folded before Flop
Seat 3: nikalas22 folded on the River
Seat 4: avlee1 folded before Flop (didn't bet)
Seat 5: XneferX (button) folded before Flop (didn't bet)



PokerStars Hand #254539777185:  Hold'em No Limit ($0.50/$1.00 USD) - 2025/01/24 1:37:11 WET [2025/01/24 20:37:11 ET]
Table 'Gellivara II' 6-max Seat #1 is the button
Seat 1: BMdoubleV777 ($71.41 in chips) 
Seat 2: BuzaCR7 ($41.33 in chips) 
Seat 3: nikalas22 ($133.25 in chips) 
Seat 4: avlee1 ($108.14 in chips) 
Seat 5: XneferX ($119.32 in chips) 
Seat 6: Mr.Lucky MMM ($25.63 in chips) 
BuzaCR7: posts small blind $0.50
nikalas22: posts big blind $1
Mr.Lucky MMM: posts small & big blinds $1.50
*** HOLE CARDS ***
avlee1: folds 
XneferX: folds 
Mr.Lucky MMM: checks 
BMdoubleV777: folds 
BuzaCR7: raises $2 to $3
nikalas22: folds 
Mr.Lucky MMM: calls $2
*** FLOP *** [2s 4c Qs]
BuzaCR7: checks 
Mr.Lucky MMM: checks 
*** TURN *** [2s 4c Qs] [2c]
BuzaCR7: bets $3.56
Mr.Lucky MMM: folds 
Uncalled bet ($3.56) returned to BuzaCR7
BuzaCR7 collected $7.12 from pot
*** SUMMARY ***
Total pot $7.50 | Rake $0.38 
Board [2s 4c Qs 2c]
Seat 1: BMdoubleV777 (button) folded before Flop (didn't bet)
Seat 2: BuzaCR7 (small blind) collected ($7.12)
Seat 3: nikalas22 (big blind) folded before Flop
Seat 4: avlee1 folded before Flop (didn't bet)
Seat 5: XneferX folded before Flop (didn't bet)
Seat 6: Mr.Lucky MMM folded on the Turn



PokerStars Hand #254539786399:  Hold'em No Limit ($0.50/$1.00 USD) - 2025/01/24 1:38:00 WET [2025/01/24 20:38:00 ET]
Table 'Gellivara II' 6-max Seat #2 is the button
Seat 1: BMdoubleV777 ($71.41 in chips) 
Seat 2: BuzaCR7 ($45.45 in chips) 
Seat 3: nikalas22 ($132.25 in chips) 
Seat 4: avlee1 ($108.14 in chips) 
Seat 5: XneferX ($119.32 in chips) 
Seat 6: Mr.Lucky MMM ($22.13 in chips) 
nikalas22: posts small blind $0.50
avlee1: posts big blind $1
*** HOLE CARDS ***
XneferX: raises $1.10 to $2.10
Mr.Lucky MMM: folds 
BMdoubleV777: calls $2.10
BuzaCR7: calls $2.10
nikalas22: folds 
avlee1: folds 
*** FLOP *** [Kc Td 2h]
XneferX: checks 
BMdoubleV777: checks 
BuzaCR7: bets $3
XneferX: folds 
BMdoubleV777: calls $3
*** TURN *** [Kc Td 2h] [8s]
BMdoubleV777: bets $6.56
BuzaCR7: calls $6.56
*** RIVER *** [Kc Td 2h 8s] [Qd]
BMdoubleV777: bets $12.79
BuzaCR7: raises $21 to $33.79 and is all-in
BMdoubleV777: calls $21
*** SHOW DOWN ***
BuzaCR7: shows [Qc Qh] (three of a kind, Queens)
BMdoubleV777: shows [9s Js] (a straight, Nine to King)
BMdoubleV777 collected $92 from pot
*** SUMMARY ***
Total pot $94.50 | Rake $2.50 
Board [Kc Td 2h 8s Qd]
Seat 1: BMdoubleV777 showed [9s Js] and won ($92) with a straight, Nine to King
Seat 2: BuzaCR7 (button) showed [Qc Qh] and lost with three of a kind, Queens
Seat 3: nikalas22 (small blind) folded before Flop
Seat 4: avlee1 (big blind) folded before Flop
Seat 5: XneferX folded on the Flop
Seat 6: Mr.Lucky MMM folded before Flop (didn't bet)



PokerStars Hand #254539800429:  Hold'em No Limit ($0.50/$1.00 USD) - 2025/01/24 1:39:16 WET [2025/01/24 20:39:16 ET]
Table 'Gellivara II' 6-max Seat #3 is the button
Seat 2: BuzaCR7 ($0 in chips) is sitting out
Seat 1: BMdoubleV777 ($117.96 in chips) 
Seat 3: nikalas22 ($131.75 in chips) 
Seat 4: avlee1 ($107.14 in chips) 
Seat 5: XneferX ($117.22 in chips) 
Seat 6: Mr.Lucky MMM ($22.13 in chips) 
avlee1: posts small blind $0.50
XneferX: posts big blind $1
*** HOLE CARDS ***
Mr.Lucky MMM: folds 
BMdoubleV777: folds 
nikalas22: raises $1.50 to $2.50
avlee1: folds 
XneferX: calls $1.50
*** FLOP *** [Ah Ks Kd]
XneferX: checks 
nikalas22: bets $1.57
XneferX: calls $1.57
*** TURN *** [Ah Ks Kd] [Ts]
XneferX: checks 
nikalas22: checks 
*** RIVER *** [Ah Ks Kd Ts] [2d]
XneferX: checks 
nikalas22: checks 
*** SHOW DOWN ***
XneferX: shows [9s Ad] (two pair, Aces and Kings)
nikalas22: mucks hand 
XneferX collected $8.21 from pot
*** SUMMARY ***
Total pot $8.64 | Rake $0.43 
Board [Ah Ks Kd Ts 2d]
Seat 2: BuzaCR7
Seat 1: BMdoubleV777 folded before Flop (didn't bet)
Seat 3: nikalas22 (button) mucked
Seat 4: avlee1 (small blind) folded before Flop
Seat 5: XneferX (big blind) showed [9s Ad] and won ($8.21) with two pair, Aces and Kings
Seat 6: Mr.Lucky MMM folded before Flop (didn't bet)



PokerStars Hand #254539808679:  Hold'em No Limit ($0.50/$1.00 USD) - 2025/01/24 1:40:00 WET [2025/01/24 20:40:00 ET]
Table 'Gellivara II' 6-max Seat #4 is the button
Seat 1: BMdoubleV777 ($117.96 in chips) 
Seat 2: BuzaCR7 ($100 in chips) 
Seat 3: nikalas22 ($127.68 in chips) 
Seat 4: avlee1 ($106.64 in chips) 
Seat 5: XneferX ($121.36 in chips) 
Seat 6: Mr.Lucky MMM ($22.13 in chips) 
XneferX: posts small blind $0.50
Mr.Lucky MMM: posts big blind $1
*** HOLE CARDS ***
BMdoubleV777: folds 
BuzaCR7: raises $1 to $2
nikalas22: folds 
avlee1: folds 
XneferX: folds 
Mr.Lucky MMM: folds 
Uncalled bet ($1) returned to BuzaCR7
BuzaCR7 collected $2.50 from pot
*** SUMMARY ***
Total pot $2.50 | Rake $0 
Seat 1: BMdoubleV777 folded before Flop (didn't bet)
Seat 2: BuzaCR7 collected ($2.50)
Seat 3: nikalas22 folded before Flop (didn't bet)
Seat 4: avlee1 (button) folded before Flop (didn't bet)
Seat 5: XneferX (small blind) folded before Flop
Seat 6: Mr.Lucky MMM (big blind) folded before Flop



PokerStars Hand #254539811182:  Hold'em No Limit ($0.50/$1.00 USD) - 2025/01/24 1:40:13 WET [2025/01/24 20:40:13 ET]
Table 'Gellivara II' 6-max Seat #5 is the button
Seat 1: BMdoubleV777 ($117.96 in chips) 
Seat 2: BuzaCR7 ($101.50 in chips) 
Seat 3: nikalas22 ($127.68 in chips) 
Seat 4: avlee1 ($106.64 in chips) 
Seat 5: XneferX ($120.86 in chips) 
Seat 6: Mr.Lucky MMM ($21.13 in chips) 
Mr.Lucky MMM: posts small blind $0.50
BMdoubleV777: posts big blind $1
*** HOLE CARDS ***
BuzaCR7: calls $1
nikalas22: folds 
avlee1: folds 
XneferX: folds 
Mr.Lucky MMM: raises $2 to $3
BMdoubleV777: folds 
BuzaCR7: calls $2
*** FLOP *** [Qh Qc Ad]
Mr.Lucky MMM: checks 
BuzaCR7: checks 
*** TURN *** [Qh Qc Ad] [Js]
Mr.Lucky MMM: bets $2
BuzaCR7: calls $2
*** RIVER *** [Qh Qc Ad Js] [9h]
Mr.Lucky MMM: bets $16.13 and is all-in
BuzaCR7: folds 
Uncalled bet ($16.13) returned to Mr.Lucky MMM
Mr.Lucky MMM collected $10.45 from pot
*** SUMMARY ***
Total pot $11 | Rake $0.55 
Board [Qh Qc Ad Js 9h]
Seat 1: BMdoubleV777 (big blind) folded before Flop
Seat 2: BuzaCR7 folded on the River
Seat 3: nikalas22 folded before Flop (didn't bet)
Seat 4: avlee1 folded before Flop (didn't bet)
Seat 5: XneferX (button) folded before Flop (didn't bet)
Seat 6: Mr.Lucky MMM (small blind) collected ($10.45)



PokerStars Hand #254539818022:  Hold'em No Limit ($0.50/$1.00 USD) - 2025/01/24 1:40:50 WET [2025/01/24 20:40:50 ET]
Table 'Gellivara II' 6-max Seat #6 is the button
Seat 1: BMdoubleV777 ($116.96 in chips) 
Seat 2: BuzaCR7 ($96.50 in chips) 
Seat 3: nikalas22 ($127.68 in chips) 
Seat 4: avlee1 ($106.64 in chips) 
Seat 5: XneferX ($120.86 in chips) 
Seat 6: Mr.Lucky MMM ($26.58 in chips) 
BMdoubleV777: posts small blind $0.50
BuzaCR7: posts big blind $1
*** HOLE CARDS ***
nikalas22: raises $1.50 to $2.50
avlee1: folds 
XneferX: folds 
Mr.Lucky MMM: folds 
BMdoubleV777: folds 
BuzaCR7: calls $1.50
*** FLOP *** [2d Kc 5c]
BuzaCR7: checks 
nikalas22: bets $1.57
BuzaCR7: calls $1.57
*** TURN *** [2d Kc 5c] [7c]
BuzaCR7: checks 
nikalas22: bets $6.16
BuzaCR7: calls $6.16
*** RIVER *** [2d Kc 5c 7c] [8h]
BuzaCR7: checks 
nikalas22: checks 
*** SHOW DOWN ***
BuzaCR7: shows [7h 5s] (two pair, Sevens and Fives)
nikalas22: mucks hand 
BuzaCR7 collected $19.91 from pot
*** SUMMARY ***
Total pot $20.96 | Rake $1.05 
Board [2d Kc 5c 7c 8h]
Seat 1: BMdoubleV777 (small blind) folded before Flop
Seat 2: BuzaCR7 (big blind) showed [7h 5s] and won ($19.91) with two pair, Sevens and Fives
Seat 3: nikalas22 mucked
Seat 4: avlee1 folded before Flop (didn't bet)
Seat 5: XneferX folded before Flop (didn't bet)
Seat 6: Mr.Lucky MMM (button) folded before Flop (didn't bet)



PokerStars Hand #254539825347:  Hold'em No Limit ($0.50/$1.00 USD) - 2025/01/24 1:41:30 WET [2025/01/24 20:41:30 ET]
Table 'Gellivara II' 6-max Seat #1 is the button
Seat 1: BMdoubleV777 ($116.46 in chips) 
Seat 2: BuzaCR7 ($106.18 in chips) 
Seat 3: nikalas22 ($117.45 in chips) 
Seat 4: avlee1 ($106.64 in chips) 
Seat 5: XneferX ($120.86 in chips) 
Seat 6: Mr.Lucky MMM ($26.58 in chips) 
BuzaCR7: posts small blind $0.50
nikalas22: posts big blind $1
*** HOLE CARDS ***
avlee1: folds 
XneferX: folds 
Mr.Lucky MMM: folds 
BMdoubleV777: folds 
BuzaCR7: calls $0.50
nikalas22: raises $4 to $5
BuzaCR7: folds 
Uncalled bet ($4) returned to nikalas22
nikalas22 collected $2 from pot
nikalas22: doesn't show hand 
*** SUMMARY ***
Total pot $2 | Rake $0 
Seat 1: BMdoubleV777 (button) folded before Flop (didn't bet)
Seat 2: BuzaCR7 (small blind) folded before Flop
Seat 3: nikalas22 (big blind) collected ($2)
Seat 4: avlee1 folded before Flop (didn't bet)
Seat 5: XneferX folded before Flop (didn't bet)
Seat 6: Mr.Lucky MMM folded before Flop (didn't bet)



PokerStars Hand #254539829326:  Hold'em No Limit ($0.50/$1.00 USD) - 2025/01/24 1:41:51 WET [2025/01/24 20:41:51 ET]
Table 'Gellivara II' 6-max Seat #2 is the button
Seat 4: avlee1 ($106.64 in chips) is sitting out
Seat 1: BMdoubleV777 ($116.46 in chips) 
Seat 2: BuzaCR7 ($105.18 in chips) 
Seat 3: nikalas22 ($118.45 in chips) 
Seat 5: XneferX ($120.86 in chips) 
Seat 6: Mr.Lucky MMM ($26.58 in chips) 
nikalas22: posts small blind $0.50
avlee1: is sitting out 
XneferX: posts big blind $1
*** HOLE CARDS ***
Mr.Lucky MMM: folds 
BMdoubleV777: calls $1
BuzaCR7: folds 
nikalas22: folds 
XneferX: checks 
*** FLOP *** [Tc 8s Ad]
XneferX: checks 
BMdoubleV777: checks 
*** TURN *** [Tc 8s Ad] [Qs]
avlee1 leaves the table
XneferX: bets $1.83
equilibrium_tv joins the table at seat #4 
BMdoubleV777: folds 
Uncalled bet ($1.83) returned to XneferX
XneferX collected $2.38 from pot
XneferX: doesn't show hand 
*** SUMMARY ***
Total pot $2.50 | Rake $0.12 
Board [Tc 8s Ad Qs]
Seat 4: avlee1
Seat 1: BMdoubleV777 folded on the Turn
Seat 2: BuzaCR7 (button) folded before Flop (didn't bet)
Seat 3: nikalas22 (small blind) folded before Flop
Seat 5: XneferX (big blind) collected ($2.38)
Seat 6: Mr.Lucky MMM folded before Flop (didn't bet)



PokerStars Hand #254539842342:  Hold'em No Limit ($0.50/$1.00 USD) - 2025/01/24 1:43:03 WET [2025/01/24 20:43:03 ET]
Table 'Gellivara II' 6-max Seat #3 is the button
Seat 4: equilibrium_tv ($14 in chips) is sitting out
Seat 1: BMdoubleV777 ($115.46 in chips) 
Seat 2: BuzaCR7 ($105.18 in chips) 
Seat 3: nikalas22 ($117.95 in chips) 
Seat 5: XneferX ($122.24 in chips) 
Seat 6: Mr.Lucky MMM ($26.58 in chips) 
XneferX: posts small blind $0.50
Mr.Lucky MMM: posts big blind $1
*** HOLE CARDS ***
BMdoubleV777: folds 
BuzaCR7: calls $1
nikalas22: raises $3.50 to $4.50
XneferX: folds 
Mr.Lucky MMM: calls $3.50
BuzaCR7: calls $3.50
*** FLOP *** [Js 9c 5h]
Mr.Lucky MMM: checks 
BuzaCR7: checks 
nikalas22: bets $9.98
Mr.Lucky MMM: calls $9.98
BuzaCR7: raises $90.70 to $100.68 and is all-in
nikalas22: raises $12.77 to $113.45 and is all-in
Mr.Lucky MMM: calls $12.10 and is all-in
Uncalled bet ($12.77) returned to nikalas22
*** TURN *** [Js 9c 5h] [3h]
*** RIVER *** [Js 9c 5h 3h] [6d]
*** SHOW DOWN ***
BuzaCR7: shows [Td 8h] (high card Jack)
nikalas22: shows [Jd Ac] (a pair of Jacks)
nikalas22 collected $157.20 from side pot
Mr.Lucky MMM: shows [Kh 9h] (a pair of Nines)
nikalas22 collected $77.74 from main pot
*** SUMMARY ***
Total pot $237.44 Main pot $77.74. Side pot $157.20. | Rake $2.50 
Board [Js 9c 5h 3h 6d]
Seat 4: equilibrium_tv
Seat 1: BMdoubleV777 folded before Flop (didn't bet)
Seat 2: BuzaCR7 showed [Td 8h] and lost with high card Jack
Seat 3: nikalas22 (button) showed [Jd Ac] and won ($234.94) with a pair of Jacks
Seat 5: XneferX (small blind) folded before Flop
Seat 6: Mr.Lucky MMM (big blind) showed [Kh 9h] and lost with a pair of Nines



PokerStars Hand #254539851367:  Hold'em No Limit ($0.50/$1.00 USD) - 2025/01/24 1:43:51 WET [2025/01/24 20:43:51 ET]
Table 'Gellivara II' 6-max Seat #5 is the button
Seat 2: BuzaCR7 ($0 in chips) is sitting out
Seat 4: equilibrium_tv ($14 in chips) is sitting out
Seat 6: Mr.Lucky MMM ($0 in chips) is sitting out
Seat 1: BMdoubleV777 ($115.46 in chips) 
Seat 3: nikalas22 ($247.71 in chips) 
Seat 5: XneferX ($121.74 in chips) 
BMdoubleV777: posts small blind $0.50
nikalas22: posts big blind $1
equilibrium_tv: sits out 
*** HOLE CARDS ***
XneferX: folds 
BMdoubleV777: folds 
Uncalled bet ($0.50) returned to nikalas22
BuzaCR7 leaves the table
nikalas22 collected $1 from pot
nikalas22: doesn't show hand 
*** SUMMARY ***
Total pot $1 | Rake $0 
Seat 2: BuzaCR7
Seat 4: equilibrium_tv
Seat 6: Mr.Lucky MMM
Seat 1: BMdoubleV777 (small blind) folded before Flop
Seat 3: nikalas22 (big blind) collected ($1)
Seat 5: XneferX (button) folded before Flop (didn't bet)



PokerStars Hand #254539853607:  Hold'em No Limit ($0.50/$1.00 USD) - 2025/01/24 1:44:04 WET [2025/01/24 20:44:04 ET]
Table 'Gellivara II' 6-max Seat #1 is the button
Seat 6: Mr.Lucky MMM ($0 in chips) is sitting out
Seat 1: BMdoubleV777 ($114.96 in chips) 
Seat 3: nikalas22 ($248.21 in chips) 
Seat 4: equilibrium_tv ($14 in chips) 
Seat 5: XneferX ($121.74 in chips) 
nikalas22: posts small blind $0.50
equilibrium_tv: posts big blind $1
*** HOLE CARDS ***
XneferX: raises $1.30 to $2.30
BMdoubleV777: calls $2.30
nikalas22: folds 
equilibrium_tv: raises $11.70 to $14 and is all-in
ptolejmus joins the table at seat #2 
XneferX: folds 
BMdoubleV777: calls $11.70
*** FLOP *** [Ts 7d 2s]
*** TURN *** [Ts 7d 2s] [Jc]
*** RIVER *** [Ts 7d 2s Jc] [Ks]
*** SHOW DOWN ***
equilibrium_tv: shows [As 9d] (high card Ace)
BMdoubleV777: shows [Qh Kc] (a pair of Kings)
BMdoubleV777 collected $29.80 from pot
*** SUMMARY ***
Total pot $30.80 | Rake $1 
Board [Ts 7d 2s Jc Ks]
Seat 6: Mr.Lucky MMM
Seat 1: BMdoubleV777 (button) showed [Qh Kc] and won ($29.80) with a pair of Kings
Seat 3: nikalas22 (small blind) folded before Flop
Seat 4: equilibrium_tv (big blind) showed [As 9d] and lost with high card Ace
Seat 5: XneferX folded before Flop



PokerStars Hand #254539860743:  Hold'em No Limit ($0.50/$1.00 USD) - 2025/01/24 1:44:44 WET [2025/01/24 20:44:44 ET]
Table 'Gellivara II' 6-max Seat #3 is the button
Seat 2: ptolejmus ($10.31 in chips) is sitting out
Seat 6: Mr.Lucky MMM ($0 in chips) is sitting out
Seat 1: BMdoubleV777 ($130.76 in chips) 
Seat 3: nikalas22 ($247.71 in chips) 
Seat 4: equilibrium_tv ($10 in chips) 
Seat 5: XneferX ($119.44 in chips) 
equilibrium_tv: posts small blind $0.50
XneferX: posts big blind $1
ptolejmus: sits out 
*** HOLE CARDS ***
BMdoubleV777: folds 
nikalas22: raises $1.50 to $2.50
equilibrium_tv: raises $7.50 to $10 and is all-in
XneferX: folds 
nikalas22: calls $7.50
*** FIRST FLOP *** [Js Kh 8d]
*** FIRST TURN *** [Js Kh 8d] [4h]
*** FIRST RIVER *** [Js Kh 8d 4h] [6c]
*** SECOND FLOP *** [9d Jc Ts]
*** SECOND TURN *** [9d Jc Ts] [4s]
*** SECOND RIVER *** [9d Jc Ts 4s] [Tc]
*** FIRST SHOW DOWN ***
equilibrium_tv: shows [Ad 2d] (high card Ace)
nikalas22: shows [Ac 8c] (a pair of Eights)
nikalas22 collected $10 from pot
*** SECOND SHOW DOWN ***
equilibrium_tv: shows [Ad 2d] (a pair of Tens)
nikalas22: shows [Ac 8c] (a pair of Tens)
equilibrium_tv collected $5 from pot
nikalas22 collected $5 from pot
*** SUMMARY ***
Total pot $21 | Rake $1 
Hand was run twice
FIRST Board [Js Kh 8d 4h 6c]
SECOND Board [9d Jc Ts 4s Tc]
Seat 2: ptolejmus
Seat 6: Mr.Lucky MMM
Seat 1: BMdoubleV777 folded before Flop (didn't bet)
Seat 3: nikalas22 (button) showed [Ac 8c] and won ($10) with a pair of Eights, and won ($5) with a pair of Tens
Seat 4: equilibrium_tv (small blind) showed [Ad 2d] and lost with high card Ace, and won ($5) with a pair of Tens
Seat 5: XneferX (big blind) folded before Flop



PokerStars Hand #254539866234:  Hold'em No Limit ($0.50/$1.00 USD) - 2025/01/24 1:45:14 WET [2025/01/24 20:45:14 ET]
Table 'Gellivara II' 6-max Seat #4 is the button
Seat 2: ptolejmus ($10.31 in chips) is sitting out
Seat 6: Mr.Lucky MMM ($0 in chips) is sitting out
Seat 1: BMdoubleV777 ($130.76 in chips) 
Seat 3: nikalas22 ($252.71 in chips) 
Seat 4: equilibrium_tv ($5 in chips) 
Seat 5: XneferX ($118.44 in chips) 
XneferX: posts small blind $0.50
BMdoubleV777: posts big blind $1
ptolejmus: sits out 
*** HOLE CARDS ***
nikalas22: raises $1.50 to $2.50
equilibrium_tv: folds 
XneferX: folds 
BMdoubleV777: folds 
Uncalled bet ($1.50) returned to nikalas22
nikalas22 collected $2.50 from pot
nikalas22: doesn't show hand 
*** SUMMARY ***
Total pot $2.50 | Rake $0 
Seat 2: ptolejmus
Seat 6: Mr.Lucky MMM
Seat 1: BMdoubleV777 (big blind) folded before Flop
Seat 3: nikalas22 collected ($2.50)
Seat 4: equilibrium_tv (button) folded before Flop (didn't bet)
Seat 5: XneferX (small blind) folded before Flop



