PokerStars Hand #254533743145:  Hold'em No Limit ($0.50/$1.00 USD) - 2025/01/24 19:47:17 WET [2025/01/24 14:47:17 ET]
Table 'Hercynia IV' 6-max Seat #1 is the button
Seat 3: jujupipa27 ($12.44 in chips) is sitting out
Seat 4: Eredar5 ($100 in chips) is sitting out
Seat 1: joaquin612 ($100 in chips) 
Seat 5: EAroca ($101.50 in chips) 
Seat 6: PhoenixAssassin ($100 in chips) 
EAroca: posts small blind $0.50
PhoenixAssassin: posts big blind $1
*** HOLE CARDS ***
joaquin612: raises $1.50 to $2.50
EAroca: folds 
PhoenixAssassin: folds 
Uncalled bet ($1.50) returned to joaquin612
vadjkeee joins the table at seat #2 
joaquin612 collected $2.50 from pot
joaquin612: doesn't show hand 
*** SUMMARY ***
Total pot $2.50 | Rake $0 
Seat 3: jujupipa27
Seat 4: Eredar5
Seat 1: joaquin612 (button) collected ($2.50)
Seat 5: EAroca (small blind) folded before Flop
Seat 6: PhoenixAssassin (big blind) folded before Flop



PokerStars Hand #254533746416:  Hold'em No Limit ($0.50/$1.00 USD) - 2025/01/24 19:47:29 WET [2025/01/24 14:47:29 ET]
Table 'Hercynia IV' 6-max Seat #5 is the button
Seat 2: vadjkeee ($100 in chips) is sitting out
Seat 3: jujupipa27 ($12.44 in chips) is sitting out
Seat 4: Eredar5 ($100 in chips) is sitting out
Seat 1: joaquin612 ($101.50 in chips) 
Seat 5: EAroca ($101 in chips) 
Seat 6: PhoenixAssassin ($100 in chips) 
PhoenixAssassin: posts small blind $0.50
joaquin612: posts big blind $1
vadjkeee: sits out 
jujupipa27: sits out 
Eredar5: sits out 
*** HOLE CARDS ***
EAroca: raises $1.50 to $2.50
PhoenixAssassin: raises $9.50 to $12
joaquin612: folds 
EAroca: folds 
Uncalled bet ($9.50) returned to PhoenixAssassin
PhoenixAssassin collected $6 from pot
PhoenixAssassin: doesn't show hand 
*** SUMMARY ***
Total pot $6 | Rake $0 
Seat 2: vadjkeee
Seat 3: jujupipa27
Seat 4: Eredar5
Seat 1: joaquin612 (big blind) folded before Flop
Seat 5: EAroca (button) folded before Flop
Seat 6: PhoenixAssassin (small blind) collected ($6)



PokerStars Hand #254533754868:  Hold'em No Limit ($0.50/$1.00 USD) - 2025/01/24 19:47:58 WET [2025/01/24 14:47:58 ET]
Table 'Hercynia IV' 6-max Seat #6 is the button
Seat 3: jujupipa27 ($12.44 in chips) is sitting out
Seat 4: Eredar5 ($100 in chips) is sitting out
Seat 1: joaquin612 ($100.50 in chips) 
Seat 2: vadjkeee ($100 in chips) 
Seat 5: EAroca ($100 in chips) 
Seat 6: PhoenixAssassin ($103.50 in chips) 
joaquin612: posts small blind $0.50
vadjkeee: posts big blind $1
jujupipa27: sits out 
Eredar5: sits out 
*** HOLE CARDS ***
EAroca: raises $1.20 to $2.20
PhoenixAssassin: folds 
jujupipa27 leaves the table
joaquin612: raises $8.80 to $11
vadjkeee: folds 
Gjeneral66 joins the table at seat #3 
Gjeneral66 is disconnected 
EAroca: folds 
Uncalled bet ($8.80) returned to joaquin612
joaquin612 collected $5.40 from pot
joaquin612: doesn't show hand 
*** SUMMARY ***
Total pot $5.40 | Rake $0 
Seat 3: jujupipa27
Seat 4: Eredar5
Seat 1: joaquin612 (small blind) collected ($5.40)
Seat 2: vadjkeee (big blind) folded before Flop
Seat 5: EAroca folded before Flop
Seat 6: PhoenixAssassin (button) folded before Flop (didn't bet)



PokerStars Hand #254533765916:  Hold'em No Limit ($0.50/$1.00 USD) - 2025/01/24 19:48:36 WET [2025/01/24 14:48:36 ET]
Table 'Hercynia IV' 6-max Seat #1 is the button
Seat 4: Eredar5 ($100 in chips) is sitting out
Seat 1: joaquin612 ($103.70 in chips) 
Seat 2: vadjkeee ($100 in chips) 
Seat 3: Gjeneral66 ($44.37 in chips) 
Seat 5: EAroca ($100 in chips) 
Seat 6: PhoenixAssassin ($103.50 in chips) 
vadjkeee: posts small blind $0.50
Gjeneral66: posts big blind $1
Eredar5: sits out 
*** HOLE CARDS ***
EAroca: raises $1 to $2
PhoenixAssassin: folds 
joaquin612: folds 
vadjkeee: folds 
Gjeneral66: calls $1
*** FLOP *** [8c 7c 2c]
Gjeneral66: checks 
EAroca: bets $1.07
Gjeneral66: folds 
Uncalled bet ($1.07) returned to EAroca
EAroca collected $4.28 from pot
EAroca: doesn't show hand 
*** SUMMARY ***
Total pot $4.50 | Rake $0.22 
Board [8c 7c 2c]
Seat 4: Eredar5
Seat 1: joaquin612 (button) folded before Flop (didn't bet)
Seat 2: vadjkeee (small blind) folded before Flop
Seat 3: Gjeneral66 (big blind) folded on the Flop
Seat 5: EAroca collected ($4.28)
Seat 6: PhoenixAssassin folded before Flop (didn't bet)



PokerStars Hand #254533775841:  Hold'em No Limit ($0.50/$1.00 USD) - 2025/01/24 19:49:12 WET [2025/01/24 14:49:12 ET]
Table 'Hercynia IV' 6-max Seat #2 is the button
Seat 1: joaquin612 ($103.70 in chips) 
Seat 2: vadjkeee ($100 in chips) 
Seat 3: Gjeneral66 ($42.37 in chips) 
Seat 4: Eredar5 ($100 in chips) 
Seat 5: EAroca ($102.28 in chips) 
Seat 6: PhoenixAssassin ($103.50 in chips) 
Gjeneral66: posts small blind $0.50
Eredar5: posts big blind $1
*** HOLE CARDS ***
EAroca: folds 
PhoenixAssassin: raises $1.20 to $2.20
joaquin612: folds 
vadjkeee: folds 
Gjeneral66: folds 
Eredar5: folds 
Uncalled bet ($1.20) returned to PhoenixAssassin
PhoenixAssassin collected $2.50 from pot
PhoenixAssassin: doesn't show hand 
*** SUMMARY ***
Total pot $2.50 | Rake $0 
Seat 1: joaquin612 folded before Flop (didn't bet)
Seat 2: vadjkeee (button) folded before Flop (didn't bet)
Seat 3: Gjeneral66 (small blind) folded before Flop
Seat 4: Eredar5 (big blind) folded before Flop
Seat 5: EAroca folded before Flop (didn't bet)
Seat 6: PhoenixAssassin collected ($2.50)



PokerStars Hand #254533780319:  Hold'em No Limit ($0.50/$1.00 USD) - 2025/01/24 19:49:27 WET [2025/01/24 14:49:27 ET]
Table 'Hercynia IV' 6-max Seat #3 is the button
Seat 1: joaquin612 ($103.70 in chips) 
Seat 2: vadjkeee ($100 in chips) 
Seat 3: Gjeneral66 ($41.87 in chips) 
Seat 4: Eredar5 ($100 in chips) 
Seat 5: EAroca ($102.28 in chips) 
Seat 6: PhoenixAssassin ($105 in chips) 
Eredar5: posts small blind $0.50
EAroca: posts big blind $1
*** HOLE CARDS ***
PhoenixAssassin: folds 
joaquin612: folds 
vadjkeee: folds 
Gjeneral66: folds 
Eredar5: folds 
Uncalled bet ($0.50) returned to EAroca
EAroca collected $1 from pot
EAroca: doesn't show hand 
*** SUMMARY ***
Total pot $1 | Rake $0 
Seat 1: joaquin612 folded before Flop (didn't bet)
Seat 2: vadjkeee folded before Flop (didn't bet)
Seat 3: Gjeneral66 (button) folded before Flop (didn't bet)
Seat 4: Eredar5 (small blind) folded before Flop
Seat 5: EAroca (big blind) collected ($1)
Seat 6: PhoenixAssassin folded before Flop (didn't bet)



PokerStars Hand #254533784326:  Hold'em No Limit ($0.50/$1.00 USD) - 2025/01/24 19:49:41 WET [2025/01/24 14:49:41 ET]
Table 'Hercynia IV' 6-max Seat #4 is the button
Seat 6: PhoenixAssassin ($105 in chips) is sitting out
Seat 1: joaquin612 ($103.70 in chips) 
Seat 2: vadjkeee ($100 in chips) 
Seat 3: Gjeneral66 ($41.87 in chips) 
Seat 4: Eredar5 ($100 in chips) 
Seat 5: EAroca ($102.78 in chips) 
EAroca: posts small blind $0.50
PhoenixAssassin: is sitting out 
joaquin612: posts big blind $1
*** HOLE CARDS ***
vadjkeee: raises $1.50 to $2.50
Gjeneral66: calls $2.50
Eredar5: folds 
PhoenixAssassin leaves the table
EAroca: folds 
joaquin612: folds 
*** FLOP *** [Qc Ah As]
ImaPeppaPig joins the table at seat #6 
vadjkeee: bets $1.24
Gjeneral66: calls $1.24
*** TURN *** [Qc Ah As] [3h]
vadjkeee: checks 
Gjeneral66: bets $4.27
vadjkeee: calls $4.27
*** RIVER *** [Qc Ah As 3h] [6h]
vadjkeee: checks 
Gjeneral66: checks 
*** SHOW DOWN ***
vadjkeee: shows [Jc Js] (two pair, Aces and Jacks)
Gjeneral66: mucks hand 
vadjkeee collected $16.64 from pot
*** SUMMARY ***
Total pot $17.52 | Rake $0.88 
Board [Qc Ah As 3h 6h]
Seat 6: PhoenixAssassin
Seat 1: joaquin612 (big blind) folded before Flop
Seat 2: vadjkeee showed [Jc Js] and won ($16.64) with two pair, Aces and Jacks
Seat 3: Gjeneral66 mucked
Seat 4: Eredar5 (button) folded before Flop (didn't bet)
Seat 5: EAroca (small blind) folded before Flop



PokerStars Hand #254533800888:  Hold'em No Limit ($0.50/$1.00 USD) - 2025/01/24 19:50:38 WET [2025/01/24 14:50:38 ET]
Table 'Hercynia IV' 6-max Seat #5 is the button
Seat 6: ImaPeppaPig ($100 in chips) is sitting out
Seat 1: joaquin612 ($102.70 in chips) 
Seat 2: vadjkeee ($108.63 in chips) 
Seat 3: Gjeneral66 ($33.86 in chips) 
Seat 4: Eredar5 ($100 in chips) 
Seat 5: EAroca ($102.28 in chips) 
joaquin612: posts small blind $0.50
vadjkeee: posts big blind $1
*** HOLE CARDS ***
Gjeneral66: raises $1.50 to $2.50
Eredar5: folds 
EAroca: folds 
joaquin612: folds 
vadjkeee: folds 
Uncalled bet ($1.50) returned to Gjeneral66
Gjeneral66 collected $2.50 from pot
*** SUMMARY ***
Total pot $2.50 | Rake $0 
Seat 6: ImaPeppaPig
Seat 1: joaquin612 (small blind) folded before Flop
Seat 2: vadjkeee (big blind) folded before Flop
Seat 3: Gjeneral66 collected ($2.50)
Seat 4: Eredar5 folded before Flop (didn't bet)
Seat 5: EAroca (button) folded before Flop (didn't bet)



PokerStars Hand #254533807358:  Hold'em No Limit ($0.50/$1.00 USD) - 2025/01/24 19:51:01 WET [2025/01/24 14:51:01 ET]
Table 'Hercynia IV' 6-max Seat #1 is the button
Seat 6: ImaPeppaPig ($100 in chips) is sitting out
Seat 1: joaquin612 ($102.20 in chips) 
Seat 2: vadjkeee ($107.63 in chips) 
Seat 3: Gjeneral66 ($35.36 in chips) 
Seat 4: Eredar5 ($100 in chips) 
Seat 5: EAroca ($102.28 in chips) 
vadjkeee: posts small blind $0.50
Gjeneral66: posts big blind $1
ImaPeppaPig: sits out 
*** HOLE CARDS ***
Eredar5: raises $2 to $3
EAroca: folds 
joaquin612: folds 
vadjkeee: folds 
Gjeneral66: folds 
Uncalled bet ($2) returned to Eredar5
Eredar5 collected $2.50 from pot
Eredar5: doesn't show hand 
*** SUMMARY ***
Total pot $2.50 | Rake $0 
Seat 6: ImaPeppaPig
Seat 1: joaquin612 (button) folded before Flop (didn't bet)
Seat 2: vadjkeee (small blind) folded before Flop
Seat 3: Gjeneral66 (big blind) folded before Flop
Seat 4: Eredar5 collected ($2.50)
Seat 5: EAroca folded before Flop (didn't bet)



PokerStars Hand #254533811045:  Hold'em No Limit ($0.50/$1.00 USD) - 2025/01/24 19:51:13 WET [2025/01/24 14:51:13 ET]
Table 'Hercynia IV' 6-max Seat #2 is the button
Seat 4: Eredar5 ($101.50 in chips) is sitting out
Seat 6: ImaPeppaPig ($100 in chips) is sitting out
Seat 1: joaquin612 ($102.20 in chips) 
Seat 2: vadjkeee ($107.13 in chips) 
Seat 3: Gjeneral66 ($34.36 in chips) 
Seat 5: EAroca ($102.28 in chips) 
Gjeneral66: posts small blind $0.50
Eredar5: is sitting out 
EAroca: posts big blind $1
ImaPeppaPig: sits out 
*** HOLE CARDS ***
joaquin612: folds 
vadjkeee: raises $1.50 to $2.50
Eredar5 leaves the table
Gjeneral66: calls $2
EAroca: folds 
*** FLOP *** [3s 4d Ac]
Gjeneral66: checks 
vadjkeee: bets $1.43
Gjeneral66: calls $1.43
*** TURN *** [3s 4d Ac] [7c]
Gjeneral66: checks 
vadjkeee: bets $10.95
Gjeneral66: folds 
Uncalled bet ($10.95) returned to vadjkeee
vadjkeee collected $8.42 from pot
vadjkeee: doesn't show hand 
*** SUMMARY ***
Total pot $8.86 | Rake $0.44 
Board [3s 4d Ac 7c]
Seat 4: Eredar5
Seat 6: ImaPeppaPig
Seat 1: joaquin612 folded before Flop (didn't bet)
Seat 2: vadjkeee (button) collected ($8.42)
Seat 3: Gjeneral66 (small blind) folded on the Turn
Seat 5: EAroca (big blind) folded before Flop



PokerStars Hand #254533827888:  Hold'em No Limit ($0.50/$1.00 USD) - 2025/01/24 19:52:12 WET [2025/01/24 14:52:12 ET]
Table 'Hercynia IV' 6-max Seat #3 is the button
Seat 1: joaquin612 ($102.20 in chips) 
Seat 2: vadjkeee ($111.62 in chips) 
Seat 3: Gjeneral66 ($30.43 in chips) 
Seat 5: EAroca ($101.28 in chips) 
Seat 6: ImaPeppaPig ($100 in chips) 
EAroca: posts small blind $0.50
ImaPeppaPig: posts big blind $1
*** HOLE CARDS ***
joaquin612: folds 
joaquin612 leaves the table
vadjkeee: folds 
Gjeneral66: folds 
EAroca: raises $2 to $3
ImaPeppaPig: folds 
Uncalled bet ($2) returned to EAroca
EAroca collected $2 from pot
EAroca: doesn't show hand 
louisf1968 joins the table at seat #1 
*** SUMMARY ***
Total pot $2 | Rake $0 
Seat 1: joaquin612 folded before Flop (didn't bet)
Seat 2: vadjkeee folded before Flop (didn't bet)
Seat 3: Gjeneral66 (button) folded before Flop (didn't bet)
Seat 5: EAroca (small blind) collected ($2)
Seat 6: ImaPeppaPig (big blind) folded before Flop



PokerStars Hand #254533833841:  Hold'em No Limit ($0.50/$1.00 USD) - 2025/01/24 19:52:32 WET [2025/01/24 14:52:32 ET]
Table 'Hercynia IV' 6-max Seat #5 is the button
Seat 1: louisf1968 ($64.77 in chips) 
Seat 2: vadjkeee ($111.62 in chips) 
Seat 3: Gjeneral66 ($30.43 in chips) 
Seat 5: EAroca ($102.28 in chips) 
Seat 6: ImaPeppaPig ($100 in chips) 
ImaPeppaPig: posts small blind $0.50
louisf1968 is disconnected 
louisf1968 is connected 
louisf1968: posts big blind $1
*** HOLE CARDS ***
peak joker33 joins the table at seat #4 
vadjkeee: folds 
Gjeneral66: folds 
EAroca: raises $1.50 to $2.50
ImaPeppaPig: folds 
louisf1968: calls $1.50
*** FLOP *** [7h 5h 4d]
louisf1968: checks 
EAroca: bets $2.61
louisf1968: calls $2.61
*** TURN *** [7h 5h 4d] [Qs]
louisf1968: checks 
EAroca: bets $6.73
louisf1968: calls $6.73
*** RIVER *** [7h 5h 4d Qs] [Ah]
louisf1968: checks 
EAroca: bets $15.18
louisf1968: folds 
Uncalled bet ($15.18) returned to EAroca
EAroca collected $22.97 from pot
EAroca: doesn't show hand 
*** SUMMARY ***
Total pot $24.18 | Rake $1.21 
Board [7h 5h 4d Qs Ah]
Seat 1: louisf1968 (big blind) folded on the River
Seat 2: vadjkeee folded before Flop (didn't bet)
Seat 3: Gjeneral66 folded before Flop (didn't bet)
Seat 5: EAroca (button) collected ($22.97)
Seat 6: ImaPeppaPig (small blind) folded before Flop



PokerStars Hand #254533860390:  Hold'em No Limit ($0.50/$1.00 USD) - 2025/01/24 19:54:04 WET [2025/01/24 14:54:04 ET]
Table 'Hercynia IV' 6-max Seat #6 is the button
Seat 4: peak joker33 ($100 in chips) is sitting out
Seat 1: louisf1968 ($52.93 in chips) 
Seat 2: vadjkeee ($111.62 in chips) 
Seat 3: Gjeneral66 ($30.43 in chips) 
Seat 5: EAroca ($113.41 in chips) 
Seat 6: ImaPeppaPig ($100 in chips) 
louisf1968: posts small blind $0.50
vadjkeee: posts big blind $1
peak joker33: sits out 
*** HOLE CARDS ***
Gjeneral66: folds 
EAroca: folds 
ImaPeppaPig: folds 
louisf1968: calls $0.50
vadjkeee: raises $3 to $4
louisf1968: folds 
Uncalled bet ($3) returned to vadjkeee
vadjkeee collected $2 from pot
vadjkeee: doesn't show hand 
*** SUMMARY ***
Total pot $2 | Rake $0 
Seat 4: peak joker33
Seat 1: louisf1968 (small blind) folded before Flop
Seat 2: vadjkeee (big blind) collected ($2)
Seat 3: Gjeneral66 folded before Flop (didn't bet)
Seat 5: EAroca folded before Flop (didn't bet)
Seat 6: ImaPeppaPig (button) folded before Flop (didn't bet)



PokerStars Hand #254533866781:  Hold'em No Limit ($0.50/$1.00 USD) - 2025/01/24 19:54:26 WET [2025/01/24 14:54:26 ET]
Table 'Hercynia IV' 6-max Seat #1 is the button
Seat 4: peak joker33 ($100 in chips) is sitting out
Seat 1: louisf1968 ($51.93 in chips) 
Seat 2: vadjkeee ($112.62 in chips) 
Seat 3: Gjeneral66 ($30.43 in chips) 
Seat 5: EAroca ($113.41 in chips) 
Seat 6: ImaPeppaPig ($100 in chips) 
vadjkeee: posts small blind $0.50
Gjeneral66: posts big blind $1
peak joker33: sits out 
*** HOLE CARDS ***
EAroca: raises $1 to $2
ImaPeppaPig: folds 
louisf1968: folds 
vadjkeee: raises $9 to $11
Gjeneral66: folds 
EAroca: folds 
Uncalled bet ($9) returned to vadjkeee
vadjkeee collected $5 from pot
vadjkeee: doesn't show hand 
*** SUMMARY ***
Total pot $5 | Rake $0 
Seat 4: peak joker33
Seat 1: louisf1968 (button) folded before Flop (didn't bet)
Seat 2: vadjkeee (small blind) collected ($5)
Seat 3: Gjeneral66 (big blind) folded before Flop
Seat 5: EAroca folded before Flop
Seat 6: ImaPeppaPig folded before Flop (didn't bet)



PokerStars Hand #254533873975:  Hold'em No Limit ($0.50/$1.00 USD) - 2025/01/24 19:54:51 WET [2025/01/24 14:54:51 ET]
Table 'Hercynia IV' 6-max Seat #2 is the button
Seat 1: louisf1968 ($51.93 in chips) 
Seat 2: vadjkeee ($115.62 in chips) 
Seat 3: Gjeneral66 ($29.43 in chips) 
Seat 4: peak joker33 ($100 in chips) 
Seat 5: EAroca ($111.41 in chips) 
Seat 6: ImaPeppaPig ($100 in chips) 
Gjeneral66: posts small blind $0.50
peak joker33: posts big blind $1
*** HOLE CARDS ***
EAroca: raises $1 to $2
ImaPeppaPig: folds 
louisf1968: folds 
vadjkeee: folds 
Gjeneral66: folds 
peak joker33: folds 
Uncalled bet ($1) returned to EAroca
EAroca collected $2.50 from pot
EAroca: doesn't show hand 
*** SUMMARY ***
Total pot $2.50 | Rake $0 
Seat 1: louisf1968 folded before Flop (didn't bet)
Seat 2: vadjkeee (button) folded before Flop (didn't bet)
Seat 3: Gjeneral66 (small blind) folded before Flop
Seat 4: peak joker33 (big blind) folded before Flop
Seat 5: EAroca collected ($2.50)
Seat 6: ImaPeppaPig folded before Flop (didn't bet)



PokerStars Hand #254533880260:  Hold'em No Limit ($0.50/$1.00 USD) - 2025/01/24 19:55:13 WET [2025/01/24 14:55:13 ET]
Table 'Hercynia IV' 6-max Seat #3 is the button
Seat 1: louisf1968 ($51.93 in chips) 
Seat 2: vadjkeee ($115.62 in chips) 
Seat 3: Gjeneral66 ($28.93 in chips) 
Seat 4: peak joker33 ($100 in chips) 
Seat 5: EAroca ($112.91 in chips) 
Seat 6: ImaPeppaPig ($100 in chips) 
peak joker33: posts small blind $0.50
EAroca: posts big blind $1
*** HOLE CARDS ***
ImaPeppaPig: folds 
louisf1968: folds 
vadjkeee: folds 
Gjeneral66: folds 
peak joker33: raises $2 to $3
EAroca: calls $2
*** FLOP *** [9c 5h Qh]
peak joker33: checks 
EAroca: bets $4.28
peak joker33: calls $4.28
*** TURN *** [9c 5h Qh] [8s]
peak joker33: checks 
EAroca: bets $10.35
peak joker33: folds 
Uncalled bet ($10.35) returned to EAroca
EAroca collected $13.83 from pot
EAroca: doesn't show hand 
*** SUMMARY ***
Total pot $14.56 | Rake $0.73 
Board [9c 5h Qh 8s]
Seat 1: louisf1968 folded before Flop (didn't bet)
Seat 2: vadjkeee folded before Flop (didn't bet)
Seat 3: Gjeneral66 (button) folded before Flop (didn't bet)
Seat 4: peak joker33 (small blind) folded on the Turn
Seat 5: EAroca (big blind) collected ($13.83)
Seat 6: ImaPeppaPig folded before Flop (didn't bet)



PokerStars Hand #254533894890:  Hold'em No Limit ($0.50/$1.00 USD) - 2025/01/24 19:56:23 WET [2025/01/24 14:56:23 ET]
Table 'Hercynia IV' 6-max Seat #4 is the button
Seat 1: louisf1968 ($51.93 in chips) 
Seat 2: vadjkeee ($115.62 in chips) 
Seat 3: Gjeneral66 ($28.93 in chips) 
Seat 4: peak joker33 ($100 in chips) 
Seat 5: EAroca ($119.46 in chips) 
Seat 6: ImaPeppaPig ($100 in chips) 
EAroca: posts small blind $0.50
ImaPeppaPig: posts big blind $1
*** HOLE CARDS ***
louisf1968: raises $2 to $3
vadjkeee: folds 
Gjeneral66: folds 
peak joker33: folds 
EAroca: folds 
ImaPeppaPig: folds 
Uncalled bet ($2) returned to louisf1968
louisf1968 collected $2.50 from pot
*** SUMMARY ***
Total pot $2.50 | Rake $0 
Seat 1: louisf1968 collected ($2.50)
Seat 2: vadjkeee folded before Flop (didn't bet)
Seat 3: Gjeneral66 folded before Flop (didn't bet)
Seat 4: peak joker33 (button) folded before Flop (didn't bet)
Seat 5: EAroca (small blind) folded before Flop
Seat 6: ImaPeppaPig (big blind) folded before Flop



PokerStars Hand #254533898518:  Hold'em No Limit ($0.50/$1.00 USD) - 2025/01/24 19:56:41 WET [2025/01/24 14:56:41 ET]
Table 'Hercynia IV' 6-max Seat #5 is the button
Seat 1: louisf1968 ($53.43 in chips) 
Seat 2: vadjkeee ($115.62 in chips) 
Seat 3: Gjeneral66 ($28.93 in chips) 
Seat 4: peak joker33 ($100 in chips) 
Seat 5: EAroca ($118.96 in chips) 
Seat 6: ImaPeppaPig ($100 in chips) 
ImaPeppaPig: posts small blind $0.50
louisf1968: posts big blind $1
*** HOLE CARDS ***
vadjkeee: raises $2 to $3
Gjeneral66: folds 
peak joker33: folds 
EAroca: folds 
ImaPeppaPig: folds 
louisf1968: folds 
Uncalled bet ($2) returned to vadjkeee
vadjkeee collected $2.50 from pot
vadjkeee: doesn't show hand 
*** SUMMARY ***
Total pot $2.50 | Rake $0 
Seat 1: louisf1968 (big blind) folded before Flop
Seat 2: vadjkeee collected ($2.50)
Seat 3: Gjeneral66 folded before Flop (didn't bet)
Seat 4: peak joker33 folded before Flop (didn't bet)
Seat 5: EAroca (button) folded before Flop (didn't bet)
Seat 6: ImaPeppaPig (small blind) folded before Flop



PokerStars Hand #254533902204:  Hold'em No Limit ($0.50/$1.00 USD) - 2025/01/24 19:56:59 WET [2025/01/24 14:56:59 ET]
Table 'Hercynia IV' 6-max Seat #6 is the button
Seat 1: louisf1968 ($52.43 in chips) 
Seat 2: vadjkeee ($117.12 in chips) 
Seat 3: Gjeneral66 ($28.93 in chips) 
Seat 4: peak joker33 ($100 in chips) 
Seat 5: EAroca ($118.96 in chips) 
Seat 6: ImaPeppaPig ($100 in chips) 
louisf1968: posts small blind $0.50
vadjkeee: posts big blind $1
*** HOLE CARDS ***
Gjeneral66: folds 
peak joker33: raises $1.50 to $2.50
EAroca: folds 
ImaPeppaPig: folds 
louisf1968: folds 
vadjkeee: folds 
Uncalled bet ($1.50) returned to peak joker33
peak joker33 collected $2.50 from pot
peak joker33: doesn't show hand 
*** SUMMARY ***
Total pot $2.50 | Rake $0 
Seat 1: louisf1968 (small blind) folded before Flop
Seat 2: vadjkeee (big blind) folded before Flop
Seat 3: Gjeneral66 folded before Flop (didn't bet)
Seat 4: peak joker33 collected ($2.50)
Seat 5: EAroca folded before Flop (didn't bet)
Seat 6: ImaPeppaPig (button) folded before Flop (didn't bet)



PokerStars Hand #254533906739:  Hold'em No Limit ($0.50/$1.00 USD) - 2025/01/24 19:57:20 WET [2025/01/24 14:57:20 ET]
Table 'Hercynia IV' 6-max Seat #1 is the button
Seat 1: louisf1968 ($51.93 in chips) 
Seat 2: vadjkeee ($116.12 in chips) 
Seat 3: Gjeneral66 ($28.93 in chips) 
Seat 4: peak joker33 ($101.50 in chips) 
Seat 5: EAroca ($118.96 in chips) 
Seat 6: ImaPeppaPig ($100 in chips) 
vadjkeee: posts small blind $0.50
Gjeneral66: posts big blind $1
*** HOLE CARDS ***
peak joker33: folds 
EAroca: folds 
ImaPeppaPig: folds 
louisf1968: folds 
vadjkeee: raises $2 to $3
Gjeneral66: calls $2
*** FLOP *** [Ah Jc 7d]
vadjkeee: bets $1.88
Gjeneral66: calls $1.88
*** TURN *** [Ah Jc 7d] [8d]
vadjkeee: checks 
Gjeneral66: checks 
*** RIVER *** [Ah Jc 7d 8d] [5c]
vadjkeee: bets $3.06
Gjeneral66: raises $7.70 to $10.76
vadjkeee: folds 
Uncalled bet ($7.70) returned to Gjeneral66
Gjeneral66 collected $15.09 from pot
*** SUMMARY ***
Total pot $15.88 | Rake $0.79 
Board [Ah Jc 7d 8d 5c]
Seat 1: louisf1968 (button) folded before Flop (didn't bet)
Seat 2: vadjkeee (small blind) folded on the River
Seat 3: Gjeneral66 (big blind) collected ($15.09)
Seat 4: peak joker33 folded before Flop (didn't bet)
Seat 5: EAroca folded before Flop (didn't bet)
Seat 6: ImaPeppaPig folded before Flop (didn't bet)



PokerStars Hand #254533923155:  Hold'em No Limit ($0.50/$1.00 USD) - 2025/01/24 19:58:38 WET [2025/01/24 14:58:38 ET]
Table 'Hercynia IV' 6-max Seat #2 is the button
Seat 1: louisf1968 ($51.93 in chips) 
Seat 2: vadjkeee ($108.18 in chips) 
Seat 3: Gjeneral66 ($36.08 in chips) 
Seat 4: peak joker33 ($101.50 in chips) 
Seat 5: EAroca ($118.96 in chips) 
Seat 6: ImaPeppaPig ($100 in chips) 
Gjeneral66: posts small blind $0.50
peak joker33: posts big blind $1
*** HOLE CARDS ***
EAroca: folds 
ImaPeppaPig: raises $1.50 to $2.50
louisf1968: folds 
vadjkeee: folds 
Gjeneral66: folds 
peak joker33: folds 
Uncalled bet ($1.50) returned to ImaPeppaPig
ImaPeppaPig collected $2.50 from pot
ImaPeppaPig: doesn't show hand 
*** SUMMARY ***
Total pot $2.50 | Rake $0 
Seat 1: louisf1968 folded before Flop (didn't bet)
Seat 2: vadjkeee (button) folded before Flop (didn't bet)
Seat 3: Gjeneral66 (small blind) folded before Flop
Seat 4: peak joker33 (big blind) folded before Flop
Seat 5: EAroca folded before Flop (didn't bet)
Seat 6: ImaPeppaPig collected ($2.50)



PokerStars Hand #254533927126:  Hold'em No Limit ($0.50/$1.00 USD) - 2025/01/24 19:58:57 WET [2025/01/24 14:58:57 ET]
Table 'Hercynia IV' 6-max Seat #3 is the button
Seat 1: louisf1968 ($51.93 in chips) 
Seat 2: vadjkeee ($108.18 in chips) 
Seat 3: Gjeneral66 ($35.58 in chips) 
Seat 4: peak joker33 ($100.50 in chips) 
Seat 5: EAroca ($118.96 in chips) 
Seat 6: ImaPeppaPig ($101.50 in chips) 
peak joker33: posts small blind $0.50
EAroca: posts big blind $1
*** HOLE CARDS ***
ImaPeppaPig: raises $1.50 to $2.50
louisf1968: folds 
vadjkeee: folds 
Gjeneral66: folds 
peak joker33: folds 
EAroca: calls $1.50
*** FLOP *** [Tc Jd Jc]
EAroca: checks 
ImaPeppaPig: checks 
*** TURN *** [Tc Jd Jc] [4h]
EAroca: bets $1.31
ImaPeppaPig: calls $1.31
*** RIVER *** [Tc Jd Jc 4h] [Ah]
EAroca: checks 
ImaPeppaPig: checks 
*** SHOW DOWN ***
EAroca: shows [5d 5h] (two pair, Jacks and Fives)
ImaPeppaPig: shows [Ac 3c] (two pair, Aces and Jacks)
ImaPeppaPig collected $7.71 from pot
*** SUMMARY ***
Total pot $8.12 | Rake $0.41 
Board [Tc Jd Jc 4h Ah]
Seat 1: louisf1968 folded before Flop (didn't bet)
Seat 2: vadjkeee folded before Flop (didn't bet)
Seat 3: Gjeneral66 (button) folded before Flop (didn't bet)
Seat 4: peak joker33 (small blind) folded before Flop
Seat 5: EAroca (big blind) showed [5d 5h] and lost with two pair, Jacks and Fives
Seat 6: ImaPeppaPig showed [Ac 3c] and won ($7.71) with two pair, Aces and Jacks



PokerStars Hand #254533940126:  Hold'em No Limit ($0.50/$1.00 USD) - 2025/01/24 19:59:58 WET [2025/01/24 14:59:58 ET]
Table 'Hercynia IV' 6-max Seat #4 is the button
Seat 1: louisf1968 ($51.93 in chips) 
Seat 2: vadjkeee ($108.18 in chips) 
Seat 3: Gjeneral66 ($35.58 in chips) 
Seat 4: peak joker33 ($100 in chips) 
Seat 5: EAroca ($115.15 in chips) 
Seat 6: ImaPeppaPig ($105.40 in chips) 
EAroca: posts small blind $0.50
ImaPeppaPig: posts big blind $1
*** HOLE CARDS ***
louisf1968: folds 
vadjkeee: folds 
Gjeneral66: raises $1.50 to $2.50
peak joker33: folds 
EAroca: folds 
ImaPeppaPig: folds 
Uncalled bet ($1.50) returned to Gjeneral66
Gjeneral66 collected $2.50 from pot
*** SUMMARY ***
Total pot $2.50 | Rake $0 
Seat 1: louisf1968 folded before Flop (didn't bet)
Seat 2: vadjkeee folded before Flop (didn't bet)
Seat 3: Gjeneral66 collected ($2.50)
Seat 4: peak joker33 (button) folded before Flop (didn't bet)
Seat 5: EAroca (small blind) folded before Flop
Seat 6: ImaPeppaPig (big blind) folded before Flop



PokerStars Hand #254533947712:  Hold'em No Limit ($0.50/$1.00 USD) - 2025/01/24 20:00:33 WET [2025/01/24 15:00:33 ET]
Table 'Hercynia IV' 6-max Seat #5 is the button
Seat 1: louisf1968 ($51.93 in chips) 
Seat 2: vadjkeee ($108.18 in chips) 
Seat 3: Gjeneral66 ($37.08 in chips) 
Seat 4: peak joker33 ($100 in chips) 
Seat 5: EAroca ($114.65 in chips) 
Seat 6: ImaPeppaPig ($104.40 in chips) 
ImaPeppaPig: posts small blind $0.50
louisf1968: posts big blind $1
*** HOLE CARDS ***
vadjkeee: folds 
Gjeneral66: raises $1.50 to $2.50
peak joker33: folds 
EAroca: folds 
ImaPeppaPig: calls $2
louisf1968: folds 
*** FLOP *** [5s 8h Jc]
ImaPeppaPig: checks 
Gjeneral66: checks 
*** TURN *** [5s 8h Jc] [6h]
ImaPeppaPig: bets $4.33
Gjeneral66: folds 
Uncalled bet ($4.33) returned to ImaPeppaPig
ImaPeppaPig collected $5.70 from pot
ImaPeppaPig: doesn't show hand 
*** SUMMARY ***
Total pot $6 | Rake $0.30 
Board [5s 8h Jc 6h]
Seat 1: louisf1968 (big blind) folded before Flop
Seat 2: vadjkeee folded before Flop (didn't bet)
Seat 3: Gjeneral66 folded on the Turn
Seat 4: peak joker33 folded before Flop (didn't bet)
Seat 5: EAroca (button) folded before Flop (didn't bet)
Seat 6: ImaPeppaPig (small blind) collected ($5.70)



PokerStars Hand #254533955627:  Hold'em No Limit ($0.50/$1.00 USD) - 2025/01/24 20:01:07 WET [2025/01/24 15:01:07 ET]
Table 'Hercynia IV' 6-max Seat #6 is the button
Seat 1: louisf1968 ($50.93 in chips) 
Seat 2: vadjkeee ($108.18 in chips) 
Seat 3: Gjeneral66 ($34.58 in chips) 
Seat 4: peak joker33 ($100 in chips) 
Seat 5: EAroca ($114.65 in chips) 
Seat 6: ImaPeppaPig ($107.60 in chips) 
louisf1968: posts small blind $0.50
vadjkeee: posts big blind $1
*** HOLE CARDS ***
Gjeneral66: folds 
peak joker33: folds 
EAroca: folds 
ImaPeppaPig: folds 
louisf1968: calls $0.50
vadjkeee: raises $3 to $4
louisf1968: calls $3
*** FLOP *** [3s 4c 9h]
louisf1968: checks 
vadjkeee: checks 
*** TURN *** [3s 4c 9h] [3h]
louisf1968: bets $3
vadjkeee: folds 
Uncalled bet ($3) returned to louisf1968
louisf1968 collected $7.60 from pot
*** SUMMARY ***
Total pot $8 | Rake $0.40 
Board [3s 4c 9h 3h]
Seat 1: louisf1968 (small blind) collected ($7.60)
Seat 2: vadjkeee (big blind) folded on the Turn
Seat 3: Gjeneral66 folded before Flop (didn't bet)
Seat 4: peak joker33 folded before Flop (didn't bet)
Seat 5: EAroca folded before Flop (didn't bet)
Seat 6: ImaPeppaPig (button) folded before Flop (didn't bet)



PokerStars Hand #254533970212:  Hold'em No Limit ($0.50/$1.00 USD) - 2025/01/24 20:02:02 WET [2025/01/24 15:02:02 ET]
Table 'Hercynia IV' 6-max Seat #1 is the button
Seat 1: louisf1968 ($54.53 in chips) 
Seat 2: vadjkeee ($104.18 in chips) 
Seat 3: Gjeneral66 ($34.58 in chips) 
Seat 4: peak joker33 ($100 in chips) 
Seat 5: EAroca ($114.65 in chips) 
Seat 6: ImaPeppaPig ($107.60 in chips) 
vadjkeee: posts small blind $0.50
Gjeneral66: posts big blind $1
*** HOLE CARDS ***
peak joker33: folds 
EAroca: folds 
ImaPeppaPig: raises $1.50 to $2.50
louisf1968: calls $2.50
vadjkeee: folds 
Gjeneral66: calls $1.50
*** FLOP *** [Kd 5s As]
Gjeneral66: checks 
ImaPeppaPig: checks 
louisf1968: bets $4
Gjeneral66: calls $4
ImaPeppaPig: folds 
*** TURN *** [Kd 5s As] [9h]
Gjeneral66: checks 
louisf1968: bets $3
Gjeneral66: raises $6 to $9
louisf1968: calls $6
*** RIVER *** [Kd 5s As 9h] [4s]
Gjeneral66: bets $10
louisf1968: raises $29.03 to $39.03 and is all-in
Gjeneral66: calls $9.08 and is all-in
Uncalled bet ($19.95) returned to louisf1968
*** SHOW DOWN ***
louisf1968: shows [Ts 6s] (a flush, Ace high)
Gjeneral66: shows [Ks 8s] (a flush, Ace high - King higher)
Gjeneral66 collected $69.66 from pot
*** SUMMARY ***
Total pot $72.16 | Rake $2.50 
Board [Kd 5s As 9h 4s]
Seat 1: louisf1968 (button) showed [Ts 6s] and lost with a flush, Ace high
Seat 2: vadjkeee (small blind) folded before Flop
Seat 3: Gjeneral66 (big blind) showed [Ks 8s] and won ($69.66) with a flush, Ace high
Seat 4: peak joker33 folded before Flop (didn't bet)
Seat 5: EAroca folded before Flop (didn't bet)
Seat 6: ImaPeppaPig folded on the Flop



PokerStars Hand #254533999543:  Hold'em No Limit ($0.50/$1.00 USD) - 2025/01/24 20:03:45 WET [2025/01/24 15:03:45 ET]
Table 'Hercynia IV' 6-max Seat #2 is the button
Seat 1: louisf1968 ($19.95 in chips) 
Seat 2: vadjkeee ($103.68 in chips) 
Seat 3: Gjeneral66 ($69.66 in chips) 
Seat 4: peak joker33 ($100 in chips) 
Seat 5: EAroca ($114.65 in chips) 
Seat 6: ImaPeppaPig ($105.10 in chips) 
Gjeneral66: posts small blind $0.50
peak joker33: posts big blind $1
*** HOLE CARDS ***
EAroca: raises $1 to $2
ImaPeppaPig: folds 
louisf1968: folds 
vadjkeee: folds 
Gjeneral66: folds 
peak joker33: calls $1
*** FLOP *** [Jc Ac Tc]
peak joker33: checks 
EAroca: bets $1.07
peak joker33: folds 
Uncalled bet ($1.07) returned to EAroca
EAroca collected $4.28 from pot
EAroca: doesn't show hand 
*** SUMMARY ***
Total pot $4.50 | Rake $0.22 
Board [Jc Ac Tc]
Seat 1: louisf1968 folded before Flop (didn't bet)
Seat 2: vadjkeee (button) folded before Flop (didn't bet)
Seat 3: Gjeneral66 (small blind) folded before Flop
Seat 4: peak joker33 (big blind) folded on the Flop
Seat 5: EAroca collected ($4.28)
Seat 6: ImaPeppaPig folded before Flop (didn't bet)



PokerStars Hand #254534015448:  Hold'em No Limit ($0.50/$1.00 USD) - 2025/01/24 20:04:39 WET [2025/01/24 15:04:39 ET]
Table 'Hercynia IV' 6-max Seat #3 is the button
Seat 1: louisf1968 ($19.95 in chips) 
Seat 2: vadjkeee ($103.68 in chips) 
Seat 3: Gjeneral66 ($69.16 in chips) 
Seat 4: peak joker33 ($100 in chips) 
Seat 5: EAroca ($116.93 in chips) 
Seat 6: ImaPeppaPig ($105.10 in chips) 
peak joker33: posts small blind $0.50
EAroca: posts big blind $1
*** HOLE CARDS ***
ImaPeppaPig: folds 
louisf1968: raises $18.95 to $19.95 and is all-in
vadjkeee: folds 
Gjeneral66: folds 
peak joker33: folds 
EAroca: folds 
Uncalled bet ($18.95) returned to louisf1968
louisf1968 collected $2.50 from pot
*** SUMMARY ***
Total pot $2.50 | Rake $0 
Seat 1: louisf1968 collected ($2.50)
Seat 2: vadjkeee folded before Flop (didn't bet)
Seat 3: Gjeneral66 (button) folded before Flop (didn't bet)
Seat 4: peak joker33 (small blind) folded before Flop
Seat 5: EAroca (big blind) folded before Flop
Seat 6: ImaPeppaPig folded before Flop (didn't bet)



PokerStars Hand #254534020626:  Hold'em No Limit ($0.50/$1.00 USD) - 2025/01/24 20:04:56 WET [2025/01/24 15:04:56 ET]
Table 'Hercynia IV' 6-max Seat #4 is the button
Seat 1: louisf1968 ($21.45 in chips) 
Seat 2: vadjkeee ($103.68 in chips) 
Seat 3: Gjeneral66 ($69.16 in chips) 
Seat 4: peak joker33 ($100 in chips) 
Seat 5: EAroca ($115.93 in chips) 
Seat 6: ImaPeppaPig ($105.10 in chips) 
EAroca: posts small blind $0.50
ImaPeppaPig: posts big blind $1
*** HOLE CARDS ***
louisf1968: folds 
vadjkeee: folds 
Gjeneral66: folds 
peak joker33: raises $1.50 to $2.50
EAroca: folds 
ImaPeppaPig: folds 
Uncalled bet ($1.50) returned to peak joker33
peak joker33 collected $2.50 from pot
peak joker33: doesn't show hand 
*** SUMMARY ***
Total pot $2.50 | Rake $0 
Seat 1: louisf1968 folded before Flop (didn't bet)
Seat 2: vadjkeee folded before Flop (didn't bet)
Seat 3: Gjeneral66 folded before Flop (didn't bet)
Seat 4: peak joker33 (button) collected ($2.50)
Seat 5: EAroca (small blind) folded before Flop
Seat 6: ImaPeppaPig (big blind) folded before Flop



PokerStars Hand #254534025812:  Hold'em No Limit ($0.50/$1.00 USD) - 2025/01/24 20:05:13 WET [2025/01/24 15:05:13 ET]
Table 'Hercynia IV' 6-max Seat #5 is the button
Seat 1: louisf1968 ($21.45 in chips) 
Seat 2: vadjkeee ($103.68 in chips) 
Seat 3: Gjeneral66 ($69.16 in chips) 
Seat 4: peak joker33 ($101.50 in chips) 
Seat 5: EAroca ($115.43 in chips) 
Seat 6: ImaPeppaPig ($104.10 in chips) 
ImaPeppaPig: posts small blind $0.50
louisf1968: posts big blind $1
*** HOLE CARDS ***
vadjkeee: folds 
Gjeneral66: raises $1.50 to $2.50
peak joker33: folds 
EAroca: folds 
ImaPeppaPig: folds 
louisf1968: folds 
Uncalled bet ($1.50) returned to Gjeneral66
Gjeneral66 collected $2.50 from pot
*** SUMMARY ***
Total pot $2.50 | Rake $0 
Seat 1: louisf1968 (big blind) folded before Flop
Seat 2: vadjkeee folded before Flop (didn't bet)
Seat 3: Gjeneral66 collected ($2.50)
Seat 4: peak joker33 folded before Flop (didn't bet)
Seat 5: EAroca (button) folded before Flop (didn't bet)
Seat 6: ImaPeppaPig (small blind) folded before Flop



PokerStars Hand #254534031155:  Hold'em No Limit ($0.50/$1.00 USD) - 2025/01/24 20:05:31 WET [2025/01/24 15:05:31 ET]
Table 'Hercynia IV' 6-max Seat #6 is the button
Seat 1: louisf1968 ($20.45 in chips) 
Seat 2: vadjkeee ($103.68 in chips) 
Seat 3: Gjeneral66 ($70.66 in chips) 
Seat 4: peak joker33 ($101.50 in chips) 
Seat 5: EAroca ($115.43 in chips) 
Seat 6: ImaPeppaPig ($103.60 in chips) 
louisf1968: posts small blind $0.50
vadjkeee: posts big blind $1
*** HOLE CARDS ***
Gjeneral66: folds 
peak joker33: folds 
EAroca: folds 
ImaPeppaPig: folds 
louisf1968: raises $19.45 to $20.45 and is all-in
vadjkeee: folds 
Uncalled bet ($19.45) returned to louisf1968
louisf1968 collected $2 from pot
*** SUMMARY ***
Total pot $2 | Rake $0 
Seat 1: louisf1968 (small blind) collected ($2)
Seat 2: vadjkeee (big blind) folded before Flop
Seat 3: Gjeneral66 folded before Flop (didn't bet)
Seat 4: peak joker33 folded before Flop (didn't bet)
Seat 5: EAroca folded before Flop (didn't bet)
Seat 6: ImaPeppaPig (button) folded before Flop (didn't bet)



PokerStars Hand #254534038423:  Hold'em No Limit ($0.50/$1.00 USD) - 2025/01/24 20:05:55 WET [2025/01/24 15:05:55 ET]
Table 'Hercynia IV' 6-max Seat #1 is the button
Seat 1: louisf1968 ($21.45 in chips) 
Seat 2: vadjkeee ($102.68 in chips) 
Seat 3: Gjeneral66 ($70.66 in chips) 
Seat 4: peak joker33 ($101.50 in chips) 
Seat 5: EAroca ($115.43 in chips) 
Seat 6: ImaPeppaPig ($103.60 in chips) 
vadjkeee: posts small blind $0.50
Gjeneral66: posts big blind $1
*** HOLE CARDS ***
peak joker33: folds 
EAroca: raises $1 to $2
ImaPeppaPig: folds 
louisf1968: folds 
vadjkeee: folds 
Gjeneral66: calls $1
*** FLOP *** [Js Jc 5s]
Gjeneral66: checks 
EAroca: bets $1.07
Gjeneral66: calls $1.07
*** TURN *** [Js Jc 5s] [Ad]
Gjeneral66: checks 
EAroca: bets $4.16
Gjeneral66: calls $4.16
*** RIVER *** [Js Jc 5s Ad] [Jh]
Gjeneral66: checks 
EAroca: checks 
*** SHOW DOWN ***
Gjeneral66: shows [6h Ah] (a full house, Jacks full of Aces)
EAroca: mucks hand 
Gjeneral66 collected $14.21 from pot
*** SUMMARY ***
Total pot $14.96 | Rake $0.75 
Board [Js Jc 5s Ad Jh]
Seat 1: louisf1968 (button) folded before Flop (didn't bet)
Seat 2: vadjkeee (small blind) folded before Flop
Seat 3: Gjeneral66 (big blind) showed [6h Ah] and won ($14.21) with a full house, Jacks full of Aces
Seat 4: peak joker33 folded before Flop (didn't bet)
Seat 5: EAroca mucked
Seat 6: ImaPeppaPig folded before Flop (didn't bet)



PokerStars Hand #254534065346:  Hold'em No Limit ($0.50/$1.00 USD) - 2025/01/24 20:07:24 WET [2025/01/24 15:07:24 ET]
Table 'Hercynia IV' 6-max Seat #2 is the button
Seat 1: louisf1968 ($21.45 in chips) 
Seat 2: vadjkeee ($102.18 in chips) 
Seat 3: Gjeneral66 ($77.64 in chips) 
Seat 4: peak joker33 ($101.50 in chips) 
Seat 5: EAroca ($108.20 in chips) 
Seat 6: ImaPeppaPig ($103.60 in chips) 
Gjeneral66: posts small blind $0.50
peak joker33: posts big blind $1
*** HOLE CARDS ***
EAroca: folds 
ImaPeppaPig: folds 
louisf1968: raises $20.45 to $21.45 and is all-in
vadjkeee: folds 
Gjeneral66: folds 
peak joker33: folds 
Uncalled bet ($20.45) returned to louisf1968
louisf1968 collected $2.50 from pot
*** SUMMARY ***
Total pot $2.50 | Rake $0 
Seat 1: louisf1968 collected ($2.50)
Seat 2: vadjkeee (button) folded before Flop (didn't bet)
Seat 3: Gjeneral66 (small blind) folded before Flop
Seat 4: peak joker33 (big blind) folded before Flop
Seat 5: EAroca folded before Flop (didn't bet)
Seat 6: ImaPeppaPig folded before Flop (didn't bet)



PokerStars Hand #254534072559:  Hold'em No Limit ($0.50/$1.00 USD) - 2025/01/24 20:07:47 WET [2025/01/24 15:07:47 ET]
Table 'Hercynia IV' 6-max Seat #3 is the button
Seat 1: louisf1968 ($22.95 in chips) 
Seat 2: vadjkeee ($102.18 in chips) 
Seat 3: Gjeneral66 ($77.14 in chips) 
Seat 4: peak joker33 ($100.50 in chips) 
Seat 5: EAroca ($108.20 in chips) 
Seat 6: ImaPeppaPig ($103.60 in chips) 
peak joker33: posts small blind $0.50
EAroca: posts big blind $1
*** HOLE CARDS ***
ImaPeppaPig: folds 
louisf1968: raises $21.95 to $22.95 and is all-in
vadjkeee: folds 
Gjeneral66: calls $22.95
peak joker33: folds 
EAroca: folds 
*** FLOP *** [Ts Jd 6d]
*** TURN *** [Ts Jd 6d] [2h]
*** RIVER *** [Ts Jd 6d 2h] [5c]
*** SHOW DOWN ***
louisf1968: shows [Ac As] (a pair of Aces)
Gjeneral66: shows [Ad Js] (a pair of Jacks)
louisf1968 collected $45.03 from pot
*** SUMMARY ***
Total pot $47.40 | Rake $2.37 
Board [Ts Jd 6d 2h 5c]
Seat 1: louisf1968 showed [Ac As] and won ($45.03) with a pair of Aces
Seat 2: vadjkeee folded before Flop (didn't bet)
Seat 3: Gjeneral66 (button) showed [Ad Js] and lost with a pair of Jacks
Seat 4: peak joker33 (small blind) folded before Flop
Seat 5: EAroca (big blind) folded before Flop
Seat 6: ImaPeppaPig folded before Flop (didn't bet)



PokerStars Hand #254534081659:  Hold'em No Limit ($0.50/$1.00 USD) - 2025/01/24 20:08:17 WET [2025/01/24 15:08:17 ET]
Table 'Hercynia IV' 6-max Seat #4 is the button
Seat 1: louisf1968 ($45.03 in chips) 
Seat 2: vadjkeee ($102.18 in chips) 
Seat 3: Gjeneral66 ($54.19 in chips) 
Seat 4: peak joker33 ($100 in chips) 
Seat 5: EAroca ($107.20 in chips) 
Seat 6: ImaPeppaPig ($103.60 in chips) 
EAroca: posts small blind $0.50
ImaPeppaPig: posts big blind $1
*** HOLE CARDS ***
louisf1968: folds 
vadjkeee: raises $1.50 to $2.50
Gjeneral66: folds 
peak joker33: folds 
EAroca: folds 
ImaPeppaPig: folds 
Uncalled bet ($1.50) returned to vadjkeee
vadjkeee collected $2.50 from pot
vadjkeee: doesn't show hand 
*** SUMMARY ***
Total pot $2.50 | Rake $0 
Seat 1: louisf1968 folded before Flop (didn't bet)
Seat 2: vadjkeee collected ($2.50)
Seat 3: Gjeneral66 folded before Flop (didn't bet)
Seat 4: peak joker33 (button) folded before Flop (didn't bet)
Seat 5: EAroca (small blind) folded before Flop
Seat 6: ImaPeppaPig (big blind) folded before Flop



PokerStars Hand #254534087847:  Hold'em No Limit ($0.50/$1.00 USD) - 2025/01/24 20:08:37 WET [2025/01/24 15:08:37 ET]
Table 'Hercynia IV' 6-max Seat #5 is the button
Seat 1: louisf1968 ($45.03 in chips) 
Seat 2: vadjkeee ($103.68 in chips) 
Seat 3: Gjeneral66 ($54.19 in chips) 
Seat 4: peak joker33 ($100 in chips) 
Seat 5: EAroca ($106.70 in chips) 
Seat 6: ImaPeppaPig ($102.60 in chips) 
ImaPeppaPig: posts small blind $0.50
louisf1968: posts big blind $1
*** HOLE CARDS ***
vadjkeee: folds 
Gjeneral66: folds 
peak joker33: raises $1.50 to $2.50
EAroca: folds 
ImaPeppaPig: folds 
louisf1968: calls $1.50
*** FLOP *** [Td Jc Kd]
louisf1968: checks 
peak joker33: checks 
*** TURN *** [Td Jc Kd] [7d]
louisf1968: checks 
peak joker33: bets $2.61
louisf1968: folds 
Uncalled bet ($2.61) returned to peak joker33
peak joker33 collected $5.22 from pot
peak joker33: doesn't show hand 
*** SUMMARY ***
Total pot $5.50 | Rake $0.28 
Board [Td Jc Kd 7d]
Seat 1: louisf1968 (big blind) folded on the Turn
Seat 2: vadjkeee folded before Flop (didn't bet)
Seat 3: Gjeneral66 folded before Flop (didn't bet)
Seat 4: peak joker33 collected ($5.22)
Seat 5: EAroca (button) folded before Flop (didn't bet)
Seat 6: ImaPeppaPig (small blind) folded before Flop



PokerStars Hand #254534101786:  Hold'em No Limit ($0.50/$1.00 USD) - 2025/01/24 20:09:23 WET [2025/01/24 15:09:23 ET]
Table 'Hercynia IV' 6-max Seat #6 is the button
Seat 1: louisf1968 ($42.53 in chips) 
Seat 2: vadjkeee ($103.68 in chips) 
Seat 3: Gjeneral66 ($54.19 in chips) 
Seat 4: peak joker33 ($102.72 in chips) 
Seat 5: EAroca ($106.70 in chips) 
Seat 6: ImaPeppaPig ($102.10 in chips) 
louisf1968: posts small blind $0.50
vadjkeee: posts big blind $1
*** HOLE CARDS ***
Gjeneral66: raises $1.50 to $2.50
peak joker33: folds 
EAroca: folds 
ImaPeppaPig: folds 
louisf1968: folds 
vadjkeee: calls $1.50
*** FLOP *** [Qh Ks 9c]
vadjkeee: checks 
Gjeneral66: bets $1.88
vadjkeee: raises $4.12 to $6
Gjeneral66: calls $4.12
*** TURN *** [Qh Ks 9c] [9s]
vadjkeee: bets $9.14
Gjeneral66: calls $9.14
*** RIVER *** [Qh Ks 9c 9s] [3h]
vadjkeee: bets $44.19
Gjeneral66: calls $36.55 and is all-in
Uncalled bet ($7.64) returned to vadjkeee
*** SHOW DOWN ***
vadjkeee: shows [Kh Qc] (two pair, Kings and Queens)
Gjeneral66: shows [Qs Kc] (two pair, Kings and Queens)
vadjkeee collected $53.19 from pot
Gjeneral66 collected $53.19 from pot
*** SUMMARY ***
Total pot $108.88 | Rake $2.50 
Board [Qh Ks 9c 9s 3h]
Seat 1: louisf1968 (small blind) folded before Flop
Seat 2: vadjkeee (big blind) showed [Kh Qc] and won ($53.19) with two pair, Kings and Queens
Seat 3: Gjeneral66 showed [Qs Kc] and won ($53.19) with two pair, Kings and Queens
Seat 4: peak joker33 folded before Flop (didn't bet)
Seat 5: EAroca folded before Flop (didn't bet)
Seat 6: ImaPeppaPig (button) folded before Flop (didn't bet)



PokerStars Hand #254534121920:  Hold'em No Limit ($0.50/$1.00 USD) - 2025/01/24 20:10:28 WET [2025/01/24 15:10:28 ET]
Table 'Hercynia IV' 6-max Seat #1 is the button
Seat 1: louisf1968 ($42.03 in chips) 
Seat 2: vadjkeee ($102.68 in chips) 
Seat 3: Gjeneral66 ($53.19 in chips) 
Seat 4: peak joker33 ($102.72 in chips) 
Seat 5: EAroca ($106.70 in chips) 
Seat 6: ImaPeppaPig ($102.10 in chips) 
vadjkeee: posts small blind $0.50
Gjeneral66: posts big blind $1
*** HOLE CARDS ***
peak joker33: raises $1.50 to $2.50
EAroca: folds 
ImaPeppaPig: raises $5.50 to $8
louisf1968: folds 
vadjkeee: folds 
Gjeneral66: folds 
peak joker33: folds 
Uncalled bet ($5.50) returned to ImaPeppaPig
ImaPeppaPig collected $6.50 from pot
ImaPeppaPig: doesn't show hand 
*** SUMMARY ***
Total pot $6.50 | Rake $0 
Seat 1: louisf1968 (button) folded before Flop (didn't bet)
Seat 2: vadjkeee (small blind) folded before Flop
Seat 3: Gjeneral66 (big blind) folded before Flop
Seat 4: peak joker33 folded before Flop
Seat 5: EAroca folded before Flop (didn't bet)
Seat 6: ImaPeppaPig collected ($6.50)



PokerStars Hand #254534128230:  Hold'em No Limit ($0.50/$1.00 USD) - 2025/01/24 20:10:49 WET [2025/01/24 15:10:49 ET]
Table 'Hercynia IV' 6-max Seat #2 is the button
Seat 1: louisf1968 ($42.03 in chips) 
Seat 2: vadjkeee ($102.18 in chips) 
Seat 3: Gjeneral66 ($52.19 in chips) 
Seat 4: peak joker33 ($100.22 in chips) 
Seat 5: EAroca ($106.70 in chips) 
Seat 6: ImaPeppaPig ($106.10 in chips) 
Gjeneral66: posts small blind $0.50
peak joker33: posts big blind $1
*** HOLE CARDS ***
EAroca: raises $1 to $2
ImaPeppaPig: raises $5 to $7
louisf1968: folds 
vadjkeee: folds 
Gjeneral66: folds 
peak joker33: folds 
EAroca: folds 
Uncalled bet ($5) returned to ImaPeppaPig
ImaPeppaPig collected $5.50 from pot
ImaPeppaPig: doesn't show hand 
*** SUMMARY ***
Total pot $5.50 | Rake $0 
Seat 1: louisf1968 folded before Flop (didn't bet)
Seat 2: vadjkeee (button) folded before Flop (didn't bet)
Seat 3: Gjeneral66 (small blind) folded before Flop
Seat 4: peak joker33 (big blind) folded before Flop
Seat 5: EAroca folded before Flop
Seat 6: ImaPeppaPig collected ($5.50)



PokerStars Hand #254534141541:  Hold'em No Limit ($0.50/$1.00 USD) - 2025/01/24 20:11:32 WET [2025/01/24 15:11:32 ET]
Table 'Hercynia IV' 6-max Seat #3 is the button
Seat 1: louisf1968 ($42.03 in chips) 
Seat 2: vadjkeee ($102.18 in chips) 
Seat 3: Gjeneral66 ($51.69 in chips) 
Seat 4: peak joker33 ($100 in chips) 
Seat 5: EAroca ($104.70 in chips) 
Seat 6: ImaPeppaPig ($109.60 in chips) 
peak joker33: posts small blind $0.50
EAroca: posts big blind $1
*** HOLE CARDS ***
ImaPeppaPig: folds 
louisf1968: calls $1
vadjkeee: folds 
Gjeneral66: calls $1
peak joker33: raises $6 to $7
EAroca: folds 
louisf1968: folds 
Gjeneral66: folds 
Uncalled bet ($6) returned to peak joker33
peak joker33 collected $4 from pot
peak joker33: doesn't show hand 
*** SUMMARY ***
Total pot $4 | Rake $0 
Seat 1: louisf1968 folded before Flop
Seat 2: vadjkeee folded before Flop (didn't bet)
Seat 3: Gjeneral66 (button) folded before Flop
Seat 4: peak joker33 (small blind) collected ($4)
Seat 5: EAroca (big blind) folded before Flop
Seat 6: ImaPeppaPig folded before Flop (didn't bet)



PokerStars Hand #254534150236:  Hold'em No Limit ($0.50/$1.00 USD) - 2025/01/24 20:12:00 WET [2025/01/24 15:12:00 ET]
Table 'Hercynia IV' 6-max Seat #4 is the button
Seat 1: louisf1968 ($41.03 in chips) 
Seat 2: vadjkeee ($102.18 in chips) 
Seat 3: Gjeneral66 ($50.69 in chips) 
Seat 4: peak joker33 ($103 in chips) 
Seat 5: EAroca ($103.70 in chips) 
Seat 6: ImaPeppaPig ($109.60 in chips) 
EAroca: posts small blind $0.50
ImaPeppaPig: posts big blind $1
*** HOLE CARDS ***
louisf1968: raises $1 to $2
vadjkeee: folds 
Gjeneral66: folds 
peak joker33: folds 
EAroca: folds 
ImaPeppaPig: folds 
Uncalled bet ($1) returned to louisf1968
louisf1968 collected $2.50 from pot
*** SUMMARY ***
Total pot $2.50 | Rake $0 
Seat 1: louisf1968 collected ($2.50)
Seat 2: vadjkeee folded before Flop (didn't bet)
Seat 3: Gjeneral66 folded before Flop (didn't bet)
Seat 4: peak joker33 (button) folded before Flop (didn't bet)
Seat 5: EAroca (small blind) folded before Flop
Seat 6: ImaPeppaPig (big blind) folded before Flop



PokerStars Hand #254534159246:  Hold'em No Limit ($0.50/$1.00 USD) - 2025/01/24 20:12:30 WET [2025/01/24 15:12:30 ET]
Table 'Hercynia IV' 6-max Seat #5 is the button
Seat 1: louisf1968 ($42.53 in chips) 
Seat 2: vadjkeee ($102.18 in chips) 
Seat 3: Gjeneral66 ($50.69 in chips) 
Seat 4: peak joker33 ($103 in chips) 
Seat 5: EAroca ($103.20 in chips) 
Seat 6: ImaPeppaPig ($108.60 in chips) 
ImaPeppaPig: posts small blind $0.50
louisf1968: posts big blind $1
*** HOLE CARDS ***
vadjkeee: folds 
Gjeneral66: folds 
peak joker33: folds 
EAroca: raises $1.20 to $2.20
ImaPeppaPig: raises $8.80 to $11
louisf1968: folds 
EAroca: calls $8.80
*** FLOP *** [7d 4h 6c]
ImaPeppaPig: checks 
EAroca: bets $5.48
ImaPeppaPig: raises $92.12 to $97.60 and is all-in
EAroca: calls $86.72 and is all-in
Uncalled bet ($5.40) returned to ImaPeppaPig
*** FIRST TURN *** [7d 4h 6c] [5c]
*** FIRST RIVER *** [7d 4h 6c 5c] [Qs]
*** SECOND TURN *** [7d 4h 6c] [2s]
*** SECOND RIVER *** [7d 4h 6c 2s] [2c]
*** FIRST SHOW DOWN ***
ImaPeppaPig: shows [Jh Jc] (a pair of Jacks)
EAroca: shows [6s 6d] (three of a kind, Sixes)
EAroca collected $102.45 from pot
*** SECOND SHOW DOWN ***
ImaPeppaPig: shows [Jh Jc] (two pair, Jacks and Deuces)
EAroca: shows [6s 6d] (a full house, Sixes full of Deuces)
EAroca collected $102.45 from pot
*** SUMMARY ***
Total pot $207.40 | Rake $2.50 
Hand was run twice
FIRST Board [7d 4h 6c 5c Qs]
SECOND Board [7d 4h 6c 2s 2c]
Seat 1: louisf1968 (big blind) folded before Flop
Seat 2: vadjkeee folded before Flop (didn't bet)
Seat 3: Gjeneral66 folded before Flop (didn't bet)
Seat 4: peak joker33 folded before Flop (didn't bet)
Seat 5: EAroca (button) showed [6s 6d] and won ($102.45) with three of a kind, Sixes, and won ($102.45) with a full house, Sixes full of Deuces
Seat 6: ImaPeppaPig (small blind) showed [Jh Jc] and lost with a pair of Jacks, and lost with two pair, Jacks and Deuces



PokerStars Hand #254534181369:  Hold'em No Limit ($0.50/$1.00 USD) - 2025/01/24 20:13:42 WET [2025/01/24 15:13:42 ET]
Table 'Hercynia IV' 6-max Seat #6 is the button
Seat 1: louisf1968 ($41.53 in chips) 
Seat 2: vadjkeee ($102.18 in chips) 
Seat 3: Gjeneral66 ($50.69 in chips) 
Seat 4: peak joker33 ($103 in chips) 
Seat 5: EAroca ($204.90 in chips) 
Seat 6: ImaPeppaPig ($100 in chips) 
louisf1968: posts small blind $0.50
vadjkeee: posts big blind $1
*** HOLE CARDS ***
Gjeneral66: raises $1.50 to $2.50
peak joker33: folds 
EAroca: folds 
ImaPeppaPig: folds 
louisf1968: calls $2
vadjkeee: folds 
*** FLOP *** [3s Jh 9d]
louisf1968: checks 
Gjeneral66: bets $1.88
louisf1968: calls $1.88
*** TURN *** [3s Jh 9d] [Ah]
louisf1968: checks 
Gjeneral66: bets $4.64
louisf1968: folds 
Uncalled bet ($4.64) returned to Gjeneral66
Gjeneral66 collected $9.27 from pot
*** SUMMARY ***
Total pot $9.76 | Rake $0.49 
Board [3s Jh 9d Ah]
Seat 1: louisf1968 (small blind) folded on the Turn
Seat 2: vadjkeee (big blind) folded before Flop
Seat 3: Gjeneral66 collected ($9.27)
Seat 4: peak joker33 folded before Flop (didn't bet)
Seat 5: EAroca folded before Flop (didn't bet)
Seat 6: ImaPeppaPig (button) folded before Flop (didn't bet)



PokerStars Hand #254534196327:  Hold'em No Limit ($0.50/$1.00 USD) - 2025/01/24 20:14:30 WET [2025/01/24 15:14:30 ET]
Table 'Hercynia IV' 6-max Seat #1 is the button
Seat 1: louisf1968 ($37.15 in chips) 
Seat 2: vadjkeee ($101.18 in chips) 
Seat 3: Gjeneral66 ($55.58 in chips) 
Seat 4: peak joker33 ($103 in chips) 
Seat 5: EAroca ($204.90 in chips) 
Seat 6: ImaPeppaPig ($100 in chips) 
vadjkeee: posts small blind $0.50
Gjeneral66: posts big blind $1
*** HOLE CARDS ***
peak joker33: folds 
EAroca: folds 
ImaPeppaPig: raises $1.50 to $2.50
louisf1968: folds 
vadjkeee: raises $8.50 to $11
Gjeneral66: folds 
ImaPeppaPig: raises $12 to $23
vadjkeee: raises $78.18 to $101.18 and is all-in
ImaPeppaPig: calls $77 and is all-in
Uncalled bet ($1.18) returned to vadjkeee
*** FIRST FLOP *** [8c As 8h]
*** FIRST TURN *** [8c As 8h] [2h]
*** FIRST RIVER *** [8c As 8h 2h] [3c]
*** SECOND FLOP *** [9h Jd 6d]
*** SECOND TURN *** [9h Jd 6d] [5d]
*** SECOND RIVER *** [9h Jd 6d 5d] [Ah]
*** FIRST SHOW DOWN ***
vadjkeee: shows [Qs Qd] (two pair, Queens and Eights)
ImaPeppaPig: shows [Ad Ks] (two pair, Aces and Eights)
ImaPeppaPig collected $99.25 from pot
*** SECOND SHOW DOWN ***
vadjkeee: shows [Qs Qd] (a pair of Queens)
ImaPeppaPig: shows [Ad Ks] (a pair of Aces)
ImaPeppaPig collected $99.25 from pot
*** SUMMARY ***
Total pot $201 | Rake $2.50 
Hand was run twice
FIRST Board [8c As 8h 2h 3c]
SECOND Board [9h Jd 6d 5d Ah]
Seat 1: louisf1968 (button) folded before Flop (didn't bet)
Seat 2: vadjkeee (small blind) showed [Qs Qd] and lost with two pair, Queens and Eights, and lost with a pair of Queens
Seat 3: Gjeneral66 (big blind) folded before Flop
Seat 4: peak joker33 folded before Flop (didn't bet)
Seat 5: EAroca folded before Flop (didn't bet)
Seat 6: ImaPeppaPig showed [Ad Ks] and won ($99.25) with two pair, Aces and Eights, and won ($99.25) with a pair of Aces



PokerStars Hand #254534211058:  Hold'em No Limit ($0.50/$1.00 USD) - 2025/01/24 20:15:17 WET [2025/01/24 15:15:17 ET]
Table 'Hercynia IV' 6-max Seat #2 is the button
Seat 1: louisf1968 ($37.15 in chips) 
Seat 2: vadjkeee ($100 in chips) 
Seat 3: Gjeneral66 ($54.58 in chips) 
Seat 4: peak joker33 ($103 in chips) 
Seat 5: EAroca ($204.90 in chips) 
Seat 6: ImaPeppaPig ($198.50 in chips) 
Gjeneral66: posts small blind $0.50
peak joker33: posts big blind $1
*** HOLE CARDS ***
EAroca: folds 
ImaPeppaPig: folds 
louisf1968: folds 
vadjkeee: folds 
Gjeneral66: folds 
Uncalled bet ($0.50) returned to peak joker33
peak joker33 collected $1 from pot
peak joker33: doesn't show hand 
*** SUMMARY ***
Total pot $1 | Rake $0 
Seat 1: louisf1968 folded before Flop (didn't bet)
Seat 2: vadjkeee (button) folded before Flop (didn't bet)
Seat 3: Gjeneral66 (small blind) folded before Flop
Seat 4: peak joker33 (big blind) collected ($1)
Seat 5: EAroca folded before Flop (didn't bet)
Seat 6: ImaPeppaPig folded before Flop (didn't bet)



PokerStars Hand #254534215685:  Hold'em No Limit ($0.50/$1.00 USD) - 2025/01/24 20:15:32 WET [2025/01/24 15:15:32 ET]
Table 'Hercynia IV' 6-max Seat #3 is the button
Seat 1: louisf1968 ($37.15 in chips) 
Seat 2: vadjkeee ($100 in chips) 
Seat 3: Gjeneral66 ($54.08 in chips) 
Seat 4: peak joker33 ($103.50 in chips) 
Seat 5: EAroca ($204.90 in chips) 
Seat 6: ImaPeppaPig ($198.50 in chips) 
peak joker33: posts small blind $0.50
EAroca: posts big blind $1
*** HOLE CARDS ***
ImaPeppaPig: raises $1.50 to $2.50
louisf1968: folds 
vadjkeee: folds 
Gjeneral66: folds 
peak joker33: folds 
EAroca: folds 
Uncalled bet ($1.50) returned to ImaPeppaPig
ImaPeppaPig collected $2.50 from pot
ImaPeppaPig: doesn't show hand 
*** SUMMARY ***
Total pot $2.50 | Rake $0 
Seat 1: louisf1968 folded before Flop (didn't bet)
Seat 2: vadjkeee folded before Flop (didn't bet)
Seat 3: Gjeneral66 (button) folded before Flop (didn't bet)
Seat 4: peak joker33 (small blind) folded before Flop
Seat 5: EAroca (big blind) folded before Flop
Seat 6: ImaPeppaPig collected ($2.50)



PokerStars Hand #254534225109:  Hold'em No Limit ($0.50/$1.00 USD) - 2025/01/24 20:16:03 WET [2025/01/24 15:16:03 ET]
Table 'Hercynia IV' 6-max Seat #4 is the button
Seat 1: louisf1968 ($37.15 in chips) 
Seat 2: vadjkeee ($100 in chips) 
Seat 3: Gjeneral66 ($54.08 in chips) 
Seat 4: peak joker33 ($103 in chips) 
Seat 5: EAroca ($203.90 in chips) 
Seat 6: ImaPeppaPig ($200 in chips) 
EAroca: posts small blind $0.50
ImaPeppaPig: posts big blind $1
*** HOLE CARDS ***
louisf1968: raises $36.15 to $37.15 and is all-in
vadjkeee: folds 
Gjeneral66: folds 
peak joker33: folds 
EAroca: folds 
ImaPeppaPig: folds 
Uncalled bet ($36.15) returned to louisf1968
louisf1968 collected $2.50 from pot
*** SUMMARY ***
Total pot $2.50 | Rake $0 
Seat 1: louisf1968 collected ($2.50)
Seat 2: vadjkeee folded before Flop (didn't bet)
Seat 3: Gjeneral66 folded before Flop (didn't bet)
Seat 4: peak joker33 (button) folded before Flop (didn't bet)
Seat 5: EAroca (small blind) folded before Flop
Seat 6: ImaPeppaPig (big blind) folded before Flop



PokerStars Hand #254534230664:  Hold'em No Limit ($0.50/$1.00 USD) - 2025/01/24 20:16:21 WET [2025/01/24 15:16:21 ET]
Table 'Hercynia IV' 6-max Seat #5 is the button
Seat 1: louisf1968 ($38.65 in chips) 
Seat 2: vadjkeee ($100 in chips) 
Seat 3: Gjeneral66 ($54.08 in chips) 
Seat 4: peak joker33 ($103 in chips) 
Seat 5: EAroca ($203.40 in chips) 
Seat 6: ImaPeppaPig ($199 in chips) 
ImaPeppaPig: posts small blind $0.50
louisf1968: posts big blind $1
*** HOLE CARDS ***
vadjkeee: folds 
Gjeneral66: raises $1.50 to $2.50
peak joker33: folds 
EAroca: folds 
ImaPeppaPig: folds 
louisf1968: calls $1.50
*** FLOP *** [Kd 6d 5c]
louisf1968: checks 
Gjeneral66: bets $1.88
louisf1968: calls $1.88
*** TURN *** [Kd 6d 5c] [6s]
louisf1968: checks 
Gjeneral66: bets $5.92
louisf1968: folds 
Uncalled bet ($5.92) returned to Gjeneral66
Gjeneral66 collected $8.80 from pot
*** SUMMARY ***
Total pot $9.26 | Rake $0.46 
Board [Kd 6d 5c 6s]
Seat 1: louisf1968 (big blind) folded on the Turn
Seat 2: vadjkeee folded before Flop (didn't bet)
Seat 3: Gjeneral66 collected ($8.80)
Seat 4: peak joker33 folded before Flop (didn't bet)
Seat 5: EAroca (button) folded before Flop (didn't bet)
Seat 6: ImaPeppaPig (small blind) folded before Flop



PokerStars Hand #254534246255:  Hold'em No Limit ($0.50/$1.00 USD) - 2025/01/24 20:17:12 WET [2025/01/24 15:17:12 ET]
Table 'Hercynia IV' 6-max Seat #6 is the button
Seat 1: louisf1968 ($34.27 in chips) 
Seat 2: vadjkeee ($100 in chips) 
Seat 3: Gjeneral66 ($58.50 in chips) 
Seat 4: peak joker33 ($103 in chips) 
Seat 5: EAroca ($203.40 in chips) 
Seat 6: ImaPeppaPig ($198.50 in chips) 
louisf1968: posts small blind $0.50
vadjkeee: posts big blind $1
*** HOLE CARDS ***
Gjeneral66: folds 
peak joker33: folds 
EAroca: raises $1 to $2
ImaPeppaPig: folds 
louisf1968: calls $1.50
vadjkeee: calls $1
*** FLOP *** [5h 2c Qc]
louisf1968: checks 
vadjkeee: checks 
EAroca: bets $2.28
louisf1968: calls $2.28
vadjkeee: folds 
*** TURN *** [5h 2c Qc] [7s]
louisf1968: checks 
EAroca: checks 
*** RIVER *** [5h 2c Qc 7s] [9s]
louisf1968: bets $3
EAroca: folds 
Uncalled bet ($3) returned to louisf1968
louisf1968 collected $10.03 from pot
*** SUMMARY ***
Total pot $10.56 | Rake $0.53 
Board [5h 2c Qc 7s 9s]
Seat 1: louisf1968 (small blind) collected ($10.03)
Seat 2: vadjkeee (big blind) folded on the Flop
Seat 3: Gjeneral66 folded before Flop (didn't bet)
Seat 4: peak joker33 folded before Flop (didn't bet)
Seat 5: EAroca folded on the River
Seat 6: ImaPeppaPig (button) folded before Flop (didn't bet)



PokerStars Hand #254534282134:  Hold'em No Limit ($0.50/$1.00 USD) - 2025/01/24 20:19:08 WET [2025/01/24 15:19:08 ET]
Table 'Hercynia IV' 6-max Seat #1 is the button
Seat 1: louisf1968 ($40.02 in chips) 
Seat 2: vadjkeee ($100 in chips) 
Seat 3: Gjeneral66 ($58.50 in chips) 
Seat 4: peak joker33 ($103 in chips) 
Seat 5: EAroca ($199.12 in chips) 
Seat 6: ImaPeppaPig ($198.50 in chips) 
vadjkeee: posts small blind $0.50
Gjeneral66: posts big blind $1
*** HOLE CARDS ***
peak joker33: raises $1.50 to $2.50
EAroca: folds 
ImaPeppaPig: raises $5.50 to $8
louisf1968: folds 
vadjkeee: folds 
Gjeneral66: folds 
peak joker33: raises $14 to $22
ImaPeppaPig: folds 
Uncalled bet ($14) returned to peak joker33
peak joker33 collected $17.50 from pot
peak joker33: doesn't show hand 
*** SUMMARY ***
Total pot $17.50 | Rake $0 
Seat 1: louisf1968 (button) folded before Flop (didn't bet)
Seat 2: vadjkeee (small blind) folded before Flop
Seat 3: Gjeneral66 (big blind) folded before Flop
Seat 4: peak joker33 collected ($17.50)
Seat 5: EAroca folded before Flop (didn't bet)
Seat 6: ImaPeppaPig folded before Flop



PokerStars Hand #254534292205:  Hold'em No Limit ($0.50/$1.00 USD) - 2025/01/24 20:19:40 WET [2025/01/24 15:19:40 ET]
Table 'Hercynia IV' 6-max Seat #2 is the button
Seat 1: louisf1968 ($40.02 in chips) 
Seat 2: vadjkeee ($100 in chips) 
Seat 3: Gjeneral66 ($57.50 in chips) 
Seat 4: peak joker33 ($112.50 in chips) 
Seat 5: EAroca ($199.12 in chips) 
Seat 6: ImaPeppaPig ($190.50 in chips) 
Gjeneral66: posts small blind $0.50
peak joker33: posts big blind $1
*** HOLE CARDS ***
EAroca: folds 
ImaPeppaPig: folds 
louisf1968: calls $1
vadjkeee: raises $3 to $4
Gjeneral66: folds 
peak joker33: folds 
louisf1968: calls $3
*** FLOP *** [Qd Jc 3c]
louisf1968: checks 
vadjkeee: bets $2.25
louisf1968: calls $2.25
*** TURN *** [Qd Jc 3c] [Ad]
louisf1968: bets $3
vadjkeee: calls $3
*** RIVER *** [Qd Jc 3c Ad] [3h]
louisf1968: checks 
vadjkeee: checks 
*** SHOW DOWN ***
louisf1968: shows [4d 5d] (a pair of Threes)
vadjkeee: shows [Kc 6c] (a pair of Threes - Ace+King kicker)
vadjkeee collected $19 from pot
*** SUMMARY ***
Total pot $20 | Rake $1 
Board [Qd Jc 3c Ad 3h]
Seat 1: louisf1968 showed [4d 5d] and lost with a pair of Threes
Seat 2: vadjkeee (button) showed [Kc 6c] and won ($19) with a pair of Threes
Seat 3: Gjeneral66 (small blind) folded before Flop
Seat 4: peak joker33 (big blind) folded before Flop
Seat 5: EAroca folded before Flop (didn't bet)
Seat 6: ImaPeppaPig folded before Flop (didn't bet)



PokerStars Hand #254534307812:  Hold'em No Limit ($0.50/$1.00 USD) - 2025/01/24 20:20:31 WET [2025/01/24 15:20:31 ET]
Table 'Hercynia IV' 6-max Seat #3 is the button
Seat 1: louisf1968 ($30.77 in chips) 
Seat 2: vadjkeee ($109.75 in chips) 
Seat 3: Gjeneral66 ($57 in chips) 
Seat 4: peak joker33 ($111.50 in chips) 
Seat 5: EAroca ($199.12 in chips) 
Seat 6: ImaPeppaPig ($190.50 in chips) 
peak joker33: posts small blind $0.50
EAroca: posts big blind $1
*** HOLE CARDS ***
ImaPeppaPig: raises $1.50 to $2.50
louisf1968: folds 
vadjkeee: folds 
Gjeneral66: calls $2.50
peak joker33: folds 
EAroca: raises $12.50 to $15
ImaPeppaPig: raises $19 to $34
Gjeneral66: folds 
EAroca: calls $19
*** FLOP *** [5h Kh 9d]
EAroca: checks 
ImaPeppaPig: bets $18
EAroca: calls $18
*** TURN *** [5h Kh 9d] [Qd]
EAroca: checks 
ImaPeppaPig: checks 
*** RIVER *** [5h Kh 9d Qd] [Qc]
EAroca: bets $26.13
ImaPeppaPig: calls $26.13
*** SHOW DOWN ***
EAroca: shows [Ks As] (two pair, Kings and Queens)
ImaPeppaPig: shows [Ad Kc] (two pair, Kings and Queens)
EAroca collected $78.38 from pot
ImaPeppaPig collected $78.38 from pot
*** SUMMARY ***
Total pot $159.26 | Rake $2.50 
Board [5h Kh 9d Qd Qc]
Seat 1: louisf1968 folded before Flop (didn't bet)
Seat 2: vadjkeee folded before Flop (didn't bet)
Seat 3: Gjeneral66 (button) folded before Flop
Seat 4: peak joker33 (small blind) folded before Flop
Seat 5: EAroca (big blind) showed [Ks As] and won ($78.38) with two pair, Kings and Queens
Seat 6: ImaPeppaPig showed [Ad Kc] and won ($78.38) with two pair, Kings and Queens



PokerStars Hand #254534344257:  Hold'em No Limit ($0.50/$1.00 USD) - 2025/01/24 20:22:29 WET [2025/01/24 15:22:29 ET]
Table 'Hercynia IV' 6-max Seat #4 is the button
Seat 1: louisf1968 ($30.77 in chips) 
Seat 2: vadjkeee ($109.75 in chips) 
Seat 3: Gjeneral66 ($54.50 in chips) 
Seat 4: peak joker33 ($111 in chips) 
Seat 5: EAroca ($199.37 in chips) 
Seat 6: ImaPeppaPig ($190.75 in chips) 
EAroca: posts small blind $0.50
ImaPeppaPig: posts big blind $1
*** HOLE CARDS ***
louisf1968: calls $1
vadjkeee: folds 
Gjeneral66: folds 
peak joker33: folds 
EAroca: folds 
ImaPeppaPig: checks 
*** FLOP *** [2c 2s 8h]
ImaPeppaPig: checks 
louisf1968: checks 
*** TURN *** [2c 2s 8h] [6c]
ImaPeppaPig: bets $2
louisf1968: folds 
Uncalled bet ($2) returned to ImaPeppaPig
ImaPeppaPig collected $2.38 from pot
ImaPeppaPig: doesn't show hand 
*** SUMMARY ***
Total pot $2.50 | Rake $0.12 
Board [2c 2s 8h 6c]
Seat 1: louisf1968 folded on the Turn
Seat 2: vadjkeee folded before Flop (didn't bet)
Seat 3: Gjeneral66 folded before Flop (didn't bet)
Seat 4: peak joker33 (button) folded before Flop (didn't bet)
Seat 5: EAroca (small blind) folded before Flop
Seat 6: ImaPeppaPig (big blind) collected ($2.38)



PokerStars Hand #254534353609:  Hold'em No Limit ($0.50/$1.00 USD) - 2025/01/24 20:22:59 WET [2025/01/24 15:22:59 ET]
Table 'Hercynia IV' 6-max Seat #5 is the button
Seat 1: louisf1968 ($29.77 in chips) 
Seat 2: vadjkeee ($109.75 in chips) 
Seat 3: Gjeneral66 ($54.50 in chips) 
Seat 4: peak joker33 ($111 in chips) 
Seat 5: EAroca ($198.87 in chips) 
Seat 6: ImaPeppaPig ($192.13 in chips) 
ImaPeppaPig: posts small blind $0.50
louisf1968: posts big blind $1
*** HOLE CARDS ***
vadjkeee: folds 
Gjeneral66: folds 
peak joker33: folds 
EAroca: folds 
ImaPeppaPig: raises $2 to $3
louisf1968: calls $2
*** FLOP *** [6h Kd 7s]
ImaPeppaPig: bets $1.77
louisf1968: calls $1.77
*** TURN *** [6h Kd 7s] [9s]
ImaPeppaPig: checks 
louisf1968: checks 
*** RIVER *** [6h Kd 7s 9s] [Qc]
ImaPeppaPig: checks 
louisf1968: bets $9.06
ImaPeppaPig: folds 
Uncalled bet ($9.06) returned to louisf1968
louisf1968 collected $9.06 from pot
*** SUMMARY ***
Total pot $9.54 | Rake $0.48 
Board [6h Kd 7s 9s Qc]
Seat 1: louisf1968 (big blind) collected ($9.06)
Seat 2: vadjkeee folded before Flop (didn't bet)
Seat 3: Gjeneral66 folded before Flop (didn't bet)
Seat 4: peak joker33 folded before Flop (didn't bet)
Seat 5: EAroca (button) folded before Flop (didn't bet)
Seat 6: ImaPeppaPig (small blind) folded on the River



PokerStars Hand #254534365426:  Hold'em No Limit ($0.50/$1.00 USD) - 2025/01/24 20:23:37 WET [2025/01/24 15:23:37 ET]
Table 'Hercynia IV' 6-max Seat #6 is the button
Seat 1: louisf1968 ($34.06 in chips) 
Seat 2: vadjkeee ($109.75 in chips) 
Seat 3: Gjeneral66 ($54.50 in chips) 
Seat 4: peak joker33 ($111 in chips) 
Seat 5: EAroca ($198.87 in chips) 
Seat 6: ImaPeppaPig ($187.36 in chips) 
louisf1968: posts small blind $0.50
vadjkeee: posts big blind $1
*** HOLE CARDS ***
Gjeneral66: folds 
peak joker33: raises $1.50 to $2.50
EAroca: folds 
ImaPeppaPig: folds 
louisf1968: calls $2
vadjkeee: folds 
*** FLOP *** [Ts 6s 9h]
louisf1968: bets $2
peak joker33: calls $2
*** TURN *** [Ts 6s 9h] [8d]
louisf1968: checks 
peak joker33: checks 
*** RIVER *** [Ts 6s 9h 8d] [Ks]
louisf1968: bets $2
peak joker33: folds 
Uncalled bet ($2) returned to louisf1968
louisf1968 collected $9.50 from pot
*** SUMMARY ***
Total pot $10 | Rake $0.50 
Board [Ts 6s 9h 8d Ks]
Seat 1: louisf1968 (small blind) collected ($9.50)
Seat 2: vadjkeee (big blind) folded before Flop
Seat 3: Gjeneral66 folded before Flop (didn't bet)
Seat 4: peak joker33 folded on the River
Seat 5: EAroca folded before Flop (didn't bet)
Seat 6: ImaPeppaPig (button) folded before Flop (didn't bet)



PokerStars Hand #254534379718:  Hold'em No Limit ($0.50/$1.00 USD) - 2025/01/24 20:24:24 WET [2025/01/24 15:24:24 ET]
Table 'Hercynia IV' 6-max Seat #1 is the button
Seat 1: louisf1968 ($39.06 in chips) 
Seat 2: vadjkeee ($108.75 in chips) 
Seat 3: Gjeneral66 ($54.50 in chips) 
Seat 4: peak joker33 ($106.50 in chips) 
Seat 5: EAroca ($198.87 in chips) 
Seat 6: ImaPeppaPig ($187.36 in chips) 
vadjkeee: posts small blind $0.50
Gjeneral66: posts big blind $1
*** HOLE CARDS ***
peak joker33: folds 
EAroca: raises $1 to $2
ImaPeppaPig: raises $5 to $7
peak joker33 leaves the table
louisf1968: calls $7
vadjkeee: folds 
Gjeneral66: folds 
EAroca: calls $5
*** FLOP *** [6h 8c Js]
EAroca: checks 
ImaPeppaPig: checks 
louisf1968: bets $4
EAroca: folds 
ImaPeppaPig: calls $4
*** TURN *** [6h 8c Js] [3d]
ImaPeppaPig: checks 
louisf1968: bets $4
ImaPeppaPig: calls $4
*** RIVER *** [6h 8c Js 3d] [7s]
ImaPeppaPig: checks 
louisf1968: checks 
*** SHOW DOWN ***
ImaPeppaPig: shows [Ts Th] (a pair of Tens)
louisf1968: shows [Tc Td] (a pair of Tens)
ImaPeppaPig collected $18.29 from pot
louisf1968 collected $18.29 from pot
*** SUMMARY ***
Total pot $38.50 | Rake $1.92 
Board [6h 8c Js 3d 7s]
Seat 1: louisf1968 (button) showed [Tc Td] and won ($18.29) with a pair of Tens
Seat 2: vadjkeee (small blind) folded before Flop
Seat 3: Gjeneral66 (big blind) folded before Flop
Seat 4: peak joker33 folded before Flop (didn't bet)
Seat 5: EAroca folded on the Flop
Seat 6: ImaPeppaPig showed [Ts Th] and won ($18.29) with a pair of Tens



PokerStars Hand #254534401419:  Hold'em No Limit ($0.50/$1.00 USD) - 2025/01/24 20:25:34 WET [2025/01/24 15:25:34 ET]
Table 'Hercynia IV' 6-max Seat #2 is the button
Seat 1: louisf1968 ($42.35 in chips) 
Seat 2: vadjkeee ($108.25 in chips) 
Seat 3: Gjeneral66 ($53.50 in chips) 
Seat 5: EAroca ($191.87 in chips) 
Seat 6: ImaPeppaPig ($190.65 in chips) 
Gjeneral66: posts small blind $0.50
EAroca: posts big blind $1
*** HOLE CARDS ***
ImaPeppaPig: folds 
louisf1968: folds 
vadjkeee: raises $1.50 to $2.50
Gjeneral66: folds 
EAroca: calls $1.50
*** FLOP *** [Qd 8s 7c]
EAroca: checks 
vadjkeee: bets $1.72
EAroca: raises $6.50 to $8.22
BumHuntKing joins the table at seat #4 
vadjkeee: calls $6.50
*** TURN *** [Qd 8s 7c] [6s]
EAroca: bets $20.80
vadjkeee: calls $20.80
*** RIVER *** [Qd 8s 7c 6s] [9c]
EAroca: bets $15.25
vadjkeee: raises $61.48 to $76.73 and is all-in
EAroca: calls $61.48
*** SHOW DOWN ***
vadjkeee: shows [9s Tc] (a straight, Six to Ten)
EAroca: shows [Ts Kc] (a straight, Six to Ten)
EAroca collected $107.25 from pot
vadjkeee collected $107.25 from pot
*** SUMMARY ***
Total pot $217 | Rake $2.50 
Board [Qd 8s 7c 6s 9c]
Seat 1: louisf1968 folded before Flop (didn't bet)
Seat 2: vadjkeee (button) showed [9s Tc] and won ($107.25) with a straight, Six to Ten
Seat 3: Gjeneral66 (small blind) folded before Flop
Seat 5: EAroca (big blind) showed [Ts Kc] and won ($107.25) with a straight, Six to Ten
Seat 6: ImaPeppaPig folded before Flop (didn't bet)



PokerStars Hand #254534433185:  Hold'em No Limit ($0.50/$1.00 USD) - 2025/01/24 20:27:17 WET [2025/01/24 15:27:17 ET]
Table 'Hercynia IV' 6-max Seat #3 is the button
Seat 4: BumHuntKing ($100 in chips) is sitting out
Seat 1: louisf1968 ($42.35 in chips) 
Seat 2: vadjkeee ($107.25 in chips) 
Seat 3: Gjeneral66 ($53 in chips) 
Seat 5: EAroca ($190.87 in chips) 
Seat 6: ImaPeppaPig ($190.65 in chips) 
EAroca: posts small blind $0.50
ImaPeppaPig: posts big blind $1
*** HOLE CARDS ***
louisf1968: folds 
vadjkeee: folds 
Gjeneral66: raises $1.50 to $2.50
EAroca: folds 
ImaPeppaPig: folds 
Uncalled bet ($1.50) returned to Gjeneral66
Gjeneral66 collected $2.50 from pot
*** SUMMARY ***
Total pot $2.50 | Rake $0 
Seat 4: BumHuntKing
Seat 1: louisf1968 folded before Flop (didn't bet)
Seat 2: vadjkeee folded before Flop (didn't bet)
Seat 3: Gjeneral66 (button) collected ($2.50)
Seat 5: EAroca (small blind) folded before Flop
Seat 6: ImaPeppaPig (big blind) folded before Flop



PokerStars Hand #254534437811:  Hold'em No Limit ($0.50/$1.00 USD) - 2025/01/24 20:27:32 WET [2025/01/24 15:27:32 ET]
Table 'Hercynia IV' 6-max Seat #5 is the button
Seat 4: BumHuntKing ($100 in chips) is sitting out
Seat 1: louisf1968 ($42.35 in chips) 
Seat 2: vadjkeee ($107.25 in chips) 
Seat 3: Gjeneral66 ($54.50 in chips) 
Seat 5: EAroca ($190.37 in chips) 
Seat 6: ImaPeppaPig ($189.65 in chips) 
ImaPeppaPig: posts small blind $0.50
louisf1968: posts big blind $1
BumHuntKing: sits out 
*** HOLE CARDS ***
vadjkeee: folds 
Gjeneral66: folds 
EAroca: folds 
ImaPeppaPig: folds 
Uncalled bet ($0.50) returned to louisf1968
louisf1968 collected $1 from pot
*** SUMMARY ***
Total pot $1 | Rake $0 
Seat 4: BumHuntKing
Seat 1: louisf1968 (big blind) collected ($1)
Seat 2: vadjkeee folded before Flop (didn't bet)
Seat 3: Gjeneral66 folded before Flop (didn't bet)
Seat 5: EAroca (button) folded before Flop (didn't bet)
Seat 6: ImaPeppaPig (small blind) folded before Flop



PokerStars Hand #254534445535:  Hold'em No Limit ($0.50/$1.00 USD) - 2025/01/24 20:27:57 WET [2025/01/24 15:27:57 ET]
Table 'Hercynia IV' 6-max Seat #6 is the button
Seat 4: BumHuntKing ($100 in chips) is sitting out
Seat 1: louisf1968 ($42.85 in chips) 
Seat 2: vadjkeee ($107.25 in chips) 
Seat 3: Gjeneral66 ($54.50 in chips) 
Seat 5: EAroca ($190.37 in chips) 
Seat 6: ImaPeppaPig ($189.15 in chips) 
louisf1968: posts small blind $0.50
vadjkeee: posts big blind $1
BumHuntKing: sits out 
*** HOLE CARDS ***
Gjeneral66: folds 
EAroca: folds 
ImaPeppaPig: raises $1.50 to $2.50
louisf1968: calls $2
vadjkeee: folds 
*** FLOP *** [9d Jd Kc]
louisf1968: checks 
ImaPeppaPig: bets $1
louisf1968: calls $1
*** TURN *** [9d Jd Kc] [3d]
louisf1968: checks 
ImaPeppaPig: bets $2.36
louisf1968: calls $2.36
*** RIVER *** [9d Jd Kc 3d] [5s]
louisf1968: checks 
ImaPeppaPig: checks 
*** SHOW DOWN ***
louisf1968: shows [5d 5h] (three of a kind, Fives)
ImaPeppaPig: mucks hand 
louisf1968 collected $12.08 from pot
*** SUMMARY ***
Total pot $12.72 | Rake $0.64 
Board [9d Jd Kc 3d 5s]
Seat 4: BumHuntKing
Seat 1: louisf1968 (small blind) showed [5d 5h] and won ($12.08) with three of a kind, Fives
Seat 2: vadjkeee (big blind) folded before Flop
Seat 3: Gjeneral66 folded before Flop (didn't bet)
Seat 5: EAroca folded before Flop (didn't bet)
Seat 6: ImaPeppaPig (button) mucked



PokerStars Hand #254534456732:  Hold'em No Limit ($0.50/$1.00 USD) - 2025/01/24 20:28:34 WET [2025/01/24 15:28:34 ET]
Table 'Hercynia IV' 6-max Seat #1 is the button
Seat 4: BumHuntKing ($100 in chips) is sitting out
Seat 1: louisf1968 ($49.07 in chips) 
Seat 2: vadjkeee ($106.25 in chips) 
Seat 3: Gjeneral66 ($54.50 in chips) 
Seat 5: EAroca ($190.37 in chips) 
Seat 6: ImaPeppaPig ($183.29 in chips) 
vadjkeee: posts small blind $0.50
Gjeneral66: posts big blind $1
BumHuntKing: sits out 
*** HOLE CARDS ***
EAroca: folds 
ImaPeppaPig: folds 
louisf1968: raises $3 to $4
vadjkeee: folds 
Gjeneral66: folds 
Uncalled bet ($3) returned to louisf1968
louisf1968 collected $2.50 from pot
*** SUMMARY ***
Total pot $2.50 | Rake $0 
Seat 4: BumHuntKing
Seat 1: louisf1968 (button) collected ($2.50)
Seat 2: vadjkeee (small blind) folded before Flop
Seat 3: Gjeneral66 (big blind) folded before Flop
Seat 5: EAroca folded before Flop (didn't bet)
Seat 6: ImaPeppaPig folded before Flop (didn't bet)



PokerStars Hand #254534462861:  Hold'em No Limit ($0.50/$1.00 USD) - 2025/01/24 20:28:53 WET [2025/01/24 15:28:53 ET]
Table 'Hercynia IV' 6-max Seat #2 is the button
Seat 1: louisf1968 ($50.57 in chips) 
Seat 2: vadjkeee ($105.75 in chips) 
Seat 3: Gjeneral66 ($53.50 in chips) 
Seat 4: BumHuntKing ($100 in chips) 
Seat 5: EAroca ($190.37 in chips) 
Seat 6: ImaPeppaPig ($183.29 in chips) 
Gjeneral66: posts small blind $0.50
BumHuntKing: posts big blind $1
*** HOLE CARDS ***
EAroca: folds 
ImaPeppaPig: raises $1.50 to $2.50
louisf1968: folds 
vadjkeee: folds 
Gjeneral66: folds 
BumHuntKing: folds 
Uncalled bet ($1.50) returned to ImaPeppaPig
ImaPeppaPig collected $2.50 from pot
ImaPeppaPig: doesn't show hand 
*** SUMMARY ***
Total pot $2.50 | Rake $0 
Seat 1: louisf1968 folded before Flop (didn't bet)
Seat 2: vadjkeee (button) folded before Flop (didn't bet)
Seat 3: Gjeneral66 (small blind) folded before Flop
Seat 4: BumHuntKing (big blind) folded before Flop
Seat 5: EAroca folded before Flop (didn't bet)
Seat 6: ImaPeppaPig collected ($2.50)



PokerStars Hand #254534471084:  Hold'em No Limit ($0.50/$1.00 USD) - 2025/01/24 20:29:20 WET [2025/01/24 15:29:20 ET]
Table 'Hercynia IV' 6-max Seat #3 is the button
Seat 1: louisf1968 ($50.57 in chips) 
Seat 2: vadjkeee ($105.75 in chips) 
Seat 3: Gjeneral66 ($53 in chips) 
Seat 4: BumHuntKing ($100 in chips) 
Seat 5: EAroca ($190.37 in chips) 
Seat 6: ImaPeppaPig ($184.79 in chips) 
BumHuntKing: posts small blind $0.50
EAroca: posts big blind $1
*** HOLE CARDS ***
ImaPeppaPig: folds 
louisf1968: folds 
vadjkeee: folds 
Gjeneral66: folds 
BumHuntKing: raises $2 to $3
EAroca: folds 
Uncalled bet ($2) returned to BumHuntKing
BumHuntKing collected $2 from pot
BumHuntKing: doesn't show hand 
*** SUMMARY ***
Total pot $2 | Rake $0 
Seat 1: louisf1968 folded before Flop (didn't bet)
Seat 2: vadjkeee folded before Flop (didn't bet)
Seat 3: Gjeneral66 (button) folded before Flop (didn't bet)
Seat 4: BumHuntKing (small blind) collected ($2)
Seat 5: EAroca (big blind) folded before Flop
Seat 6: ImaPeppaPig folded before Flop (didn't bet)



PokerStars Hand #254534546224:  Hold'em No Limit ($0.50/$1.00 USD) - 2025/01/24 20:33:28 WET [2025/01/24 15:33:28 ET]
Table 'Hercynia IV' 6-max Seat #3 is the button
Seat 1: louisf1968 ($61.92 in chips) 
Seat 2: vadjkeee ($105.75 in chips) 
Seat 3: PhoenixAssassin ($103.50 in chips) 
Seat 4: BumHuntKing ($100 in chips) 
Seat 5: EAroca ($188.87 in chips) 
Seat 6: ImaPeppaPig ($187.51 in chips) 
BumHuntKing: posts small blind $0.50
EAroca: posts big blind $1
*** HOLE CARDS ***
ImaPeppaPig: folds 
louisf1968: calls $1
vadjkeee: raises $3 to $4
PhoenixAssassin: calls $4
BumHuntKing: folds 
EAroca: folds 
louisf1968: folds 
*** FLOP *** [9d Th 6h]
vadjkeee: bets $3.29
PhoenixAssassin: raises $8.28 to $11.57
vadjkeee: calls $8.28
*** TURN *** [9d Th 6h] [Jd]
vadjkeee: checks 
PhoenixAssassin: checks 
*** RIVER *** [9d Th 6h Jd] [8c]
vadjkeee: bets $30.36
PhoenixAssassin: folds 
Uncalled bet ($30.36) returned to vadjkeee
vadjkeee collected $31.96 from pot
vadjkeee: doesn't show hand 
*** SUMMARY ***
Total pot $33.64 | Rake $1.68 
Board [9d Th 6h Jd 8c]
Seat 1: louisf1968 folded before Flop
Seat 2: vadjkeee collected ($31.96)
Seat 3: PhoenixAssassin (button) folded on the River
Seat 4: BumHuntKing (small blind) folded before Flop
Seat 5: EAroca (big blind) folded before Flop
Seat 6: ImaPeppaPig folded before Flop (didn't bet)



PokerStars Hand #254534577182:  Hold'em No Limit ($0.50/$1.00 USD) - 2025/01/24 20:35:09 WET [2025/01/24 15:35:09 ET]
Table 'Hercynia IV' 6-max Seat #4 is the button
Seat 1: louisf1968 ($60.92 in chips) 
Seat 2: vadjkeee ($122.14 in chips) 
Seat 3: PhoenixAssassin ($100 in chips) 
Seat 4: BumHuntKing ($100 in chips) 
Seat 5: EAroca ($187.87 in chips) 
Seat 6: ImaPeppaPig ($187.51 in chips) 
EAroca: posts small blind $0.50
ImaPeppaPig: posts big blind $1
*** HOLE CARDS ***
louisf1968: calls $1
vadjkeee: raises $4 to $5
PhoenixAssassin: folds 
BumHuntKing: folds 
EAroca: folds 
ImaPeppaPig: calls $4
louisf1968: calls $4
*** FLOP *** [2h 8d 7d]
ImaPeppaPig: checks 
louisf1968: bets $3
vadjkeee: folds 
ImaPeppaPig: raises $15.75 to $18.75
louisf1968: folds 
Uncalled bet ($15.75) returned to ImaPeppaPig
ImaPeppaPig collected $20.42 from pot
ImaPeppaPig: doesn't show hand 
*** SUMMARY ***
Total pot $21.50 | Rake $1.08 
Board [2h 8d 7d]
Seat 1: louisf1968 folded on the Flop
Seat 2: vadjkeee folded on the Flop
Seat 3: PhoenixAssassin folded before Flop (didn't bet)
Seat 4: BumHuntKing (button) folded before Flop (didn't bet)
Seat 5: EAroca (small blind) folded before Flop
Seat 6: ImaPeppaPig (big blind) collected ($20.42)



PokerStars Hand #254534594852:  Hold'em No Limit ($0.50/$1.00 USD) - 2025/01/24 20:36:07 WET [2025/01/24 15:36:07 ET]
Table 'Hercynia IV' 6-max Seat #5 is the button
Seat 1: louisf1968 ($52.92 in chips) 
Seat 2: vadjkeee ($117.14 in chips) 
Seat 3: PhoenixAssassin ($100 in chips) 
Seat 4: BumHuntKing ($100 in chips) 
Seat 5: EAroca ($187.37 in chips) 
Seat 6: ImaPeppaPig ($199.93 in chips) 
ImaPeppaPig: posts small blind $0.50
louisf1968: posts big blind $1
*** HOLE CARDS ***
vadjkeee: folds 
PhoenixAssassin: folds 
BumHuntKing: raises $1.20 to $2.20
EAroca: folds 
ImaPeppaPig: folds 
louisf1968: raises $50.72 to $52.92 and is all-in
BumHuntKing: folds 
Uncalled bet ($50.72) returned to louisf1968
louisf1968 collected $4.90 from pot
*** SUMMARY ***
Total pot $4.90 | Rake $0 
Seat 1: louisf1968 (big blind) collected ($4.90)
Seat 2: vadjkeee folded before Flop (didn't bet)
Seat 3: PhoenixAssassin folded before Flop (didn't bet)
Seat 4: BumHuntKing folded before Flop
Seat 5: EAroca (button) folded before Flop (didn't bet)
Seat 6: ImaPeppaPig (small blind) folded before Flop



PokerStars Hand #254534610237:  Hold'em No Limit ($0.50/$1.00 USD) - 2025/01/24 20:36:58 WET [2025/01/24 15:36:58 ET]
Table 'Hercynia IV' 6-max Seat #6 is the button
Seat 1: louisf1968 ($55.62 in chips) 
Seat 2: vadjkeee ($117.14 in chips) 
Seat 3: PhoenixAssassin ($100 in chips) 
Seat 4: BumHuntKing ($100 in chips) 
Seat 5: EAroca ($187.37 in chips) 
Seat 6: ImaPeppaPig ($199.43 in chips) 
louisf1968: posts small blind $0.50
vadjkeee: posts big blind $1
*** HOLE CARDS ***
PhoenixAssassin: folds 
BumHuntKing: raises $1.20 to $2.20
EAroca: folds 
ImaPeppaPig: raises $4.80 to $7
louisf1968: calls $6.50
vadjkeee: folds 
BumHuntKing: calls $4.80
*** FLOP *** [5s 9h Kc]
louisf1968: checks 
BumHuntKing: checks 
ImaPeppaPig: bets $8
louisf1968: calls $8
BumHuntKing: folds 
*** TURN *** [5s 9h Kc] [7h]
louisf1968: checks 
ImaPeppaPig: checks 
*** RIVER *** [5s 9h Kc 7h] [7c]
louisf1968: checks 
ImaPeppaPig: checks 
*** SHOW DOWN ***
louisf1968: shows [6h Ah] (a pair of Sevens)
ImaPeppaPig: shows [Ad Qh] (a pair of Sevens - Ace+King+Queen kicker)
ImaPeppaPig collected $36.10 from pot
*** SUMMARY ***
Total pot $38 | Rake $1.90 
Board [5s 9h Kc 7h 7c]
Seat 1: louisf1968 (small blind) showed [6h Ah] and lost with a pair of Sevens
Seat 2: vadjkeee (big blind) folded before Flop
Seat 3: PhoenixAssassin folded before Flop (didn't bet)
Seat 4: BumHuntKing folded on the Flop
Seat 5: EAroca folded before Flop (didn't bet)
Seat 6: ImaPeppaPig (button) showed [Ad Qh] and won ($36.10) with a pair of Sevens



PokerStars Hand #254534632165:  Hold'em No Limit ($0.50/$1.00 USD) - 2025/01/24 20:38:10 WET [2025/01/24 15:38:10 ET]
Table 'Hercynia IV' 6-max Seat #1 is the button
Seat 1: louisf1968 ($40.62 in chips) 
Seat 2: vadjkeee ($116.14 in chips) 
Seat 3: PhoenixAssassin ($100 in chips) 
Seat 4: BumHuntKing ($100 in chips) 
Seat 5: EAroca ($187.37 in chips) 
Seat 6: ImaPeppaPig ($220.53 in chips) 
vadjkeee: posts small blind $0.50
PhoenixAssassin: posts big blind $1
*** HOLE CARDS ***
BumHuntKing: folds 
EAroca: folds 
ImaPeppaPig: folds 
louisf1968: folds 
vadjkeee: raises $2 to $3
PhoenixAssassin: raises $7 to $10
vadjkeee: folds 
Uncalled bet ($7) returned to PhoenixAssassin
PhoenixAssassin collected $6 from pot
PhoenixAssassin: doesn't show hand 
*** SUMMARY ***
Total pot $6 | Rake $0 
Seat 1: louisf1968 (button) folded before Flop (didn't bet)
Seat 2: vadjkeee (small blind) folded before Flop
Seat 3: PhoenixAssassin (big blind) collected ($6)
Seat 4: BumHuntKing folded before Flop (didn't bet)
Seat 5: EAroca folded before Flop (didn't bet)
Seat 6: ImaPeppaPig folded before Flop (didn't bet)



PokerStars Hand #254534638760:  Hold'em No Limit ($0.50/$1.00 USD) - 2025/01/24 20:38:32 WET [2025/01/24 15:38:32 ET]
Table 'Hercynia IV' 6-max Seat #2 is the button
Seat 1: louisf1968 ($40.62 in chips) 
Seat 2: vadjkeee ($113.14 in chips) 
Seat 3: PhoenixAssassin ($103 in chips) 
Seat 4: BumHuntKing ($100 in chips) 
Seat 5: EAroca ($187.37 in chips) 
Seat 6: ImaPeppaPig ($220.53 in chips) 
PhoenixAssassin: posts small blind $0.50
BumHuntKing: posts big blind $1
*** HOLE CARDS ***
EAroca: folds 
ImaPeppaPig: folds 
louisf1968: calls $1
vadjkeee: folds 
PhoenixAssassin: calls $0.50
BumHuntKing: checks 
*** FLOP *** [4c Kd 9d]
PhoenixAssassin: checks 
BumHuntKing: checks 
louisf1968: bets $3
PhoenixAssassin: calls $3
BumHuntKing: folds 
*** TURN *** [4c Kd 9d] [Tc]
PhoenixAssassin: checks 
louisf1968: checks 
*** RIVER *** [4c Kd 9d Tc] [6d]
PhoenixAssassin: checks 
louisf1968: checks 
*** SHOW DOWN ***
PhoenixAssassin: shows [9c 8d] (a pair of Nines)
louisf1968: mucks hand 
PhoenixAssassin collected $8.55 from pot
*** SUMMARY ***
Total pot $9 | Rake $0.45 
Board [4c Kd 9d Tc 6d]
Seat 1: louisf1968 mucked
Seat 2: vadjkeee (button) folded before Flop (didn't bet)
Seat 3: PhoenixAssassin (small blind) showed [9c 8d] and won ($8.55) with a pair of Nines
Seat 4: BumHuntKing (big blind) folded on the Flop
Seat 5: EAroca folded before Flop (didn't bet)
Seat 6: ImaPeppaPig folded before Flop (didn't bet)



PokerStars Hand #254534659676:  Hold'em No Limit ($0.50/$1.00 USD) - 2025/01/24 20:39:41 WET [2025/01/24 15:39:41 ET]
Table 'Hercynia IV' 6-max Seat #3 is the button
Seat 5: EAroca ($187.37 in chips) is sitting out
Seat 1: louisf1968 ($36.62 in chips) 
Seat 2: vadjkeee ($113.14 in chips) 
Seat 3: PhoenixAssassin ($107.55 in chips) 
Seat 4: BumHuntKing ($100 in chips) 
Seat 6: ImaPeppaPig ($220.53 in chips) 
BumHuntKing: posts small blind $0.50
EAroca: is sitting out 
ImaPeppaPig: posts big blind $1
*** HOLE CARDS ***
louisf1968: raises $35.62 to $36.62 and is all-in
vadjkeee: calls $36.62
PhoenixAssassin: folds 
BumHuntKing: folds 
ImaPeppaPig: folds 
*** FLOP *** [4h 4d Jc]
*** TURN *** [4h 4d Jc] [6c]
*** RIVER *** [4h 4d Jc 6c] [2c]
*** SHOW DOWN ***
louisf1968: shows [8d 8h] (two pair, Eights and Fours)
vadjkeee: shows [Qs Ac] (a pair of Fours)
louisf1968 collected $72.24 from pot
*** SUMMARY ***
Total pot $74.74 | Rake $2.50 
Board [4h 4d Jc 6c 2c]
Seat 5: EAroca
Seat 1: louisf1968 showed [8d 8h] and won ($72.24) with two pair, Eights and Fours
Seat 2: vadjkeee showed [Qs Ac] and lost with a pair of Fours
Seat 3: PhoenixAssassin (button) folded before Flop (didn't bet)
Seat 4: BumHuntKing (small blind) folded before Flop
Seat 6: ImaPeppaPig (big blind) folded before Flop



PokerStars Hand #254534667641:  Hold'em No Limit ($0.50/$1.00 USD) - 2025/01/24 20:40:08 WET [2025/01/24 15:40:08 ET]
Table 'Hercynia IV' 6-max Seat #4 is the button
Seat 5: EAroca ($187.37 in chips) is sitting out
Seat 1: louisf1968 ($72.24 in chips) 
Seat 2: vadjkeee ($100 in chips) 
Seat 3: PhoenixAssassin ($107.55 in chips) 
Seat 4: BumHuntKing ($100 in chips) 
Seat 6: ImaPeppaPig ($219.53 in chips) 
ImaPeppaPig: posts small blind $0.50
louisf1968: posts big blind $1
*** HOLE CARDS ***
vadjkeee: raises $1.50 to $2.50
PhoenixAssassin: folds 
BumHuntKing: calls $2.50
ImaPeppaPig: folds 
louisf1968: folds 
*** FLOP *** [5h 4s 2d]
vadjkeee: checks 
BumHuntKing: checks 
*** TURN *** [5h 4s 2d] [6s]
vadjkeee: checks 
BumHuntKing: bets $2.04
vadjkeee: folds 
Uncalled bet ($2.04) returned to BumHuntKing
BumHuntKing collected $6.18 from pot
BumHuntKing: doesn't show hand 
*** SUMMARY ***
Total pot $6.50 | Rake $0.32 
Board [5h 4s 2d 6s]
Seat 5: EAroca
Seat 1: louisf1968 (big blind) folded before Flop
Seat 2: vadjkeee folded on the Turn
Seat 3: PhoenixAssassin folded before Flop (didn't bet)
Seat 4: BumHuntKing (button) collected ($6.18)
Seat 6: ImaPeppaPig (small blind) folded before Flop



PokerStars Hand #254534681602:  Hold'em No Limit ($0.50/$1.00 USD) - 2025/01/24 20:40:54 WET [2025/01/24 15:40:54 ET]
Table 'Hercynia IV' 6-max Seat #6 is the button
Seat 5: EAroca ($187.37 in chips) is sitting out
Seat 1: louisf1968 ($71.24 in chips) 
Seat 2: vadjkeee ($100 in chips) 
Seat 3: PhoenixAssassin ($107.55 in chips) 
Seat 4: BumHuntKing ($103.68 in chips) 
Seat 6: ImaPeppaPig ($219.03 in chips) 
louisf1968: posts small blind $0.50
vadjkeee: posts big blind $1
*** HOLE CARDS ***
PhoenixAssassin: folds 
BumHuntKing: folds 
ImaPeppaPig: folds 
louisf1968: folds 
Uncalled bet ($0.50) returned to vadjkeee
vadjkeee collected $1 from pot
vadjkeee: doesn't show hand 
*** SUMMARY ***
Total pot $1 | Rake $0 
Seat 5: EAroca
Seat 1: louisf1968 (small blind) folded before Flop
Seat 2: vadjkeee (big blind) collected ($1)
Seat 3: PhoenixAssassin folded before Flop (didn't bet)
Seat 4: BumHuntKing folded before Flop (didn't bet)
Seat 6: ImaPeppaPig (button) folded before Flop (didn't bet)



PokerStars Hand #254534684807:  Hold'em No Limit ($0.50/$1.00 USD) - 2025/01/24 20:41:05 WET [2025/01/24 15:41:05 ET]
Table 'Hercynia IV' 6-max Seat #1 is the button
Seat 5: EAroca ($187.37 in chips) is sitting out
Seat 1: louisf1968 ($70.74 in chips) 
Seat 2: vadjkeee ($100.50 in chips) 
Seat 3: PhoenixAssassin ($107.55 in chips) 
Seat 4: BumHuntKing ($103.68 in chips) 
Seat 6: ImaPeppaPig ($219.03 in chips) 
vadjkeee: posts small blind $0.50
PhoenixAssassin: posts big blind $1
*** HOLE CARDS ***
BumHuntKing: folds 
EAroca leaves the table
ImaPeppaPig: folds 
louisf1968: raises $2 to $3
michasia joins the table at seat #5 
vadjkeee: folds 
PhoenixAssassin: folds 
Uncalled bet ($2) returned to louisf1968
louisf1968 collected $2.50 from pot
*** SUMMARY ***
Total pot $2.50 | Rake $0 
Seat 5: EAroca
Seat 1: louisf1968 (button) collected ($2.50)
Seat 2: vadjkeee (small blind) folded before Flop
Seat 3: PhoenixAssassin (big blind) folded before Flop
Seat 4: BumHuntKing folded before Flop (didn't bet)
Seat 6: ImaPeppaPig folded before Flop (didn't bet)



PokerStars Hand #254534690613:  Hold'em No Limit ($0.50/$1.00 USD) - 2025/01/24 20:41:24 WET [2025/01/24 15:41:24 ET]
Table 'Hercynia IV' 6-max Seat #2 is the button
Seat 5: michasia ($100 in chips) is sitting out
Seat 1: louisf1968 ($72.24 in chips) 
Seat 2: vadjkeee ($100 in chips) 
Seat 3: PhoenixAssassin ($106.55 in chips) 
Seat 4: BumHuntKing ($103.68 in chips) 
Seat 6: ImaPeppaPig ($219.03 in chips) 
PhoenixAssassin: posts small blind $0.50
BumHuntKing: posts big blind $1
michasia: sits out 
*** HOLE CARDS ***
ImaPeppaPig: raises $1.50 to $2.50
louisf1968: calls $2.50
vadjkeee: folds 
PhoenixAssassin: folds 
BumHuntKing: raises $11.50 to $14
ImaPeppaPig: folds 
louisf1968: folds 
Uncalled bet ($11.50) returned to BumHuntKing
BumHuntKing collected $8 from pot
BumHuntKing: doesn't show hand 
*** SUMMARY ***
Total pot $8 | Rake $0 
Seat 5: michasia
Seat 1: louisf1968 folded before Flop
Seat 2: vadjkeee (button) folded before Flop (didn't bet)
Seat 3: PhoenixAssassin (small blind) folded before Flop
Seat 4: BumHuntKing (big blind) collected ($8)
Seat 6: ImaPeppaPig folded before Flop



PokerStars Hand #254534699758:  Hold'em No Limit ($0.50/$1.00 USD) - 2025/01/24 20:41:55 WET [2025/01/24 15:41:55 ET]
Table 'Hercynia IV' 6-max Seat #3 is the button
Seat 1: louisf1968 ($69.74 in chips) 
Seat 2: vadjkeee ($100 in chips) 
Seat 3: PhoenixAssassin ($106.05 in chips) 
Seat 4: BumHuntKing ($109.18 in chips) 
Seat 5: michasia ($100 in chips) 
Seat 6: ImaPeppaPig ($216.53 in chips) 
BumHuntKing: posts small blind $0.50
michasia: posts big blind $1
*** HOLE CARDS ***
ImaPeppaPig: raises $1.50 to $2.50
louisf1968: folds 
vadjkeee: folds 
PhoenixAssassin: folds 
BumHuntKing: raises $9 to $11.50
michasia: folds 
ImaPeppaPig: raises $11.50 to $23
BumHuntKing: folds 
Uncalled bet ($11.50) returned to ImaPeppaPig
ImaPeppaPig collected $24 from pot
ImaPeppaPig: doesn't show hand 
*** SUMMARY ***
Total pot $24 | Rake $0 
Seat 1: louisf1968 folded before Flop (didn't bet)
Seat 2: vadjkeee folded before Flop (didn't bet)
Seat 3: PhoenixAssassin (button) folded before Flop (didn't bet)
Seat 4: BumHuntKing (small blind) folded before Flop
Seat 5: michasia (big blind) folded before Flop
Seat 6: ImaPeppaPig collected ($24)



PokerStars Hand #254534705415:  Hold'em No Limit ($0.50/$1.00 USD) - 2025/01/24 20:42:14 WET [2025/01/24 15:42:14 ET]
Table 'Hercynia IV' 6-max Seat #4 is the button
Seat 1: louisf1968 ($69.74 in chips) 
Seat 2: vadjkeee ($100 in chips) 
Seat 3: PhoenixAssassin ($106.05 in chips) 
Seat 4: BumHuntKing ($100 in chips) 
Seat 5: michasia ($100 in chips) 
Seat 6: ImaPeppaPig ($229.03 in chips) 
michasia: posts small blind $0.50
ImaPeppaPig: posts big blind $1
*** HOLE CARDS ***
louisf1968: calls $1
vadjkeee: raises $3 to $4
PhoenixAssassin: folds 
BumHuntKing: folds 
michasia: folds 
ImaPeppaPig: folds 
louisf1968: calls $3
*** FLOP *** [Js Ah 9c]
louisf1968: checks 
vadjkeee: bets $2.25
louisf1968: calls $2.25
*** TURN *** [Js Ah 9c] [6s]
louisf1968: checks 
vadjkeee: checks 
*** RIVER *** [Js Ah 9c 6s] [3c]
louisf1968: bets $3
vadjkeee: folds 
Uncalled bet ($3) returned to louisf1968
louisf1968 collected $13.30 from pot
*** SUMMARY ***
Total pot $14 | Rake $0.70 
Board [Js Ah 9c 6s 3c]
Seat 1: louisf1968 collected ($13.30)
Seat 2: vadjkeee folded on the River
Seat 3: PhoenixAssassin folded before Flop (didn't bet)
Seat 4: BumHuntKing (button) folded before Flop (didn't bet)
Seat 5: michasia (small blind) folded before Flop
Seat 6: ImaPeppaPig (big blind) folded before Flop



PokerStars Hand #254534715974:  Hold'em No Limit ($0.50/$1.00 USD) - 2025/01/24 20:42:49 WET [2025/01/24 15:42:49 ET]
Table 'Hercynia IV' 6-max Seat #5 is the button
Seat 1: louisf1968 ($76.79 in chips) 
Seat 2: vadjkeee ($100 in chips) 
Seat 3: PhoenixAssassin ($106.05 in chips) 
Seat 4: BumHuntKing ($100 in chips) 
Seat 5: michasia ($100 in chips) 
Seat 6: ImaPeppaPig ($228.03 in chips) 
ImaPeppaPig: posts small blind $0.50
louisf1968: posts big blind $1
*** HOLE CARDS ***
vadjkeee: folds 
PhoenixAssassin: folds 
BumHuntKing: folds 
michasia: folds 
ImaPeppaPig: folds 
Uncalled bet ($0.50) returned to louisf1968
louisf1968 collected $1 from pot
*** SUMMARY ***
Total pot $1 | Rake $0 
Seat 1: louisf1968 (big blind) collected ($1)
Seat 2: vadjkeee folded before Flop (didn't bet)
Seat 3: PhoenixAssassin folded before Flop (didn't bet)
Seat 4: BumHuntKing folded before Flop (didn't bet)
Seat 5: michasia (button) folded before Flop (didn't bet)
Seat 6: ImaPeppaPig (small blind) folded before Flop



PokerStars Hand #254534722422:  Hold'em No Limit ($0.50/$1.00 USD) - 2025/01/24 20:43:10 WET [2025/01/24 15:43:10 ET]
Table 'Hercynia IV' 6-max Seat #6 is the button
Seat 1: louisf1968 ($77.29 in chips) 
Seat 2: vadjkeee ($100 in chips) 
Seat 3: PhoenixAssassin ($106.05 in chips) 
Seat 4: BumHuntKing ($100 in chips) 
Seat 5: michasia ($100 in chips) 
Seat 6: ImaPeppaPig ($227.53 in chips) 
louisf1968: posts small blind $0.50
vadjkeee: posts big blind $1
*** HOLE CARDS ***
PhoenixAssassin: folds 
BumHuntKing: folds 
michasia: folds 
ImaPeppaPig: raises $1.50 to $2.50
louisf1968: folds 
vadjkeee: calls $1.50
*** FLOP *** [Jh 9s 9h]
vadjkeee: checks 
ImaPeppaPig: bets $1.62
vadjkeee: calls $1.62
*** TURN *** [Jh 9s 9h] [4c]
vadjkeee: checks 
ImaPeppaPig: bets $6.31
vadjkeee: folds 
Uncalled bet ($6.31) returned to ImaPeppaPig
ImaPeppaPig collected $8.30 from pot
ImaPeppaPig: doesn't show hand 
*** SUMMARY ***
Total pot $8.74 | Rake $0.44 
Board [Jh 9s 9h 4c]
Seat 1: louisf1968 (small blind) folded before Flop
Seat 2: vadjkeee (big blind) folded on the Turn
Seat 3: PhoenixAssassin folded before Flop (didn't bet)
Seat 4: BumHuntKing folded before Flop (didn't bet)
Seat 5: michasia folded before Flop (didn't bet)
Seat 6: ImaPeppaPig (button) collected ($8.30)



PokerStars Hand #254534738799:  Hold'em No Limit ($0.50/$1.00 USD) - 2025/01/24 20:44:05 WET [2025/01/24 15:44:05 ET]
Table 'Hercynia IV' 6-max Seat #1 is the button
Seat 1: louisf1968 ($76.79 in chips) 
Seat 2: vadjkeee ($100 in chips) 
Seat 3: PhoenixAssassin ($106.05 in chips) 
Seat 4: BumHuntKing ($100 in chips) 
Seat 5: michasia ($100 in chips) 
Seat 6: ImaPeppaPig ($231.71 in chips) 
vadjkeee: posts small blind $0.50
PhoenixAssassin: posts big blind $1
*** HOLE CARDS ***
BumHuntKing: folds 
michasia: folds 
ImaPeppaPig: folds 
louisf1968: calls $1
vadjkeee: folds 
PhoenixAssassin: checks 
*** FLOP *** [5h 9c 7h]
PhoenixAssassin: checks 
louisf1968: bets $2.38
PhoenixAssassin: folds 
Uncalled bet ($2.38) returned to louisf1968
louisf1968 collected $2.38 from pot
*** SUMMARY ***
Total pot $2.50 | Rake $0.12 
Board [5h 9c 7h]
Seat 1: louisf1968 (button) collected ($2.38)
Seat 2: vadjkeee (small blind) folded before Flop
Seat 3: PhoenixAssassin (big blind) folded on the Flop
Seat 4: BumHuntKing folded before Flop (didn't bet)
Seat 5: michasia folded before Flop (didn't bet)
Seat 6: ImaPeppaPig folded before Flop (didn't bet)



PokerStars Hand #254534749635:  Hold'em No Limit ($0.50/$1.00 USD) - 2025/01/24 20:44:41 WET [2025/01/24 15:44:41 ET]
Table 'Hercynia IV' 6-max Seat #2 is the button
Seat 1: louisf1968 ($78.17 in chips) 
Seat 2: vadjkeee ($100 in chips) 
Seat 3: PhoenixAssassin ($105.05 in chips) 
Seat 4: BumHuntKing ($100 in chips) 
Seat 5: michasia ($100 in chips) 
Seat 6: ImaPeppaPig ($231.71 in chips) 
PhoenixAssassin: posts small blind $0.50
BumHuntKing: posts big blind $1
*** HOLE CARDS ***
michasia: folds 
ImaPeppaPig: folds 
louisf1968: calls $1
vadjkeee: folds 
PhoenixAssassin: raises $4 to $5
BumHuntKing: folds 
louisf1968: folds 
Uncalled bet ($4) returned to PhoenixAssassin
PhoenixAssassin collected $3 from pot
PhoenixAssassin: doesn't show hand 
*** SUMMARY ***
Total pot $3 | Rake $0 
Seat 1: louisf1968 folded before Flop
Seat 2: vadjkeee (button) folded before Flop (didn't bet)
Seat 3: PhoenixAssassin (small blind) collected ($3)
Seat 4: BumHuntKing (big blind) folded before Flop
Seat 5: michasia folded before Flop (didn't bet)
Seat 6: ImaPeppaPig folded before Flop (didn't bet)



PokerStars Hand #254534754824:  Hold'em No Limit ($0.50/$1.00 USD) - 2025/01/24 20:44:58 WET [2025/01/24 15:44:58 ET]
Table 'Hercynia IV' 6-max Seat #3 is the button
Seat 1: louisf1968 ($77.17 in chips) 
Seat 2: vadjkeee ($100 in chips) 
Seat 3: PhoenixAssassin ($107.05 in chips) 
Seat 4: BumHuntKing ($100 in chips) 
Seat 5: michasia ($100 in chips) 
Seat 6: ImaPeppaPig ($231.71 in chips) 
BumHuntKing: posts small blind $0.50
michasia: posts big blind $1
*** HOLE CARDS ***
ImaPeppaPig: folds 
louisf1968: folds 
vadjkeee: folds 
PhoenixAssassin: raises $1.50 to $2.50
BumHuntKing: folds 
michasia: calls $1.50
*** FLOP *** [Jh Qs 9h]
michasia: checks 
PhoenixAssassin: checks 
*** TURN *** [Jh Qs 9h] [2c]
michasia: checks 
PhoenixAssassin: bets $3.45
michasia: calls $3.45
*** RIVER *** [Jh Qs 9h 2c] [3h]
michasia: checks 
PhoenixAssassin: checks 
*** SHOW DOWN ***
michasia: shows [Jc Th] (a pair of Jacks)
PhoenixAssassin: shows [Ad Jd] (a pair of Jacks - Ace kicker)
PhoenixAssassin collected $11.78 from pot
*** SUMMARY ***
Total pot $12.40 | Rake $0.62 
Board [Jh Qs 9h 2c 3h]
Seat 1: louisf1968 folded before Flop (didn't bet)
Seat 2: vadjkeee folded before Flop (didn't bet)
Seat 3: PhoenixAssassin (button) showed [Ad Jd] and won ($11.78) with a pair of Jacks
Seat 4: BumHuntKing (small blind) folded before Flop
Seat 5: michasia (big blind) showed [Jc Th] and lost with a pair of Jacks
Seat 6: ImaPeppaPig folded before Flop (didn't bet)



PokerStars Hand #254534774109:  Hold'em No Limit ($0.50/$1.00 USD) - 2025/01/24 20:46:03 WET [2025/01/24 15:46:03 ET]
Table 'Hercynia IV' 6-max Seat #4 is the button
Seat 1: louisf1968 ($77.17 in chips) 
Seat 2: vadjkeee ($100 in chips) 
Seat 3: PhoenixAssassin ($112.88 in chips) 
Seat 4: BumHuntKing ($100 in chips) 
Seat 5: michasia ($100 in chips) 
Seat 6: ImaPeppaPig ($231.71 in chips) 
michasia: posts small blind $0.50
ImaPeppaPig: posts big blind $1
*** HOLE CARDS ***
louisf1968: raises $2 to $3
vadjkeee: folds 
PhoenixAssassin: folds 
BumHuntKing: folds 
michasia: folds 
ImaPeppaPig: folds 
Uncalled bet ($2) returned to louisf1968
louisf1968 collected $2.50 from pot
*** SUMMARY ***
Total pot $2.50 | Rake $0 
Seat 1: louisf1968 collected ($2.50)
Seat 2: vadjkeee folded before Flop (didn't bet)
Seat 3: PhoenixAssassin folded before Flop (didn't bet)
Seat 4: BumHuntKing (button) folded before Flop (didn't bet)
Seat 5: michasia (small blind) folded before Flop
Seat 6: ImaPeppaPig (big blind) folded before Flop



PokerStars Hand #254534781800:  Hold'em No Limit ($0.50/$1.00 USD) - 2025/01/24 20:46:28 WET [2025/01/24 15:46:28 ET]
Table 'Hercynia IV' 6-max Seat #5 is the button
Seat 1: louisf1968 ($78.67 in chips) 
Seat 2: vadjkeee ($100 in chips) 
Seat 3: PhoenixAssassin ($112.88 in chips) 
Seat 4: BumHuntKing ($100 in chips) 
Seat 5: michasia ($100 in chips) 
Seat 6: ImaPeppaPig ($230.71 in chips) 
ImaPeppaPig: posts small blind $0.50
louisf1968: posts big blind $1
*** HOLE CARDS ***
vadjkeee: folds 
PhoenixAssassin: folds 
BumHuntKing: folds 
michasia: raises $1.80 to $2.80
ImaPeppaPig: folds 
louisf1968: calls $1.80
*** FLOP *** [8d 9c 5c]
louisf1968: bets $3
michasia: raises $6 to $9
louisf1968: calls $6
*** TURN *** [8d 9c 5c] [4h]
louisf1968: checks 
michasia: bets $28.63
louisf1968: folds 
Uncalled bet ($28.63) returned to michasia
michasia collected $22.90 from pot
michasia: doesn't show hand 
*** SUMMARY ***
Total pot $24.10 | Rake $1.20 
Board [8d 9c 5c 4h]
Seat 1: louisf1968 (big blind) folded on the Turn
Seat 2: vadjkeee folded before Flop (didn't bet)
Seat 3: PhoenixAssassin folded before Flop (didn't bet)
Seat 4: BumHuntKing folded before Flop (didn't bet)
Seat 5: michasia (button) collected ($22.90)
Seat 6: ImaPeppaPig (small blind) folded before Flop



PokerStars Hand #254534797386:  Hold'em No Limit ($0.50/$1.00 USD) - 2025/01/24 20:47:20 WET [2025/01/24 15:47:20 ET]
Table 'Hercynia IV' 6-max Seat #6 is the button
Seat 1: louisf1968 ($66.87 in chips) 
Seat 2: vadjkeee ($100 in chips) 
Seat 3: PhoenixAssassin ($112.88 in chips) 
Seat 4: BumHuntKing ($100 in chips) 
Seat 5: michasia ($111.10 in chips) 
Seat 6: ImaPeppaPig ($230.21 in chips) 
louisf1968: posts small blind $0.50
vadjkeee: posts big blind $1
*** HOLE CARDS ***
PhoenixAssassin: folds 
BumHuntKing: folds 
michasia: raises $1.80 to $2.80
ImaPeppaPig: folds 
louisf1968: folds 
vadjkeee: folds 
Uncalled bet ($1.80) returned to michasia
michasia collected $2.50 from pot
michasia: doesn't show hand 
*** SUMMARY ***
Total pot $2.50 | Rake $0 
Seat 1: louisf1968 (small blind) folded before Flop
Seat 2: vadjkeee (big blind) folded before Flop
Seat 3: PhoenixAssassin folded before Flop (didn't bet)
Seat 4: BumHuntKing folded before Flop (didn't bet)
Seat 5: michasia collected ($2.50)
Seat 6: ImaPeppaPig (button) folded before Flop (didn't bet)



PokerStars Hand #254534801195:  Hold'em No Limit ($0.50/$1.00 USD) - 2025/01/24 20:47:33 WET [2025/01/24 15:47:33 ET]
Table 'Hercynia IV' 6-max Seat #1 is the button
Seat 1: louisf1968 ($66.37 in chips) 
Seat 2: vadjkeee ($100 in chips) 
Seat 3: PhoenixAssassin ($112.88 in chips) 
Seat 4: BumHuntKing ($100 in chips) 
Seat 5: michasia ($112.60 in chips) 
Seat 6: ImaPeppaPig ($230.21 in chips) 
vadjkeee: posts small blind $0.50
PhoenixAssassin: posts big blind $1
*** HOLE CARDS ***
BumHuntKing: folds 
michasia: folds 
ImaPeppaPig: raises $1.50 to $2.50
louisf1968: calls $2.50
vadjkeee: raises $11.50 to $14
PhoenixAssassin: folds 
ImaPeppaPig: raises $15 to $29
louisf1968: folds 
vadjkeee: folds 
Uncalled bet ($15) returned to ImaPeppaPig
ImaPeppaPig collected $31.50 from pot
ImaPeppaPig: doesn't show hand 
*** SUMMARY ***
Total pot $31.50 | Rake $0 
Seat 1: louisf1968 (button) folded before Flop
Seat 2: vadjkeee (small blind) folded before Flop
Seat 3: PhoenixAssassin (big blind) folded before Flop
Seat 4: BumHuntKing folded before Flop (didn't bet)
Seat 5: michasia folded before Flop (didn't bet)
Seat 6: ImaPeppaPig collected ($31.50)



PokerStars Hand #254534810984:  Hold'em No Limit ($0.50/$1.00 USD) - 2025/01/24 20:48:06 WET [2025/01/24 15:48:06 ET]
Table 'Hercynia IV' 6-max Seat #2 is the button
Seat 1: louisf1968 ($63.87 in chips) 
Seat 2: vadjkeee ($100 in chips) 
Seat 3: PhoenixAssassin ($111.88 in chips) 
Seat 4: BumHuntKing ($100 in chips) 
Seat 5: michasia ($112.60 in chips) 
Seat 6: ImaPeppaPig ($247.71 in chips) 
PhoenixAssassin: posts small blind $0.50
BumHuntKing: posts big blind $1
*** HOLE CARDS ***
michasia: folds 
ImaPeppaPig: folds 
louisf1968: calls $1
vadjkeee: raises $3 to $4
PhoenixAssassin: folds 
BumHuntKing: folds 
louisf1968: calls $3
*** FLOP *** [5h 8s 4c]
louisf1968: checks 
vadjkeee: bets $3
louisf1968: folds 
Uncalled bet ($3) returned to vadjkeee
vadjkeee collected $9.02 from pot
vadjkeee: doesn't show hand 
*** SUMMARY ***
Total pot $9.50 | Rake $0.48 
Board [5h 8s 4c]
Seat 1: louisf1968 folded on the Flop
Seat 2: vadjkeee (button) collected ($9.02)
Seat 3: PhoenixAssassin (small blind) folded before Flop
Seat 4: BumHuntKing (big blind) folded before Flop
Seat 5: michasia folded before Flop (didn't bet)
Seat 6: ImaPeppaPig folded before Flop (didn't bet)



PokerStars Hand #254534821989:  Hold'em No Limit ($0.50/$1.00 USD) - 2025/01/24 20:48:43 WET [2025/01/24 15:48:43 ET]
Table 'Hercynia IV' 6-max Seat #3 is the button
Seat 1: louisf1968 ($59.87 in chips) 
Seat 2: vadjkeee ($105.02 in chips) 
Seat 3: PhoenixAssassin ($111.38 in chips) 
Seat 4: BumHuntKing ($100 in chips) 
Seat 5: michasia ($112.60 in chips) 
Seat 6: ImaPeppaPig ($247.71 in chips) 
BumHuntKing: posts small blind $0.50
michasia: posts big blind $1
*** HOLE CARDS ***
ImaPeppaPig: raises $1.50 to $2.50
louisf1968: folds 
vadjkeee: folds 
PhoenixAssassin: folds 
BumHuntKing: folds 
michasia: calls $1.50
*** FLOP *** [6h 6c 2c]
michasia: checks 
ImaPeppaPig: bets $2.71
michasia: calls $2.71
*** TURN *** [6h 6c 2c] [7d]
michasia: checks 
ImaPeppaPig: bets $9
michasia: folds 
Uncalled bet ($9) returned to ImaPeppaPig
ImaPeppaPig collected $10.37 from pot
ImaPeppaPig: doesn't show hand 
*** SUMMARY ***
Total pot $10.92 | Rake $0.55 
Board [6h 6c 2c 7d]
Seat 1: louisf1968 folded before Flop (didn't bet)
Seat 2: vadjkeee folded before Flop (didn't bet)
Seat 3: PhoenixAssassin (button) folded before Flop (didn't bet)
Seat 4: BumHuntKing (small blind) folded before Flop
Seat 5: michasia (big blind) folded on the Turn
Seat 6: ImaPeppaPig collected ($10.37)



PokerStars Hand #254534834678:  Hold'em No Limit ($0.50/$1.00 USD) - 2025/01/24 20:49:25 WET [2025/01/24 15:49:25 ET]
Table 'Hercynia IV' 6-max Seat #4 is the button
Seat 1: louisf1968 ($59.87 in chips) 
Seat 2: vadjkeee ($105.02 in chips) 
Seat 3: PhoenixAssassin ($111.38 in chips) 
Seat 4: BumHuntKing ($100 in chips) 
Seat 5: michasia ($107.39 in chips) 
Seat 6: ImaPeppaPig ($252.87 in chips) 
michasia: posts small blind $0.50
ImaPeppaPig: posts big blind $1
*** HOLE CARDS ***
louisf1968: folds 
vadjkeee: folds 
PhoenixAssassin: folds 
BumHuntKing: raises $1.50 to $2.50
michasia: folds 
ImaPeppaPig: calls $1.50
*** FLOP *** [6h 7s 3c]
ImaPeppaPig: checks 
BumHuntKing: checks 
*** TURN *** [6h 7s 3c] [8d]
ImaPeppaPig: checks 
BumHuntKing: checks 
*** RIVER *** [6h 7s 3c 8d] [Tc]
ImaPeppaPig: checks 
BumHuntKing: checks 
*** SHOW DOWN ***
ImaPeppaPig: shows [5c 5h] (a pair of Fives)
BumHuntKing: mucks hand 
ImaPeppaPig collected $5.22 from pot
*** SUMMARY ***
Total pot $5.50 | Rake $0.28 
Board [6h 7s 3c 8d Tc]
Seat 1: louisf1968 folded before Flop (didn't bet)
Seat 2: vadjkeee folded before Flop (didn't bet)
Seat 3: PhoenixAssassin folded before Flop (didn't bet)
Seat 4: BumHuntKing (button) mucked
Seat 5: michasia (small blind) folded before Flop
Seat 6: ImaPeppaPig (big blind) showed [5c 5h] and won ($5.22) with a pair of Fives



PokerStars Hand #254534849672:  Hold'em No Limit ($0.50/$1.00 USD) - 2025/01/24 20:50:14 WET [2025/01/24 15:50:14 ET]
Table 'Hercynia IV' 6-max Seat #5 is the button
Seat 1: louisf1968 ($59.87 in chips) 
Seat 2: vadjkeee ($105.02 in chips) 
Seat 3: PhoenixAssassin ($111.38 in chips) 
Seat 4: BumHuntKing ($100 in chips) 
Seat 5: michasia ($106.89 in chips) 
Seat 6: ImaPeppaPig ($255.59 in chips) 
ImaPeppaPig: posts small blind $0.50
louisf1968: posts big blind $1
*** HOLE CARDS ***
vadjkeee: folds 
PhoenixAssassin: folds 
BumHuntKing: folds 
michasia: folds 
ImaPeppaPig: folds 
Uncalled bet ($0.50) returned to louisf1968
louisf1968 collected $1 from pot
*** SUMMARY ***
Total pot $1 | Rake $0 
Seat 1: louisf1968 (big blind) collected ($1)
Seat 2: vadjkeee folded before Flop (didn't bet)
Seat 3: PhoenixAssassin folded before Flop (didn't bet)
Seat 4: BumHuntKing folded before Flop (didn't bet)
Seat 5: michasia (button) folded before Flop (didn't bet)
Seat 6: ImaPeppaPig (small blind) folded before Flop



PokerStars Hand #254534853479:  Hold'em No Limit ($0.50/$1.00 USD) - 2025/01/24 20:50:27 WET [2025/01/24 15:50:27 ET]
Table 'Hercynia IV' 6-max Seat #6 is the button
Seat 1: louisf1968 ($60.37 in chips) 
Seat 2: vadjkeee ($105.02 in chips) 
Seat 3: PhoenixAssassin ($111.38 in chips) 
Seat 4: BumHuntKing ($100 in chips) 
Seat 5: michasia ($106.89 in chips) 
Seat 6: ImaPeppaPig ($255.09 in chips) 
louisf1968: posts small blind $0.50
vadjkeee: posts big blind $1
*** HOLE CARDS ***
PhoenixAssassin: folds 
BumHuntKing: folds 
michasia: folds 
ImaPeppaPig: raises $1.50 to $2.50
louisf1968: calls $2
vadjkeee: folds 
*** FLOP *** [Ts Qc 5s]
louisf1968: checks 
ImaPeppaPig: checks 
*** TURN *** [Ts Qc 5s] [9h]
louisf1968: bets $3
ImaPeppaPig: folds 
Uncalled bet ($3) returned to louisf1968
louisf1968 collected $5.70 from pot
*** SUMMARY ***
Total pot $6 | Rake $0.30 
Board [Ts Qc 5s 9h]
Seat 1: louisf1968 (small blind) collected ($5.70)
Seat 2: vadjkeee (big blind) folded before Flop
Seat 3: PhoenixAssassin folded before Flop (didn't bet)
Seat 4: BumHuntKing folded before Flop (didn't bet)
Seat 5: michasia folded before Flop (didn't bet)
Seat 6: ImaPeppaPig (button) folded on the Turn



PokerStars Hand #254534864590:  Hold'em No Limit ($0.50/$1.00 USD) - 2025/01/24 20:51:03 WET [2025/01/24 15:51:03 ET]
Table 'Hercynia IV' 6-max Seat #1 is the button
Seat 1: louisf1968 ($63.57 in chips) 
Seat 2: vadjkeee ($104.02 in chips) 
Seat 3: PhoenixAssassin ($111.38 in chips) 
Seat 4: BumHuntKing ($100 in chips) 
Seat 5: michasia ($106.89 in chips) 
Seat 6: ImaPeppaPig ($252.59 in chips) 
vadjkeee: posts small blind $0.50
PhoenixAssassin: posts big blind $1
*** HOLE CARDS ***
BumHuntKing: raises $1.20 to $2.20
michasia: folds 
ImaPeppaPig: folds 
louisf1968: folds 
vadjkeee: folds 
PhoenixAssassin: folds 
Uncalled bet ($1.20) returned to BumHuntKing
BumHuntKing collected $2.50 from pot
BumHuntKing: doesn't show hand 
*** SUMMARY ***
Total pot $2.50 | Rake $0 
Seat 1: louisf1968 (button) folded before Flop (didn't bet)
Seat 2: vadjkeee (small blind) folded before Flop
Seat 3: PhoenixAssassin (big blind) folded before Flop
Seat 4: BumHuntKing collected ($2.50)
Seat 5: michasia folded before Flop (didn't bet)
Seat 6: ImaPeppaPig folded before Flop (didn't bet)



PokerStars Hand #254534868254:  Hold'em No Limit ($0.50/$1.00 USD) - 2025/01/24 20:51:15 WET [2025/01/24 15:51:15 ET]
Table 'Hercynia IV' 6-max Seat #2 is the button
Seat 1: louisf1968 ($63.57 in chips) 
Seat 2: vadjkeee ($103.52 in chips) 
Seat 3: PhoenixAssassin ($110.38 in chips) 
Seat 4: BumHuntKing ($101.50 in chips) 
Seat 5: michasia ($106.89 in chips) 
Seat 6: ImaPeppaPig ($252.59 in chips) 
PhoenixAssassin: posts small blind $0.50
BumHuntKing: posts big blind $1
*** HOLE CARDS ***
michasia: folds 
ImaPeppaPig: folds 
louisf1968: folds 
vadjkeee: folds 
PhoenixAssassin: raises $2 to $3
BumHuntKing: raises $6 to $9
PhoenixAssassin: calls $6
*** FLOP *** [9c 9d 8s]
PhoenixAssassin: checks 
BumHuntKing: bets $8.55
PhoenixAssassin: calls $8.55
*** TURN *** [9c 9d 8s] [Tc]
PhoenixAssassin: checks 
BumHuntKing: bets $24.29
PhoenixAssassin: calls $24.29
*** RIVER *** [9c 9d 8s Tc] [2d]
PhoenixAssassin: checks 
BumHuntKing: bets $59.66 and is all-in
PhoenixAssassin: calls $59.66
*** SHOW DOWN ***
BumHuntKing: shows [7h 6h] (a straight, Six to Ten)
PhoenixAssassin: shows [Ad Td] (two pair, Tens and Nines)
BumHuntKing collected $200.50 from pot
*** SUMMARY ***
Total pot $203 | Rake $2.50 
Board [9c 9d 8s Tc 2d]
Seat 1: louisf1968 folded before Flop (didn't bet)
Seat 2: vadjkeee (button) folded before Flop (didn't bet)
Seat 3: PhoenixAssassin (small blind) showed [Ad Td] and lost with two pair, Tens and Nines
Seat 4: BumHuntKing (big blind) showed [7h 6h] and won ($200.50) with a straight, Six to Ten
Seat 5: michasia folded before Flop (didn't bet)
Seat 6: ImaPeppaPig folded before Flop (didn't bet)



PokerStars Hand #254534899296:  Hold'em No Limit ($0.50/$1.00 USD) - 2025/01/24 20:52:59 WET [2025/01/24 15:52:59 ET]
Table 'Hercynia IV' 6-max Seat #3 is the button
Seat 1: louisf1968 ($63.57 in chips) 
Seat 2: vadjkeee ($103.52 in chips) 
Seat 3: PhoenixAssassin ($100 in chips) 
Seat 4: BumHuntKing ($200.50 in chips) 
Seat 5: michasia ($106.89 in chips) 
Seat 6: ImaPeppaPig ($252.59 in chips) 
BumHuntKing: posts small blind $0.50
michasia: posts big blind $1
*** HOLE CARDS ***
ImaPeppaPig: folds 
louisf1968: folds 
vadjkeee: folds 
PhoenixAssassin: folds 
BumHuntKing: folds 
Uncalled bet ($0.50) returned to michasia
michasia collected $1 from pot
michasia: doesn't show hand 
*** SUMMARY ***
Total pot $1 | Rake $0 
Seat 1: louisf1968 folded before Flop (didn't bet)
Seat 2: vadjkeee folded before Flop (didn't bet)
Seat 3: PhoenixAssassin (button) folded before Flop (didn't bet)
Seat 4: BumHuntKing (small blind) folded before Flop
Seat 5: michasia (big blind) collected ($1)
Seat 6: ImaPeppaPig folded before Flop (didn't bet)



PokerStars Hand #254534903813:  Hold'em No Limit ($0.50/$1.00 USD) - 2025/01/24 20:53:14 WET [2025/01/24 15:53:14 ET]
Table 'Hercynia IV' 6-max Seat #4 is the button
Seat 1: louisf1968 ($63.57 in chips) 
Seat 2: vadjkeee ($103.52 in chips) 
Seat 3: PhoenixAssassin ($100 in chips) 
Seat 4: BumHuntKing ($200 in chips) 
Seat 5: michasia ($107.39 in chips) 
Seat 6: ImaPeppaPig ($252.59 in chips) 
michasia: posts small blind $0.50
ImaPeppaPig: posts big blind $1
*** HOLE CARDS ***
louisf1968: calls $1
vadjkeee: folds 
PhoenixAssassin: raises $2.50 to $3.50
BumHuntKing: folds 
michasia: folds 
ImaPeppaPig: folds 
louisf1968: calls $2.50
*** FLOP *** [7h Jh 4h]
louisf1968: checks 
PhoenixAssassin: checks 
*** TURN *** [7h Jh 4h] [Kc]
louisf1968: bets $3
PhoenixAssassin: folds 
Uncalled bet ($3) returned to louisf1968
louisf1968 collected $8.08 from pot
*** SUMMARY ***
Total pot $8.50 | Rake $0.42 
Board [7h Jh 4h Kc]
Seat 1: louisf1968 collected ($8.08)
Seat 2: vadjkeee folded before Flop (didn't bet)
Seat 3: PhoenixAssassin folded on the Turn
Seat 4: BumHuntKing (button) folded before Flop (didn't bet)
Seat 5: michasia (small blind) folded before Flop
Seat 6: ImaPeppaPig (big blind) folded before Flop



PokerStars Hand #254534913832:  Hold'em No Limit ($0.50/$1.00 USD) - 2025/01/24 20:53:47 WET [2025/01/24 15:53:47 ET]
Table 'Hercynia IV' 6-max Seat #5 is the button
Seat 1: louisf1968 ($68.15 in chips) 
Seat 2: vadjkeee ($103.52 in chips) 
Seat 3: PhoenixAssassin ($100 in chips) 
Seat 4: BumHuntKing ($200 in chips) 
Seat 5: michasia ($106.89 in chips) 
Seat 6: ImaPeppaPig ($251.59 in chips) 
ImaPeppaPig: posts small blind $0.50
louisf1968: posts big blind $1
*** HOLE CARDS ***
vadjkeee: folds 
PhoenixAssassin: raises $1.20 to $2.20
BumHuntKing: folds 
michasia: folds 
ImaPeppaPig: folds 
louisf1968: calls $1.20
*** FLOP *** [5h Ks Ts]
louisf1968: checks 
PhoenixAssassin: bets $3.08
louisf1968: calls $3.08
*** TURN *** [5h Ks Ts] [8c]
louisf1968: checks 
PhoenixAssassin: bets $15
louisf1968: folds 
Uncalled bet ($15) returned to PhoenixAssassin
PhoenixAssassin collected $10.51 from pot
PhoenixAssassin: doesn't show hand 
*** SUMMARY ***
Total pot $11.06 | Rake $0.55 
Board [5h Ks Ts 8c]
Seat 1: louisf1968 (big blind) folded on the Turn
Seat 2: vadjkeee folded before Flop (didn't bet)
Seat 3: PhoenixAssassin collected ($10.51)
Seat 4: BumHuntKing folded before Flop (didn't bet)
Seat 5: michasia (button) folded before Flop (didn't bet)
Seat 6: ImaPeppaPig (small blind) folded before Flop



PokerStars Hand #254534925904:  Hold'em No Limit ($0.50/$1.00 USD) - 2025/01/24 20:54:28 WET [2025/01/24 15:54:28 ET]
Table 'Hercynia IV' 6-max Seat #6 is the button
Seat 1: louisf1968 ($62.87 in chips) 
Seat 2: vadjkeee ($103.52 in chips) 
Seat 3: PhoenixAssassin ($105.23 in chips) 
Seat 4: BumHuntKing ($200 in chips) 
Seat 5: michasia ($106.89 in chips) 
Seat 6: ImaPeppaPig ($251.09 in chips) 
louisf1968: posts small blind $0.50
vadjkeee: posts big blind $1
*** HOLE CARDS ***
PhoenixAssassin: folds 
BumHuntKing: folds 
michasia: folds 
ImaPeppaPig: raises $1.50 to $2.50
louisf1968: folds 
vadjkeee: raises $9.50 to $12
ImaPeppaPig: calls $9.50
*** FLOP *** [7d Qc 4c]
vadjkeee: bets $7.68
ImaPeppaPig: calls $7.68
*** TURN *** [7d Qc 4c] [9s]
vadjkeee: checks 
ImaPeppaPig: bets $11.74
vadjkeee: raises $72.10 to $83.84 and is all-in
ImaPeppaPig: calls $72.10
*** FIRST RIVER *** [7d Qc 4c 9s] [4h]
*** SECOND RIVER *** [7d Qc 4c 9s] [8h]
*** FIRST SHOW DOWN ***
vadjkeee: shows [Jc Ac] (a pair of Fours)
ImaPeppaPig: shows [Ts Qs] (two pair, Queens and Fours)
ImaPeppaPig collected $102.52 from pot
*** SECOND SHOW DOWN ***
vadjkeee: shows [Jc Ac] (high card Ace)
ImaPeppaPig: shows [Ts Qs] (a pair of Queens)
ImaPeppaPig collected $102.52 from pot
*** SUMMARY ***
Total pot $207.54 | Rake $2.50 
Hand was run twice
FIRST Board [7d Qc 4c 9s 4h]
SECOND Board [7d Qc 4c 9s 8h]
Seat 1: louisf1968 (small blind) folded before Flop
Seat 2: vadjkeee (big blind) showed [Jc Ac] and lost with a pair of Fours, and lost with high card Ace
Seat 3: PhoenixAssassin folded before Flop (didn't bet)
Seat 4: BumHuntKing folded before Flop (didn't bet)
Seat 5: michasia folded before Flop (didn't bet)
Seat 6: ImaPeppaPig (button) showed [Ts Qs] and won ($102.52) with two pair, Queens and Fours, and won ($102.52) with a pair of Queens



PokerStars Hand #254534950050:  Hold'em No Limit ($0.50/$1.00 USD) - 2025/01/24 20:56:04 WET [2025/01/24 15:56:04 ET]
Table 'Hercynia IV' 6-max Seat #1 is the button
Seat 1: louisf1968 ($62.37 in chips) 
Seat 2: vadjkeee ($100 in chips) 
Seat 3: PhoenixAssassin ($105.23 in chips) 
Seat 4: BumHuntKing ($200 in chips) 
Seat 5: michasia ($106.89 in chips) 
Seat 6: ImaPeppaPig ($352.61 in chips) 
vadjkeee: posts small blind $0.50
PhoenixAssassin: posts big blind $1
*** HOLE CARDS ***
BumHuntKing: folds 
michasia: folds 
ImaPeppaPig: folds 
louisf1968: folds 
vadjkeee: raises $2 to $3
PhoenixAssassin: calls $2
*** FLOP *** [5c 7h Td]
vadjkeee: bets $3.14
PhoenixAssassin: folds 
Uncalled bet ($3.14) returned to vadjkeee
vadjkeee collected $5.70 from pot
vadjkeee: doesn't show hand 
*** SUMMARY ***
Total pot $6 | Rake $0.30 
Board [5c 7h Td]
Seat 1: louisf1968 (button) folded before Flop (didn't bet)
Seat 2: vadjkeee (small blind) collected ($5.70)
Seat 3: PhoenixAssassin (big blind) folded on the Flop
Seat 4: BumHuntKing folded before Flop (didn't bet)
Seat 5: michasia folded before Flop (didn't bet)
Seat 6: ImaPeppaPig folded before Flop (didn't bet)



PokerStars Hand #254534956785:  Hold'em No Limit ($0.50/$1.00 USD) - 2025/01/24 20:56:36 WET [2025/01/24 15:56:36 ET]
Table 'Hercynia IV' 6-max Seat #2 is the button
Seat 1: louisf1968 ($62.37 in chips) 
Seat 2: vadjkeee ($102.70 in chips) 
Seat 3: PhoenixAssassin ($102.23 in chips) 
Seat 4: BumHuntKing ($200 in chips) 
Seat 5: michasia ($106.89 in chips) 
Seat 6: ImaPeppaPig ($352.61 in chips) 
PhoenixAssassin: posts small blind $0.50
BumHuntKing: posts big blind $1
*** HOLE CARDS ***
michasia: folds 
ImaPeppaPig: raises $1.50 to $2.50
louisf1968: calls $2.50
vadjkeee: folds 
PhoenixAssassin: folds 
BumHuntKing: calls $1.50
*** FLOP *** [6h Ah 5s]
BumHuntKing: checks 
ImaPeppaPig: checks 
louisf1968: checks 
*** TURN *** [6h Ah 5s] [Tc]
BumHuntKing: checks 
ImaPeppaPig: checks 
louisf1968: checks 
*** RIVER *** [6h Ah 5s Tc] [2h]
BumHuntKing: checks 
ImaPeppaPig: checks 
louisf1968: checks 
*** SHOW DOWN ***
BumHuntKing: shows [Qd 6d] (a pair of Sixes)
ImaPeppaPig: mucks hand 
louisf1968: mucks hand 
BumHuntKing collected $7.60 from pot
*** SUMMARY ***
Total pot $8 | Rake $0.40 
Board [6h Ah 5s Tc 2h]
Seat 1: louisf1968 mucked
Seat 2: vadjkeee (button) folded before Flop (didn't bet)
Seat 3: PhoenixAssassin (small blind) folded before Flop
Seat 4: BumHuntKing (big blind) showed [Qd 6d] and won ($7.60) with a pair of Sixes
Seat 5: michasia folded before Flop (didn't bet)
Seat 6: ImaPeppaPig mucked



PokerStars Hand #254534968748:  Hold'em No Limit ($0.50/$1.00 USD) - 2025/01/24 20:57:32 WET [2025/01/24 15:57:32 ET]
Table 'Hercynia IV' 6-max Seat #3 is the button
Seat 1: louisf1968 ($59.87 in chips) 
Seat 2: vadjkeee ($102.70 in chips) 
Seat 3: PhoenixAssassin ($101.73 in chips) 
Seat 4: BumHuntKing ($205.10 in chips) 
Seat 5: michasia ($106.89 in chips) 
Seat 6: ImaPeppaPig ($350.11 in chips) 
BumHuntKing: posts small blind $0.50
michasia: posts big blind $1
*** HOLE CARDS ***
ImaPeppaPig: folds 
louisf1968: calls $1
vadjkeee: folds 
PhoenixAssassin: raises $2.50 to $3.50
BumHuntKing: folds 
michasia: folds 
louisf1968: calls $2.50
*** FLOP *** [3s Th 8s]
louisf1968: checks 
PhoenixAssassin: bets $2.67
louisf1968: calls $2.67
*** TURN *** [3s Th 8s] [8c]
louisf1968: checks 
PhoenixAssassin: checks 
*** RIVER *** [3s Th 8s 8c] [7s]
louisf1968: bets $4
PhoenixAssassin: folds 
Uncalled bet ($4) returned to louisf1968
louisf1968 collected $13.15 from pot
*** SUMMARY ***
Total pot $13.84 | Rake $0.69 
Board [3s Th 8s 8c 7s]
Seat 1: louisf1968 collected ($13.15)
Seat 2: vadjkeee folded before Flop (didn't bet)
Seat 3: PhoenixAssassin (button) folded on the River
Seat 4: BumHuntKing (small blind) folded before Flop
Seat 5: michasia (big blind) folded before Flop
Seat 6: ImaPeppaPig folded before Flop (didn't bet)



PokerStars Hand #254534983986:  Hold'em No Limit ($0.50/$1.00 USD) - 2025/01/24 20:58:43 WET [2025/01/24 15:58:43 ET]
Table 'Hercynia IV' 6-max Seat #4 is the button
Seat 6: ImaPeppaPig ($350.11 in chips) is sitting out
Seat 1: louisf1968 ($66.85 in chips) 
Seat 2: vadjkeee ($102.70 in chips) 
Seat 3: PhoenixAssassin ($100 in chips) 
Seat 4: BumHuntKing ($204.60 in chips) 
Seat 5: michasia ($105.89 in chips) 
michasia: posts small blind $0.50
ImaPeppaPig: is sitting out 
louisf1968: posts big blind $1
*** HOLE CARDS ***
ImaPeppaPig leaves the table
vadjkeee: folds 
PhoenixAssassin: folds 
BumHuntKing: folds 
michasia: folds 
Uncalled bet ($0.50) returned to louisf1968
BoyLoc0 joins the table at seat #6 
louisf1968 collected $1 from pot
*** SUMMARY ***
Total pot $1 | Rake $0 
Seat 6: ImaPeppaPig
Seat 1: louisf1968 (big blind) collected ($1)
Seat 2: vadjkeee folded before Flop (didn't bet)
Seat 3: PhoenixAssassin folded before Flop (didn't bet)
Seat 4: BumHuntKing (button) folded before Flop (didn't bet)
Seat 5: michasia (small blind) folded before Flop



PokerStars Hand #254534986263:  Hold'em No Limit ($0.50/$1.00 USD) - 2025/01/24 20:58:53 WET [2025/01/24 15:58:53 ET]
Table 'Hercynia IV' 6-max Seat #5 is the button
Seat 6: BoyLoc0 ($100 in chips) is sitting out
Seat 1: louisf1968 ($67.35 in chips) 
Seat 2: vadjkeee ($102.70 in chips) 
Seat 3: PhoenixAssassin ($100 in chips) 
Seat 4: BumHuntKing ($204.60 in chips) 
Seat 5: michasia ($105.39 in chips) 
louisf1968: posts small blind $0.50
vadjkeee: posts big blind $1
*** HOLE CARDS ***
PhoenixAssassin: folds 
BumHuntKing: folds 
michasia: raises $1.80 to $2.80
louisf1968: calls $2.30
vadjkeee: calls $1.80
*** FLOP *** [Qs 3c 3s]
louisf1968: bets $3
vadjkeee: raises $6 to $9
michasia: folds 
louisf1968: folds 
Uncalled bet ($6) returned to vadjkeee
vadjkeee collected $13.68 from pot
vadjkeee: doesn't show hand 
*** SUMMARY ***
Total pot $14.40 | Rake $0.72 
Board [Qs 3c 3s]
Seat 6: BoyLoc0
Seat 1: louisf1968 (small blind) folded on the Flop
Seat 2: vadjkeee (big blind) collected ($13.68)
Seat 3: PhoenixAssassin folded before Flop (didn't bet)
Seat 4: BumHuntKing folded before Flop (didn't bet)
Seat 5: michasia (button) folded on the Flop



PokerStars Hand #254534994243:  Hold'em No Limit ($0.50/$1.00 USD) - 2025/01/24 20:59:30 WET [2025/01/24 15:59:30 ET]
Table 'Hercynia IV' 6-max Seat #1 is the button
Seat 6: BoyLoc0 ($100 in chips) is sitting out
Seat 1: louisf1968 ($61.55 in chips) 
Seat 2: vadjkeee ($110.58 in chips) 
Seat 3: PhoenixAssassin ($100 in chips) 
Seat 4: BumHuntKing ($204.60 in chips) 
Seat 5: michasia ($102.59 in chips) 
vadjkeee: posts small blind $0.50
PhoenixAssassin: posts big blind $1
BoyLoc0: sits out 
*** HOLE CARDS ***
BumHuntKing: raises $1.20 to $2.20
michasia: folds 
louisf1968 has timed out
louisf1968: folds 
vadjkeee: folds 
PhoenixAssassin: calls $1.20
*** FLOP *** [Ah 6c 5h]
PhoenixAssassin: checks 
BumHuntKing: bets $3.50
PhoenixAssassin: folds 
Uncalled bet ($3.50) returned to BumHuntKing
BumHuntKing collected $4.66 from pot
BumHuntKing: doesn't show hand 
*** SUMMARY ***
Total pot $4.90 | Rake $0.24 
Board [Ah 6c 5h]
Seat 6: BoyLoc0
Seat 1: louisf1968 (button) folded before Flop (didn't bet)
Seat 2: vadjkeee (small blind) folded before Flop
Seat 3: PhoenixAssassin (big blind) folded on the Flop
Seat 4: BumHuntKing collected ($4.66)
Seat 5: michasia folded before Flop (didn't bet)



PokerStars Hand #254535012789:  Hold'em No Limit ($0.50/$1.00 USD) - 2025/01/24 21:00:53 WET [2025/01/24 16:00:53 ET]
Table 'Hercynia IV' 6-max Seat #2 is the button
Seat 6: BoyLoc0 ($100 in chips) is sitting out
Seat 1: louisf1968 ($61.55 in chips) 
Seat 2: vadjkeee ($110.08 in chips) 
Seat 3: PhoenixAssassin ($100 in chips) 
Seat 4: BumHuntKing ($207.06 in chips) 
Seat 5: michasia ($102.59 in chips) 
PhoenixAssassin: posts small blind $0.50
BumHuntKing: posts big blind $1
BoyLoc0: sits out 
*** HOLE CARDS ***
michasia: folds 
louisf1968: calls $1
vadjkeee: folds 
PhoenixAssassin: folds 
BumHuntKing: checks 
*** FLOP *** [Kc 3d Qd]
BumHuntKing: checks 
louisf1968: bets $3
BumHuntKing: folds 
Uncalled bet ($3) returned to louisf1968
louisf1968 collected $2.38 from pot
*** SUMMARY ***
Total pot $2.50 | Rake $0.12 
Board [Kc 3d Qd]
Seat 6: BoyLoc0
Seat 1: louisf1968 collected ($2.38)
Seat 2: vadjkeee (button) folded before Flop (didn't bet)
Seat 3: PhoenixAssassin (small blind) folded before Flop
Seat 4: BumHuntKing (big blind) folded on the Flop
Seat 5: michasia folded before Flop (didn't bet)



PokerStars Hand #254535023745:  Hold'em No Limit ($0.50/$1.00 USD) - 2025/01/24 21:01:35 WET [2025/01/24 16:01:35 ET]
Table 'Hercynia IV' 6-max Seat #3 is the button
Seat 6: BoyLoc0 ($100 in chips) is sitting out
Seat 1: louisf1968 ($62.93 in chips) 
Seat 2: vadjkeee ($110.08 in chips) 
Seat 3: PhoenixAssassin ($100 in chips) 
Seat 4: BumHuntKing ($206.06 in chips) 
Seat 5: michasia ($102.59 in chips) 
BumHuntKing: posts small blind $0.50
michasia: posts big blind $1
BoyLoc0: sits out 
*** HOLE CARDS ***
louisf1968: folds 
vadjkeee: folds 
PhoenixAssassin: folds 
BumHuntKing: raises $2 to $3
michasia: calls $2
*** FLOP *** [Tc As 3s]
BumHuntKing: bets $5.70
michasia: calls $5.70
*** TURN *** [Tc As 3s] [7s]
BumHuntKing: bets $12.40
michasia: folds 
Uncalled bet ($12.40) returned to BumHuntKing
BumHuntKing collected $16.53 from pot
BumHuntKing: doesn't show hand 
*** SUMMARY ***
Total pot $17.40 | Rake $0.87 
Board [Tc As 3s 7s]
Seat 6: BoyLoc0
Seat 1: louisf1968 folded before Flop (didn't bet)
Seat 2: vadjkeee folded before Flop (didn't bet)
Seat 3: PhoenixAssassin (button) folded before Flop (didn't bet)
Seat 4: BumHuntKing (small blind) collected ($16.53)
Seat 5: michasia (big blind) folded on the Turn



PokerStars Hand #254535039217:  Hold'em No Limit ($0.50/$1.00 USD) - 2025/01/24 21:02:29 WET [2025/01/24 16:02:29 ET]
Table 'Hercynia IV' 6-max Seat #4 is the button
Seat 1: louisf1968 ($62.93 in chips) 
Seat 2: vadjkeee ($110.08 in chips) 
Seat 3: PhoenixAssassin ($100 in chips) 
Seat 4: BumHuntKing ($213.89 in chips) 
Seat 5: michasia ($100 in chips) 
Seat 6: BoyLoc0 ($100 in chips) 
michasia: posts small blind $0.50
BoyLoc0: posts big blind $1
*** HOLE CARDS ***
louisf1968: raises $3 to $4
vadjkeee: folds 
PhoenixAssassin: folds 
BumHuntKing: calls $4
michasia: folds 
BoyLoc0: folds 
*** FLOP *** [2h 2s 6h]
louisf1968: bets $4
BumHuntKing: calls $4
*** TURN *** [2h 2s 6h] [2d]
louisf1968: bets $6
BumHuntKing: calls $6
*** RIVER *** [2h 2s 6h 2d] [3c]
louisf1968: checks 
BumHuntKing: checks 
*** SHOW DOWN ***
louisf1968: shows [Kc Jd] (three of a kind, Deuces)
BumHuntKing: shows [3s 3h] (a full house, Threes full of Deuces)
BumHuntKing collected $28.02 from pot
*** SUMMARY ***
Total pot $29.50 | Rake $1.48 
Board [2h 2s 6h 2d 3c]
Seat 1: louisf1968 showed [Kc Jd] and lost with three of a kind, Deuces
Seat 2: vadjkeee folded before Flop (didn't bet)
Seat 3: PhoenixAssassin folded before Flop (didn't bet)
Seat 4: BumHuntKing (button) showed [3s 3h] and won ($28.02) with a full house, Threes full of Deuces
Seat 5: michasia (small blind) folded before Flop
Seat 6: BoyLoc0 (big blind) folded before Flop



PokerStars Hand #254535061597:  Hold'em No Limit ($0.50/$1.00 USD) - 2025/01/24 21:03:44 WET [2025/01/24 16:03:44 ET]
Table 'Hercynia IV' 6-max Seat #5 is the button
Seat 1: louisf1968 ($48.93 in chips) 
Seat 2: vadjkeee ($110.08 in chips) 
Seat 3: PhoenixAssassin ($100 in chips) 
Seat 4: BumHuntKing ($227.91 in chips) 
Seat 5: michasia ($100 in chips) 
Seat 6: BoyLoc0 ($100 in chips) 
BoyLoc0: posts small blind $0.50
louisf1968: posts big blind $1
*** HOLE CARDS ***
vadjkeee: raises $2 to $3
PhoenixAssassin: folds 
BumHuntKing: folds 
michasia: folds 
BoyLoc0: folds 
louisf1968: folds 
Uncalled bet ($2) returned to vadjkeee
vadjkeee collected $2.50 from pot
vadjkeee: doesn't show hand 
*** SUMMARY ***
Total pot $2.50 | Rake $0 
Seat 1: louisf1968 (big blind) folded before Flop
Seat 2: vadjkeee collected ($2.50)
Seat 3: PhoenixAssassin folded before Flop (didn't bet)
Seat 4: BumHuntKing folded before Flop (didn't bet)
Seat 5: michasia (button) folded before Flop (didn't bet)
Seat 6: BoyLoc0 (small blind) folded before Flop



PokerStars Hand #254535066364:  Hold'em No Limit ($0.50/$1.00 USD) - 2025/01/24 21:04:00 WET [2025/01/24 16:04:00 ET]
Table 'Hercynia IV' 6-max Seat #6 is the button
Seat 1: louisf1968 ($47.93 in chips) 
Seat 2: vadjkeee ($111.58 in chips) 
Seat 3: PhoenixAssassin ($100 in chips) 
Seat 4: BumHuntKing ($227.91 in chips) 
Seat 5: michasia ($100 in chips) 
Seat 6: BoyLoc0 ($100 in chips) 
louisf1968: posts small blind $0.50
vadjkeee: posts big blind $1
*** HOLE CARDS ***
PhoenixAssassin: folds 
BumHuntKing: folds 
michasia: folds 
BoyLoc0: folds 
louisf1968: raises $4 to $5
vadjkeee: folds 
Uncalled bet ($4) returned to louisf1968
louisf1968 collected $2 from pot
*** SUMMARY ***
Total pot $2 | Rake $0 
Seat 1: louisf1968 (small blind) collected ($2)
Seat 2: vadjkeee (big blind) folded before Flop
Seat 3: PhoenixAssassin folded before Flop (didn't bet)
Seat 4: BumHuntKing folded before Flop (didn't bet)
Seat 5: michasia folded before Flop (didn't bet)
Seat 6: BoyLoc0 (button) folded before Flop (didn't bet)



PokerStars Hand #254535073100:  Hold'em No Limit ($0.50/$1.00 USD) - 2025/01/24 21:04:22 WET [2025/01/24 16:04:22 ET]
Table 'Hercynia IV' 6-max Seat #1 is the button
Seat 1: louisf1968 ($48.93 in chips) 
Seat 2: vadjkeee ($110.58 in chips) 
Seat 3: PhoenixAssassin ($100 in chips) 
Seat 4: BumHuntKing ($227.91 in chips) 
Seat 5: michasia ($100 in chips) 
Seat 6: BoyLoc0 ($100 in chips) 
vadjkeee: posts small blind $0.50
PhoenixAssassin: posts big blind $1
*** HOLE CARDS ***
BumHuntKing: folds 
michasia: raises $1.60 to $2.60
BoyLoc0: raises $4.90 to $7.50
louisf1968: raises $41.43 to $48.93 and is all-in
vadjkeee: folds 
PhoenixAssassin: folds 
michasia: folds 
BoyLoc0: folds 
Uncalled bet ($41.43) returned to louisf1968
louisf1968 collected $19.10 from pot
*** SUMMARY ***
Total pot $19.10 | Rake $0 
Seat 1: louisf1968 (button) collected ($19.10)
Seat 2: vadjkeee (small blind) folded before Flop
Seat 3: PhoenixAssassin (big blind) folded before Flop
Seat 4: BumHuntKing folded before Flop (didn't bet)
Seat 5: michasia folded before Flop
Seat 6: BoyLoc0 folded before Flop



PokerStars Hand #254535080433:  Hold'em No Limit ($0.50/$1.00 USD) - 2025/01/24 21:04:46 WET [2025/01/24 16:04:46 ET]
Table 'Hercynia IV' 6-max Seat #2 is the button
Seat 1: louisf1968 ($60.53 in chips) 
Seat 2: vadjkeee ($110.08 in chips) 
Seat 3: PhoenixAssassin ($100 in chips) 
Seat 4: BumHuntKing ($227.91 in chips) 
Seat 5: michasia ($100 in chips) 
Seat 6: BoyLoc0 ($100 in chips) 
PhoenixAssassin: posts small blind $0.50
BumHuntKing: posts big blind $1
*** HOLE CARDS ***
michasia: folds 
BoyLoc0: folds 
louisf1968: folds 
vadjkeee: folds 
PhoenixAssassin: raises $2 to $3
BumHuntKing: folds 
Uncalled bet ($2) returned to PhoenixAssassin
PhoenixAssassin collected $2 from pot
PhoenixAssassin: doesn't show hand 
*** SUMMARY ***
Total pot $2 | Rake $0 
Seat 1: louisf1968 folded before Flop (didn't bet)
Seat 2: vadjkeee (button) folded before Flop (didn't bet)
Seat 3: PhoenixAssassin (small blind) collected ($2)
Seat 4: BumHuntKing (big blind) folded before Flop
Seat 5: michasia folded before Flop (didn't bet)
Seat 6: BoyLoc0 folded before Flop (didn't bet)



PokerStars Hand #254535085602:  Hold'em No Limit ($0.50/$1.00 USD) - 2025/01/24 21:05:02 WET [2025/01/24 16:05:02 ET]
Table 'Hercynia IV' 6-max Seat #3 is the button
Seat 1: louisf1968 ($60.53 in chips) 
Seat 2: vadjkeee ($110.08 in chips) 
Seat 3: PhoenixAssassin ($101 in chips) 
Seat 4: BumHuntKing ($226.91 in chips) 
Seat 5: michasia ($100 in chips) 
Seat 6: BoyLoc0 ($100 in chips) 
BumHuntKing: posts small blind $0.50
michasia: posts big blind $1
*** HOLE CARDS ***
BoyLoc0: folds 
louisf1968: folds 
vadjkeee: folds 
PhoenixAssassin: raises $1.50 to $2.50
BumHuntKing: folds 
michasia: folds 
Uncalled bet ($1.50) returned to PhoenixAssassin
PhoenixAssassin collected $2.50 from pot
PhoenixAssassin: doesn't show hand 
*** SUMMARY ***
Total pot $2.50 | Rake $0 
Seat 1: louisf1968 folded before Flop (didn't bet)
Seat 2: vadjkeee folded before Flop (didn't bet)
Seat 3: PhoenixAssassin (button) collected ($2.50)
Seat 4: BumHuntKing (small blind) folded before Flop
Seat 5: michasia (big blind) folded before Flop
Seat 6: BoyLoc0 folded before Flop (didn't bet)



PokerStars Hand #254535094224:  Hold'em No Limit ($0.50/$1.00 USD) - 2025/01/24 21:05:31 WET [2025/01/24 16:05:31 ET]
Table 'Hercynia IV' 6-max Seat #4 is the button
Seat 1: louisf1968 ($60.53 in chips) 
Seat 2: vadjkeee ($110.08 in chips) 
Seat 3: PhoenixAssassin ($102.50 in chips) 
Seat 4: BumHuntKing ($226.41 in chips) 
Seat 5: michasia ($100 in chips) 
Seat 6: BoyLoc0 ($100 in chips) 
michasia: posts small blind $0.50
BoyLoc0: posts big blind $1
*** HOLE CARDS ***
louisf1968: folds 
vadjkeee: folds 
PhoenixAssassin: folds 
BumHuntKing: folds 
michasia: folds 
Uncalled bet ($0.50) returned to BoyLoc0
BoyLoc0 collected $1 from pot
BoyLoc0: doesn't show hand 
*** SUMMARY ***
Total pot $1 | Rake $0 
Seat 1: louisf1968 folded before Flop (didn't bet)
Seat 2: vadjkeee folded before Flop (didn't bet)
Seat 3: PhoenixAssassin folded before Flop (didn't bet)
Seat 4: BumHuntKing (button) folded before Flop (didn't bet)
Seat 5: michasia (small blind) folded before Flop
Seat 6: BoyLoc0 (big blind) collected ($1)



PokerStars Hand #254535098223:  Hold'em No Limit ($0.50/$1.00 USD) - 2025/01/24 21:05:44 WET [2025/01/24 16:05:44 ET]
Table 'Hercynia IV' 6-max Seat #5 is the button
Seat 1: louisf1968 ($60.53 in chips) 
Seat 2: vadjkeee ($110.08 in chips) 
Seat 3: PhoenixAssassin ($102.50 in chips) 
Seat 4: BumHuntKing ($226.41 in chips) 
Seat 5: michasia ($100 in chips) 
Seat 6: BoyLoc0 ($100.50 in chips) 
BoyLoc0: posts small blind $0.50
louisf1968: posts big blind $1
*** HOLE CARDS ***
vadjkeee: folds 
PhoenixAssassin: folds 
BumHuntKing: raises $1.20 to $2.20
michasia: folds 
BoyLoc0: calls $1.70
louisf1968: raises $3.20 to $5.40
BumHuntKing: folds 
BoyLoc0: calls $3.20
*** FLOP *** [4s 3d Kd]
BoyLoc0: checks 
louisf1968: checks 
*** TURN *** [4s 3d Kd] [7d]
BoyLoc0: checks 
louisf1968: bets $4
BoyLoc0: calls $4
*** RIVER *** [4s 3d Kd 7d] [3s]
BoyLoc0: checks 
louisf1968: checks 
*** SHOW DOWN ***
BoyLoc0: shows [7h 6h] (two pair, Sevens and Threes)
louisf1968: mucks hand 
BoyLoc0 collected $19.95 from pot
*** SUMMARY ***
Total pot $21 | Rake $1.05 
Board [4s 3d Kd 7d 3s]
Seat 1: louisf1968 (big blind) mucked
Seat 2: vadjkeee folded before Flop (didn't bet)
Seat 3: PhoenixAssassin folded before Flop (didn't bet)
Seat 4: BumHuntKing folded before Flop
Seat 5: michasia (button) folded before Flop (didn't bet)
Seat 6: BoyLoc0 (small blind) showed [7h 6h] and won ($19.95) with two pair, Sevens and Threes



PokerStars Hand #254535120110:  Hold'em No Limit ($0.50/$1.00 USD) - 2025/01/24 21:06:55 WET [2025/01/24 16:06:55 ET]
Table 'Hercynia IV' 6-max Seat #6 is the button
Seat 1: louisf1968 ($51.13 in chips) 
Seat 2: vadjkeee ($110.08 in chips) 
Seat 3: PhoenixAssassin ($102.50 in chips) 
Seat 4: BumHuntKing ($224.21 in chips) 
Seat 5: michasia ($100 in chips) 
Seat 6: BoyLoc0 ($111.05 in chips) 
louisf1968: posts small blind $0.50
vadjkeee: posts big blind $1
*** HOLE CARDS ***
PhoenixAssassin: raises $1.20 to $2.20
BumHuntKing: raises $4.30 to $6.50
michasia: folds 
BoyLoc0: folds 
louisf1968: folds 
vadjkeee: folds 
PhoenixAssassin: folds 
Uncalled bet ($4.30) returned to BumHuntKing
BumHuntKing collected $5.90 from pot
BumHuntKing: doesn't show hand 
*** SUMMARY ***
Total pot $5.90 | Rake $0 
Seat 1: louisf1968 (small blind) folded before Flop
Seat 2: vadjkeee (big blind) folded before Flop
Seat 3: PhoenixAssassin folded before Flop
Seat 4: BumHuntKing collected ($5.90)
Seat 5: michasia folded before Flop (didn't bet)
Seat 6: BoyLoc0 (button) folded before Flop (didn't bet)



PokerStars Hand #254535128313:  Hold'em No Limit ($0.50/$1.00 USD) - 2025/01/24 21:07:22 WET [2025/01/24 16:07:22 ET]
Table 'Hercynia IV' 6-max Seat #1 is the button
Seat 1: louisf1968 ($50.63 in chips) 
Seat 2: vadjkeee ($109.08 in chips) 
Seat 3: PhoenixAssassin ($100.30 in chips) 
Seat 4: BumHuntKing ($227.91 in chips) 
Seat 5: michasia ($100 in chips) 
Seat 6: BoyLoc0 ($111.05 in chips) 
vadjkeee: posts small blind $0.50
PhoenixAssassin: posts big blind $1
*** HOLE CARDS ***
BumHuntKing: folds 
michasia: folds 
BoyLoc0: raises $1.50 to $2.50
louisf1968: calls $2.50
vadjkeee: folds 
PhoenixAssassin: folds 
*** FLOP *** [5d 6c 5h]
BoyLoc0: checks 
louisf1968: bets $4
BoyLoc0: folds 
Uncalled bet ($4) returned to louisf1968
louisf1968 collected $6.18 from pot
*** SUMMARY ***
Total pot $6.50 | Rake $0.32 
Board [5d 6c 5h]
Seat 1: louisf1968 (button) collected ($6.18)
Seat 2: vadjkeee (small blind) folded before Flop
Seat 3: PhoenixAssassin (big blind) folded before Flop
Seat 4: BumHuntKing folded before Flop (didn't bet)
Seat 5: michasia folded before Flop (didn't bet)
Seat 6: BoyLoc0 folded on the Flop



PokerStars Hand #254535136851:  Hold'em No Limit ($0.50/$1.00 USD) - 2025/01/24 21:07:50 WET [2025/01/24 16:07:50 ET]
Table 'Hercynia IV' 6-max Seat #2 is the button
Seat 1: louisf1968 ($54.31 in chips) 
Seat 2: vadjkeee ($108.58 in chips) 
Seat 3: PhoenixAssassin ($100 in chips) 
Seat 4: BumHuntKing ($227.91 in chips) 
Seat 5: michasia ($100 in chips) 
Seat 6: BoyLoc0 ($108.55 in chips) 
PhoenixAssassin: posts small blind $0.50
BumHuntKing: posts big blind $1
*** HOLE CARDS ***
michasia: raises $1.60 to $2.60
BoyLoc0: folds 
louisf1968: calls $2.60
vadjkeee: folds 
PhoenixAssassin: folds 
BumHuntKing: folds 
*** FLOP *** [Jh As 2d]
michasia: bets $4.24
louisf1968: folds 
Uncalled bet ($4.24) returned to michasia
michasia collected $6.36 from pot
michasia: doesn't show hand 
*** SUMMARY ***
Total pot $6.70 | Rake $0.34 
Board [Jh As 2d]
Seat 1: louisf1968 folded on the Flop
Seat 2: vadjkeee (button) folded before Flop (didn't bet)
Seat 3: PhoenixAssassin (small blind) folded before Flop
Seat 4: BumHuntKing (big blind) folded before Flop
Seat 5: michasia collected ($6.36)
Seat 6: BoyLoc0 folded before Flop (didn't bet)



PokerStars Hand #254535146204:  Hold'em No Limit ($0.50/$1.00 USD) - 2025/01/24 21:08:21 WET [2025/01/24 16:08:21 ET]
Table 'Hercynia IV' 6-max Seat #3 is the button
Seat 1: louisf1968 ($51.71 in chips) 
Seat 2: vadjkeee ($108.58 in chips) 
Seat 3: PhoenixAssassin ($100 in chips) 
Seat 4: BumHuntKing ($226.91 in chips) 
Seat 5: michasia ($103.76 in chips) 
Seat 6: BoyLoc0 ($108.55 in chips) 
BumHuntKing: posts small blind $0.50
michasia: posts big blind $1
*** HOLE CARDS ***
BoyLoc0: folds 
louisf1968: folds 
vadjkeee: raises $1.50 to $2.50
PhoenixAssassin: folds 
BumHuntKing: raises $9 to $11.50
michasia: folds 
vadjkeee: raises $10.50 to $22
BumHuntKing: folds 
Uncalled bet ($10.50) returned to vadjkeee
vadjkeee collected $24 from pot
vadjkeee: doesn't show hand 
*** SUMMARY ***
Total pot $24 | Rake $0 
Seat 1: louisf1968 folded before Flop (didn't bet)
Seat 2: vadjkeee collected ($24)
Seat 3: PhoenixAssassin (button) folded before Flop (didn't bet)
Seat 4: BumHuntKing (small blind) folded before Flop
Seat 5: michasia (big blind) folded before Flop
Seat 6: BoyLoc0 folded before Flop (didn't bet)



PokerStars Hand #254535160733:  Hold'em No Limit ($0.50/$1.00 USD) - 2025/01/24 21:09:09 WET [2025/01/24 16:09:09 ET]
Table 'Hercynia IV' 6-max Seat #4 is the button
Seat 1: louisf1968 ($51.71 in chips) 
Seat 2: vadjkeee ($121.08 in chips) 
Seat 3: PhoenixAssassin ($100 in chips) 
Seat 4: BumHuntKing ($215.41 in chips) 
Seat 5: michasia ($102.76 in chips) 
Seat 6: BoyLoc0 ($108.55 in chips) 
michasia: posts small blind $0.50
BoyLoc0: posts big blind $1
*** HOLE CARDS ***
louisf1968: folds 
vadjkeee: folds 
PhoenixAssassin: raises $1.50 to $2.50
BumHuntKing: folds 
louisf1968 leaves the table
michasia: raises $9.50 to $12
BoyLoc0: folds 
PhoenixAssassin: folds 
Uncalled bet ($9.50) returned to michasia
michasia collected $6 from pot
michasia: doesn't show hand 
*** SUMMARY ***
Total pot $6 | Rake $0 
Seat 1: louisf1968 folded before Flop (didn't bet)
Seat 2: vadjkeee folded before Flop (didn't bet)
Seat 3: PhoenixAssassin folded before Flop
Seat 4: BumHuntKing (button) folded before Flop (didn't bet)
Seat 5: michasia (small blind) collected ($6)
Seat 6: BoyLoc0 (big blind) folded before Flop



PokerStars Hand #254535171750:  Hold'em No Limit ($0.50/$1.00 USD) - 2025/01/24 21:09:45 WET [2025/01/24 16:09:45 ET]
Table 'Hercynia IV' 6-max Seat #5 is the button
Seat 2: vadjkeee ($121.08 in chips) is sitting out
Seat 3: PhoenixAssassin ($100 in chips) 
Seat 4: BumHuntKing ($215.41 in chips) 
Seat 5: michasia ($106.26 in chips) 
Seat 6: BoyLoc0 ($107.55 in chips) 
BoyLoc0: posts small blind $0.50
vadjkeee: is sitting out 
PhoenixAssassin: posts big blind $1
*** HOLE CARDS ***
BumHuntKing: folds 
michasia: folds 
vadjkeee leaves the table
BoyLoc0: folds 
Uncalled bet ($0.50) returned to PhoenixAssassin
PhoenixAssassin collected $1 from pot
PhoenixAssassin: doesn't show hand 
*** SUMMARY ***
Total pot $1 | Rake $0 
Seat 2: vadjkeee
Seat 3: PhoenixAssassin (big blind) collected ($1)
Seat 4: BumHuntKing folded before Flop (didn't bet)
Seat 5: michasia (button) folded before Flop (didn't bet)
Seat 6: BoyLoc0 (small blind) folded before Flop



PokerStars Hand #254535175273:  Hold'em No Limit ($0.50/$1.00 USD) - 2025/01/24 21:09:57 WET [2025/01/24 16:09:57 ET]
Table 'Hercynia IV' 6-max Seat #6 is the button
Seat 3: PhoenixAssassin ($100.50 in chips) 
Seat 4: BumHuntKing ($215.41 in chips) 
Seat 5: michasia ($106.26 in chips) 
Seat 6: BoyLoc0 ($107.05 in chips) 
PhoenixAssassin: posts small blind $0.50
BumHuntKing: posts big blind $1
*** HOLE CARDS ***
kars0n joins the table at seat #2 
michasia: folds 
michasia leaves the table
BoyLoc0: folds 
PhoenixAssassin: folds 
Uncalled bet ($0.50) returned to BumHuntKing
BumHuntKing collected $1 from pot
BoyLoc0 leaves the table
BumHuntKing: doesn't show hand 
*** SUMMARY ***
Total pot $1 | Rake $0 
Seat 3: PhoenixAssassin (small blind) folded before Flop
Seat 4: BumHuntKing (big blind) collected ($1)
Seat 5: michasia folded before Flop (didn't bet)
Seat 6: BoyLoc0 (button) folded before Flop (didn't bet)



PokerStars Hand #254535178517:  Hold'em No Limit ($0.50/$1.00 USD) - 2025/01/24 21:10:08 WET [2025/01/24 16:10:08 ET]
Table 'Hercynia IV' 6-max Seat #3 is the button
Seat 2: kars0n ($100 in chips) 
Seat 3: PhoenixAssassin ($100 in chips) 
Seat 4: BumHuntKing ($215.91 in chips) 
BumHuntKing: posts small blind $0.50
kars0n: posts big blind $1
*** HOLE CARDS ***
PhoenixAssassin: folds 
BumHuntKing: raises $2 to $3
kars0n: calls $2
*** FLOP *** [3c Jd 5c]
BumHuntKing: checks 
kars0n: checks 
*** TURN *** [3c Jd 5c] [2d]
BumHuntKing: bets $5.70
kars0n: folds 
Uncalled bet ($5.70) returned to BumHuntKing
BumHuntKing collected $5.70 from pot
BumHuntKing: doesn't show hand 
*** SUMMARY ***
Total pot $6 | Rake $0.30 
Board [3c Jd 5c 2d]
Seat 2: kars0n (big blind) folded on the Turn
Seat 3: PhoenixAssassin (button) folded before Flop (didn't bet)
Seat 4: BumHuntKing (small blind) collected ($5.70)



