PokerStars Hand #254525015874:  Hold'em No Limit ($0.50/$1.00 USD) - 2025/01/24 3:42:06 WET [2025/01/23 22:42:06 ET]
Table 'Suevia III' 6-max Seat #5 is the button
Seat 1: pr0tecto ($105.61 in chips) 
Seat 2: ptolejmus ($26.03 in chips) 
Seat 3: ImaPeppaPig ($100 in chips) 
Seat 4: Timonessb ($100 in chips) 
Seat 5: steepfell ($116.48 in chips) 
Seat 6: btop4887 ($28.26 in chips) 
btop4887: posts small blind $0.50
pr0tecto: posts big blind $1
*** HOLE CARDS ***
ptolejmus: folds 
ImaPeppaPig: folds 
Timonessb: raises $1.30 to $2.30
steepfell: folds 
btop4887: calls $1.80
pr0tecto: calls $1.30
*** FLOP *** [8c Js 7d]
btop4887: checks 
pr0tecto: checks 
Timonessb: checks 
*** TURN *** [8c Js 7d] [4s]
btop4887: bets $4
pr0tecto: calls $4
Timonessb: folds 
*** RIVER *** [8c Js 7d 4s] [Kh]
btop4887: checks 
pr0tecto: checks 
*** SHOW DOWN ***
btop4887: shows [5s As] (high card Ace)
pr0tecto: shows [8h 6h] (a pair of Eights)
pr0tecto collected $14.16 from pot
*** SUMMARY ***
Total pot $14.90 | Rake $0.74 
Board [8c Js 7d 4s Kh]
Seat 1: pr0tecto (big blind) showed [8h 6h] and won ($14.16) with a pair of Eights
Seat 2: ptolejmus folded before Flop (didn't bet)
Seat 3: ImaPeppaPig folded before Flop (didn't bet)
Seat 4: Timonessb folded on the Turn
Seat 5: steepfell (button) folded before Flop (didn't bet)
Seat 6: btop4887 (small blind) showed [5s As] and lost with high card Ace



PokerStars Hand #254525023754:  Hold'em No Limit ($0.50/$1.00 USD) - 2025/01/24 3:43:12 WET [2025/01/23 22:43:12 ET]
Table 'Suevia III' 6-max Seat #6 is the button
Seat 1: pr0tecto ($113.47 in chips) 
Seat 2: ptolejmus ($26.03 in chips) 
Seat 3: ImaPeppaPig ($100 in chips) 
Seat 4: Timonessb ($100 in chips) 
Seat 5: steepfell ($116.48 in chips) 
Seat 6: btop4887 ($21.96 in chips) 
pr0tecto: posts small blind $0.50
ptolejmus: posts big blind $1
*** HOLE CARDS ***
ImaPeppaPig: folds 
Timonessb: raises $1.30 to $2.30
steepfell: folds 
btop4887: calls $2.30
pr0tecto: folds 
ptolejmus: folds 
*** FLOP *** [Ah 5h 3c]
Timonessb: bets $1.91
btop4887: raises $1.91 to $3.82
Timonessb: folds 
Uncalled bet ($1.91) returned to btop4887
btop4887 collected $9.42 from pot
*** SUMMARY ***
Total pot $9.92 | Rake $0.50 
Board [Ah 5h 3c]
Seat 1: pr0tecto (small blind) folded before Flop
Seat 2: ptolejmus (big blind) folded before Flop
Seat 3: ImaPeppaPig folded before Flop (didn't bet)
Seat 4: Timonessb folded on the Flop
Seat 5: steepfell folded before Flop (didn't bet)
Seat 6: btop4887 (button) collected ($9.42)



PokerStars Hand #254525026916:  Hold'em No Limit ($0.50/$1.00 USD) - 2025/01/24 3:43:39 WET [2025/01/23 22:43:39 ET]
Table 'Suevia III' 6-max Seat #1 is the button
Seat 1: pr0tecto ($112.97 in chips) 
Seat 2: ptolejmus ($25.03 in chips) 
Seat 3: ImaPeppaPig ($100 in chips) 
Seat 4: Timonessb ($100 in chips) 
Seat 5: steepfell ($116.48 in chips) 
Seat 6: btop4887 ($27.17 in chips) 
ptolejmus: posts small blind $0.50
ImaPeppaPig: posts big blind $1
*** HOLE CARDS ***
Timonessb: folds 
steepfell: folds 
btop4887: folds 
pr0tecto: folds 
ptolejmus: raises $1 to $2
ImaPeppaPig: folds 
Uncalled bet ($1) returned to ptolejmus
ptolejmus collected $2 from pot
*** SUMMARY ***
Total pot $2 | Rake $0 
Seat 1: pr0tecto (button) folded before Flop (didn't bet)
Seat 2: ptolejmus (small blind) collected ($2)
Seat 3: ImaPeppaPig (big blind) folded before Flop
Seat 4: Timonessb folded before Flop (didn't bet)
Seat 5: steepfell folded before Flop (didn't bet)
Seat 6: btop4887 folded before Flop (didn't bet)



PokerStars Hand #254525028667:  Hold'em No Limit ($0.50/$1.00 USD) - 2025/01/24 3:43:54 WET [2025/01/23 22:43:54 ET]
Table 'Suevia III' 6-max Seat #2 is the button
Seat 1: pr0tecto ($112.97 in chips) 
Seat 2: ptolejmus ($26.03 in chips) 
Seat 3: ImaPeppaPig ($100 in chips) 
Seat 4: Timonessb ($100 in chips) 
Seat 5: steepfell ($116.48 in chips) 
Seat 6: btop4887 ($27.17 in chips) 
ImaPeppaPig: posts small blind $0.50
Timonessb: posts big blind $1
*** HOLE CARDS ***
steepfell: raises $1.50 to $2.50
btop4887: folds 
pr0tecto: raises $5.50 to $8
ptolejmus: folds 
ImaPeppaPig: folds 
Timonessb: raises $15 to $23
steepfell: folds 
pr0tecto: raises $89.97 to $112.97 and is all-in
Timonessb: calls $77 and is all-in
Uncalled bet ($12.97) returned to pr0tecto
*** FIRST FLOP *** [5s Jc 7h]
*** FIRST TURN *** [5s Jc 7h] [Ad]
*** FIRST RIVER *** [5s Jc 7h Ad] [7d]
*** SECOND FLOP *** [Qh Ah 3c]
*** SECOND TURN *** [Qh Ah 3c] [6d]
*** SECOND RIVER *** [Qh Ah 3c 6d] [Qc]
*** FIRST SHOW DOWN ***
Timonessb: shows [Ks Kh] (two pair, Kings and Sevens)
pr0tecto: shows [Kc Ac] (two pair, Aces and Sevens)
pr0tecto collected $100.25 from pot
*** SECOND SHOW DOWN ***
Timonessb: shows [Ks Kh] (two pair, Kings and Queens)
pr0tecto: shows [Kc Ac] (two pair, Aces and Queens)
pr0tecto collected $100.25 from pot
*** SUMMARY ***
Total pot $203 | Rake $2.50 
Hand was run twice
FIRST Board [5s Jc 7h Ad 7d]
SECOND Board [Qh Ah 3c 6d Qc]
Seat 1: pr0tecto showed [Kc Ac] and won ($100.25) with two pair, Aces and Sevens, and won ($100.25) with two pair, Aces and Queens
Seat 2: ptolejmus (button) folded before Flop (didn't bet)
Seat 3: ImaPeppaPig (small blind) folded before Flop
Seat 4: Timonessb (big blind) showed [Ks Kh] and lost with two pair, Kings and Sevens, and lost with two pair, Kings and Queens
Seat 5: steepfell folded before Flop
Seat 6: btop4887 folded before Flop (didn't bet)



PokerStars Hand #254525033861:  Hold'em No Limit ($0.50/$1.00 USD) - 2025/01/24 3:44:37 WET [2025/01/23 22:44:37 ET]
Table 'Suevia III' 6-max Seat #3 is the button
Seat 1: pr0tecto ($213.47 in chips) 
Seat 2: ptolejmus ($26.03 in chips) 
Seat 3: ImaPeppaPig ($100 in chips) 
Seat 4: Timonessb ($100 in chips) 
Seat 5: steepfell ($113.98 in chips) 
Seat 6: btop4887 ($27.17 in chips) 
Timonessb: posts small blind $0.50
steepfell: posts big blind $1
*** HOLE CARDS ***
btop4887: calls $1
pr0tecto: folds 
ptolejmus: folds 
ImaPeppaPig: folds 
Timonessb: folds 
steepfell: checks 
*** FLOP *** [As 4s 7d]
steepfell: checks 
btop4887: checks 
*** TURN *** [As 4s 7d] [2h]
steepfell: bets $2.50
btop4887: calls $2.50
*** RIVER *** [As 4s 7d 2h] [Ad]
steepfell: bets $10.68
btop4887: folds 
Uncalled bet ($10.68) returned to steepfell
steepfell collected $7.12 from pot
steepfell: doesn't show hand 
*** SUMMARY ***
Total pot $7.50 | Rake $0.38 
Board [As 4s 7d 2h Ad]
Seat 1: pr0tecto folded before Flop (didn't bet)
Seat 2: ptolejmus folded before Flop (didn't bet)
Seat 3: ImaPeppaPig (button) folded before Flop (didn't bet)
Seat 4: Timonessb (small blind) folded before Flop
Seat 5: steepfell (big blind) collected ($7.12)
Seat 6: btop4887 folded on the River



PokerStars Hand #254525039453:  Hold'em No Limit ($0.50/$1.00 USD) - 2025/01/24 3:45:24 WET [2025/01/23 22:45:24 ET]
Table 'Suevia III' 6-max Seat #4 is the button
Seat 1: pr0tecto ($213.47 in chips) 
Seat 2: ptolejmus ($26.03 in chips) 
Seat 3: ImaPeppaPig ($100 in chips) 
Seat 4: Timonessb ($100 in chips) 
Seat 5: steepfell ($117.60 in chips) 
Seat 6: btop4887 ($23.67 in chips) 
steepfell: posts small blind $0.50
btop4887: posts big blind $1
*** HOLE CARDS ***
pr0tecto: folds 
ptolejmus: raises $1 to $2
ImaPeppaPig: folds 
Timonessb: raises $3 to $5
steepfell: folds 
btop4887: folds 
ptolejmus: folds 
Uncalled bet ($3) returned to Timonessb
Timonessb collected $5.50 from pot
*** SUMMARY ***
Total pot $5.50 | Rake $0 
Seat 1: pr0tecto folded before Flop (didn't bet)
Seat 2: ptolejmus folded before Flop
Seat 3: ImaPeppaPig folded before Flop (didn't bet)
Seat 4: Timonessb (button) collected ($5.50)
Seat 5: steepfell (small blind) folded before Flop
Seat 6: btop4887 (big blind) folded before Flop



PokerStars Hand #254525044925:  Hold'em No Limit ($0.50/$1.00 USD) - 2025/01/24 3:46:11 WET [2025/01/23 22:46:11 ET]
Table 'Suevia III' 6-max Seat #5 is the button
Seat 1: pr0tecto ($213.47 in chips) 
Seat 2: ptolejmus ($24.03 in chips) 
Seat 3: ImaPeppaPig ($100 in chips) 
Seat 4: Timonessb ($103.50 in chips) 
Seat 5: steepfell ($117.10 in chips) 
Seat 6: btop4887 ($22.67 in chips) 
btop4887: posts small blind $0.50
pr0tecto: posts big blind $1
*** HOLE CARDS ***
ptolejmus: raises $1 to $2
ImaPeppaPig: folds 
Timonessb: calls $2
steepfell: folds 
btop4887: raises $3 to $5
pr0tecto: folds 
ptolejmus: calls $3
Timonessb: calls $3
*** FLOP *** [6c Ks 8d]
btop4887: bets $2
ptolejmus: folds 
Timonessb: folds 
Uncalled bet ($2) returned to btop4887
btop4887 collected $15.20 from pot
*** SUMMARY ***
Total pot $16 | Rake $0.80 
Board [6c Ks 8d]
Seat 1: pr0tecto (big blind) folded before Flop
Seat 2: ptolejmus folded on the Flop
Seat 3: ImaPeppaPig folded before Flop (didn't bet)
Seat 4: Timonessb folded on the Flop
Seat 5: steepfell (button) folded before Flop (didn't bet)
Seat 6: btop4887 (small blind) collected ($15.20)



PokerStars Hand #254525049283:  Hold'em No Limit ($0.50/$1.00 USD) - 2025/01/24 3:46:49 WET [2025/01/23 22:46:49 ET]
Table 'Suevia III' 6-max Seat #6 is the button
Seat 1: pr0tecto ($212.47 in chips) 
Seat 2: ptolejmus ($19.03 in chips) 
Seat 3: ImaPeppaPig ($100 in chips) 
Seat 4: Timonessb ($100 in chips) 
Seat 5: steepfell ($117.10 in chips) 
Seat 6: btop4887 ($32.87 in chips) 
pr0tecto: posts small blind $0.50
ptolejmus: posts big blind $1
*** HOLE CARDS ***
ImaPeppaPig: folds 
Timonessb: raises $1.30 to $2.30
steepfell: folds 
btop4887: folds 
pr0tecto: calls $1.80
ptolejmus: folds 
*** FLOP *** [Ac Ah Td]
pr0tecto: checks 
Timonessb: bets $1.76
pr0tecto: folds 
Uncalled bet ($1.76) returned to Timonessb
Timonessb collected $5.32 from pot
*** SUMMARY ***
Total pot $5.60 | Rake $0.28 
Board [Ac Ah Td]
Seat 1: pr0tecto (small blind) folded on the Flop
Seat 2: ptolejmus (big blind) folded before Flop
Seat 3: ImaPeppaPig folded before Flop (didn't bet)
Seat 4: Timonessb collected ($5.32)
Seat 5: steepfell folded before Flop (didn't bet)
Seat 6: btop4887 (button) folded before Flop (didn't bet)



PokerStars Hand #254525053813:  Hold'em No Limit ($0.50/$1.00 USD) - 2025/01/24 3:47:27 WET [2025/01/23 22:47:27 ET]
Table 'Suevia III' 6-max Seat #1 is the button
Seat 1: pr0tecto ($210.17 in chips) 
Seat 2: ptolejmus ($18.03 in chips) 
Seat 3: ImaPeppaPig ($100 in chips) 
Seat 4: Timonessb ($103.02 in chips) 
Seat 5: steepfell ($117.10 in chips) 
Seat 6: btop4887 ($32.87 in chips) 
ptolejmus: posts small blind $0.50
ImaPeppaPig: posts big blind $1
*** HOLE CARDS ***
Timonessb: folds 
steepfell: folds 
btop4887: raises $1 to $2
pr0tecto: folds 
ptolejmus: folds 
ImaPeppaPig: calls $1
*** FLOP *** [Js 5h Kd]
ImaPeppaPig: checks 
btop4887: bets $2
ImaPeppaPig: calls $2
*** TURN *** [Js 5h Kd] [3s]
ImaPeppaPig: checks 
btop4887: bets $4
ImaPeppaPig: calls $4
*** RIVER *** [Js 5h Kd 3s] [2d]
ImaPeppaPig: checks 
btop4887: bets $8
ImaPeppaPig: calls $8
*** SHOW DOWN ***
btop4887: shows [3c 3d] (three of a kind, Threes)
ImaPeppaPig: mucks hand 
btop4887 collected $30.88 from pot
*** SUMMARY ***
Total pot $32.50 | Rake $1.62 
Board [Js 5h Kd 3s 2d]
Seat 1: pr0tecto (button) folded before Flop (didn't bet)
Seat 2: ptolejmus (small blind) folded before Flop
Seat 3: ImaPeppaPig (big blind) mucked
Seat 4: Timonessb folded before Flop (didn't bet)
Seat 5: steepfell folded before Flop (didn't bet)
Seat 6: btop4887 showed [3c 3d] and won ($30.88) with three of a kind, Threes



PokerStars Hand #254525061079:  Hold'em No Limit ($0.50/$1.00 USD) - 2025/01/24 3:48:30 WET [2025/01/23 22:48:30 ET]
Table 'Suevia III' 6-max Seat #2 is the button
Seat 1: pr0tecto ($210.17 in chips) 
Seat 2: ptolejmus ($17.53 in chips) 
Seat 3: ImaPeppaPig ($100 in chips) 
Seat 4: Timonessb ($103.02 in chips) 
Seat 5: steepfell ($117.10 in chips) 
Seat 6: btop4887 ($47.75 in chips) 
ImaPeppaPig: posts small blind $0.50
Timonessb: posts big blind $1
*** HOLE CARDS ***
steepfell: folds 
btop4887: calls $1
pr0tecto: folds 
ptolejmus: folds 
ImaPeppaPig: raises $4 to $5
Timonessb: folds 
btop4887: folds 
Uncalled bet ($4) returned to ImaPeppaPig
ImaPeppaPig collected $3 from pot
ImaPeppaPig: doesn't show hand 
*** SUMMARY ***
Total pot $3 | Rake $0 
Seat 1: pr0tecto folded before Flop (didn't bet)
Seat 2: ptolejmus (button) folded before Flop (didn't bet)
Seat 3: ImaPeppaPig (small blind) collected ($3)
Seat 4: Timonessb (big blind) folded before Flop
Seat 5: steepfell folded before Flop (didn't bet)
Seat 6: btop4887 folded before Flop



PokerStars Hand #254525063408:  Hold'em No Limit ($0.50/$1.00 USD) - 2025/01/24 3:48:50 WET [2025/01/23 22:48:50 ET]
Table 'Suevia III' 6-max Seat #3 is the button
Seat 1: pr0tecto ($210.17 in chips) 
Seat 2: ptolejmus ($17.53 in chips) 
Seat 3: ImaPeppaPig ($102 in chips) 
Seat 4: Timonessb ($102.02 in chips) 
Seat 5: steepfell ($117.10 in chips) 
Seat 6: btop4887 ($46.75 in chips) 
Timonessb: posts small blind $0.50
steepfell: posts big blind $1
*** HOLE CARDS ***
btop4887: folds 
pr0tecto: folds 
ptolejmus: raises $1 to $2
ImaPeppaPig: folds 
Timonessb: folds 
steepfell: raises $6 to $8
ptolejmus: folds 
Uncalled bet ($6) returned to steepfell
steepfell collected $4.50 from pot
steepfell: doesn't show hand 
*** SUMMARY ***
Total pot $4.50 | Rake $0 
Seat 1: pr0tecto folded before Flop (didn't bet)
Seat 2: ptolejmus folded before Flop
Seat 3: ImaPeppaPig (button) folded before Flop (didn't bet)
Seat 4: Timonessb (small blind) folded before Flop
Seat 5: steepfell (big blind) collected ($4.50)
Seat 6: btop4887 folded before Flop (didn't bet)



PokerStars Hand #254525068425:  Hold'em No Limit ($0.50/$1.00 USD) - 2025/01/24 3:49:33 WET [2025/01/23 22:49:33 ET]
Table 'Suevia III' 6-max Seat #4 is the button
Seat 1: pr0tecto ($210.17 in chips) 
Seat 2: ptolejmus ($15.53 in chips) 
Seat 3: ImaPeppaPig ($102 in chips) 
Seat 4: Timonessb ($101.52 in chips) 
Seat 5: steepfell ($119.60 in chips) 
Seat 6: btop4887 ($46.75 in chips) 
steepfell: posts small blind $0.50
btop4887: posts big blind $1
*** HOLE CARDS ***
pr0tecto: folds 
ptolejmus: folds 
ImaPeppaPig: folds 
Timonessb: folds 
steepfell: raises $2 to $3
btop4887: calls $2
*** FLOP *** [2c Jh 6d]
steepfell: bets $1.88
btop4887: folds 
Uncalled bet ($1.88) returned to steepfell
steepfell collected $5.70 from pot
steepfell: doesn't show hand 
*** SUMMARY ***
Total pot $6 | Rake $0.30 
Board [2c Jh 6d]
Seat 1: pr0tecto folded before Flop (didn't bet)
Seat 2: ptolejmus folded before Flop (didn't bet)
Seat 3: ImaPeppaPig folded before Flop (didn't bet)
Seat 4: Timonessb (button) folded before Flop (didn't bet)
Seat 5: steepfell (small blind) collected ($5.70)
Seat 6: btop4887 (big blind) folded on the Flop



PokerStars Hand #254525071448:  Hold'em No Limit ($0.50/$1.00 USD) - 2025/01/24 3:49:59 WET [2025/01/23 22:49:59 ET]
Table 'Suevia III' 6-max Seat #5 is the button
Seat 1: pr0tecto ($210.17 in chips) 
Seat 2: ptolejmus ($15.53 in chips) 
Seat 3: ImaPeppaPig ($102 in chips) 
Seat 4: Timonessb ($101.52 in chips) 
Seat 5: steepfell ($122.30 in chips) 
Seat 6: btop4887 ($43.75 in chips) 
btop4887: posts small blind $0.50
pr0tecto: posts big blind $1
*** HOLE CARDS ***
ptolejmus: raises $1 to $2
ImaPeppaPig: folds 
Timonessb: raises $6 to $8
steepfell: folds 
btop4887: folds 
pr0tecto: folds 
ptolejmus: folds 
Uncalled bet ($6) returned to Timonessb
Timonessb collected $5.50 from pot
*** SUMMARY ***
Total pot $5.50 | Rake $0 
Seat 1: pr0tecto (big blind) folded before Flop
Seat 2: ptolejmus folded before Flop
Seat 3: ImaPeppaPig folded before Flop (didn't bet)
Seat 4: Timonessb collected ($5.50)
Seat 5: steepfell (button) folded before Flop (didn't bet)
Seat 6: btop4887 (small blind) folded before Flop



PokerStars Hand #254525075838:  Hold'em No Limit ($0.50/$1.00 USD) - 2025/01/24 3:50:38 WET [2025/01/23 22:50:38 ET]
Table 'Suevia III' 6-max Seat #6 is the button
Seat 1: pr0tecto ($209.17 in chips) 
Seat 2: ptolejmus ($13.53 in chips) 
Seat 3: ImaPeppaPig ($102 in chips) 
Seat 4: Timonessb ($105.02 in chips) 
Seat 5: steepfell ($122.30 in chips) 
Seat 6: btop4887 ($43.25 in chips) 
pr0tecto: posts small blind $0.50
ptolejmus: posts big blind $1
*** HOLE CARDS ***
ImaPeppaPig: folds 
Timonessb: folds 
steepfell: folds 
btop4887: folds 
pr0tecto: folds 
Uncalled bet ($0.50) returned to ptolejmus
ptolejmus collected $1 from pot
*** SUMMARY ***
Total pot $1 | Rake $0 
Seat 1: pr0tecto (small blind) folded before Flop
Seat 2: ptolejmus (big blind) collected ($1)
Seat 3: ImaPeppaPig folded before Flop (didn't bet)
Seat 4: Timonessb folded before Flop (didn't bet)
Seat 5: steepfell folded before Flop (didn't bet)
Seat 6: btop4887 (button) folded before Flop (didn't bet)



PokerStars Hand #254525076713:  Hold'em No Limit ($0.50/$1.00 USD) - 2025/01/24 3:50:46 WET [2025/01/23 22:50:46 ET]
Table 'Suevia III' 6-max Seat #1 is the button
Seat 1: pr0tecto ($208.67 in chips) 
Seat 2: ptolejmus ($14.03 in chips) 
Seat 3: ImaPeppaPig ($102 in chips) 
Seat 4: Timonessb ($105.02 in chips) 
Seat 5: steepfell ($122.30 in chips) 
Seat 6: btop4887 ($43.25 in chips) 
ptolejmus: posts small blind $0.50
ImaPeppaPig: posts big blind $1
*** HOLE CARDS ***
Timonessb: folds 
steepfell: folds 
btop4887: raises $1 to $2
pr0tecto: folds 
ptolejmus: folds 
ImaPeppaPig: calls $1
*** FLOP *** [Tc Kc 5h]
ImaPeppaPig: checks 
btop4887: bets $2
ImaPeppaPig: folds 
Uncalled bet ($2) returned to btop4887
btop4887 collected $4.28 from pot
*** SUMMARY ***
Total pot $4.50 | Rake $0.22 
Board [Tc Kc 5h]
Seat 1: pr0tecto (button) folded before Flop (didn't bet)
Seat 2: ptolejmus (small blind) folded before Flop
Seat 3: ImaPeppaPig (big blind) folded on the Flop
Seat 4: Timonessb folded before Flop (didn't bet)
Seat 5: steepfell folded before Flop (didn't bet)
Seat 6: btop4887 collected ($4.28)



PokerStars Hand #254525079551:  Hold'em No Limit ($0.50/$1.00 USD) - 2025/01/24 3:51:10 WET [2025/01/23 22:51:10 ET]
Table 'Suevia III' 6-max Seat #2 is the button
Seat 1: pr0tecto ($208.67 in chips) 
Seat 2: ptolejmus ($13.53 in chips) 
Seat 3: ImaPeppaPig ($100 in chips) 
Seat 4: Timonessb ($105.02 in chips) 
Seat 5: steepfell ($122.30 in chips) 
Seat 6: btop4887 ($45.53 in chips) 
ImaPeppaPig: posts small blind $0.50
Timonessb: posts big blind $1
*** HOLE CARDS ***
steepfell: folds 
btop4887: folds 
pr0tecto: raises $1.20 to $2.20
ptolejmus: folds 
ImaPeppaPig: folds 
Timonessb: folds 
Uncalled bet ($1.20) returned to pr0tecto
pr0tecto collected $2.50 from pot
pr0tecto: doesn't show hand 
*** SUMMARY ***
Total pot $2.50 | Rake $0 
Seat 1: pr0tecto collected ($2.50)
Seat 2: ptolejmus (button) folded before Flop (didn't bet)
Seat 3: ImaPeppaPig (small blind) folded before Flop
Seat 4: Timonessb (big blind) folded before Flop
Seat 5: steepfell folded before Flop (didn't bet)
Seat 6: btop4887 folded before Flop (didn't bet)



PokerStars Hand #254525081362:  Hold'em No Limit ($0.50/$1.00 USD) - 2025/01/24 3:51:26 WET [2025/01/23 22:51:26 ET]
Table 'Suevia III' 6-max Seat #3 is the button
Seat 1: pr0tecto ($210.17 in chips) 
Seat 2: ptolejmus ($13.53 in chips) 
Seat 3: ImaPeppaPig ($100 in chips) 
Seat 4: Timonessb ($104.02 in chips) 
Seat 5: steepfell ($122.30 in chips) 
Seat 6: btop4887 ($45.53 in chips) 
Timonessb: posts small blind $0.50
steepfell: posts big blind $1
*** HOLE CARDS ***
btop4887: calls $1
pr0tecto: folds 
ptolejmus: folds 
ImaPeppaPig: folds 
Timonessb: raises $3 to $4
steepfell: folds 
btop4887: folds 
Uncalled bet ($3) returned to Timonessb
Timonessb collected $3 from pot
*** SUMMARY ***
Total pot $3 | Rake $0 
Seat 1: pr0tecto folded before Flop (didn't bet)
Seat 2: ptolejmus folded before Flop (didn't bet)
Seat 3: ImaPeppaPig (button) folded before Flop (didn't bet)
Seat 4: Timonessb (small blind) collected ($3)
Seat 5: steepfell (big blind) folded before Flop
Seat 6: btop4887 folded before Flop



PokerStars Hand #254525083204:  Hold'em No Limit ($0.50/$1.00 USD) - 2025/01/24 3:51:43 WET [2025/01/23 22:51:43 ET]
Table 'Suevia III' 6-max Seat #4 is the button
Seat 1: pr0tecto ($210.17 in chips) 
Seat 2: ptolejmus ($13.53 in chips) 
Seat 3: ImaPeppaPig ($100 in chips) 
Seat 4: Timonessb ($106.02 in chips) 
Seat 5: steepfell ($121.30 in chips) 
Seat 6: btop4887 ($44.53 in chips) 
steepfell: posts small blind $0.50
btop4887: posts big blind $1
*** HOLE CARDS ***
pr0tecto: raises $1.10 to $2.10
ptolejmus: folds 
ImaPeppaPig: folds 
Timonessb: folds 
steepfell: folds 
btop4887: calls $1.10
*** FLOP *** [3d 6s Ah]
btop4887: checks 
pr0tecto: bets $1.47
btop4887: folds 
Uncalled bet ($1.47) returned to pr0tecto
pr0tecto collected $4.46 from pot
pr0tecto: doesn't show hand 
*** SUMMARY ***
Total pot $4.70 | Rake $0.24 
Board [3d 6s Ah]
Seat 1: pr0tecto collected ($4.46)
Seat 2: ptolejmus folded before Flop (didn't bet)
Seat 3: ImaPeppaPig folded before Flop (didn't bet)
Seat 4: Timonessb (button) folded before Flop (didn't bet)
Seat 5: steepfell (small blind) folded before Flop
Seat 6: btop4887 (big blind) folded on the Flop



PokerStars Hand #254525086139:  Hold'em No Limit ($0.50/$1.00 USD) - 2025/01/24 3:52:09 WET [2025/01/23 22:52:09 ET]
Table 'Suevia III' 6-max Seat #5 is the button
Seat 1: pr0tecto ($212.53 in chips) 
Seat 2: ptolejmus ($13.53 in chips) 
Seat 3: ImaPeppaPig ($100 in chips) 
Seat 4: Timonessb ($106.02 in chips) 
Seat 5: steepfell ($120.80 in chips) 
Seat 6: btop4887 ($42.43 in chips) 
btop4887: posts small blind $0.50
pr0tecto: posts big blind $1
*** HOLE CARDS ***
ptolejmus: folds 
ImaPeppaPig: raises $1.50 to $2.50
Timonessb: folds 
steepfell: raises $5.50 to $8
btop4887: folds 
pr0tecto: folds 
ImaPeppaPig: folds 
Uncalled bet ($5.50) returned to steepfell
steepfell collected $6.50 from pot
steepfell: doesn't show hand 
*** SUMMARY ***
Total pot $6.50 | Rake $0 
Seat 1: pr0tecto (big blind) folded before Flop
Seat 2: ptolejmus folded before Flop (didn't bet)
Seat 3: ImaPeppaPig folded before Flop
Seat 4: Timonessb folded before Flop (didn't bet)
Seat 5: steepfell (button) collected ($6.50)
Seat 6: btop4887 (small blind) folded before Flop



PokerStars Hand #254525089740:  Hold'em No Limit ($0.50/$1.00 USD) - 2025/01/24 3:52:40 WET [2025/01/23 22:52:40 ET]
Table 'Suevia III' 6-max Seat #6 is the button
Seat 1: pr0tecto ($211.53 in chips) 
Seat 2: ptolejmus ($13.53 in chips) 
Seat 3: ImaPeppaPig ($100 in chips) 
Seat 4: Timonessb ($106.02 in chips) 
Seat 5: steepfell ($124.80 in chips) 
Seat 6: btop4887 ($41.93 in chips) 
pr0tecto: posts small blind $0.50
ptolejmus: posts big blind $1
*** HOLE CARDS ***
ImaPeppaPig: folds 
Timonessb: folds 
steepfell: raises $1.50 to $2.50
btop4887: folds 
pr0tecto: folds 
ptolejmus: folds 
Uncalled bet ($1.50) returned to steepfell
steepfell collected $2.50 from pot
steepfell: doesn't show hand 
*** SUMMARY ***
Total pot $2.50 | Rake $0 
Seat 1: pr0tecto (small blind) folded before Flop
Seat 2: ptolejmus (big blind) folded before Flop
Seat 3: ImaPeppaPig folded before Flop (didn't bet)
Seat 4: Timonessb folded before Flop (didn't bet)
Seat 5: steepfell collected ($2.50)
Seat 6: btop4887 (button) folded before Flop (didn't bet)



PokerStars Hand #254525092510:  Hold'em No Limit ($0.50/$1.00 USD) - 2025/01/24 3:53:04 WET [2025/01/23 22:53:04 ET]
Table 'Suevia III' 6-max Seat #1 is the button
Seat 1: pr0tecto ($211.03 in chips) 
Seat 2: ptolejmus ($12.53 in chips) 
Seat 3: ImaPeppaPig ($100 in chips) 
Seat 4: Timonessb ($106.02 in chips) 
Seat 5: steepfell ($126.30 in chips) 
Seat 6: btop4887 ($41.93 in chips) 
ptolejmus: posts small blind $0.50
ImaPeppaPig: posts big blind $1
*** HOLE CARDS ***
Timonessb: folds 
steepfell: folds 
btop4887: calls $1
pr0tecto: folds 
ptolejmus: raises $11.53 to $12.53 and is all-in
ImaPeppaPig: folds 
btop4887: folds 
Uncalled bet ($11.53) returned to ptolejmus
ptolejmus collected $3 from pot
*** SUMMARY ***
Total pot $3 | Rake $0 
Seat 1: pr0tecto (button) folded before Flop (didn't bet)
Seat 2: ptolejmus (small blind) collected ($3)
Seat 3: ImaPeppaPig (big blind) folded before Flop
Seat 4: Timonessb folded before Flop (didn't bet)
Seat 5: steepfell folded before Flop (didn't bet)
Seat 6: btop4887 folded before Flop



PokerStars Hand #254525094961:  Hold'em No Limit ($0.50/$1.00 USD) - 2025/01/24 3:53:26 WET [2025/01/23 22:53:26 ET]
Table 'Suevia III' 6-max Seat #2 is the button
Seat 1: pr0tecto ($211.03 in chips) 
Seat 2: ptolejmus ($14.53 in chips) 
Seat 3: ImaPeppaPig ($100 in chips) 
Seat 4: Timonessb ($106.02 in chips) 
Seat 5: steepfell ($126.30 in chips) 
Seat 6: btop4887 ($40.93 in chips) 
ImaPeppaPig: posts small blind $0.50
Timonessb: posts big blind $1
*** HOLE CARDS ***
steepfell: folds 
btop4887: folds 
pr0tecto: folds 
ptolejmus: raises $1 to $2
ImaPeppaPig: folds 
Timonessb: calls $1
*** FLOP *** [Kc 8d 9h]
Timonessb: checks 
ptolejmus: checks 
*** TURN *** [Kc 8d 9h] [8h]
Timonessb: bets $1.41
ptolejmus: calls $1.41
*** RIVER *** [Kc 8d 9h 8h] [7s]
Timonessb: bets $3.54
ptolejmus: raises $7.58 to $11.12 and is all-in
Timonessb: folds 
Uncalled bet ($7.58) returned to ptolejmus
ptolejmus collected $13.68 from pot
*** SUMMARY ***
Total pot $14.40 | Rake $0.72 
Board [Kc 8d 9h 8h 7s]
Seat 1: pr0tecto folded before Flop (didn't bet)
Seat 2: ptolejmus (button) collected ($13.68)
Seat 3: ImaPeppaPig (small blind) folded before Flop
Seat 4: Timonessb (big blind) folded on the River
Seat 5: steepfell folded before Flop (didn't bet)
Seat 6: btop4887 folded before Flop (didn't bet)



PokerStars Hand #254525102262:  Hold'em No Limit ($0.50/$1.00 USD) - 2025/01/24 3:54:29 WET [2025/01/23 22:54:29 ET]
Table 'Suevia III' 6-max Seat #3 is the button
Seat 1: pr0tecto ($211.03 in chips) 
Seat 2: ptolejmus ($21.26 in chips) 
Seat 3: ImaPeppaPig ($100 in chips) 
Seat 4: Timonessb ($100 in chips) 
Seat 5: steepfell ($126.30 in chips) 
Seat 6: btop4887 ($40.93 in chips) 
Timonessb: posts small blind $0.50
steepfell: posts big blind $1
*** HOLE CARDS ***
btop4887: calls $1
pr0tecto: folds 
ptolejmus: folds 
ImaPeppaPig: raises $3 to $4
Timonessb: folds 
steepfell: folds 
btop4887: folds 
Uncalled bet ($3) returned to ImaPeppaPig
ImaPeppaPig collected $3.50 from pot
ImaPeppaPig: doesn't show hand 
*** SUMMARY ***
Total pot $3.50 | Rake $0 
Seat 1: pr0tecto folded before Flop (didn't bet)
Seat 2: ptolejmus folded before Flop (didn't bet)
Seat 3: ImaPeppaPig (button) collected ($3.50)
Seat 4: Timonessb (small blind) folded before Flop
Seat 5: steepfell (big blind) folded before Flop
Seat 6: btop4887 folded before Flop



PokerStars Hand #254525105364:  Hold'em No Limit ($0.50/$1.00 USD) - 2025/01/24 3:54:56 WET [2025/01/23 22:54:56 ET]
Table 'Suevia III' 6-max Seat #4 is the button
Seat 1: pr0tecto ($211.03 in chips) 
Seat 2: ptolejmus ($21.26 in chips) 
Seat 3: ImaPeppaPig ($102.50 in chips) 
Seat 4: Timonessb ($100 in chips) 
Seat 5: steepfell ($125.30 in chips) 
Seat 6: btop4887 ($39.93 in chips) 
steepfell: posts small blind $0.50
btop4887: posts big blind $1
*** HOLE CARDS ***
pr0tecto: folds 
ptolejmus: folds 
ImaPeppaPig: raises $1.50 to $2.50
Timonessb: raises $5 to $7.50
steepfell: folds 
btop4887: folds 
ImaPeppaPig: folds 
Uncalled bet ($5) returned to Timonessb
Timonessb collected $6.50 from pot
*** SUMMARY ***
Total pot $6.50 | Rake $0 
Seat 1: pr0tecto folded before Flop (didn't bet)
Seat 2: ptolejmus folded before Flop (didn't bet)
Seat 3: ImaPeppaPig folded before Flop
Seat 4: Timonessb (button) collected ($6.50)
Seat 5: steepfell (small blind) folded before Flop
Seat 6: btop4887 (big blind) folded before Flop



PokerStars Hand #254525107483:  Hold'em No Limit ($0.50/$1.00 USD) - 2025/01/24 3:55:15 WET [2025/01/23 22:55:15 ET]
Table 'Suevia III' 6-max Seat #5 is the button
Seat 1: pr0tecto ($211.03 in chips) 
Seat 2: ptolejmus ($21.26 in chips) 
Seat 3: ImaPeppaPig ($100 in chips) 
Seat 4: Timonessb ($104 in chips) 
Seat 5: steepfell ($124.80 in chips) 
Seat 6: btop4887 ($38.93 in chips) 
btop4887: posts small blind $0.50
pr0tecto: posts big blind $1
*** HOLE CARDS ***
ptolejmus: folds 
ImaPeppaPig: folds 
Timonessb: folds 
steepfell: raises $1.50 to $2.50
btop4887: folds 
pr0tecto: calls $1.50
*** FLOP *** [6h 8h 3h]
pr0tecto: checks 
steepfell: bets $2.61
pr0tecto: raises $5.89 to $8.50
steepfell: folds 
Uncalled bet ($5.89) returned to pr0tecto
pr0tecto collected $10.18 from pot
pr0tecto: doesn't show hand 
*** SUMMARY ***
Total pot $10.72 | Rake $0.54 
Board [6h 8h 3h]
Seat 1: pr0tecto (big blind) collected ($10.18)
Seat 2: ptolejmus folded before Flop (didn't bet)
Seat 3: ImaPeppaPig folded before Flop (didn't bet)
Seat 4: Timonessb folded before Flop (didn't bet)
Seat 5: steepfell (button) folded on the Flop
Seat 6: btop4887 (small blind) folded before Flop



PokerStars Hand #254525110867:  Hold'em No Limit ($0.50/$1.00 USD) - 2025/01/24 3:55:53 WET [2025/01/23 22:55:53 ET]
Table 'Suevia III' 6-max Seat #6 is the button
Seat 1: pr0tecto ($216.10 in chips) 
Seat 2: ptolejmus ($21.26 in chips) 
Seat 3: ImaPeppaPig ($100 in chips) 
Seat 4: Timonessb ($104 in chips) 
Seat 5: steepfell ($119.69 in chips) 
Seat 6: btop4887 ($38.43 in chips) 
pr0tecto: posts small blind $0.50
ptolejmus: posts big blind $1
*** HOLE CARDS ***
ImaPeppaPig: folds 
Timonessb: folds 
steepfell: folds 
btop4887: calls $1
pr0tecto: folds 
ptolejmus: checks 
*** FLOP *** [6s Qs Ad]
ptolejmus: checks 
btop4887: bets $1
ptolejmus: folds 
Uncalled bet ($1) returned to btop4887
btop4887 collected $2.38 from pot
*** SUMMARY ***
Total pot $2.50 | Rake $0.12 
Board [6s Qs Ad]
Seat 1: pr0tecto (small blind) folded before Flop
Seat 2: ptolejmus (big blind) folded on the Flop
Seat 3: ImaPeppaPig folded before Flop (didn't bet)
Seat 4: Timonessb folded before Flop (didn't bet)
Seat 5: steepfell folded before Flop (didn't bet)
Seat 6: btop4887 (button) collected ($2.38)



PokerStars Hand #254525112588:  Hold'em No Limit ($0.50/$1.00 USD) - 2025/01/24 3:56:12 WET [2025/01/23 22:56:12 ET]
Table 'Suevia III' 6-max Seat #1 is the button
Seat 1: pr0tecto ($215.60 in chips) 
Seat 2: ptolejmus ($20.26 in chips) 
Seat 3: ImaPeppaPig ($100 in chips) 
Seat 4: Timonessb ($104 in chips) 
Seat 5: steepfell ($119.69 in chips) 
Seat 6: btop4887 ($39.81 in chips) 
ptolejmus: posts small blind $0.50
ImaPeppaPig: posts big blind $1
*** HOLE CARDS ***
Timonessb: folds 
steepfell: folds 
btop4887: raises $1 to $2
pr0tecto: folds 
ptolejmus: folds 
ImaPeppaPig: calls $1
*** FLOP *** [Jc 2c 7s]
ImaPeppaPig: checks 
btop4887: bets $2
ImaPeppaPig: folds 
Uncalled bet ($2) returned to btop4887
btop4887 collected $4.28 from pot
*** SUMMARY ***
Total pot $4.50 | Rake $0.22 
Board [Jc 2c 7s]
Seat 1: pr0tecto (button) folded before Flop (didn't bet)
Seat 2: ptolejmus (small blind) folded before Flop
Seat 3: ImaPeppaPig (big blind) folded on the Flop
Seat 4: Timonessb folded before Flop (didn't bet)
Seat 5: steepfell folded before Flop (didn't bet)
Seat 6: btop4887 collected ($4.28)



PokerStars Hand #254525114538:  Hold'em No Limit ($0.50/$1.00 USD) - 2025/01/24 3:56:33 WET [2025/01/23 22:56:33 ET]
Table 'Suevia III' 6-max Seat #2 is the button
Seat 1: pr0tecto ($215.60 in chips) 
Seat 2: ptolejmus ($19.76 in chips) 
Seat 3: ImaPeppaPig ($100 in chips) 
Seat 4: Timonessb ($104 in chips) 
Seat 5: steepfell ($119.69 in chips) 
Seat 6: btop4887 ($42.09 in chips) 
ImaPeppaPig: posts small blind $0.50
Timonessb: posts big blind $1
*** HOLE CARDS ***
steepfell: folds 
btop4887: calls $1
pr0tecto: folds 
ptolejmus: folds 
ImaPeppaPig: raises $5 to $6
Timonessb: folds 
btop4887: folds 
Uncalled bet ($5) returned to ImaPeppaPig
ImaPeppaPig collected $3 from pot
ImaPeppaPig: doesn't show hand 
*** SUMMARY ***
Total pot $3 | Rake $0 
Seat 1: pr0tecto folded before Flop (didn't bet)
Seat 2: ptolejmus (button) folded before Flop (didn't bet)
Seat 3: ImaPeppaPig (small blind) collected ($3)
Seat 4: Timonessb (big blind) folded before Flop
Seat 5: steepfell folded before Flop (didn't bet)
Seat 6: btop4887 folded before Flop



PokerStars Hand #254525115814:  Hold'em No Limit ($0.50/$1.00 USD) - 2025/01/24 3:56:46 WET [2025/01/23 22:56:46 ET]
Table 'Suevia III' 6-max Seat #3 is the button
Seat 1: pr0tecto ($215.60 in chips) 
Seat 2: ptolejmus ($19.76 in chips) 
Seat 3: ImaPeppaPig ($102 in chips) 
Seat 4: Timonessb ($103 in chips) 
Seat 5: steepfell ($119.69 in chips) 
Seat 6: btop4887 ($41.09 in chips) 
Timonessb: posts small blind $0.50
steepfell: posts big blind $1
*** HOLE CARDS ***
btop4887: raises $1 to $2
pr0tecto: folds 
ptolejmus: folds 
ImaPeppaPig: folds 
Timonessb: raises $5 to $7
steepfell: folds 
btop4887: folds 
Uncalled bet ($5) returned to Timonessb
Timonessb collected $5 from pot
*** SUMMARY ***
Total pot $5 | Rake $0 
Seat 1: pr0tecto folded before Flop (didn't bet)
Seat 2: ptolejmus folded before Flop (didn't bet)
Seat 3: ImaPeppaPig (button) folded before Flop (didn't bet)
Seat 4: Timonessb (small blind) collected ($5)
Seat 5: steepfell (big blind) folded before Flop
Seat 6: btop4887 folded before Flop



PokerStars Hand #254525117817:  Hold'em No Limit ($0.50/$1.00 USD) - 2025/01/24 3:57:09 WET [2025/01/23 22:57:09 ET]
Table 'Suevia III' 6-max Seat #4 is the button
Seat 1: pr0tecto ($215.60 in chips) 
Seat 2: ptolejmus ($19.76 in chips) 
Seat 3: ImaPeppaPig ($102 in chips) 
Seat 4: Timonessb ($106 in chips) 
Seat 5: steepfell ($118.69 in chips) 
Seat 6: btop4887 ($39.09 in chips) 
steepfell: posts small blind $0.50
btop4887: posts big blind $1
*** HOLE CARDS ***
pr0tecto: raises $1.10 to $2.10
ptolejmus: folds 
ImaPeppaPig: folds 
Timonessb: folds 
steepfell: folds 
btop4887: calls $1.10
*** FLOP *** [3d 4d 5d]
btop4887: checks 
pr0tecto: bets $2.68
btop4887: folds 
Uncalled bet ($2.68) returned to pr0tecto
pr0tecto collected $4.46 from pot
pr0tecto: doesn't show hand 
*** SUMMARY ***
Total pot $4.70 | Rake $0.24 
Board [3d 4d 5d]
Seat 1: pr0tecto collected ($4.46)
Seat 2: ptolejmus folded before Flop (didn't bet)
Seat 3: ImaPeppaPig folded before Flop (didn't bet)
Seat 4: Timonessb (button) folded before Flop (didn't bet)
Seat 5: steepfell (small blind) folded before Flop
Seat 6: btop4887 (big blind) folded on the Flop



PokerStars Hand #254525119704:  Hold'em No Limit ($0.50/$1.00 USD) - 2025/01/24 3:57:29 WET [2025/01/23 22:57:29 ET]
Table 'Suevia III' 6-max Seat #5 is the button
Seat 1: pr0tecto ($217.96 in chips) 
Seat 2: ptolejmus ($19.76 in chips) 
Seat 3: ImaPeppaPig ($102 in chips) 
Seat 4: Timonessb ($106 in chips) 
Seat 5: steepfell ($118.19 in chips) 
Seat 6: btop4887 ($36.99 in chips) 
btop4887: posts small blind $0.50
pr0tecto: posts big blind $1
*** HOLE CARDS ***
ptolejmus: folds 
ImaPeppaPig: folds 
Timonessb: folds 
steepfell: folds 
btop4887: calls $0.50
ptolejmus leaves the table
pr0tecto: raises $3.50 to $4.50
BoyLoc0 joins the table at seat #2 
btop4887: folds 
Uncalled bet ($3.50) returned to pr0tecto
pr0tecto collected $2 from pot
pr0tecto: doesn't show hand 
*** SUMMARY ***
Total pot $2 | Rake $0 
Seat 1: pr0tecto (big blind) collected ($2)
Seat 2: ptolejmus folded before Flop (didn't bet)
Seat 3: ImaPeppaPig folded before Flop (didn't bet)
Seat 4: Timonessb folded before Flop (didn't bet)
Seat 5: steepfell (button) folded before Flop (didn't bet)
Seat 6: btop4887 (small blind) folded before Flop



PokerStars Hand #254525121905:  Hold'em No Limit ($0.50/$1.00 USD) - 2025/01/24 3:57:53 WET [2025/01/23 22:57:53 ET]
Table 'Suevia III' 6-max Seat #6 is the button
Seat 1: pr0tecto ($218.96 in chips) 
Seat 2: BoyLoc0 ($100 in chips) 
Seat 3: ImaPeppaPig ($102 in chips) 
Seat 4: Timonessb ($106 in chips) 
Seat 5: steepfell ($118.19 in chips) 
Seat 6: btop4887 ($35.99 in chips) 
pr0tecto: posts small blind $0.50
BoyLoc0: posts big blind $1
*** HOLE CARDS ***
ImaPeppaPig: folds 
Timonessb: folds 
steepfell: raises $1.50 to $2.50
btop4887: folds 
pr0tecto: raises $7.50 to $10
BoyLoc0: folds 
steepfell: calls $7.50
*** FLOP *** [Ah 7c 9d]
pr0tecto: checks 
steepfell: checks 
*** TURN *** [Ah 7c 9d] [7h]
pr0tecto: bets $10.17
steepfell: calls $10.17
*** RIVER *** [Ah 7c 9d 7h] [4h]
pr0tecto: bets $29.45
steepfell: calls $29.45
*** SHOW DOWN ***
pr0tecto: shows [6h 5h] (a flush, Ace high)
steepfell: mucks hand 
pr0tecto collected $97.74 from pot
*** SUMMARY ***
Total pot $100.24 | Rake $2.50 
Board [Ah 7c 9d 7h 4h]
Seat 1: pr0tecto (small blind) showed [6h 5h] and won ($97.74) with a flush, Ace high
Seat 2: BoyLoc0 (big blind) folded before Flop
Seat 3: ImaPeppaPig folded before Flop (didn't bet)
Seat 4: Timonessb folded before Flop (didn't bet)
Seat 5: steepfell mucked
Seat 6: btop4887 (button) folded before Flop (didn't bet)



PokerStars Hand #254525128785:  Hold'em No Limit ($0.50/$1.00 USD) - 2025/01/24 3:59:09 WET [2025/01/23 22:59:09 ET]
Table 'Suevia III' 6-max Seat #1 is the button
Seat 1: pr0tecto ($267.08 in chips) 
Seat 2: BoyLoc0 ($100 in chips) 
Seat 3: ImaPeppaPig ($102 in chips) 
Seat 4: Timonessb ($106 in chips) 
Seat 5: steepfell ($100 in chips) 
Seat 6: btop4887 ($35.99 in chips) 
BoyLoc0: posts small blind $0.50
ImaPeppaPig: posts big blind $1
*** HOLE CARDS ***
Timonessb: folds 
steepfell: folds 
btop4887: calls $1
pr0tecto: folds 
BoyLoc0: calls $0.50
ImaPeppaPig: raises $5 to $6
btop4887: folds 
BoyLoc0: folds 
Uncalled bet ($5) returned to ImaPeppaPig
ImaPeppaPig collected $3 from pot
ImaPeppaPig: doesn't show hand 
*** SUMMARY ***
Total pot $3 | Rake $0 
Seat 1: pr0tecto (button) folded before Flop (didn't bet)
Seat 2: BoyLoc0 (small blind) folded before Flop
Seat 3: ImaPeppaPig (big blind) collected ($3)
Seat 4: Timonessb folded before Flop (didn't bet)
Seat 5: steepfell folded before Flop (didn't bet)
Seat 6: btop4887 folded before Flop



PokerStars Hand #254525130812:  Hold'em No Limit ($0.50/$1.00 USD) - 2025/01/24 3:59:31 WET [2025/01/23 22:59:31 ET]
Table 'Suevia III' 6-max Seat #2 is the button
Seat 1: pr0tecto ($267.08 in chips) 
Seat 2: BoyLoc0 ($100 in chips) 
Seat 3: ImaPeppaPig ($104 in chips) 
Seat 4: Timonessb ($106 in chips) 
Seat 5: steepfell ($100 in chips) 
Seat 6: btop4887 ($34.99 in chips) 
ImaPeppaPig: posts small blind $0.50
Timonessb: posts big blind $1
*** HOLE CARDS ***
steepfell: folds 
btop4887: calls $1
pr0tecto: raises $3.50 to $4.50
BoyLoc0: calls $4.50
ImaPeppaPig: folds 
Timonessb: folds 
btop4887: folds 
*** FLOP *** [Ad 6h 5d]
pr0tecto: checks 
BoyLoc0: bets $3.60
pr0tecto: calls $3.60
*** TURN *** [Ad 6h 5d] [9h]
pr0tecto: checks 
BoyLoc0: bets $22.64
pr0tecto: folds 
Uncalled bet ($22.64) returned to BoyLoc0
BoyLoc0 collected $17.76 from pot
BoyLoc0: doesn't show hand 
*** SUMMARY ***
Total pot $18.70 | Rake $0.94 
Board [Ad 6h 5d 9h]
Seat 1: pr0tecto folded on the Turn
Seat 2: BoyLoc0 (button) collected ($17.76)
Seat 3: ImaPeppaPig (small blind) folded before Flop
Seat 4: Timonessb (big blind) folded before Flop
Seat 5: steepfell folded before Flop (didn't bet)
Seat 6: btop4887 folded before Flop



PokerStars Hand #254525144441:  Hold'em No Limit ($0.50/$1.00 USD) - 2025/01/24 4:01:43 WET [2025/01/23 23:01:43 ET]
Table 'Suevia III' 6-max Seat #6 is the button
Seat 1: pr0tecto ($260.34 in chips) 
Seat 2: BoyLoc0 ($116.48 in chips) 
Seat 3: ImaPeppaPig ($103.50 in chips) 
Seat 4: Timonessb ($104.50 in chips) 
Seat 5: steepfell ($100 in chips) 
Seat 6: btop4887 ($26.79 in chips) 
pr0tecto: posts small blind $0.50
BoyLoc0: posts big blind $1
*** HOLE CARDS ***
ImaPeppaPig: folds 
Timonessb: raises $1.30 to $2.30
steepfell: folds 
btop4887: raises $2.30 to $4.60
pr0tecto: folds 
BoyLoc0: folds 
Timonessb: calls $2.30
*** FLOP *** [3s Kh Jh]
Timonessb: checks 
btop4887: bets $4
Timonessb: raises $95.90 to $99.90 and is all-in
btop4887: calls $18.19 and is all-in
Uncalled bet ($77.71) returned to Timonessb
*** TURN *** [3s Kh Jh] [7s]
*** RIVER *** [3s Kh Jh 7s] [6d]
*** SHOW DOWN ***
Timonessb: shows [Ah 6h] (a pair of Sixes)
btop4887: shows [Ks Qs] (a pair of Kings)
btop4887 collected $52.58 from pot
*** SUMMARY ***
Total pot $55.08 | Rake $2.50 
Board [3s Kh Jh 7s 6d]
Seat 1: pr0tecto (small blind) folded before Flop
Seat 2: BoyLoc0 (big blind) folded before Flop
Seat 3: ImaPeppaPig folded before Flop (didn't bet)
Seat 4: Timonessb showed [Ah 6h] and lost with a pair of Sixes
Seat 5: steepfell folded before Flop (didn't bet)
Seat 6: btop4887 (button) showed [Ks Qs] and won ($52.58) with a pair of Kings



PokerStars Hand #254525148467:  Hold'em No Limit ($0.50/$1.00 USD) - 2025/01/24 4:02:19 WET [2025/01/23 23:02:19 ET]
Table 'Suevia III' 6-max Seat #1 is the button
Seat 1: pr0tecto ($259.84 in chips) 
Seat 2: BoyLoc0 ($115.48 in chips) 
Seat 3: ImaPeppaPig ($103.50 in chips) 
Seat 4: Timonessb ($100 in chips) 
Seat 5: steepfell ($100 in chips) 
Seat 6: btop4887 ($52.58 in chips) 
BoyLoc0: posts small blind $0.50
ImaPeppaPig: posts big blind $1
*** HOLE CARDS ***
Timonessb: folds 
steepfell: folds 
btop4887: calls $1
pr0tecto: raises $3.50 to $4.50
BoyLoc0: folds 
ImaPeppaPig: folds 
btop4887: folds 
Uncalled bet ($3.50) returned to pr0tecto
pr0tecto collected $3.50 from pot
pr0tecto: doesn't show hand 
*** SUMMARY ***
Total pot $3.50 | Rake $0 
Seat 1: pr0tecto (button) collected ($3.50)
Seat 2: BoyLoc0 (small blind) folded before Flop
Seat 3: ImaPeppaPig (big blind) folded before Flop
Seat 4: Timonessb folded before Flop (didn't bet)
Seat 5: steepfell folded before Flop (didn't bet)
Seat 6: btop4887 folded before Flop



PokerStars Hand #254525151178:  Hold'em No Limit ($0.50/$1.00 USD) - 2025/01/24 4:02:42 WET [2025/01/23 23:02:42 ET]
Table 'Suevia III' 6-max Seat #2 is the button
Seat 1: pr0tecto ($262.34 in chips) 
Seat 2: BoyLoc0 ($114.98 in chips) 
Seat 3: ImaPeppaPig ($102.50 in chips) 
Seat 4: Timonessb ($100 in chips) 
Seat 5: steepfell ($100 in chips) 
Seat 6: btop4887 ($51.58 in chips) 
ImaPeppaPig: posts small blind $0.50
Timonessb: posts big blind $1
*** HOLE CARDS ***
steepfell: folds 
btop4887: folds 
pr0tecto: raises $1.20 to $2.20
BoyLoc0: folds 
ImaPeppaPig: folds 
Timonessb: folds 
Uncalled bet ($1.20) returned to pr0tecto
pr0tecto collected $2.50 from pot
pr0tecto: doesn't show hand 
*** SUMMARY ***
Total pot $2.50 | Rake $0 
Seat 1: pr0tecto collected ($2.50)
Seat 2: BoyLoc0 (button) folded before Flop (didn't bet)
Seat 3: ImaPeppaPig (small blind) folded before Flop
Seat 4: Timonessb (big blind) folded before Flop
Seat 5: steepfell folded before Flop (didn't bet)
Seat 6: btop4887 folded before Flop (didn't bet)



PokerStars Hand #254525152638:  Hold'em No Limit ($0.50/$1.00 USD) - 2025/01/24 4:02:55 WET [2025/01/23 23:02:55 ET]
Table 'Suevia III' 6-max Seat #3 is the button
Seat 1: pr0tecto ($263.84 in chips) 
Seat 2: BoyLoc0 ($114.98 in chips) 
Seat 3: ImaPeppaPig ($102 in chips) 
Seat 4: Timonessb ($100 in chips) 
Seat 5: steepfell ($100 in chips) 
Seat 6: btop4887 ($51.58 in chips) 
Timonessb: posts small blind $0.50
steepfell: posts big blind $1
*** HOLE CARDS ***
btop4887: calls $1
pr0tecto: raises $3.50 to $4.50
BoyLoc0: folds 
ImaPeppaPig: folds 
Timonessb: folds 
steepfell: folds 
btop4887: folds 
Uncalled bet ($3.50) returned to pr0tecto
pr0tecto collected $3.50 from pot
pr0tecto: doesn't show hand 
*** SUMMARY ***
Total pot $3.50 | Rake $0 
Seat 1: pr0tecto collected ($3.50)
Seat 2: BoyLoc0 folded before Flop (didn't bet)
Seat 3: ImaPeppaPig (button) folded before Flop (didn't bet)
Seat 4: Timonessb (small blind) folded before Flop
Seat 5: steepfell (big blind) folded before Flop
Seat 6: btop4887 folded before Flop



PokerStars Hand #254525154476:  Hold'em No Limit ($0.50/$1.00 USD) - 2025/01/24 4:03:11 WET [2025/01/23 23:03:11 ET]
Table 'Suevia III' 6-max Seat #4 is the button
Seat 1: pr0tecto ($266.34 in chips) 
Seat 2: BoyLoc0 ($114.98 in chips) 
Seat 3: ImaPeppaPig ($102 in chips) 
Seat 4: Timonessb ($100 in chips) 
Seat 5: steepfell ($100 in chips) 
Seat 6: btop4887 ($50.58 in chips) 
steepfell: posts small blind $0.50
btop4887: posts big blind $1
*** HOLE CARDS ***
pr0tecto: folds 
BoyLoc0: raises $1.50 to $2.50
ImaPeppaPig: folds 
Timonessb: folds 
steepfell: folds 
btop4887: calls $1.50
*** FLOP *** [7h 6s 8h]
btop4887: checks 
BoyLoc0: checks 
*** TURN *** [7h 6s 8h] [3s]
btop4887: bets $2
BoyLoc0: calls $2
*** RIVER *** [7h 6s 8h 3s] [3h]
btop4887: bets $2
BoyLoc0: calls $2
*** SHOW DOWN ***
btop4887: shows [Ts 6h] (two pair, Sixes and Threes)
BoyLoc0: shows [8c Jc] (two pair, Eights and Threes)
BoyLoc0 collected $12.82 from pot
*** SUMMARY ***
Total pot $13.50 | Rake $0.68 
Board [7h 6s 8h 3s 3h]
Seat 1: pr0tecto folded before Flop (didn't bet)
Seat 2: BoyLoc0 showed [8c Jc] and won ($12.82) with two pair, Eights and Threes
Seat 3: ImaPeppaPig folded before Flop (didn't bet)
Seat 4: Timonessb (button) folded before Flop (didn't bet)
Seat 5: steepfell (small blind) folded before Flop
Seat 6: btop4887 (big blind) showed [Ts 6h] and lost with two pair, Sixes and Threes



PokerStars Hand #254525157768:  Hold'em No Limit ($0.50/$1.00 USD) - 2025/01/24 4:03:41 WET [2025/01/23 23:03:41 ET]
Table 'Suevia III' 6-max Seat #5 is the button
Seat 1: pr0tecto ($266.34 in chips) 
Seat 2: BoyLoc0 ($121.30 in chips) 
Seat 3: ImaPeppaPig ($102 in chips) 
Seat 4: Timonessb ($100 in chips) 
Seat 5: steepfell ($100 in chips) 
Seat 6: btop4887 ($44.08 in chips) 
btop4887: posts small blind $0.50
pr0tecto: posts big blind $1
*** HOLE CARDS ***
BoyLoc0: folds 
ImaPeppaPig: folds 
Timonessb: folds 
steepfell: raises $1.50 to $2.50
btop4887: folds 
pr0tecto: folds 
Uncalled bet ($1.50) returned to steepfell
steepfell collected $2.50 from pot
steepfell: doesn't show hand 
*** SUMMARY ***
Total pot $2.50 | Rake $0 
Seat 1: pr0tecto (big blind) folded before Flop
Seat 2: BoyLoc0 folded before Flop (didn't bet)
Seat 3: ImaPeppaPig folded before Flop (didn't bet)
Seat 4: Timonessb folded before Flop (didn't bet)
Seat 5: steepfell (button) collected ($2.50)
Seat 6: btop4887 (small blind) folded before Flop



PokerStars Hand #254525159141:  Hold'em No Limit ($0.50/$1.00 USD) - 2025/01/24 4:03:53 WET [2025/01/23 23:03:53 ET]
Table 'Suevia III' 6-max Seat #6 is the button
Seat 1: pr0tecto ($265.34 in chips) 
Seat 2: BoyLoc0 ($121.30 in chips) 
Seat 3: ImaPeppaPig ($102 in chips) 
Seat 4: Timonessb ($100 in chips) 
Seat 5: steepfell ($101.50 in chips) 
Seat 6: btop4887 ($43.58 in chips) 
pr0tecto: posts small blind $0.50
BoyLoc0: posts big blind $1
*** HOLE CARDS ***
ImaPeppaPig: raises $1.50 to $2.50
Timonessb: folds 
steepfell: folds 
btop4887: calls $2.50
pr0tecto: folds 
BoyLoc0: calls $1.50
*** FLOP *** [Kc Qs 8s]
BoyLoc0: checks 
ImaPeppaPig: checks 
btop4887: bets $3
BoyLoc0: calls $3
ImaPeppaPig: folds 
*** TURN *** [Kc Qs 8s] [Th]
BoyLoc0: checks 
btop4887: checks 
*** RIVER *** [Kc Qs 8s Th] [Js]
BoyLoc0: checks 
btop4887: checks 
*** SHOW DOWN ***
BoyLoc0: shows [Kh 2h] (a pair of Kings)
btop4887: mucks hand 
BoyLoc0 collected $13.30 from pot
*** SUMMARY ***
Total pot $14 | Rake $0.70 
Board [Kc Qs 8s Th Js]
Seat 1: pr0tecto (small blind) folded before Flop
Seat 2: BoyLoc0 (big blind) showed [Kh 2h] and won ($13.30) with a pair of Kings
Seat 3: ImaPeppaPig folded on the Flop
Seat 4: Timonessb folded before Flop (didn't bet)
Seat 5: steepfell folded before Flop (didn't bet)
Seat 6: btop4887 (button) mucked



PokerStars Hand #254525164682:  Hold'em No Limit ($0.50/$1.00 USD) - 2025/01/24 4:04:42 WET [2025/01/23 23:04:42 ET]
Table 'Suevia III' 6-max Seat #1 is the button
Seat 1: pr0tecto ($264.84 in chips) 
Seat 2: BoyLoc0 ($129.10 in chips) 
Seat 3: ImaPeppaPig ($100 in chips) 
Seat 4: Timonessb ($100 in chips) 
Seat 5: steepfell ($101.50 in chips) 
Seat 6: btop4887 ($38.08 in chips) 
BoyLoc0: posts small blind $0.50
ImaPeppaPig: posts big blind $1
*** HOLE CARDS ***
Timonessb: folds 
steepfell: raises $1.50 to $2.50
btop4887: calls $2.50
pr0tecto: folds 
BoyLoc0: folds 
ImaPeppaPig: folds 
*** FLOP *** [8c 5d 2s]
steepfell: checks 
btop4887: bets $2
steepfell: calls $2
*** TURN *** [8c 5d 2s] [Kc]
steepfell: checks 
btop4887: bets $2
steepfell: calls $2
*** RIVER *** [8c 5d 2s Kc] [5h]
steepfell: checks 
btop4887: checks 
*** SHOW DOWN ***
steepfell: shows [Qd Ad] (a pair of Fives)
btop4887: shows [8h 9h] (two pair, Eights and Fives)
btop4887 collected $13.78 from pot
*** SUMMARY ***
Total pot $14.50 | Rake $0.72 
Board [8c 5d 2s Kc 5h]
Seat 1: pr0tecto (button) folded before Flop (didn't bet)
Seat 2: BoyLoc0 (small blind) folded before Flop
Seat 3: ImaPeppaPig (big blind) folded before Flop
Seat 4: Timonessb folded before Flop (didn't bet)
Seat 5: steepfell showed [Qd Ad] and lost with a pair of Fives
Seat 6: btop4887 showed [8h 9h] and won ($13.78) with two pair, Eights and Fives



PokerStars Hand #254525168929:  Hold'em No Limit ($0.50/$1.00 USD) - 2025/01/24 4:05:19 WET [2025/01/23 23:05:19 ET]
Table 'Suevia III' 6-max Seat #2 is the button
Seat 1: pr0tecto ($264.84 in chips) 
Seat 2: BoyLoc0 ($128.60 in chips) 
Seat 3: ImaPeppaPig ($100 in chips) 
Seat 4: Timonessb ($100 in chips) 
Seat 5: steepfell ($100 in chips) 
Seat 6: btop4887 ($45.36 in chips) 
ImaPeppaPig: posts small blind $0.50
Timonessb: posts big blind $1
*** HOLE CARDS ***
steepfell: folds 
btop4887: raises $2 to $3
pr0tecto: folds 
BoyLoc0: calls $3
ImaPeppaPig: folds 
Timonessb: calls $2
*** FLOP *** [Kh 2d 5d]
Timonessb: checks 
btop4887: bets $3
BoyLoc0: folds 
Timonessb: calls $3
*** TURN *** [Kh 2d 5d] [7s]
Timonessb: checks 
btop4887: checks 
*** RIVER *** [Kh 2d 5d 7s] [Td]
Timonessb: checks 
btop4887: checks 
*** SHOW DOWN ***
Timonessb: shows [As 5s] (a pair of Fives)
btop4887: mucks hand 
Timonessb collected $14.72 from pot
*** SUMMARY ***
Total pot $15.50 | Rake $0.78 
Board [Kh 2d 5d 7s Td]
Seat 1: pr0tecto folded before Flop (didn't bet)
Seat 2: BoyLoc0 (button) folded on the Flop
Seat 3: ImaPeppaPig (small blind) folded before Flop
Seat 4: Timonessb (big blind) showed [As 5s] and won ($14.72) with a pair of Fives
Seat 5: steepfell folded before Flop (didn't bet)
Seat 6: btop4887 mucked



PokerStars Hand #254525172584:  Hold'em No Limit ($0.50/$1.00 USD) - 2025/01/24 4:05:51 WET [2025/01/23 23:05:51 ET]
Table 'Suevia III' 6-max Seat #3 is the button
Seat 1: pr0tecto ($264.84 in chips) 
Seat 2: BoyLoc0 ($125.60 in chips) 
Seat 3: ImaPeppaPig ($100 in chips) 
Seat 4: Timonessb ($108.72 in chips) 
Seat 5: steepfell ($100 in chips) 
Seat 6: btop4887 ($39.36 in chips) 
Timonessb: posts small blind $0.50
steepfell: posts big blind $1
*** HOLE CARDS ***
btop4887: raises $1 to $2
pr0tecto: folds 
BoyLoc0: folds 
ImaPeppaPig: folds 
Timonessb: folds 
steepfell: calls $1
*** FLOP *** [Kh 4h 4s]
steepfell: checks 
btop4887: bets $1
steepfell: calls $1
*** TURN *** [Kh 4h 4s] [Kd]
steepfell: checks 
btop4887: bets $1
steepfell: calls $1
*** RIVER *** [Kh 4h 4s Kd] [Jd]
steepfell: checks 
btop4887: bets $4
steepfell: folds 
Uncalled bet ($4) returned to btop4887
btop4887 collected $8.08 from pot
*** SUMMARY ***
Total pot $8.50 | Rake $0.42 
Board [Kh 4h 4s Kd Jd]
Seat 1: pr0tecto folded before Flop (didn't bet)
Seat 2: BoyLoc0 folded before Flop (didn't bet)
Seat 3: ImaPeppaPig (button) folded before Flop (didn't bet)
Seat 4: Timonessb (small blind) folded before Flop
Seat 5: steepfell (big blind) folded on the River
Seat 6: btop4887 collected ($8.08)



PokerStars Hand #254525177490:  Hold'em No Limit ($0.50/$1.00 USD) - 2025/01/24 4:06:35 WET [2025/01/23 23:06:35 ET]
Table 'Suevia III' 6-max Seat #4 is the button
Seat 1: pr0tecto ($264.84 in chips) 
Seat 2: BoyLoc0 ($125.60 in chips) 
Seat 3: ImaPeppaPig ($100 in chips) 
Seat 4: Timonessb ($108.22 in chips) 
Seat 5: steepfell ($100 in chips) 
Seat 6: btop4887 ($43.44 in chips) 
steepfell: posts small blind $0.50
btop4887: posts big blind $1
*** HOLE CARDS ***
pr0tecto: folds 
BoyLoc0: folds 
ImaPeppaPig: folds 
Timonessb: raises $1.50 to $2.50
steepfell: folds 
btop4887: calls $1.50
*** FLOP *** [4h 6h 6s]
btop4887: bets $1
Timonessb: calls $1
*** TURN *** [4h 6h 6s] [8h]
btop4887: bets $1
Timonessb: calls $1
*** RIVER *** [4h 6h 6s 8h] [Qc]
btop4887: checks 
Timonessb: checks 
*** SHOW DOWN ***
btop4887: shows [5d Jd] (a pair of Sixes)
Timonessb: shows [Ad 3h] (a pair of Sixes - Ace kicker)
Timonessb collected $9.02 from pot
*** SUMMARY ***
Total pot $9.50 | Rake $0.48 
Board [4h 6h 6s 8h Qc]
Seat 1: pr0tecto folded before Flop (didn't bet)
Seat 2: BoyLoc0 folded before Flop (didn't bet)
Seat 3: ImaPeppaPig folded before Flop (didn't bet)
Seat 4: Timonessb (button) showed [Ad 3h] and won ($9.02) with a pair of Sixes
Seat 5: steepfell (small blind) folded before Flop
Seat 6: btop4887 (big blind) showed [5d Jd] and lost with a pair of Sixes



PokerStars Hand #254525180053:  Hold'em No Limit ($0.50/$1.00 USD) - 2025/01/24 4:06:58 WET [2025/01/23 23:06:58 ET]
Table 'Suevia III' 6-max Seat #5 is the button
Seat 1: pr0tecto ($264.84 in chips) 
Seat 2: BoyLoc0 ($125.60 in chips) 
Seat 3: ImaPeppaPig ($100 in chips) 
Seat 4: Timonessb ($112.74 in chips) 
Seat 5: steepfell ($100 in chips) 
Seat 6: btop4887 ($38.94 in chips) 
btop4887: posts small blind $0.50
pr0tecto: posts big blind $1
*** HOLE CARDS ***
BoyLoc0: folds 
ImaPeppaPig: folds 
Timonessb: folds 
steepfell: folds 
btop4887: calls $0.50
pr0tecto: checks 
*** FLOP *** [2c 9d 9s]
btop4887: checks 
pr0tecto: checks 
*** TURN *** [2c 9d 9s] [Ad]
btop4887: checks 
pr0tecto: checks 
*** RIVER *** [2c 9d 9s Ad] [3h]
btop4887: checks 
pr0tecto: checks 
*** SHOW DOWN ***
btop4887: shows [7s 4c] (a pair of Nines)
pr0tecto: shows [Kh 7d] (a pair of Nines - Ace+King kicker)
pr0tecto collected $1.90 from pot
*** SUMMARY ***
Total pot $2 | Rake $0.10 
Board [2c 9d 9s Ad 3h]
Seat 1: pr0tecto (big blind) showed [Kh 7d] and won ($1.90) with a pair of Nines
Seat 2: BoyLoc0 folded before Flop (didn't bet)
Seat 3: ImaPeppaPig folded before Flop (didn't bet)
Seat 4: Timonessb folded before Flop (didn't bet)
Seat 5: steepfell (button) folded before Flop (didn't bet)
Seat 6: btop4887 (small blind) showed [7s 4c] and lost with a pair of Nines



PokerStars Hand #254525183612:  Hold'em No Limit ($0.50/$1.00 USD) - 2025/01/24 4:07:31 WET [2025/01/23 23:07:31 ET]
Table 'Suevia III' 6-max Seat #6 is the button
Seat 1: pr0tecto ($265.74 in chips) 
Seat 2: BoyLoc0 ($125.60 in chips) 
Seat 3: ImaPeppaPig ($100 in chips) 
Seat 4: Timonessb ($112.74 in chips) 
Seat 5: steepfell ($100 in chips) 
Seat 6: btop4887 ($37.94 in chips) 
pr0tecto: posts small blind $0.50
BoyLoc0: posts big blind $1
*** HOLE CARDS ***
ImaPeppaPig: folds 
Timonessb: raises $1.30 to $2.30
steepfell: folds 
btop4887: calls $2.30
pr0tecto: folds 
BoyLoc0: folds 
*** FLOP *** [2s Ks 6d]
Timonessb: bets $3.89
btop4887: folds 
Uncalled bet ($3.89) returned to Timonessb
Timonessb collected $5.80 from pot
Timonessb: doesn't show hand 
*** SUMMARY ***
Total pot $6.10 | Rake $0.30 
Board [2s Ks 6d]
Seat 1: pr0tecto (small blind) folded before Flop
Seat 2: BoyLoc0 (big blind) folded before Flop
Seat 3: ImaPeppaPig folded before Flop (didn't bet)
Seat 4: Timonessb collected ($5.80)
Seat 5: steepfell folded before Flop (didn't bet)
Seat 6: btop4887 (button) folded on the Flop



PokerStars Hand #254525185668:  Hold'em No Limit ($0.50/$1.00 USD) - 2025/01/24 4:07:50 WET [2025/01/23 23:07:50 ET]
Table 'Suevia III' 6-max Seat #1 is the button
Seat 1: pr0tecto ($265.24 in chips) 
Seat 2: BoyLoc0 ($124.60 in chips) 
Seat 3: ImaPeppaPig ($100 in chips) 
Seat 4: Timonessb ($116.24 in chips) 
Seat 5: steepfell ($100 in chips) 
Seat 6: btop4887 ($35.64 in chips) 
BoyLoc0: posts small blind $0.50
ImaPeppaPig: posts big blind $1
*** HOLE CARDS ***
Timonessb: folds 
steepfell: raises $1.50 to $2.50
btop4887: folds 
pr0tecto: folds 
BoyLoc0: folds 
ImaPeppaPig: folds 
Uncalled bet ($1.50) returned to steepfell
steepfell collected $2.50 from pot
steepfell: doesn't show hand 
*** SUMMARY ***
Total pot $2.50 | Rake $0 
Seat 1: pr0tecto (button) folded before Flop (didn't bet)
Seat 2: BoyLoc0 (small blind) folded before Flop
Seat 3: ImaPeppaPig (big blind) folded before Flop
Seat 4: Timonessb folded before Flop (didn't bet)
Seat 5: steepfell collected ($2.50)
Seat 6: btop4887 folded before Flop (didn't bet)



PokerStars Hand #254525188414:  Hold'em No Limit ($0.50/$1.00 USD) - 2025/01/24 4:08:14 WET [2025/01/23 23:08:14 ET]
Table 'Suevia III' 6-max Seat #2 is the button
Seat 1: pr0tecto ($265.24 in chips) 
Seat 2: BoyLoc0 ($124.10 in chips) 
Seat 3: ImaPeppaPig ($100 in chips) 
Seat 4: Timonessb ($116.24 in chips) 
Seat 5: steepfell ($101.50 in chips) 
Seat 6: btop4887 ($35.64 in chips) 
ImaPeppaPig: posts small blind $0.50
Timonessb: posts big blind $1
*** HOLE CARDS ***
steepfell: folds 
btop4887: calls $1
pr0tecto: raises $3.50 to $4.50
BoyLoc0: raises $5.50 to $10
ImaPeppaPig: folds 
Timonessb: folds 
btop4887: folds 
pr0tecto: calls $5.50
*** FLOP *** [8c Ks Qd]
pr0tecto: checks 
BoyLoc0: bets $7.06
pr0tecto: folds 
Uncalled bet ($7.06) returned to BoyLoc0
BoyLoc0 collected $21.38 from pot
BoyLoc0: doesn't show hand 
*** SUMMARY ***
Total pot $22.50 | Rake $1.12 
Board [8c Ks Qd]
Seat 1: pr0tecto folded on the Flop
Seat 2: BoyLoc0 (button) collected ($21.38)
Seat 3: ImaPeppaPig (small blind) folded before Flop
Seat 4: Timonessb (big blind) folded before Flop
Seat 5: steepfell folded before Flop (didn't bet)
Seat 6: btop4887 folded before Flop



PokerStars Hand #254525192264:  Hold'em No Limit ($0.50/$1.00 USD) - 2025/01/24 4:08:48 WET [2025/01/23 23:08:48 ET]
Table 'Suevia III' 6-max Seat #3 is the button
Seat 1: pr0tecto ($255.24 in chips) 
Seat 2: BoyLoc0 ($135.48 in chips) 
Seat 3: ImaPeppaPig ($100 in chips) 
Seat 4: Timonessb ($115.24 in chips) 
Seat 5: steepfell ($101.50 in chips) 
Seat 6: btop4887 ($34.64 in chips) 
Timonessb: posts small blind $0.50
steepfell: posts big blind $1
*** HOLE CARDS ***
btop4887: raises $1 to $2
pr0tecto: folds 
BoyLoc0: folds 
ImaPeppaPig: folds 
Timonessb: folds 
steepfell: calls $1
*** FLOP *** [9d Jd 5c]
steepfell: checks 
btop4887: bets $2
steepfell: calls $2
*** TURN *** [9d Jd 5c] [Td]
steepfell: checks 
btop4887: checks 
*** RIVER *** [9d Jd 5c Td] [7h]
steepfell: checks 
btop4887: checks 
*** SHOW DOWN ***
steepfell: shows [Qh Js] (a pair of Jacks)
btop4887: mucks hand 
steepfell collected $8.08 from pot
*** SUMMARY ***
Total pot $8.50 | Rake $0.42 
Board [9d Jd 5c Td 7h]
Seat 1: pr0tecto folded before Flop (didn't bet)
Seat 2: BoyLoc0 folded before Flop (didn't bet)
Seat 3: ImaPeppaPig (button) folded before Flop (didn't bet)
Seat 4: Timonessb (small blind) folded before Flop
Seat 5: steepfell (big blind) showed [Qh Js] and won ($8.08) with a pair of Jacks
Seat 6: btop4887 mucked



PokerStars Hand #254525196850:  Hold'em No Limit ($0.50/$1.00 USD) - 2025/01/24 4:09:30 WET [2025/01/23 23:09:30 ET]
Table 'Suevia III' 6-max Seat #4 is the button
Seat 1: pr0tecto ($255.24 in chips) 
Seat 2: BoyLoc0 ($135.48 in chips) 
Seat 3: ImaPeppaPig ($100 in chips) 
Seat 4: Timonessb ($114.74 in chips) 
Seat 5: steepfell ($105.58 in chips) 
Seat 6: btop4887 ($30.64 in chips) 
steepfell: posts small blind $0.50
btop4887: posts big blind $1
*** HOLE CARDS ***
pr0tecto: folds 
BoyLoc0: raises $1.50 to $2.50
ImaPeppaPig: folds 
Timonessb: folds 
steepfell: raises $8.50 to $11
btop4887: folds 
BoyLoc0: calls $8.50
*** FLOP *** [2h Jd 6c]
steepfell: bets $7.21
BoyLoc0: folds 
Uncalled bet ($7.21) returned to steepfell
steepfell collected $21.85 from pot
steepfell: doesn't show hand 
*** SUMMARY ***
Total pot $23 | Rake $1.15 
Board [2h Jd 6c]
Seat 1: pr0tecto folded before Flop (didn't bet)
Seat 2: BoyLoc0 folded on the Flop
Seat 3: ImaPeppaPig folded before Flop (didn't bet)
Seat 4: Timonessb (button) folded before Flop (didn't bet)
Seat 5: steepfell (small blind) collected ($21.85)
Seat 6: btop4887 (big blind) folded before Flop



PokerStars Hand #254525199770:  Hold'em No Limit ($0.50/$1.00 USD) - 2025/01/24 4:09:56 WET [2025/01/23 23:09:56 ET]
Table 'Suevia III' 6-max Seat #5 is the button
Seat 1: pr0tecto ($255.24 in chips) 
Seat 2: BoyLoc0 ($124.48 in chips) 
Seat 3: ImaPeppaPig ($100 in chips) 
Seat 4: Timonessb ($114.74 in chips) 
Seat 5: steepfell ($116.43 in chips) 
Seat 6: btop4887 ($29.64 in chips) 
btop4887: posts small blind $0.50
pr0tecto: posts big blind $1
*** HOLE CARDS ***
BoyLoc0: folds 
ImaPeppaPig: folds 
Timonessb: folds 
steepfell: folds 
btop4887: calls $0.50
pr0tecto: checks 
*** FLOP *** [As Kd 8h]
btop4887: checks 
pr0tecto: checks 
*** TURN *** [As Kd 8h] [Ks]
btop4887: checks 
pr0tecto: bets $1.14
btop4887: calls $1.14
*** RIVER *** [As Kd 8h Ks] [5s]
btop4887: checks 
pr0tecto: bets $8.14
btop4887: folds 
Uncalled bet ($8.14) returned to pr0tecto
pr0tecto collected $4.07 from pot
pr0tecto: doesn't show hand 
*** SUMMARY ***
Total pot $4.28 | Rake $0.21 
Board [As Kd 8h Ks 5s]
Seat 1: pr0tecto (big blind) collected ($4.07)
Seat 2: BoyLoc0 folded before Flop (didn't bet)
Seat 3: ImaPeppaPig folded before Flop (didn't bet)
Seat 4: Timonessb folded before Flop (didn't bet)
Seat 5: steepfell (button) folded before Flop (didn't bet)
Seat 6: btop4887 (small blind) folded on the River



PokerStars Hand #254525204603:  Hold'em No Limit ($0.50/$1.00 USD) - 2025/01/24 4:10:39 WET [2025/01/23 23:10:39 ET]
Table 'Suevia III' 6-max Seat #6 is the button
Seat 1: pr0tecto ($257.17 in chips) 
Seat 2: BoyLoc0 ($124.48 in chips) 
Seat 3: ImaPeppaPig ($100 in chips) 
Seat 4: Timonessb ($114.74 in chips) 
Seat 5: steepfell ($116.43 in chips) 
Seat 6: btop4887 ($27.50 in chips) 
pr0tecto: posts small blind $0.50
BoyLoc0: posts big blind $1
*** HOLE CARDS ***
ImaPeppaPig: folds 
Timonessb: folds 
steepfell: folds 
btop4887: calls $1
pr0tecto: folds 
BoyLoc0: checks 
*** FLOP *** [Ts 8d 3d]
BoyLoc0: checks 
btop4887: checks 
*** TURN *** [Ts 8d 3d] [Ks]
BoyLoc0: checks 
btop4887: bets $1
BoyLoc0: calls $1
*** RIVER *** [Ts 8d 3d Ks] [Ah]
BoyLoc0: checks 
btop4887: bets $5
BoyLoc0: raises $117.48 to $122.48 and is all-in
btop4887: calls $20.50 and is all-in
Uncalled bet ($96.98) returned to BoyLoc0
*** SHOW DOWN ***
BoyLoc0: shows [8h Ac] (two pair, Aces and Eights)
btop4887: shows [Kc Kd] (three of a kind, Kings)
btop4887 collected $53 from pot
*** SUMMARY ***
Total pot $55.50 | Rake $2.50 
Board [Ts 8d 3d Ks Ah]
Seat 1: pr0tecto (small blind) folded before Flop
Seat 2: BoyLoc0 (big blind) showed [8h Ac] and lost with two pair, Aces and Eights
Seat 3: ImaPeppaPig folded before Flop (didn't bet)
Seat 4: Timonessb folded before Flop (didn't bet)
Seat 5: steepfell folded before Flop (didn't bet)
Seat 6: btop4887 (button) showed [Kc Kd] and won ($53) with three of a kind, Kings



PokerStars Hand #254525208638:  Hold'em No Limit ($0.50/$1.00 USD) - 2025/01/24 4:11:16 WET [2025/01/23 23:11:16 ET]
Table 'Suevia III' 6-max Seat #1 is the button
Seat 1: pr0tecto ($256.67 in chips) 
Seat 2: BoyLoc0 ($100 in chips) 
Seat 3: ImaPeppaPig ($100 in chips) 
Seat 4: Timonessb ($114.74 in chips) 
Seat 5: steepfell ($116.43 in chips) 
Seat 6: btop4887 ($53 in chips) 
BoyLoc0: posts small blind $0.50
ImaPeppaPig: posts big blind $1
*** HOLE CARDS ***
Timonessb: raises $1.30 to $2.30
steepfell: folds 
btop4887: folds 
pr0tecto: folds 
BoyLoc0: folds 
ImaPeppaPig: folds 
Uncalled bet ($1.30) returned to Timonessb
Timonessb collected $2.50 from pot
*** SUMMARY ***
Total pot $2.50 | Rake $0 
Seat 1: pr0tecto (button) folded before Flop (didn't bet)
Seat 2: BoyLoc0 (small blind) folded before Flop
Seat 3: ImaPeppaPig (big blind) folded before Flop
Seat 4: Timonessb collected ($2.50)
Seat 5: steepfell folded before Flop (didn't bet)
Seat 6: btop4887 folded before Flop (didn't bet)



PokerStars Hand #254525210234:  Hold'em No Limit ($0.50/$1.00 USD) - 2025/01/24 4:11:31 WET [2025/01/23 23:11:31 ET]
Table 'Suevia III' 6-max Seat #2 is the button
Seat 1: pr0tecto ($256.67 in chips) 
Seat 2: BoyLoc0 ($100 in chips) 
Seat 3: ImaPeppaPig ($100 in chips) 
Seat 4: Timonessb ($116.24 in chips) 
Seat 5: steepfell ($116.43 in chips) 
Seat 6: btop4887 ($53 in chips) 
ImaPeppaPig: posts small blind $0.50
Timonessb: posts big blind $1
*** HOLE CARDS ***
steepfell: folds 
btop4887: calls $1
pr0tecto: raises $3.50 to $4.50
BoyLoc0: folds 
ImaPeppaPig: folds 
Timonessb: folds 
btop4887: folds 
Uncalled bet ($3.50) returned to pr0tecto
pr0tecto collected $3.50 from pot
pr0tecto: doesn't show hand 
*** SUMMARY ***
Total pot $3.50 | Rake $0 
Seat 1: pr0tecto collected ($3.50)
Seat 2: BoyLoc0 (button) folded before Flop (didn't bet)
Seat 3: ImaPeppaPig (small blind) folded before Flop
Seat 4: Timonessb (big blind) folded before Flop
Seat 5: steepfell folded before Flop (didn't bet)
Seat 6: btop4887 folded before Flop



PokerStars Hand #254525211709:  Hold'em No Limit ($0.50/$1.00 USD) - 2025/01/24 4:11:45 WET [2025/01/23 23:11:45 ET]
Table 'Suevia III' 6-max Seat #3 is the button
Seat 1: pr0tecto ($259.17 in chips) 
Seat 2: BoyLoc0 ($100 in chips) 
Seat 3: ImaPeppaPig ($100 in chips) 
Seat 4: Timonessb ($115.24 in chips) 
Seat 5: steepfell ($116.43 in chips) 
Seat 6: btop4887 ($52 in chips) 
Timonessb: posts small blind $0.50
steepfell: posts big blind $1
*** HOLE CARDS ***
btop4887: folds 
pr0tecto: folds 
BoyLoc0: folds 
ImaPeppaPig: raises $1.50 to $2.50
Timonessb: folds 
steepfell: folds 
Uncalled bet ($1.50) returned to ImaPeppaPig
ImaPeppaPig collected $2.50 from pot
ImaPeppaPig: doesn't show hand 
*** SUMMARY ***
Total pot $2.50 | Rake $0 
Seat 1: pr0tecto folded before Flop (didn't bet)
Seat 2: BoyLoc0 folded before Flop (didn't bet)
Seat 3: ImaPeppaPig (button) collected ($2.50)
Seat 4: Timonessb (small blind) folded before Flop
Seat 5: steepfell (big blind) folded before Flop
Seat 6: btop4887 folded before Flop (didn't bet)



PokerStars Hand #254525213038:  Hold'em No Limit ($0.50/$1.00 USD) - 2025/01/24 4:11:57 WET [2025/01/23 23:11:57 ET]
Table 'Suevia III' 6-max Seat #4 is the button
Seat 1: pr0tecto ($259.17 in chips) 
Seat 2: BoyLoc0 ($100 in chips) 
Seat 3: ImaPeppaPig ($101.50 in chips) 
Seat 4: Timonessb ($114.74 in chips) 
Seat 5: steepfell ($115.43 in chips) 
Seat 6: btop4887 ($52 in chips) 
steepfell: posts small blind $0.50
btop4887: posts big blind $1
*** HOLE CARDS ***
pr0tecto: folds 
BoyLoc0: folds 
ImaPeppaPig: folds 
Timonessb: folds 
steepfell: raises $2 to $3
btop4887: calls $2
*** FLOP *** [7h 2s Tc]
steepfell: checks 
btop4887: bets $2
steepfell: calls $2
*** TURN *** [7h 2s Tc] [6c]
steepfell: checks 
btop4887: bets $4
steepfell: calls $4
*** RIVER *** [7h 2s Tc 6c] [6h]
steepfell: checks 
btop4887: checks 
*** SHOW DOWN ***
steepfell: shows [8h Th] (two pair, Tens and Sixes)
btop4887: mucks hand 
steepfell collected $17.10 from pot
*** SUMMARY ***
Total pot $18 | Rake $0.90 
Board [7h 2s Tc 6c 6h]
Seat 1: pr0tecto folded before Flop (didn't bet)
Seat 2: BoyLoc0 folded before Flop (didn't bet)
Seat 3: ImaPeppaPig folded before Flop (didn't bet)
Seat 4: Timonessb (button) folded before Flop (didn't bet)
Seat 5: steepfell (small blind) showed [8h Th] and won ($17.10) with two pair, Tens and Sixes
Seat 6: btop4887 (big blind) mucked



PokerStars Hand #254525218022:  Hold'em No Limit ($0.50/$1.00 USD) - 2025/01/24 4:12:42 WET [2025/01/23 23:12:42 ET]
Table 'Suevia III' 6-max Seat #5 is the button
Seat 1: pr0tecto ($259.17 in chips) 
Seat 2: BoyLoc0 ($100 in chips) 
Seat 3: ImaPeppaPig ($101.50 in chips) 
Seat 4: Timonessb ($114.74 in chips) 
Seat 5: steepfell ($123.53 in chips) 
Seat 6: btop4887 ($43 in chips) 
btop4887: posts small blind $0.50
pr0tecto: posts big blind $1
*** HOLE CARDS ***
BoyLoc0: raises $1.50 to $2.50
ImaPeppaPig: folds 
Timonessb: folds 
steepfell: folds 
btop4887: calls $2
pr0tecto: folds 
*** FLOP *** [7h 8c 6c]
btop4887: bets $1
BoyLoc0: folds 
Uncalled bet ($1) returned to btop4887
btop4887 collected $5.70 from pot
*** SUMMARY ***
Total pot $6 | Rake $0.30 
Board [7h 8c 6c]
Seat 1: pr0tecto (big blind) folded before Flop
Seat 2: BoyLoc0 folded on the Flop
Seat 3: ImaPeppaPig folded before Flop (didn't bet)
Seat 4: Timonessb folded before Flop (didn't bet)
Seat 5: steepfell (button) folded before Flop (didn't bet)
Seat 6: btop4887 (small blind) collected ($5.70)



PokerStars Hand #254525220263:  Hold'em No Limit ($0.50/$1.00 USD) - 2025/01/24 4:13:03 WET [2025/01/23 23:13:03 ET]
Table 'Suevia III' 6-max Seat #6 is the button
Seat 1: pr0tecto ($258.17 in chips) 
Seat 2: BoyLoc0 ($100 in chips) 
Seat 3: ImaPeppaPig ($101.50 in chips) 
Seat 4: Timonessb ($114.74 in chips) 
Seat 5: steepfell ($123.53 in chips) 
Seat 6: btop4887 ($46.20 in chips) 
pr0tecto: posts small blind $0.50
BoyLoc0: posts big blind $1
*** HOLE CARDS ***
ImaPeppaPig: folds 
Timonessb: raises $1.30 to $2.30
steepfell: folds 
btop4887: calls $2.30
pr0tecto: folds 
BoyLoc0: folds 
*** FLOP *** [6d 2h Jc]
Timonessb: checks 
btop4887: checks 
*** TURN *** [6d 2h Jc] [Ah]
Timonessb: bets $2.96
btop4887: folds 
Uncalled bet ($2.96) returned to Timonessb
Timonessb collected $5.80 from pot
*** SUMMARY ***
Total pot $6.10 | Rake $0.30 
Board [6d 2h Jc Ah]
Seat 1: pr0tecto (small blind) folded before Flop
Seat 2: BoyLoc0 (big blind) folded before Flop
Seat 3: ImaPeppaPig folded before Flop (didn't bet)
Seat 4: Timonessb collected ($5.80)
Seat 5: steepfell folded before Flop (didn't bet)
Seat 6: btop4887 (button) folded on the Turn



PokerStars Hand #254525223427:  Hold'em No Limit ($0.50/$1.00 USD) - 2025/01/24 4:13:32 WET [2025/01/23 23:13:32 ET]
Table 'Suevia III' 6-max Seat #1 is the button
Seat 1: pr0tecto ($257.67 in chips) 
Seat 2: BoyLoc0 ($100 in chips) 
Seat 3: ImaPeppaPig ($101.50 in chips) 
Seat 4: Timonessb ($118.24 in chips) 
Seat 5: steepfell ($123.53 in chips) 
Seat 6: btop4887 ($43.90 in chips) 
BoyLoc0: posts small blind $0.50
ImaPeppaPig: posts big blind $1
*** HOLE CARDS ***
Timonessb: raises $1.30 to $2.30
steepfell: folds 
btop4887: folds 
pr0tecto: folds 
BoyLoc0: folds 
ImaPeppaPig: calls $1.30
*** FLOP *** [9s 4d 2s]
ImaPeppaPig: checks 
Timonessb: bets $3.74
ImaPeppaPig: calls $3.74
*** TURN *** [9s 4d 2s] [Qh]
ImaPeppaPig: checks 
Timonessb: bets $8.51
ImaPeppaPig: folds 
Uncalled bet ($8.51) returned to Timonessb
Timonessb collected $11.95 from pot
*** SUMMARY ***
Total pot $12.58 | Rake $0.63 
Board [9s 4d 2s Qh]
Seat 1: pr0tecto (button) folded before Flop (didn't bet)
Seat 2: BoyLoc0 (small blind) folded before Flop
Seat 3: ImaPeppaPig (big blind) folded on the Turn
Seat 4: Timonessb collected ($11.95)
Seat 5: steepfell folded before Flop (didn't bet)
Seat 6: btop4887 folded before Flop (didn't bet)



PokerStars Hand #254525227645:  Hold'em No Limit ($0.50/$1.00 USD) - 2025/01/24 4:14:12 WET [2025/01/23 23:14:12 ET]
Table 'Suevia III' 6-max Seat #2 is the button
Seat 1: pr0tecto ($257.67 in chips) 
Seat 2: BoyLoc0 ($100 in chips) 
Seat 3: ImaPeppaPig ($100 in chips) 
Seat 4: Timonessb ($124.15 in chips) 
Seat 5: steepfell ($123.53 in chips) 
Seat 6: btop4887 ($43.90 in chips) 
ImaPeppaPig: posts small blind $0.50
Timonessb: posts big blind $1
*** HOLE CARDS ***
steepfell: raises $1.50 to $2.50
btop4887: folds 
pr0tecto: calls $2.50
BoyLoc0: folds 
ImaPeppaPig: folds 
Timonessb: folds 
*** FLOP *** [As 6d 9s]
steepfell: bets $3.09
pr0tecto: raises $5.91 to $9
steepfell: calls $5.91
*** TURN *** [As 6d 9s] [2s]
steepfell: checks 
pr0tecto: bets $17.46
steepfell: calls $17.46
*** RIVER *** [As 6d 9s 2s] [2c]
steepfell: checks 
pr0tecto: bets $42.69
steepfell: folds 
Uncalled bet ($42.69) returned to pr0tecto
pr0tecto collected $56.92 from pot
pr0tecto: doesn't show hand 
*** SUMMARY ***
Total pot $59.42 | Rake $2.50 
Board [As 6d 9s 2s 2c]
Seat 1: pr0tecto collected ($56.92)
Seat 2: BoyLoc0 (button) folded before Flop (didn't bet)
Seat 3: ImaPeppaPig (small blind) folded before Flop
Seat 4: Timonessb (big blind) folded before Flop
Seat 5: steepfell folded on the River
Seat 6: btop4887 folded before Flop (didn't bet)



PokerStars Hand #254525241737:  Hold'em No Limit ($0.50/$1.00 USD) - 2025/01/24 4:16:25 WET [2025/01/23 23:16:25 ET]
Table 'Suevia III' 6-max Seat #3 is the button
Seat 1: pr0tecto ($285.63 in chips) 
Seat 2: BoyLoc0 ($100 in chips) 
Seat 3: ImaPeppaPig ($100 in chips) 
Seat 4: Timonessb ($123.15 in chips) 
Seat 5: steepfell ($100 in chips) 
Seat 6: btop4887 ($43.90 in chips) 
Timonessb: posts small blind $0.50
steepfell: posts big blind $1
*** HOLE CARDS ***
btop4887: raises $2 to $3
pr0tecto: folds 
BoyLoc0: folds 
ImaPeppaPig: folds 
Timonessb: folds 
steepfell: folds 
Uncalled bet ($2) returned to btop4887
btop4887 collected $2.50 from pot
*** SUMMARY ***
Total pot $2.50 | Rake $0 
Seat 1: pr0tecto folded before Flop (didn't bet)
Seat 2: BoyLoc0 folded before Flop (didn't bet)
Seat 3: ImaPeppaPig (button) folded before Flop (didn't bet)
Seat 4: Timonessb (small blind) folded before Flop
Seat 5: steepfell (big blind) folded before Flop
Seat 6: btop4887 collected ($2.50)



PokerStars Hand #254525244284:  Hold'em No Limit ($0.50/$1.00 USD) - 2025/01/24 4:16:49 WET [2025/01/23 23:16:49 ET]
Table 'Suevia III' 6-max Seat #4 is the button
Seat 1: pr0tecto ($285.63 in chips) 
Seat 2: BoyLoc0 ($100 in chips) 
Seat 3: ImaPeppaPig ($100 in chips) 
Seat 4: Timonessb ($122.65 in chips) 
Seat 5: steepfell ($100 in chips) 
Seat 6: btop4887 ($45.40 in chips) 
steepfell: posts small blind $0.50
btop4887: posts big blind $1
*** HOLE CARDS ***
pr0tecto: folds 
BoyLoc0: folds 
ImaPeppaPig: folds 
Timonessb: raises $1.50 to $2.50
steepfell: folds 
btop4887: calls $1.50
*** FLOP *** [Js 2c Kc]
btop4887: bets $2
Timonessb: folds 
Uncalled bet ($2) returned to btop4887
btop4887 collected $5.22 from pot
*** SUMMARY ***
Total pot $5.50 | Rake $0.28 
Board [Js 2c Kc]
Seat 1: pr0tecto folded before Flop (didn't bet)
Seat 2: BoyLoc0 folded before Flop (didn't bet)
Seat 3: ImaPeppaPig folded before Flop (didn't bet)
Seat 4: Timonessb (button) folded on the Flop
Seat 5: steepfell (small blind) folded before Flop
Seat 6: btop4887 (big blind) collected ($5.22)



PokerStars Hand #254525246578:  Hold'em No Limit ($0.50/$1.00 USD) - 2025/01/24 4:17:10 WET [2025/01/23 23:17:10 ET]
Table 'Suevia III' 6-max Seat #5 is the button
Seat 1: pr0tecto ($285.63 in chips) 
Seat 2: BoyLoc0 ($100 in chips) 
Seat 3: ImaPeppaPig ($100 in chips) 
Seat 4: Timonessb ($120.15 in chips) 
Seat 5: steepfell ($100 in chips) 
Seat 6: btop4887 ($48.12 in chips) 
btop4887: posts small blind $0.50
pr0tecto: posts big blind $1
*** HOLE CARDS ***
BoyLoc0: raises $1.50 to $2.50
ImaPeppaPig: folds 
Timonessb: folds 
steepfell: folds 
btop4887: folds 
pr0tecto: calls $1.50
*** FLOP *** [3h Tc Js]
pr0tecto: checks 
BoyLoc0: bets $1.72
pr0tecto: calls $1.72
*** TURN *** [3h Tc Js] [Td]
pr0tecto: checks 
BoyLoc0: checks 
*** RIVER *** [3h Tc Js Td] [Qs]
pr0tecto: checks 
BoyLoc0: bets $6.37
pr0tecto: folds 
Uncalled bet ($6.37) returned to BoyLoc0
BoyLoc0 collected $8.49 from pot
BoyLoc0: doesn't show hand 
*** SUMMARY ***
Total pot $8.94 | Rake $0.45 
Board [3h Tc Js Td Qs]
Seat 1: pr0tecto (big blind) folded on the River
Seat 2: BoyLoc0 collected ($8.49)
Seat 3: ImaPeppaPig folded before Flop (didn't bet)
Seat 4: Timonessb folded before Flop (didn't bet)
Seat 5: steepfell (button) folded before Flop (didn't bet)
Seat 6: btop4887 (small blind) folded before Flop



PokerStars Hand #254525251784:  Hold'em No Limit ($0.50/$1.00 USD) - 2025/01/24 4:17:59 WET [2025/01/23 23:17:59 ET]
Table 'Suevia III' 6-max Seat #6 is the button
Seat 1: pr0tecto ($281.41 in chips) 
Seat 2: BoyLoc0 ($104.27 in chips) 
Seat 3: ImaPeppaPig ($100 in chips) 
Seat 4: Timonessb ($120.15 in chips) 
Seat 5: steepfell ($100 in chips) 
Seat 6: btop4887 ($47.62 in chips) 
pr0tecto: posts small blind $0.50
BoyLoc0: posts big blind $1
*** HOLE CARDS ***
ImaPeppaPig: folds 
Timonessb: raises $1.30 to $2.30
steepfell: folds 
btop4887: folds 
pr0tecto: folds 
BoyLoc0: folds 
Uncalled bet ($1.30) returned to Timonessb
Timonessb collected $2.50 from pot
*** SUMMARY ***
Total pot $2.50 | Rake $0 
Seat 1: pr0tecto (small blind) folded before Flop
Seat 2: BoyLoc0 (big blind) folded before Flop
Seat 3: ImaPeppaPig folded before Flop (didn't bet)
Seat 4: Timonessb collected ($2.50)
Seat 5: steepfell folded before Flop (didn't bet)
Seat 6: btop4887 (button) folded before Flop (didn't bet)



PokerStars Hand #254525256566:  Hold'em No Limit ($0.50/$1.00 USD) - 2025/01/24 4:18:44 WET [2025/01/23 23:18:44 ET]
Table 'Suevia III' 6-max Seat #1 is the button
Seat 1: pr0tecto ($280.91 in chips) 
Seat 2: BoyLoc0 ($103.27 in chips) 
Seat 3: ImaPeppaPig ($100 in chips) 
Seat 4: Timonessb ($121.65 in chips) 
Seat 5: steepfell ($100 in chips) 
Seat 6: btop4887 ($47.62 in chips) 
BoyLoc0: posts small blind $0.50
ImaPeppaPig: posts big blind $1
*** HOLE CARDS ***
Timonessb: folds 
steepfell: raises $1.50 to $2.50
btop4887: folds 
pr0tecto: folds 
BoyLoc0: folds 
ImaPeppaPig: folds 
Uncalled bet ($1.50) returned to steepfell
steepfell collected $2.50 from pot
steepfell: doesn't show hand 
*** SUMMARY ***
Total pot $2.50 | Rake $0 
Seat 1: pr0tecto (button) folded before Flop (didn't bet)
Seat 2: BoyLoc0 (small blind) folded before Flop
Seat 3: ImaPeppaPig (big blind) folded before Flop
Seat 4: Timonessb folded before Flop (didn't bet)
Seat 5: steepfell collected ($2.50)
Seat 6: btop4887 folded before Flop (didn't bet)



PokerStars Hand #254525258638:  Hold'em No Limit ($0.50/$1.00 USD) - 2025/01/24 4:19:03 WET [2025/01/23 23:19:03 ET]
Table 'Suevia III' 6-max Seat #2 is the button
Seat 1: pr0tecto ($280.91 in chips) 
Seat 2: BoyLoc0 ($102.77 in chips) 
Seat 3: ImaPeppaPig ($100 in chips) 
Seat 4: Timonessb ($121.65 in chips) 
Seat 5: steepfell ($101.50 in chips) 
Seat 6: btop4887 ($47.62 in chips) 
ImaPeppaPig: posts small blind $0.50
Timonessb: posts big blind $1
*** HOLE CARDS ***
steepfell: folds 
btop4887: calls $1
pr0tecto: folds 
BoyLoc0: folds 
ImaPeppaPig: calls $0.50
Timonessb: checks 
*** FLOP *** [4s Ah Jd]
ImaPeppaPig: checks 
Timonessb: checks 
btop4887: checks 
*** TURN *** [4s Ah Jd] [6c]
ImaPeppaPig: bets $2
Timonessb: folds 
btop4887: folds 
Uncalled bet ($2) returned to ImaPeppaPig
ImaPeppaPig collected $2.85 from pot
ImaPeppaPig: doesn't show hand 
*** SUMMARY ***
Total pot $3 | Rake $0.15 
Board [4s Ah Jd 6c]
Seat 1: pr0tecto folded before Flop (didn't bet)
Seat 2: BoyLoc0 (button) folded before Flop (didn't bet)
Seat 3: ImaPeppaPig (small blind) collected ($2.85)
Seat 4: Timonessb (big blind) folded on the Turn
Seat 5: steepfell folded before Flop (didn't bet)
Seat 6: btop4887 folded on the Turn



PokerStars Hand #254525261656:  Hold'em No Limit ($0.50/$1.00 USD) - 2025/01/24 4:19:32 WET [2025/01/23 23:19:32 ET]
Table 'Suevia III' 6-max Seat #3 is the button
Seat 1: pr0tecto ($280.91 in chips) 
Seat 2: BoyLoc0 ($102.77 in chips) 
Seat 3: ImaPeppaPig ($101.85 in chips) 
Seat 4: Timonessb ($120.65 in chips) 
Seat 5: steepfell ($101.50 in chips) 
Seat 6: btop4887 ($46.62 in chips) 
Timonessb: posts small blind $0.50
steepfell: posts big blind $1
*** HOLE CARDS ***
btop4887: calls $1
pr0tecto: folds 
BoyLoc0: folds 
ImaPeppaPig: raises $3 to $4
Timonessb: folds 
steepfell: folds 
btop4887: folds 
Uncalled bet ($3) returned to ImaPeppaPig
ImaPeppaPig collected $3.50 from pot
ImaPeppaPig: doesn't show hand 
*** SUMMARY ***
Total pot $3.50 | Rake $0 
Seat 1: pr0tecto folded before Flop (didn't bet)
Seat 2: BoyLoc0 folded before Flop (didn't bet)
Seat 3: ImaPeppaPig (button) collected ($3.50)
Seat 4: Timonessb (small blind) folded before Flop
Seat 5: steepfell (big blind) folded before Flop
Seat 6: btop4887 folded before Flop



PokerStars Hand #254525264087:  Hold'em No Limit ($0.50/$1.00 USD) - 2025/01/24 4:19:54 WET [2025/01/23 23:19:54 ET]
Table 'Suevia III' 6-max Seat #4 is the button
Seat 1: pr0tecto ($280.91 in chips) 
Seat 2: BoyLoc0 ($102.77 in chips) 
Seat 3: ImaPeppaPig ($104.35 in chips) 
Seat 4: Timonessb ($120.15 in chips) 
Seat 5: steepfell ($100.50 in chips) 
Seat 6: btop4887 ($45.62 in chips) 
steepfell: posts small blind $0.50
btop4887: posts big blind $1
*** HOLE CARDS ***
pr0tecto: folds 
BoyLoc0: folds 
ImaPeppaPig: raises $1.50 to $2.50
Timonessb: calls $2.50
steepfell: folds 
btop4887: calls $1.50
*** FLOP *** [2d 8h Js]
btop4887: bets $1
ImaPeppaPig: raises $2.98 to $3.98
Timonessb: folds 
btop4887: folds 
Uncalled bet ($2.98) returned to ImaPeppaPig
ImaPeppaPig collected $9.50 from pot
ImaPeppaPig: doesn't show hand 
*** SUMMARY ***
Total pot $10 | Rake $0.50 
Board [2d 8h Js]
Seat 1: pr0tecto folded before Flop (didn't bet)
Seat 2: BoyLoc0 folded before Flop (didn't bet)
Seat 3: ImaPeppaPig collected ($9.50)
Seat 4: Timonessb (button) folded on the Flop
Seat 5: steepfell (small blind) folded before Flop
Seat 6: btop4887 (big blind) folded on the Flop



PokerStars Hand #254525267004:  Hold'em No Limit ($0.50/$1.00 USD) - 2025/01/24 4:20:22 WET [2025/01/23 23:20:22 ET]
Table 'Suevia III' 6-max Seat #5 is the button
Seat 1: pr0tecto ($280.91 in chips) 
Seat 2: BoyLoc0 ($102.77 in chips) 
Seat 3: ImaPeppaPig ($110.35 in chips) 
Seat 4: Timonessb ($117.65 in chips) 
Seat 5: steepfell ($100 in chips) 
Seat 6: btop4887 ($42.12 in chips) 
btop4887: posts small blind $0.50
pr0tecto: posts big blind $1
*** HOLE CARDS ***
BoyLoc0: raises $1.50 to $2.50
ImaPeppaPig: folds 
Timonessb: folds 
steepfell: folds 
btop4887: folds 
pr0tecto: raises $8.50 to $11
BoyLoc0: folds 
Uncalled bet ($8.50) returned to pr0tecto
pr0tecto collected $5.50 from pot
pr0tecto: doesn't show hand 
*** SUMMARY ***
Total pot $5.50 | Rake $0 
Seat 1: pr0tecto (big blind) collected ($5.50)
Seat 2: BoyLoc0 folded before Flop
Seat 3: ImaPeppaPig folded before Flop (didn't bet)
Seat 4: Timonessb folded before Flop (didn't bet)
Seat 5: steepfell (button) folded before Flop (didn't bet)
Seat 6: btop4887 (small blind) folded before Flop



PokerStars Hand #254525269364:  Hold'em No Limit ($0.50/$1.00 USD) - 2025/01/24 4:20:44 WET [2025/01/23 23:20:44 ET]
Table 'Suevia III' 6-max Seat #6 is the button
Seat 1: pr0tecto ($283.91 in chips) 
Seat 2: BoyLoc0 ($100.27 in chips) 
Seat 3: ImaPeppaPig ($110.35 in chips) 
Seat 4: Timonessb ($117.65 in chips) 
Seat 5: steepfell ($100 in chips) 
Seat 6: btop4887 ($41.62 in chips) 
pr0tecto: posts small blind $0.50
BoyLoc0: posts big blind $1
*** HOLE CARDS ***
ImaPeppaPig: folds 
Timonessb: raises $1.30 to $2.30
steepfell: folds 
btop4887: folds 
pr0tecto: folds 
BoyLoc0: folds 
Uncalled bet ($1.30) returned to Timonessb
Timonessb collected $2.50 from pot
*** SUMMARY ***
Total pot $2.50 | Rake $0 
Seat 1: pr0tecto (small blind) folded before Flop
Seat 2: BoyLoc0 (big blind) folded before Flop
Seat 3: ImaPeppaPig folded before Flop (didn't bet)
Seat 4: Timonessb collected ($2.50)
Seat 5: steepfell folded before Flop (didn't bet)
Seat 6: btop4887 (button) folded before Flop (didn't bet)



PokerStars Hand #254525271518:  Hold'em No Limit ($0.50/$1.00 USD) - 2025/01/24 4:21:04 WET [2025/01/23 23:21:04 ET]
Table 'Suevia III' 6-max Seat #1 is the button
Seat 1: pr0tecto ($283.41 in chips) 
Seat 2: BoyLoc0 ($100 in chips) 
Seat 3: ImaPeppaPig ($110.35 in chips) 
Seat 4: Timonessb ($119.15 in chips) 
Seat 5: steepfell ($100 in chips) 
Seat 6: btop4887 ($41.62 in chips) 
BoyLoc0: posts small blind $0.50
ImaPeppaPig: posts big blind $1
*** HOLE CARDS ***
Timonessb: raises $1.30 to $2.30
steepfell: folds 
btop4887 has timed out
btop4887: folds 
pr0tecto: folds 
BoyLoc0: folds 
ImaPeppaPig: folds 
Uncalled bet ($1.30) returned to Timonessb
Timonessb collected $2.50 from pot
*** SUMMARY ***
Total pot $2.50 | Rake $0 
Seat 1: pr0tecto (button) folded before Flop (didn't bet)
Seat 2: BoyLoc0 (small blind) folded before Flop
Seat 3: ImaPeppaPig (big blind) folded before Flop
Seat 4: Timonessb collected ($2.50)
Seat 5: steepfell folded before Flop (didn't bet)
Seat 6: btop4887 folded before Flop (didn't bet)



PokerStars Hand #254525277436:  Hold'em No Limit ($0.50/$1.00 USD) - 2025/01/24 4:22:00 WET [2025/01/23 23:22:00 ET]
Table 'Suevia III' 6-max Seat #2 is the button
Seat 6: btop4887 ($41.62 in chips) is sitting out
Seat 1: pr0tecto ($283.41 in chips) 
Seat 2: BoyLoc0 ($100 in chips) 
Seat 3: ImaPeppaPig ($109.35 in chips) 
Seat 4: Timonessb ($120.65 in chips) 
Seat 5: steepfell ($100 in chips) 
ImaPeppaPig: posts small blind $0.50
Timonessb: posts big blind $1
*** HOLE CARDS ***
steepfell: folds 
pr0tecto: folds 
BoyLoc0: raises $1.50 to $2.50
ImaPeppaPig: folds 
Timonessb: calls $1.50
*** FLOP *** [Js 6c Jh]
Timonessb: checks 
BoyLoc0: bets $1.72
Timonessb: calls $1.72
*** TURN *** [Js 6c Jh] [9c]
Timonessb: checks 
BoyLoc0: bets $12.74
Timonessb: calls $12.74
*** RIVER *** [Js 6c Jh 9c] [7h]
Timonessb: checks 
BoyLoc0: bets $24.53
Timonessb: folds 
Uncalled bet ($24.53) returned to BoyLoc0
BoyLoc0 collected $32.70 from pot
BoyLoc0: doesn't show hand 
*** SUMMARY ***
Total pot $34.42 | Rake $1.72 
Board [Js 6c Jh 9c 7h]
Seat 6: btop4887
Seat 1: pr0tecto folded before Flop (didn't bet)
Seat 2: BoyLoc0 (button) collected ($32.70)
Seat 3: ImaPeppaPig (small blind) folded before Flop
Seat 4: Timonessb (big blind) folded on the River
Seat 5: steepfell folded before Flop (didn't bet)



PokerStars Hand #254525283238:  Hold'em No Limit ($0.50/$1.00 USD) - 2025/01/24 4:22:55 WET [2025/01/23 23:22:55 ET]
Table 'Suevia III' 6-max Seat #3 is the button
Seat 6: btop4887 ($41.62 in chips) is sitting out
Seat 1: pr0tecto ($283.41 in chips) 
Seat 2: BoyLoc0 ($115.74 in chips) 
Seat 3: ImaPeppaPig ($108.85 in chips) 
Seat 4: Timonessb ($103.69 in chips) 
Seat 5: steepfell ($100 in chips) 
Timonessb: posts small blind $0.50
steepfell: posts big blind $1
*** HOLE CARDS ***
pr0tecto: raises $1.10 to $2.10
BoyLoc0: folds 
ImaPeppaPig: folds 
Timonessb: folds 
steepfell: folds 
Uncalled bet ($1.10) returned to pr0tecto
pr0tecto collected $2.50 from pot
pr0tecto: doesn't show hand 
*** SUMMARY ***
Total pot $2.50 | Rake $0 
Seat 6: btop4887
Seat 1: pr0tecto collected ($2.50)
Seat 2: BoyLoc0 folded before Flop (didn't bet)
Seat 3: ImaPeppaPig (button) folded before Flop (didn't bet)
Seat 4: Timonessb (small blind) folded before Flop
Seat 5: steepfell (big blind) folded before Flop



PokerStars Hand #254525285120:  Hold'em No Limit ($0.50/$1.00 USD) - 2025/01/24 4:23:12 WET [2025/01/23 23:23:12 ET]
Table 'Suevia III' 6-max Seat #4 is the button
Seat 1: pr0tecto ($284.91 in chips) is sitting out
Seat 6: btop4887 ($41.62 in chips) is sitting out
Seat 2: BoyLoc0 ($115.74 in chips) 
Seat 3: ImaPeppaPig ($108.85 in chips) 
Seat 4: Timonessb ($103.19 in chips) 
Seat 5: steepfell ($100 in chips) 
steepfell: posts small blind $0.50
pr0tecto: is sitting out 
BoyLoc0: posts big blind $1
*** HOLE CARDS ***
ImaPeppaPig: folds 
pr0tecto leaves the table
Timonessb: raises $1.50 to $2.50
steepfell: folds 
BoyLoc0: folds 
Uncalled bet ($1.50) returned to Timonessb
Timonessb collected $2.50 from pot
*** SUMMARY ***
Total pot $2.50 | Rake $0 
Seat 1: pr0tecto
Seat 6: btop4887
Seat 2: BoyLoc0 (big blind) folded before Flop
Seat 3: ImaPeppaPig folded before Flop (didn't bet)
Seat 4: Timonessb (button) collected ($2.50)
Seat 5: steepfell (small blind) folded before Flop



PokerStars Hand #254525286232:  Hold'em No Limit ($0.50/$1.00 USD) - 2025/01/24 4:23:22 WET [2025/01/23 23:23:22 ET]
Table 'Suevia III' 6-max Seat #5 is the button
Seat 6: btop4887 ($41.62 in chips) is sitting out
Seat 2: BoyLoc0 ($114.74 in chips) 
Seat 3: ImaPeppaPig ($108.85 in chips) 
Seat 4: Timonessb ($104.69 in chips) 
Seat 5: steepfell ($100 in chips) 
BoyLoc0: posts small blind $0.50
ImaPeppaPig: posts big blind $1
*** HOLE CARDS ***
Timonessb: folds 
steepfell: raises $1.50 to $2.50
Timonessb leaves the table
BoyLoc0: folds 
ImaPeppaPig: folds 
Uncalled bet ($1.50) returned to steepfell
steepfell collected $2.50 from pot
steepfell: doesn't show hand 
*** SUMMARY ***
Total pot $2.50 | Rake $0 
Seat 6: btop4887
Seat 2: BoyLoc0 (small blind) folded before Flop
Seat 3: ImaPeppaPig (big blind) folded before Flop
Seat 4: Timonessb folded before Flop (didn't bet)
Seat 5: steepfell (button) collected ($2.50)



PokerStars Hand #254525287056:  Hold'em No Limit ($0.50/$1.00 USD) - 2025/01/24 4:23:30 WET [2025/01/23 23:23:30 ET]
Table 'Suevia III' 6-max Seat #3 is the button
Seat 5: steepfell ($101.50 in chips) is sitting out
Seat 6: btop4887 ($41.62 in chips) is sitting out
Seat 2: BoyLoc0 ($114.24 in chips) 
Seat 3: ImaPeppaPig ($107.85 in chips) 
ImaPeppaPig: posts small blind $0.50
steepfell: is sitting out 
BoyLoc0: posts big blind $1
*** HOLE CARDS ***
btop4887 is disconnected 
ImaPeppaPig: folds 
Uncalled bet ($0.50) returned to BoyLoc0
ImaPeppaPig leaves the table
BoyLoc0 collected $1 from pot
steepfell leaves the table
BoyLoc0: doesn't show hand 
*** SUMMARY ***
Total pot $1 | Rake $0 
Seat 5: steepfell
Seat 6: btop4887
Seat 2: BoyLoc0 (big blind) collected ($1)
Seat 3: ImaPeppaPig (button) (small blind) folded before Flop



PokerStars Hand #254525419072:  Hold'em No Limit ($0.50/$1.00 USD) - 2025/01/24 4:44:37 WET [2025/01/23 23:44:37 ET]
Table 'Suevia III' 6-max Seat #6 is the button
Seat 1: Xenicide ($107 in chips) 
Seat 2: BoyLoc0 ($100 in chips) 
Seat 3: B1GBankroll ($100 in chips) 
Seat 4: Timonessb ($224.32 in chips) 
Seat 5: Rononoa657 ($77.40 in chips) 
Seat 6: btop4887 ($60.71 in chips) 
Xenicide: posts small blind $0.50
BoyLoc0: posts big blind $1
*** HOLE CARDS ***
B1GBankroll: folds 
Timonessb: folds 
Rononoa657: calls $1
btop4887: folds 
Xenicide: folds 
BoyLoc0: checks 
*** FLOP *** [9h 3d Qs]
BoyLoc0: checks 
Rononoa657: checks 
*** TURN *** [9h 3d Qs] [Jd]
BoyLoc0: checks 
Rononoa657: checks 
*** RIVER *** [9h 3d Qs Jd] [8s]
BoyLoc0: checks 
Rononoa657: bets $7
BoyLoc0: calls $7
*** SHOW DOWN ***
Rononoa657: shows [2d 3h] (a pair of Threes)
BoyLoc0: shows [6d Jc] (a pair of Jacks)
BoyLoc0 collected $15.68 from pot
*** SUMMARY ***
Total pot $16.50 | Rake $0.82 
Board [9h 3d Qs Jd 8s]
Seat 1: Xenicide (small blind) folded before Flop
Seat 2: BoyLoc0 (big blind) showed [6d Jc] and won ($15.68) with a pair of Jacks
Seat 3: B1GBankroll folded before Flop (didn't bet)
Seat 4: Timonessb folded before Flop (didn't bet)
Seat 5: Rononoa657 showed [2d 3h] and lost with a pair of Threes
Seat 6: btop4887 (button) folded before Flop (didn't bet)



PokerStars Hand #254525298695:  Hold'em No Limit ($0.50/$1.00 USD) - 2025/01/24 4:25:17 WET [2025/01/23 23:25:17 ET]
Table 'Suevia III' 6-max Seat #4 is the button
Seat 6: btop4887 ($41.62 in chips) is sitting out
Seat 1: Xenicide ($100 in chips) 
Seat 2: BoyLoc0 ($114.74 in chips) 
Seat 3: steelNike ($10 in chips) 
Seat 4: Timonessb ($104.69 in chips) 
Seat 5: Rononoa657 ($50 in chips) 
Rononoa657: posts small blind $0.50
Xenicide: posts big blind $1
*** HOLE CARDS ***
BoyLoc0: raises $1.50 to $2.50
steelNike: folds 
Timonessb: folds 
Rononoa657: folds 
Xenicide: folds 
Uncalled bet ($1.50) returned to BoyLoc0
BoyLoc0 collected $2.50 from pot
BoyLoc0: doesn't show hand 
*** SUMMARY ***
Total pot $2.50 | Rake $0 
Seat 6: btop4887
Seat 1: Xenicide (big blind) folded before Flop
Seat 2: BoyLoc0 collected ($2.50)
Seat 3: steelNike folded before Flop (didn't bet)
Seat 4: Timonessb (button) folded before Flop (didn't bet)
Seat 5: Rononoa657 (small blind) folded before Flop



PokerStars Hand #254525302487:  Hold'em No Limit ($0.50/$1.00 USD) - 2025/01/24 4:25:54 WET [2025/01/23 23:25:54 ET]
Table 'Suevia III' 6-max Seat #5 is the button
Seat 6: btop4887 ($41.62 in chips) is sitting out
Seat 1: Xenicide ($100 in chips) 
Seat 2: BoyLoc0 ($116.24 in chips) 
Seat 3: steelNike ($10 in chips) 
Seat 4: Timonessb ($104.69 in chips) 
Seat 5: Rononoa657 ($49.50 in chips) 
Xenicide: posts small blind $0.50
BoyLoc0: posts big blind $1
*** HOLE CARDS ***
steelNike: raises $9 to $10 and is all-in
Timonessb: folds 
Rononoa657: folds 
Xenicide: raises $9 to $19
BoyLoc0: folds 
Uncalled bet ($9) returned to Xenicide
*** FIRST FLOP *** [5d 2c Kd]
*** FIRST TURN *** [5d 2c Kd] [9d]
*** FIRST RIVER *** [5d 2c Kd 9d] [3h]
*** SECOND FLOP *** [Ad Jc 8s]
*** SECOND TURN *** [Ad Jc 8s] [3d]
*** SECOND RIVER *** [Ad Jc 8s 3d] [Qh]
*** FIRST SHOW DOWN ***
Xenicide: shows [Qs Ah] (high card Ace)
steelNike: shows [As 5s] (a pair of Fives)
steelNike collected $9.98 from pot
*** SECOND SHOW DOWN ***
Xenicide: shows [Qs Ah] (two pair, Aces and Queens)
steelNike: shows [As 5s] (a pair of Aces)
Xenicide collected $9.97 from pot
*** SUMMARY ***
Total pot $21 | Rake $1.05 
Hand was run twice
FIRST Board [5d 2c Kd 9d 3h]
SECOND Board [Ad Jc 8s 3d Qh]
Seat 6: btop4887
Seat 1: Xenicide (small blind) showed [Qs Ah] and lost with high card Ace, and won ($9.97) with two pair, Aces and Queens
Seat 2: BoyLoc0 (big blind) folded before Flop
Seat 3: steelNike showed [As 5s] and won ($9.98) with a pair of Fives, and lost with a pair of Aces
Seat 4: Timonessb folded before Flop (didn't bet)
Seat 5: Rononoa657 (button) folded before Flop (didn't bet)



PokerStars Hand #254525306027:  Hold'em No Limit ($0.50/$1.00 USD) - 2025/01/24 4:26:26 WET [2025/01/23 23:26:26 ET]
Table 'Suevia III' 6-max Seat #1 is the button
Seat 6: btop4887 ($41.62 in chips) is sitting out
Seat 1: Xenicide ($100 in chips) 
Seat 2: BoyLoc0 ($115.24 in chips) 
Seat 3: steelNike ($9.98 in chips) 
Seat 4: Timonessb ($104.69 in chips) 
Seat 5: Rononoa657 ($49.50 in chips) 
BoyLoc0: posts small blind $0.50
steelNike: posts big blind $1
*** HOLE CARDS ***
Timonessb: folds 
Rononoa657: calls $1
Xenicide: raises $3.50 to $4.50
BoyLoc0: folds 
steelNike: folds 
Rononoa657: calls $3.50
*** FLOP *** [Kh 7h 9c]
Rononoa657: checks 
Xenicide: bets $2.50
Rononoa657: calls $2.50
*** TURN *** [Kh 7h 9c] [5s]
Rononoa657: checks 
Xenicide: checks 
*** RIVER *** [Kh 7h 9c 5s] [7c]
Rononoa657: bets $20
Xenicide: folds 
Uncalled bet ($20) returned to Rononoa657
Rononoa657 collected $14.72 from pot
Rononoa657: doesn't show hand 
*** SUMMARY ***
Total pot $15.50 | Rake $0.78 
Board [Kh 7h 9c 5s 7c]
Seat 6: btop4887
Seat 1: Xenicide (button) folded on the River
Seat 2: BoyLoc0 (small blind) folded before Flop
Seat 3: steelNike (big blind) folded before Flop
Seat 4: Timonessb folded before Flop (didn't bet)
Seat 5: Rononoa657 collected ($14.72)



PokerStars Hand #254525313354:  Hold'em No Limit ($0.50/$1.00 USD) - 2025/01/24 4:27:37 WET [2025/01/23 23:27:37 ET]
Table 'Suevia III' 6-max Seat #2 is the button
Seat 6: btop4887 ($41.62 in chips) is sitting out
Seat 1: Xenicide ($100 in chips) 
Seat 2: BoyLoc0 ($114.74 in chips) 
Seat 3: steelNike ($8.98 in chips) 
Seat 4: Timonessb ($104.69 in chips) 
Seat 5: Rononoa657 ($57.22 in chips) 
steelNike: posts small blind $0.50
Timonessb: posts big blind $1
*** HOLE CARDS ***
Rononoa657: calls $1
Xenicide: folds 
BoyLoc0: calls $1
steelNike: raises $7.98 to $8.98 and is all-in
Timonessb: calls $7.98
Rononoa657: folds 
BoyLoc0: calls $7.98
*** FLOP *** [8s Qs 7s]
Timonessb: checks 
BoyLoc0: checks 
*** TURN *** [8s Qs 7s] [5h]
Timonessb: checks 
BoyLoc0: checks 
*** RIVER *** [8s Qs 7s 5h] [2c]
Timonessb: checks 
BoyLoc0: bets $19.91
Timonessb: folds 
Uncalled bet ($19.91) returned to BoyLoc0
*** SHOW DOWN ***
BoyLoc0: shows [2s 2h] (three of a kind, Deuces)
steelNike: shows [Qd Ah] (a pair of Queens)
BoyLoc0 collected $26.54 from pot
*** SUMMARY ***
Total pot $27.94 | Rake $1.40 
Board [8s Qs 7s 5h 2c]
Seat 6: btop4887
Seat 1: Xenicide folded before Flop (didn't bet)
Seat 2: BoyLoc0 (button) showed [2s 2h] and won ($26.54) with three of a kind, Deuces
Seat 3: steelNike (small blind) showed [Qd Ah] and lost with a pair of Queens
Seat 4: Timonessb (big blind) folded on the River
Seat 5: Rononoa657 folded before Flop



PokerStars Hand #254525319083:  Hold'em No Limit ($0.50/$1.00 USD) - 2025/01/24 4:28:32 WET [2025/01/23 23:28:32 ET]
Table 'Suevia III' 6-max Seat #3 is the button
Seat 6: btop4887 ($41.62 in chips) is sitting out
Seat 1: Xenicide ($100 in chips) 
Seat 2: BoyLoc0 ($132.30 in chips) 
Seat 3: steelNike ($10 in chips) 
Seat 4: Timonessb ($100 in chips) 
Seat 5: Rononoa657 ($56.22 in chips) 
Timonessb: posts small blind $0.50
Rononoa657: posts big blind $1
btop4887 has timed out
btop4887: is sitting out 
*** HOLE CARDS ***
Xenicide: folds 
BoyLoc0: folds 
steelNike: folds 
Timonessb: raises $2 to $3
Rononoa657: calls $2
*** FLOP *** [Qd 5d Ad]
Timonessb: checks 
Rononoa657: checks 
*** TURN *** [Qd 5d Ad] [2d]
Timonessb: checks 
steelNike leaves the table
Rononoa657: bets $14
Timonessb: folds 
Uncalled bet ($14) returned to Rononoa657
Rononoa657 collected $5.70 from pot
Rononoa657: doesn't show hand 
*** SUMMARY ***
Total pot $6 | Rake $0.30 
Board [Qd 5d Ad 2d]
Seat 6: btop4887
Seat 1: Xenicide folded before Flop (didn't bet)
Seat 2: BoyLoc0 folded before Flop (didn't bet)
Seat 3: steelNike (button) folded before Flop (didn't bet)
Seat 4: Timonessb (small blind) folded on the Turn
Seat 5: Rononoa657 (big blind) collected ($5.70)



PokerStars Hand #254525324337:  Hold'em No Limit ($0.50/$1.00 USD) - 2025/01/24 4:29:21 WET [2025/01/23 23:29:21 ET]
Table 'Suevia III' 6-max Seat #4 is the button
Seat 1: Xenicide ($100 in chips) 
Seat 2: BoyLoc0 ($132.30 in chips) 
Seat 4: Timonessb ($100 in chips) 
Seat 5: Rononoa657 ($58.92 in chips) 
Seat 6: btop4887 ($41.62 in chips) 
Rononoa657: posts small blind $0.50
btop4887: posts big blind $1
*** HOLE CARDS ***
B1GBankroll joins the table at seat #3 
Xenicide: folds 
BoyLoc0: raises $1.50 to $2.50
Timonessb: folds 
Rononoa657: calls $2
btop4887: calls $1.50
*** FLOP *** [Qs 2h 8s]
Rononoa657: checks 
btop4887: bets $2
BoyLoc0: calls $2
Rononoa657: calls $2
*** TURN *** [Qs 2h 8s] [7h]
Rononoa657: checks 
btop4887: checks 
BoyLoc0: bets $9.62
Rononoa657: calls $9.62
btop4887: calls $9.62
*** RIVER *** [Qs 2h 8s 7h] [4d]
Rononoa657: checks 
btop4887: checks 
BoyLoc0: checks 
*** SHOW DOWN ***
Rononoa657: shows [Ks 7s] (a pair of Sevens)
btop4887: shows [2s 4s] (two pair, Fours and Deuces)
BoyLoc0: mucks hand 
btop4887 collected $40.24 from pot
*** SUMMARY ***
Total pot $42.36 | Rake $2.12 
Board [Qs 2h 8s 7h 4d]
Seat 1: Xenicide folded before Flop (didn't bet)
Seat 2: BoyLoc0 mucked
Seat 4: Timonessb (button) folded before Flop (didn't bet)
Seat 5: Rononoa657 (small blind) showed [Ks 7s] and lost with a pair of Sevens
Seat 6: btop4887 (big blind) showed [2s 4s] and won ($40.24) with two pair, Fours and Deuces



PokerStars Hand #254525329536:  Hold'em No Limit ($0.50/$1.00 USD) - 2025/01/24 4:30:11 WET [2025/01/23 23:30:11 ET]
Table 'Suevia III' 6-max Seat #5 is the button
Seat 3: B1GBankroll ($100 in chips) is sitting out
Seat 1: Xenicide ($100 in chips) 
Seat 2: BoyLoc0 ($118.18 in chips) 
Seat 4: Timonessb ($100 in chips) 
Seat 5: Rononoa657 ($44.80 in chips) 
Seat 6: btop4887 ($67.74 in chips) 
btop4887: posts small blind $0.50
Xenicide: posts big blind $1
B1GBankroll: sits out 
*** HOLE CARDS ***
BoyLoc0: folds 
Timonessb: raises $1.30 to $2.30
Rononoa657: calls $2.30
btop4887: calls $1.80
Xenicide: raises $11.70 to $14
Timonessb: raises $16 to $30
Rononoa657: folds 
btop4887: folds 
Xenicide: raises $70 to $100 and is all-in
Timonessb: calls $70 and is all-in
*** FIRST FLOP *** [5s 7s 6c]
*** FIRST TURN *** [5s 7s 6c] [5d]
*** FIRST RIVER *** [5s 7s 6c 5d] [Ks]
*** SECOND FLOP *** [5c 2h 3d]
*** SECOND TURN *** [5c 2h 3d] [3h]
*** SECOND RIVER *** [5c 2h 3d 3h] [7d]
*** FIRST SHOW DOWN ***
Xenicide: shows [Jd Jh] (two pair, Jacks and Fives)
Timonessb: shows [Kc Kh] (a full house, Kings full of Fives)
Timonessb collected $101.05 from pot
*** SECOND SHOW DOWN ***
Xenicide: shows [Jd Jh] (two pair, Jacks and Threes)
Timonessb: shows [Kc Kh] (two pair, Kings and Threes)
Timonessb collected $101.05 from pot
*** SUMMARY ***
Total pot $204.60 | Rake $2.50 
Hand was run twice
FIRST Board [5s 7s 6c 5d Ks]
SECOND Board [5c 2h 3d 3h 7d]
Seat 3: B1GBankroll
Seat 1: Xenicide (big blind) showed [Jd Jh] and lost with two pair, Jacks and Fives, and lost with two pair, Jacks and Threes
Seat 2: BoyLoc0 folded before Flop (didn't bet)
Seat 4: Timonessb showed [Kc Kh] and won ($101.05) with a full house, Kings full of Fives, and won ($101.05) with two pair, Kings and Threes
Seat 5: Rononoa657 (button) folded before Flop
Seat 6: btop4887 (small blind) folded before Flop



PokerStars Hand #254525336726:  Hold'em No Limit ($0.50/$1.00 USD) - 2025/01/24 4:31:20 WET [2025/01/23 23:31:20 ET]
Table 'Suevia III' 6-max Seat #6 is the button
Seat 3: B1GBankroll ($100 in chips) is sitting out
Seat 1: Xenicide ($100 in chips) 
Seat 2: BoyLoc0 ($118.18 in chips) 
Seat 4: Timonessb ($202.10 in chips) 
Seat 5: Rononoa657 ($42.50 in chips) 
Seat 6: btop4887 ($65.44 in chips) 
Xenicide: posts small blind $0.50
BoyLoc0: posts big blind $1
B1GBankroll: sits out 
*** HOLE CARDS ***
Timonessb: folds 
Rononoa657: calls $1
btop4887: calls $1
Xenicide: folds 
BoyLoc0: checks 
*** FLOP *** [7s 5d Ah]
BoyLoc0: checks 
Rononoa657: bets $5
btop4887: folds 
BoyLoc0: folds 
Uncalled bet ($5) returned to Rononoa657
Rononoa657 collected $3.32 from pot
Rononoa657: doesn't show hand 
*** SUMMARY ***
Total pot $3.50 | Rake $0.18 
Board [7s 5d Ah]
Seat 3: B1GBankroll
Seat 1: Xenicide (small blind) folded before Flop
Seat 2: BoyLoc0 (big blind) folded on the Flop
Seat 4: Timonessb folded before Flop (didn't bet)
Seat 5: Rononoa657 collected ($3.32)
Seat 6: btop4887 (button) folded on the Flop



PokerStars Hand #254525339768:  Hold'em No Limit ($0.50/$1.00 USD) - 2025/01/24 4:31:49 WET [2025/01/23 23:31:49 ET]
Table 'Suevia III' 6-max Seat #1 is the button
Seat 1: Xenicide ($100 in chips) 
Seat 2: BoyLoc0 ($117.18 in chips) 
Seat 3: B1GBankroll ($100 in chips) 
Seat 4: Timonessb ($202.10 in chips) 
Seat 5: Rononoa657 ($44.82 in chips) 
Seat 6: btop4887 ($64.44 in chips) 
BoyLoc0: posts small blind $0.50
B1GBankroll: posts big blind $1
*** HOLE CARDS ***
Timonessb: raises $1.50 to $2.50
Rononoa657: calls $2.50
btop4887: folds 
Xenicide: folds 
BoyLoc0: folds 
B1GBankroll: folds 
*** FLOP *** [5s Jc Td]
Timonessb: bets $4.14
Rononoa657: calls $4.14
*** TURN *** [5s Jc Td] [4h]
Timonessb: bets $10.41
Rononoa657: calls $10.41
*** RIVER *** [5s Jc Td 4h] [6h]
Timonessb: bets $34.83
Rononoa657: folds 
Uncalled bet ($34.83) returned to Timonessb
Timonessb collected $33.82 from pot
Timonessb: doesn't show hand 
*** SUMMARY ***
Total pot $35.60 | Rake $1.78 
Board [5s Jc Td 4h 6h]
Seat 1: Xenicide (button) folded before Flop (didn't bet)
Seat 2: BoyLoc0 (small blind) folded before Flop
Seat 3: B1GBankroll (big blind) folded before Flop
Seat 4: Timonessb collected ($33.82)
Seat 5: Rononoa657 folded on the River
Seat 6: btop4887 folded before Flop (didn't bet)



PokerStars Hand #254525344161:  Hold'em No Limit ($0.50/$1.00 USD) - 2025/01/24 4:32:30 WET [2025/01/23 23:32:30 ET]
Table 'Suevia III' 6-max Seat #2 is the button
Seat 1: Xenicide ($100 in chips) 
Seat 2: BoyLoc0 ($116.68 in chips) 
Seat 3: B1GBankroll ($100 in chips) 
Seat 4: Timonessb ($218.87 in chips) 
Seat 5: Rononoa657 ($27.77 in chips) 
Seat 6: btop4887 ($64.44 in chips) 
B1GBankroll: posts small blind $0.50
Timonessb: posts big blind $1
*** HOLE CARDS ***
Rononoa657: calls $1
btop4887: calls $1
Xenicide: folds 
BoyLoc0: calls $1
B1GBankroll: folds 
Timonessb: checks 
*** FLOP *** [Qh 3s Jd]
Timonessb: checks 
Rononoa657: checks 
btop4887: bets $2
BoyLoc0: calls $2
Timonessb: folds 
Rononoa657: calls $2
*** TURN *** [Qh 3s Jd] [4s]
Rononoa657: bets $10
btop4887: folds 
BoyLoc0: calls $10
*** RIVER *** [Qh 3s Jd 4s] [6h]
Rononoa657: checks 
BoyLoc0: checks 
*** SHOW DOWN ***
Rononoa657: shows [Jh 2d] (a pair of Jacks)
BoyLoc0: mucks hand 
Rononoa657 collected $28.98 from pot
*** SUMMARY ***
Total pot $30.50 | Rake $1.52 
Board [Qh 3s Jd 4s 6h]
Seat 1: Xenicide folded before Flop (didn't bet)
Seat 2: BoyLoc0 (button) mucked
Seat 3: B1GBankroll (small blind) folded before Flop
Seat 4: Timonessb (big blind) folded on the Flop
Seat 5: Rononoa657 showed [Jh 2d] and won ($28.98) with a pair of Jacks
Seat 6: btop4887 folded on the Turn



PokerStars Hand #254525350323:  Hold'em No Limit ($0.50/$1.00 USD) - 2025/01/24 4:33:30 WET [2025/01/23 23:33:30 ET]
Table 'Suevia III' 6-max Seat #3 is the button
Seat 1: Xenicide ($100 in chips) 
Seat 2: BoyLoc0 ($103.68 in chips) 
Seat 3: B1GBankroll ($100 in chips) 
Seat 4: Timonessb ($217.87 in chips) 
Seat 5: Rononoa657 ($43.75 in chips) 
Seat 6: btop4887 ($61.44 in chips) 
Timonessb: posts small blind $0.50
Rononoa657: posts big blind $1
*** HOLE CARDS ***
btop4887: calls $1
Xenicide: folds 
BoyLoc0: folds 
B1GBankroll: raises $3 to $4
Timonessb: folds 
Rononoa657: calls $3
btop4887: folds 
*** FLOP *** [9s 6c Td]
Rononoa657: checks 
B1GBankroll: bets $4.42
Rononoa657: raises $4.42 to $8.84
B1GBankroll: calls $4.42
*** TURN *** [9s 6c Td] [3c]
Rononoa657: checks 
B1GBankroll: checks 
*** RIVER *** [9s 6c Td 3c] [8h]
Rononoa657: bets $15
B1GBankroll: calls $15
*** SHOW DOWN ***
Rononoa657: shows [4d Ts] (a pair of Tens)
B1GBankroll: shows [Tc Qc] (a pair of Tens - Queen kicker)
B1GBankroll collected $54.68 from pot
*** SUMMARY ***
Total pot $57.18 | Rake $2.50 
Board [9s 6c Td 3c 8h]
Seat 1: Xenicide folded before Flop (didn't bet)
Seat 2: BoyLoc0 folded before Flop (didn't bet)
Seat 3: B1GBankroll (button) showed [Tc Qc] and won ($54.68) with a pair of Tens
Seat 4: Timonessb (small blind) folded before Flop
Seat 5: Rononoa657 (big blind) showed [4d Ts] and lost with a pair of Tens
Seat 6: btop4887 folded before Flop



PokerStars Hand #254525358531:  Hold'em No Limit ($0.50/$1.00 USD) - 2025/01/24 4:34:48 WET [2025/01/23 23:34:48 ET]
Table 'Suevia III' 6-max Seat #4 is the button
Seat 1: Xenicide ($100 in chips) 
Seat 2: BoyLoc0 ($103.68 in chips) 
Seat 3: B1GBankroll ($126.84 in chips) 
Seat 4: Timonessb ($217.37 in chips) 
Seat 5: Rononoa657 ($15.91 in chips) 
Seat 6: btop4887 ($60.44 in chips) 
Rononoa657: posts small blind $0.50
btop4887: posts big blind $1
*** HOLE CARDS ***
Xenicide: raises $1 to $2
BoyLoc0: raises $5 to $7
B1GBankroll: folds 
Timonessb: folds 
Rononoa657: raises $8.91 to $15.91 and is all-in
btop4887: folds 
Xenicide: folds 
BoyLoc0: calls $8.91
*** FLOP *** [7s Jd 8c]
*** TURN *** [7s Jd 8c] [Kh]
*** RIVER *** [7s Jd 8c Kh] [5c]
*** SHOW DOWN ***
Rononoa657: shows [Ks Kc] (three of a kind, Kings)
BoyLoc0: shows [Js As] (a pair of Jacks)
Rononoa657 collected $33.08 from pot
*** SUMMARY ***
Total pot $34.82 | Rake $1.74 
Board [7s Jd 8c Kh 5c]
Seat 1: Xenicide folded before Flop
Seat 2: BoyLoc0 showed [Js As] and lost with a pair of Jacks
Seat 3: B1GBankroll folded before Flop (didn't bet)
Seat 4: Timonessb (button) folded before Flop (didn't bet)
Seat 5: Rononoa657 (small blind) showed [Ks Kc] and won ($33.08) with three of a kind, Kings
Seat 6: btop4887 (big blind) folded before Flop



PokerStars Hand #254525365298:  Hold'em No Limit ($0.50/$1.00 USD) - 2025/01/24 4:35:53 WET [2025/01/23 23:35:53 ET]
Table 'Suevia III' 6-max Seat #5 is the button
Seat 1: Xenicide ($100 in chips) 
Seat 2: BoyLoc0 ($100 in chips) 
Seat 3: B1GBankroll ($126.84 in chips) 
Seat 4: Timonessb ($217.37 in chips) 
Seat 5: Rononoa657 ($33.08 in chips) 
Seat 6: btop4887 ($59.44 in chips) 
btop4887: posts small blind $0.50
Xenicide: posts big blind $1
*** HOLE CARDS ***
BoyLoc0: folds 
B1GBankroll: folds 
Timonessb: folds 
Rononoa657: calls $1
btop4887: calls $0.50
Xenicide: checks 
*** FLOP *** [Jh Qc Th]
btop4887: checks 
Xenicide: checks 
Rononoa657: checks 
*** TURN *** [Jh Qc Th] [Qh]
btop4887: checks 
Xenicide: checks 
Rononoa657: checks 
*** RIVER *** [Jh Qc Th Qh] [Ac]
btop4887: checks 
Xenicide: checks 
Rononoa657: checks 
*** SHOW DOWN ***
btop4887: shows [4c 8s] (a pair of Queens)
Xenicide: shows [3d 9c] (a pair of Queens)
Rononoa657: shows [8h 2c] (a pair of Queens)
btop4887 collected $0.95 from pot
Xenicide collected $0.95 from pot
Rononoa657 collected $0.95 from pot
*** SUMMARY ***
Total pot $3 | Rake $0.15 
Board [Jh Qc Th Qh Ac]
Seat 1: Xenicide (big blind) showed [3d 9c] and won ($0.95) with a pair of Queens
Seat 2: BoyLoc0 folded before Flop (didn't bet)
Seat 3: B1GBankroll folded before Flop (didn't bet)
Seat 4: Timonessb folded before Flop (didn't bet)
Seat 5: Rononoa657 (button) showed [8h 2c] and won ($0.95) with a pair of Queens
Seat 6: btop4887 (small blind) showed [4c 8s] and won ($0.95) with a pair of Queens



PokerStars Hand #254525371218:  Hold'em No Limit ($0.50/$1.00 USD) - 2025/01/24 4:36:50 WET [2025/01/23 23:36:50 ET]
Table 'Suevia III' 6-max Seat #6 is the button
Seat 1: Xenicide ($100 in chips) 
Seat 2: BoyLoc0 ($100 in chips) 
Seat 3: B1GBankroll ($126.84 in chips) 
Seat 4: Timonessb ($217.37 in chips) 
Seat 5: Rononoa657 ($33.03 in chips) 
Seat 6: btop4887 ($59.39 in chips) 
Xenicide: posts small blind $0.50
BoyLoc0: posts big blind $1
*** HOLE CARDS ***
B1GBankroll: folds 
Timonessb: folds 
Rononoa657: calls $1
btop4887: calls $1
Xenicide: calls $0.50
BoyLoc0: checks 
*** FLOP *** [4s Jh 8c]
Xenicide: checks 
BoyLoc0: checks 
Rononoa657: checks 
btop4887: checks 
*** TURN *** [4s Jh 8c] [4d]
Xenicide: checks 
BoyLoc0: checks 
Rononoa657: bets $7
btop4887: folds 
Xenicide: folds 
BoyLoc0: folds 
Uncalled bet ($7) returned to Rononoa657
Rononoa657 collected $3.80 from pot
Rononoa657: doesn't show hand 
*** SUMMARY ***
Total pot $4 | Rake $0.20 
Board [4s Jh 8c 4d]
Seat 1: Xenicide (small blind) folded on the Turn
Seat 2: BoyLoc0 (big blind) folded on the Turn
Seat 3: B1GBankroll folded before Flop (didn't bet)
Seat 4: Timonessb folded before Flop (didn't bet)
Seat 5: Rononoa657 collected ($3.80)
Seat 6: btop4887 (button) folded on the Turn



PokerStars Hand #254525376209:  Hold'em No Limit ($0.50/$1.00 USD) - 2025/01/24 4:37:38 WET [2025/01/23 23:37:38 ET]
Table 'Suevia III' 6-max Seat #1 is the button
Seat 1: Xenicide ($100 in chips) 
Seat 2: BoyLoc0 ($100 in chips) 
Seat 3: B1GBankroll ($126.84 in chips) 
Seat 4: Timonessb ($217.37 in chips) 
Seat 5: Rononoa657 ($35.83 in chips) 
Seat 6: btop4887 ($58.39 in chips) 
BoyLoc0: posts small blind $0.50
B1GBankroll: posts big blind $1
*** HOLE CARDS ***
Timonessb: folds 
Rononoa657: raises $4 to $5
btop4887: folds 
Xenicide: folds 
BoyLoc0: folds 
B1GBankroll: raises $33.50 to $38.50
Rononoa657: calls $30.83 and is all-in
Uncalled bet ($2.67) returned to B1GBankroll
*** FLOP *** [6c 9h 9c]
*** TURN *** [6c 9h 9c] [3d]
*** RIVER *** [6c 9h 9c 3d] [5c]
*** SHOW DOWN ***
B1GBankroll: shows [Qc Ah] (a pair of Nines)
Rononoa657: shows [Kc Kd] (two pair, Kings and Nines)
Rononoa657 collected $69.66 from pot
*** SUMMARY ***
Total pot $72.16 | Rake $2.50 
Board [6c 9h 9c 3d 5c]
Seat 1: Xenicide (button) folded before Flop (didn't bet)
Seat 2: BoyLoc0 (small blind) folded before Flop
Seat 3: B1GBankroll (big blind) showed [Qc Ah] and lost with a pair of Nines
Seat 4: Timonessb folded before Flop (didn't bet)
Seat 5: Rononoa657 showed [Kc Kd] and won ($69.66) with two pair, Kings and Nines
Seat 6: btop4887 folded before Flop (didn't bet)



PokerStars Hand #254525380883:  Hold'em No Limit ($0.50/$1.00 USD) - 2025/01/24 4:38:23 WET [2025/01/23 23:38:23 ET]
Table 'Suevia III' 6-max Seat #2 is the button
Seat 1: Xenicide ($100 in chips) 
Seat 2: BoyLoc0 ($100 in chips) 
Seat 3: B1GBankroll ($100 in chips) 
Seat 4: Timonessb ($217.37 in chips) 
Seat 5: Rononoa657 ($69.66 in chips) 
Seat 6: btop4887 ($58.39 in chips) 
B1GBankroll: posts small blind $0.50
Timonessb: posts big blind $1
*** HOLE CARDS ***
Rononoa657: calls $1
btop4887: calls $1
Xenicide: folds 
BoyLoc0: calls $1
B1GBankroll: folds 
Timonessb: checks 
*** FLOP *** [4d Kh 4c]
Timonessb: checks 
Rononoa657: checks 
btop4887: checks 
BoyLoc0: checks 
*** TURN *** [4d Kh 4c] [7h]
Timonessb: checks 
Rononoa657: checks 
btop4887: checks 
BoyLoc0: checks 
*** RIVER *** [4d Kh 4c 7h] [Qd]
Timonessb: checks 
Rononoa657: bets $10
btop4887: folds 
BoyLoc0: folds 
Timonessb: folds 
Uncalled bet ($10) returned to Rononoa657
Rononoa657 collected $4.28 from pot
Rononoa657: doesn't show hand 
*** SUMMARY ***
Total pot $4.50 | Rake $0.22 
Board [4d Kh 4c 7h Qd]
Seat 1: Xenicide folded before Flop (didn't bet)
Seat 2: BoyLoc0 (button) folded on the River
Seat 3: B1GBankroll (small blind) folded before Flop
Seat 4: Timonessb (big blind) folded on the River
Seat 5: Rononoa657 collected ($4.28)
Seat 6: btop4887 folded on the River



PokerStars Hand #254525385362:  Hold'em No Limit ($0.50/$1.00 USD) - 2025/01/24 4:39:06 WET [2025/01/23 23:39:06 ET]
Table 'Suevia III' 6-max Seat #3 is the button
Seat 1: Xenicide ($100 in chips) 
Seat 2: BoyLoc0 ($100 in chips) 
Seat 3: B1GBankroll ($100 in chips) 
Seat 4: Timonessb ($216.37 in chips) 
Seat 5: Rononoa657 ($72.94 in chips) 
Seat 6: btop4887 ($57.39 in chips) 
Timonessb: posts small blind $0.50
Rononoa657: posts big blind $1
*** HOLE CARDS ***
btop4887: folds 
Xenicide: folds 
BoyLoc0: raises $1.50 to $2.50
B1GBankroll: calls $2.50
Timonessb: folds 
Rononoa657: calls $1.50
*** FLOP *** [Th 8s Qc]
Rononoa657: checks 
BoyLoc0: bets $5.70
B1GBankroll: folds 
Rononoa657: calls $5.70
*** TURN *** [Th 8s Qc] [3h]
Rononoa657: checks 
BoyLoc0: checks 
*** RIVER *** [Th 8s Qc 3h] [7d]
Rononoa657: bets $21
BoyLoc0: folds 
Uncalled bet ($21) returned to Rononoa657
Rononoa657 collected $18.43 from pot
Rononoa657: doesn't show hand 
*** SUMMARY ***
Total pot $19.40 | Rake $0.97 
Board [Th 8s Qc 3h 7d]
Seat 1: Xenicide folded before Flop (didn't bet)
Seat 2: BoyLoc0 folded on the River
Seat 3: B1GBankroll (button) folded on the Flop
Seat 4: Timonessb (small blind) folded before Flop
Seat 5: Rononoa657 (big blind) collected ($18.43)
Seat 6: btop4887 folded before Flop (didn't bet)



PokerStars Hand #254525391336:  Hold'em No Limit ($0.50/$1.00 USD) - 2025/01/24 4:40:03 WET [2025/01/23 23:40:03 ET]
Table 'Suevia III' 6-max Seat #4 is the button
Seat 1: Xenicide ($100 in chips) 
Seat 2: BoyLoc0 ($100 in chips) 
Seat 3: B1GBankroll ($100 in chips) 
Seat 4: Timonessb ($215.87 in chips) 
Seat 5: Rononoa657 ($83.17 in chips) 
Seat 6: btop4887 ($57.39 in chips) 
Rononoa657: posts small blind $0.50
btop4887: posts big blind $1
*** HOLE CARDS ***
Xenicide: folds 
BoyLoc0: folds 
B1GBankroll: folds 
Timonessb: folds 
Rononoa657: calls $0.50
btop4887: checks 
*** FLOP *** [7s 9d 6s]
Rononoa657: checks 
btop4887: bets $1
Rononoa657: calls $1
*** TURN *** [7s 9d 6s] [Jh]
Rononoa657: checks 
btop4887: bets $2
Rononoa657: raises $8 to $10
btop4887: folds 
Uncalled bet ($8) returned to Rononoa657
Rononoa657 collected $7.60 from pot
Rononoa657: doesn't show hand 
*** SUMMARY ***
Total pot $8 | Rake $0.40 
Board [7s 9d 6s Jh]
Seat 1: Xenicide folded before Flop (didn't bet)
Seat 2: BoyLoc0 folded before Flop (didn't bet)
Seat 3: B1GBankroll folded before Flop (didn't bet)
Seat 4: Timonessb (button) folded before Flop (didn't bet)
Seat 5: Rononoa657 (small blind) collected ($7.60)
Seat 6: btop4887 (big blind) folded on the Turn



PokerStars Hand #254525395569:  Hold'em No Limit ($0.50/$1.00 USD) - 2025/01/24 4:40:45 WET [2025/01/23 23:40:45 ET]
Table 'Suevia III' 6-max Seat #5 is the button
Seat 1: Xenicide ($100 in chips) 
Seat 2: BoyLoc0 ($100 in chips) 
Seat 3: B1GBankroll ($100 in chips) 
Seat 4: Timonessb ($215.87 in chips) 
Seat 5: Rononoa657 ($86.77 in chips) 
Seat 6: btop4887 ($53.39 in chips) 
btop4887: posts small blind $0.50
Xenicide: posts big blind $1
*** HOLE CARDS ***
BoyLoc0: folds 
B1GBankroll: folds 
Timonessb: folds 
Rononoa657: calls $1
btop4887: calls $0.50
Xenicide: raises $8 to $9
Rononoa657: folds 
btop4887: folds 
Uncalled bet ($8) returned to Xenicide
Xenicide collected $3 from pot
*** SUMMARY ***
Total pot $3 | Rake $0 
Seat 1: Xenicide (big blind) collected ($3)
Seat 2: BoyLoc0 folded before Flop (didn't bet)
Seat 3: B1GBankroll folded before Flop (didn't bet)
Seat 4: Timonessb folded before Flop (didn't bet)
Seat 5: Rononoa657 (button) folded before Flop
Seat 6: btop4887 (small blind) folded before Flop



PokerStars Hand #254525398194:  Hold'em No Limit ($0.50/$1.00 USD) - 2025/01/24 4:41:10 WET [2025/01/23 23:41:10 ET]
Table 'Suevia III' 6-max Seat #6 is the button
Seat 1: Xenicide ($102 in chips) 
Seat 2: BoyLoc0 ($100 in chips) 
Seat 3: B1GBankroll ($100 in chips) 
Seat 4: Timonessb ($215.87 in chips) 
Seat 5: Rononoa657 ($85.77 in chips) 
Seat 6: btop4887 ($52.39 in chips) 
Xenicide: posts small blind $0.50
BoyLoc0: posts big blind $1
*** HOLE CARDS ***
B1GBankroll: folds 
Timonessb: raises $1.30 to $2.30
Rononoa657: calls $2.30
btop4887: folds 
Xenicide: folds 
BoyLoc0: calls $1.30
*** FLOP *** [7c Th Td]
BoyLoc0: checks 
Timonessb: checks 
Rononoa657: checks 
*** TURN *** [7c Th Td] [8c]
BoyLoc0: checks 
Timonessb: checks 
Rononoa657: checks 
*** RIVER *** [7c Th Td 8c] [6c]
BoyLoc0: checks 
Timonessb: checks 
Rononoa657: bets $13
BoyLoc0: folds 
Timonessb: folds 
Uncalled bet ($13) returned to Rononoa657
Rononoa657 collected $7.03 from pot
Rononoa657: doesn't show hand 
*** SUMMARY ***
Total pot $7.40 | Rake $0.37 
Board [7c Th Td 8c 6c]
Seat 1: Xenicide (small blind) folded before Flop
Seat 2: BoyLoc0 (big blind) folded on the River
Seat 3: B1GBankroll folded before Flop (didn't bet)
Seat 4: Timonessb folded on the River
Seat 5: Rononoa657 collected ($7.03)
Seat 6: btop4887 (button) folded before Flop (didn't bet)



PokerStars Hand #254525402354:  Hold'em No Limit ($0.50/$1.00 USD) - 2025/01/24 4:41:51 WET [2025/01/23 23:41:51 ET]
Table 'Suevia III' 6-max Seat #1 is the button
Seat 1: Xenicide ($101.50 in chips) 
Seat 2: BoyLoc0 ($100 in chips) 
Seat 3: B1GBankroll ($100 in chips) 
Seat 4: Timonessb ($213.57 in chips) 
Seat 5: Rononoa657 ($90.50 in chips) 
Seat 6: btop4887 ($52.39 in chips) 
BoyLoc0: posts small blind $0.50
B1GBankroll: posts big blind $1
*** HOLE CARDS ***
Timonessb: folds 
Rononoa657: calls $1
btop4887: calls $1
Xenicide: folds 
BoyLoc0: folds 
B1GBankroll: checks 
*** FLOP *** [4c Jh Kh]
B1GBankroll: checks 
Rononoa657: checks 
btop4887: checks 
*** TURN *** [4c Jh Kh] [7c]
B1GBankroll: checks 
Rononoa657: bets $10
btop4887: raises $10 to $20
B1GBankroll: folds 
Rononoa657: folds 
Uncalled bet ($10) returned to btop4887
btop4887 collected $22.32 from pot
*** SUMMARY ***
Total pot $23.50 | Rake $1.18 
Board [4c Jh Kh 7c]
Seat 1: Xenicide (button) folded before Flop (didn't bet)
Seat 2: BoyLoc0 (small blind) folded before Flop
Seat 3: B1GBankroll (big blind) folded on the Turn
Seat 4: Timonessb folded before Flop (didn't bet)
Seat 5: Rononoa657 folded on the Turn
Seat 6: btop4887 collected ($22.32)



PokerStars Hand #254525406520:  Hold'em No Limit ($0.50/$1.00 USD) - 2025/01/24 4:42:32 WET [2025/01/23 23:42:32 ET]
Table 'Suevia III' 6-max Seat #2 is the button
Seat 1: Xenicide ($101.50 in chips) 
Seat 2: BoyLoc0 ($100 in chips) 
Seat 3: B1GBankroll ($100 in chips) 
Seat 4: Timonessb ($213.57 in chips) 
Seat 5: Rononoa657 ($79.50 in chips) 
Seat 6: btop4887 ($63.71 in chips) 
B1GBankroll: posts small blind $0.50
Timonessb: posts big blind $1
*** HOLE CARDS ***
Rononoa657: calls $1
btop4887: calls $1
Xenicide: raises $5 to $6
BoyLoc0: folds 
B1GBankroll: folds 
Timonessb: folds 
Rononoa657: folds 
btop4887: folds 
Uncalled bet ($5) returned to Xenicide
Xenicide collected $4.50 from pot
*** SUMMARY ***
Total pot $4.50 | Rake $0 
Seat 1: Xenicide collected ($4.50)
Seat 2: BoyLoc0 (button) folded before Flop (didn't bet)
Seat 3: B1GBankroll (small blind) folded before Flop
Seat 4: Timonessb (big blind) folded before Flop
Seat 5: Rononoa657 folded before Flop
Seat 6: btop4887 folded before Flop



PokerStars Hand #254525408687:  Hold'em No Limit ($0.50/$1.00 USD) - 2025/01/24 4:42:53 WET [2025/01/23 23:42:53 ET]
Table 'Suevia III' 6-max Seat #3 is the button
Seat 1: Xenicide ($105 in chips) 
Seat 2: BoyLoc0 ($100 in chips) 
Seat 3: B1GBankroll ($100 in chips) 
Seat 4: Timonessb ($212.57 in chips) 
Seat 5: Rononoa657 ($78.50 in chips) 
Seat 6: btop4887 ($62.71 in chips) 
Timonessb: posts small blind $0.50
Rononoa657: posts big blind $1
*** HOLE CARDS ***
btop4887: folds 
Xenicide: folds 
BoyLoc0: folds 
B1GBankroll: raises $1.50 to $2.50
Timonessb: raises $9.50 to $12
Rononoa657: folds 
B1GBankroll: calls $9.50
*** FLOP *** [Jd 4s 7d]
Timonessb: bets $12.11
B1GBankroll: folds 
Uncalled bet ($12.11) returned to Timonessb
Timonessb collected $23.75 from pot
Timonessb: doesn't show hand 
*** SUMMARY ***
Total pot $25 | Rake $1.25 
Board [Jd 4s 7d]
Seat 1: Xenicide folded before Flop (didn't bet)
Seat 2: BoyLoc0 folded before Flop (didn't bet)
Seat 3: B1GBankroll (button) folded on the Flop
Seat 4: Timonessb (small blind) collected ($23.75)
Seat 5: Rononoa657 (big blind) folded before Flop
Seat 6: btop4887 folded before Flop (didn't bet)



PokerStars Hand #254525413514:  Hold'em No Limit ($0.50/$1.00 USD) - 2025/01/24 4:43:42 WET [2025/01/23 23:43:42 ET]
Table 'Suevia III' 6-max Seat #4 is the button
Seat 1: Xenicide ($105 in chips) 
Seat 2: BoyLoc0 ($100 in chips) 
Seat 3: B1GBankroll ($100 in chips) 
Seat 4: Timonessb ($224.32 in chips) 
Seat 5: Rononoa657 ($77.50 in chips) 
Seat 6: btop4887 ($62.71 in chips) 
Rononoa657: posts small blind $0.50
btop4887: posts big blind $1
*** HOLE CARDS ***
Xenicide: folds 
BoyLoc0: folds 
B1GBankroll: folds 
Timonessb: folds 
Rononoa657: calls $0.50
btop4887: checks 
*** FLOP *** [Qh As 8c]
Rononoa657: checks 
btop4887: checks 
*** TURN *** [Qh As 8c] [9s]
Rononoa657: checks 
btop4887: checks 
*** RIVER *** [Qh As 8c 9s] [4d]
Rononoa657: bets $10
btop4887: folds 
Uncalled bet ($10) returned to Rononoa657
Rononoa657 collected $1.90 from pot
Rononoa657: doesn't show hand 
*** SUMMARY ***
Total pot $2 | Rake $0.10 
Board [Qh As 8c 9s 4d]
Seat 1: Xenicide folded before Flop (didn't bet)
Seat 2: BoyLoc0 folded before Flop (didn't bet)
Seat 3: B1GBankroll folded before Flop (didn't bet)
Seat 4: Timonessb (button) folded before Flop (didn't bet)
Seat 5: Rononoa657 (small blind) collected ($1.90)
Seat 6: btop4887 (big blind) folded on the River



PokerStars Hand #254525416212:  Hold'em No Limit ($0.50/$1.00 USD) - 2025/01/24 4:44:09 WET [2025/01/23 23:44:09 ET]
Table 'Suevia III' 6-max Seat #5 is the button
Seat 1: Xenicide ($105 in chips) 
Seat 2: BoyLoc0 ($100 in chips) 
Seat 3: B1GBankroll ($100 in chips) 
Seat 4: Timonessb ($224.32 in chips) 
Seat 5: Rononoa657 ($78.40 in chips) 
Seat 6: btop4887 ($61.71 in chips) 
btop4887: posts small blind $0.50
Xenicide: posts big blind $1
*** HOLE CARDS ***
BoyLoc0: folds 
B1GBankroll: folds 
Timonessb: folds 
Rononoa657: calls $1
btop4887: calls $0.50
Xenicide: raises $8 to $9
Rononoa657: folds 
btop4887: folds 
Uncalled bet ($8) returned to Xenicide
Xenicide collected $3 from pot
*** SUMMARY ***
Total pot $3 | Rake $0 
Seat 1: Xenicide (big blind) collected ($3)
Seat 2: BoyLoc0 folded before Flop (didn't bet)
Seat 3: B1GBankroll folded before Flop (didn't bet)
Seat 4: Timonessb folded before Flop (didn't bet)
Seat 5: Rononoa657 (button) folded before Flop
Seat 6: btop4887 (small blind) folded before Flop



PokerStars Hand #254525440930:  Hold'em No Limit ($0.50/$1.00 USD) - 2025/01/24 4:48:16 WET [2025/01/23 23:48:16 ET]
Table 'Suevia III' 6-max Seat #4 is the button
Seat 1: Xenicide ($213 in chips) 
Seat 2: BoyLoc0 ($100 in chips) 
Seat 3: B1GBankroll ($100 in chips) 
Seat 4: Timonessb ($227.67 in chips) 
Seat 5: Rononoa657 ($52.71 in chips) 
Seat 6: btop4887 ($72.31 in chips) 
Rononoa657: posts small blind $0.50
btop4887: posts big blind $1
*** HOLE CARDS ***
Xenicide: folds 
BoyLoc0: folds 
B1GBankroll: folds 
Timonessb: folds 
Rononoa657: calls $0.50
btop4887: checks 
*** FLOP *** [As 3s 4h]
Rononoa657: checks 
btop4887: checks 
*** TURN *** [As 3s 4h] [4s]
Rononoa657: bets $4
btop4887: folds 
Uncalled bet ($4) returned to Rononoa657
Rononoa657 collected $1.90 from pot
Rononoa657: doesn't show hand 
*** SUMMARY ***
Total pot $2 | Rake $0.10 
Board [As 3s 4h 4s]
Seat 1: Xenicide folded before Flop (didn't bet)
Seat 2: BoyLoc0 folded before Flop (didn't bet)
Seat 3: B1GBankroll folded before Flop (didn't bet)
Seat 4: Timonessb (button) folded before Flop (didn't bet)
Seat 5: Rononoa657 (small blind) collected ($1.90)
Seat 6: btop4887 (big blind) folded on the Turn



PokerStars Hand #254525444324:  Hold'em No Limit ($0.50/$1.00 USD) - 2025/01/24 4:48:50 WET [2025/01/23 23:48:50 ET]
Table 'Suevia III' 6-max Seat #5 is the button
Seat 1: Xenicide ($213 in chips) 
Seat 2: BoyLoc0 ($100 in chips) 
Seat 3: B1GBankroll ($100 in chips) 
Seat 4: Timonessb ($227.67 in chips) 
Seat 5: Rononoa657 ($53.61 in chips) 
Seat 6: btop4887 ($71.31 in chips) 
btop4887: posts small blind $0.50
Xenicide: posts big blind $1
*** HOLE CARDS ***
BoyLoc0: raises $1.50 to $2.50
B1GBankroll: folds 
Timonessb: folds 
Rononoa657: calls $2.50
btop4887: folds 
Xenicide: folds 
*** FLOP *** [3d Jd 7s]
BoyLoc0: checks 
Rononoa657: bets $3
BoyLoc0: calls $3
*** TURN *** [3d Jd 7s] [4s]
BoyLoc0: checks 
Rononoa657: bets $5
BoyLoc0: calls $5
*** RIVER *** [3d Jd 7s 4s] [8s]
BoyLoc0: checks 
Rononoa657: bets $10
BoyLoc0: raises $34.04 to $44.04
Rononoa657: calls $33.11 and is all-in
Uncalled bet ($0.93) returned to BoyLoc0
*** SHOW DOWN ***
BoyLoc0: shows [8d 8h] (three of a kind, Eights)
Rononoa657: shows [Js 4d] (two pair, Jacks and Fours)
BoyLoc0 collected $106.22 from pot
*** SUMMARY ***
Total pot $108.72 | Rake $2.50 
Board [3d Jd 7s 4s 8s]
Seat 1: Xenicide (big blind) folded before Flop
Seat 2: BoyLoc0 showed [8d 8h] and won ($106.22) with three of a kind, Eights
Seat 3: B1GBankroll folded before Flop (didn't bet)
Seat 4: Timonessb folded before Flop (didn't bet)
Seat 5: Rononoa657 (button) showed [Js 4d] and lost with two pair, Jacks and Fours
Seat 6: btop4887 (small blind) folded before Flop



PokerStars Hand #254525449295:  Hold'em No Limit ($0.50/$1.00 USD) - 2025/01/24 4:49:41 WET [2025/01/23 23:49:41 ET]
Table 'Suevia III' 6-max Seat #6 is the button
Seat 5: Rononoa657 ($0 in chips) is sitting out
Seat 1: Xenicide ($212 in chips) 
Seat 2: BoyLoc0 ($152.61 in chips) 
Seat 3: B1GBankroll ($100 in chips) 
Seat 4: Timonessb ($227.67 in chips) 
Seat 6: btop4887 ($70.81 in chips) 
Xenicide: posts small blind $0.50
BoyLoc0: posts big blind $1
*** HOLE CARDS ***
B1GBankroll: folds 
Timonessb: raises $1.30 to $2.30
btop4887: folds 
Xenicide: folds 
BoyLoc0: folds 
Uncalled bet ($1.30) returned to Timonessb
Timonessb collected $2.50 from pot
Rononoa657 leaves the table
*** SUMMARY ***
Total pot $2.50 | Rake $0 
Seat 5: Rononoa657
Seat 1: Xenicide (small blind) folded before Flop
Seat 2: BoyLoc0 (big blind) folded before Flop
Seat 3: B1GBankroll folded before Flop (didn't bet)
Seat 4: Timonessb collected ($2.50)
Seat 6: btop4887 (button) folded before Flop (didn't bet)



PokerStars Hand #254525451099:  Hold'em No Limit ($0.50/$1.00 USD) - 2025/01/24 4:49:59 WET [2025/01/23 23:49:59 ET]
Table 'Suevia III' 6-max Seat #1 is the button
Seat 1: Xenicide ($211.50 in chips) 
Seat 2: BoyLoc0 ($151.61 in chips) 
Seat 3: B1GBankroll ($100 in chips) 
Seat 4: Timonessb ($229.17 in chips) 
Seat 6: btop4887 ($70.81 in chips) 
BoyLoc0: posts small blind $0.50
B1GBankroll: posts big blind $1
*** HOLE CARDS ***
Timonessb: folds 
btop4887: raises $1 to $2
7bekon7 joins the table at seat #5 
Xenicide: raises $4 to $6
BoyLoc0: folds 
B1GBankroll: folds 
btop4887: folds 
Uncalled bet ($4) returned to Xenicide
Xenicide collected $5.50 from pot
*** SUMMARY ***
Total pot $5.50 | Rake $0 
Seat 1: Xenicide (button) collected ($5.50)
Seat 2: BoyLoc0 (small blind) folded before Flop
Seat 3: B1GBankroll (big blind) folded before Flop
Seat 4: Timonessb folded before Flop (didn't bet)
Seat 6: btop4887 folded before Flop



PokerStars Hand #254525454117:  Hold'em No Limit ($0.50/$1.00 USD) - 2025/01/24 4:50:30 WET [2025/01/23 23:50:30 ET]
Table 'Suevia III' 6-max Seat #2 is the button
Seat 5: 7bekon7 ($100 in chips) is sitting out
Seat 1: Xenicide ($215 in chips) 
Seat 2: BoyLoc0 ($151.11 in chips) 
Seat 3: B1GBankroll ($100 in chips) 
Seat 4: Timonessb ($229.17 in chips) 
Seat 6: btop4887 ($68.81 in chips) 
B1GBankroll: posts small blind $0.50
Timonessb: posts big blind $1
7bekon7: sits out 
*** HOLE CARDS ***
btop4887: folds 
Xenicide: folds 
BoyLoc0: folds 
B1GBankroll: raises $2 to $3
Timonessb: calls $2
*** FLOP *** [Kh 9h 9s]
B1GBankroll: checks 
Timonessb: bets $1.88
B1GBankroll: calls $1.88
*** TURN *** [Kh 9h 9s] [2h]
B1GBankroll: checks 
Timonessb: bets $6.71
B1GBankroll: calls $6.71
*** RIVER *** [Kh 9h 9s 2h] [8s]
B1GBankroll: checks 
Timonessb: bets $17.25
B1GBankroll: calls $17.25
*** SHOW DOWN ***
Timonessb: shows [2d 2s] (a full house, Deuces full of Nines)
B1GBankroll: mucks hand 
Timonessb collected $55.18 from pot
*** SUMMARY ***
Total pot $57.68 | Rake $2.50 
Board [Kh 9h 9s 2h 8s]
Seat 5: 7bekon7
Seat 1: Xenicide folded before Flop (didn't bet)
Seat 2: BoyLoc0 (button) folded before Flop (didn't bet)
Seat 3: B1GBankroll (small blind) mucked
Seat 4: Timonessb (big blind) showed [2d 2s] and won ($55.18) with a full house, Deuces full of Nines
Seat 6: btop4887 folded before Flop (didn't bet)



PokerStars Hand #254525461821:  Hold'em No Limit ($0.50/$1.00 USD) - 2025/01/24 4:51:48 WET [2025/01/23 23:51:48 ET]
Table 'Suevia III' 6-max Seat #3 is the button
Seat 1: Xenicide ($215 in chips) 
Seat 2: BoyLoc0 ($151.11 in chips) 
Seat 3: B1GBankroll ($100 in chips) 
Seat 4: Timonessb ($255.51 in chips) 
Seat 5: 7bekon7 ($100 in chips) 
Seat 6: btop4887 ($68.81 in chips) 
Timonessb: posts small blind $0.50
7bekon7: posts big blind $1
*** HOLE CARDS ***
btop4887: calls $1
Xenicide: folds 
BoyLoc0: folds 
B1GBankroll: folds 
Timonessb: calls $0.50
7bekon7: checks 
*** FLOP *** [4d Td Kd]
Timonessb: checks 
7bekon7: bets $2.14
btop4887: folds 
Timonessb: folds 
Uncalled bet ($2.14) returned to 7bekon7
7bekon7 collected $2.85 from pot
7bekon7: doesn't show hand 
*** SUMMARY ***
Total pot $3 | Rake $0.15 
Board [4d Td Kd]
Seat 1: Xenicide folded before Flop (didn't bet)
Seat 2: BoyLoc0 folded before Flop (didn't bet)
Seat 3: B1GBankroll (button) folded before Flop (didn't bet)
Seat 4: Timonessb (small blind) folded on the Flop
Seat 5: 7bekon7 (big blind) collected ($2.85)
Seat 6: btop4887 folded on the Flop



PokerStars Hand #254525465568:  Hold'em No Limit ($0.50/$1.00 USD) - 2025/01/24 4:52:25 WET [2025/01/23 23:52:25 ET]
Table 'Suevia III' 6-max Seat #4 is the button
Seat 1: Xenicide ($215 in chips) 
Seat 2: BoyLoc0 ($151.11 in chips) 
Seat 3: B1GBankroll ($100 in chips) 
Seat 4: Timonessb ($254.51 in chips) 
Seat 5: 7bekon7 ($101.85 in chips) 
Seat 6: btop4887 ($67.81 in chips) 
7bekon7: posts small blind $0.50
btop4887: posts big blind $1
*** HOLE CARDS ***
Xenicide: folds 
BoyLoc0: raises $1.50 to $2.50
B1GBankroll: folds 
Timonessb: folds 
7bekon7: calls $2
btop4887: calls $1.50
*** FLOP *** [4c Kc Qh]
7bekon7: checks 
btop4887: checks 
BoyLoc0: checks 
*** TURN *** [4c Kc Qh] [8d]
7bekon7: checks 
btop4887: checks 
BoyLoc0: checks 
*** RIVER *** [4c Kc Qh 8d] [Ah]
7bekon7: checks 
btop4887: bets $2
BoyLoc0: folds 
7bekon7: folds 
Uncalled bet ($2) returned to btop4887
btop4887 collected $7.12 from pot
*** SUMMARY ***
Total pot $7.50 | Rake $0.38 
Board [4c Kc Qh 8d Ah]
Seat 1: Xenicide folded before Flop (didn't bet)
Seat 2: BoyLoc0 folded on the River
Seat 3: B1GBankroll folded before Flop (didn't bet)
Seat 4: Timonessb (button) folded before Flop (didn't bet)
Seat 5: 7bekon7 (small blind) folded on the River
Seat 6: btop4887 (big blind) collected ($7.12)



PokerStars Hand #254525472176:  Hold'em No Limit ($0.50/$1.00 USD) - 2025/01/24 4:53:34 WET [2025/01/23 23:53:34 ET]
Table 'Suevia III' 6-max Seat #5 is the button
Seat 1: Xenicide ($215 in chips) 
Seat 2: BoyLoc0 ($148.61 in chips) 
Seat 3: B1GBankroll ($100 in chips) 
Seat 4: Timonessb ($254.51 in chips) 
Seat 5: 7bekon7 ($100 in chips) 
Seat 6: btop4887 ($72.43 in chips) 
btop4887: posts small blind $0.50
Xenicide: posts big blind $1
*** HOLE CARDS ***
BoyLoc0: raises $1.50 to $2.50
B1GBankroll: folds 
Timonessb: folds 
7bekon7: folds 
btop4887: calls $2
Xenicide: folds 
*** FLOP *** [6d As Ah]
btop4887: checks 
BoyLoc0: bets $1.88
btop4887: folds 
Uncalled bet ($1.88) returned to BoyLoc0
BoyLoc0 collected $5.70 from pot
BoyLoc0: doesn't show hand 
*** SUMMARY ***
Total pot $6 | Rake $0.30 
Board [6d As Ah]
Seat 1: Xenicide (big blind) folded before Flop
Seat 2: BoyLoc0 collected ($5.70)
Seat 3: B1GBankroll folded before Flop (didn't bet)
Seat 4: Timonessb folded before Flop (didn't bet)
Seat 5: 7bekon7 (button) folded before Flop (didn't bet)
Seat 6: btop4887 (small blind) folded on the Flop



PokerStars Hand #254525474696:  Hold'em No Limit ($0.50/$1.00 USD) - 2025/01/24 4:54:00 WET [2025/01/23 23:54:00 ET]
Table 'Suevia III' 6-max Seat #6 is the button
Seat 1: Xenicide ($214 in chips) 
Seat 2: BoyLoc0 ($151.81 in chips) 
Seat 3: B1GBankroll ($100 in chips) 
Seat 4: Timonessb ($254.51 in chips) 
Seat 5: 7bekon7 ($100 in chips) 
Seat 6: btop4887 ($69.93 in chips) 
Xenicide: posts small blind $0.50
BoyLoc0: posts big blind $1
*** HOLE CARDS ***
B1GBankroll: folds 
Timonessb: folds 
7bekon7: raises $1.25 to $2.25
btop4887: folds 
B1GBankroll leaves the table
Xenicide: folds 
BoyLoc0: folds 
Uncalled bet ($1.25) returned to 7bekon7
7bekon7 collected $2.50 from pot
7bekon7: doesn't show hand 
*** SUMMARY ***
Total pot $2.50 | Rake $0 
Seat 1: Xenicide (small blind) folded before Flop
Seat 2: BoyLoc0 (big blind) folded before Flop
Seat 3: B1GBankroll folded before Flop (didn't bet)
Seat 4: Timonessb folded before Flop (didn't bet)
Seat 5: 7bekon7 collected ($2.50)
Seat 6: btop4887 (button) folded before Flop (didn't bet)



PokerStars Hand #254525477625:  Hold'em No Limit ($0.50/$1.00 USD) - 2025/01/24 4:54:31 WET [2025/01/23 23:54:31 ET]
Table 'Suevia III' 6-max Seat #1 is the button
Seat 1: Xenicide ($213.50 in chips) 
Seat 2: BoyLoc0 ($150.81 in chips) 
Seat 4: Timonessb ($254.51 in chips) 
Seat 5: 7bekon7 ($101.50 in chips) 
Seat 6: btop4887 ($69.93 in chips) 
BoyLoc0: posts small blind $0.50
Timonessb: posts big blind $1
*** HOLE CARDS ***
7bekon7: folds 
btop4887: folds 
Xenicide: folds 
BoyLoc0: folds 
Uncalled bet ($0.50) returned to Timonessb
Timonessb collected $1 from pot
*** SUMMARY ***
Total pot $1 | Rake $0 
Seat 1: Xenicide (button) folded before Flop (didn't bet)
Seat 2: BoyLoc0 (small blind) folded before Flop
Seat 4: Timonessb (big blind) collected ($1)
Seat 5: 7bekon7 folded before Flop (didn't bet)
Seat 6: btop4887 folded before Flop (didn't bet)



PokerStars Hand #254525479331:  Hold'em No Limit ($0.50/$1.00 USD) - 2025/01/24 4:54:50 WET [2025/01/23 23:54:50 ET]
Table 'Suevia III' 6-max Seat #2 is the button
Seat 1: Xenicide ($213.50 in chips) 
Seat 2: BoyLoc0 ($150.31 in chips) 
Seat 4: Timonessb ($255.01 in chips) 
Seat 5: 7bekon7 ($101.50 in chips) 
Seat 6: btop4887 ($69.93 in chips) 
Timonessb: posts small blind $0.50
7bekon7: posts big blind $1
*** HOLE CARDS ***
btop4887: raises $1 to $2
Xenicide: folds 
BoyLoc0: raises $5.50 to $7.50
Timonessb: folds 
7bekon7: folds 
btop4887: calls $5.50
*** FLOP *** [8h 8c Ah]
btop4887: checks 
BoyLoc0: bets $5.17
btop4887: calls $5.17
*** TURN *** [8h 8c Ah] [Kc]
btop4887: checks 
BoyLoc0: bets $19.13
btop4887: folds 
Uncalled bet ($19.13) returned to BoyLoc0
BoyLoc0 collected $25.50 from pot
BoyLoc0: doesn't show hand 
*** SUMMARY ***
Total pot $26.84 | Rake $1.34 
Board [8h 8c Ah Kc]
Seat 1: Xenicide folded before Flop (didn't bet)
Seat 2: BoyLoc0 (button) collected ($25.50)
Seat 4: Timonessb (small blind) folded before Flop
Seat 5: 7bekon7 (big blind) folded before Flop
Seat 6: btop4887 folded on the Turn



PokerStars Hand #254525482561:  Hold'em No Limit ($0.50/$1.00 USD) - 2025/01/24 4:55:25 WET [2025/01/23 23:55:25 ET]
Table 'Suevia III' 6-max Seat #4 is the button
Seat 1: Xenicide ($213.50 in chips) 
Seat 2: BoyLoc0 ($163.14 in chips) 
Seat 4: Timonessb ($254.51 in chips) 
Seat 5: 7bekon7 ($100.50 in chips) 
Seat 6: btop4887 ($57.26 in chips) 
7bekon7: posts small blind $0.50
btop4887: posts big blind $1
*** HOLE CARDS ***
Xenicide: raises $1 to $2
BoyLoc0: folds 
Timonessb: folds 
7bekon7: folds 
btop4887: calls $1
*** FLOP *** [5s Kc Jc]
btop4887: checks 
Xenicide: bets $1.33
btop4887: folds 
Uncalled bet ($1.33) returned to Xenicide
Xenicide collected $4.28 from pot
*** SUMMARY ***
Total pot $4.50 | Rake $0.22 
Board [5s Kc Jc]
Seat 1: Xenicide collected ($4.28)
Seat 2: BoyLoc0 folded before Flop (didn't bet)
Seat 4: Timonessb (button) folded before Flop (didn't bet)
Seat 5: 7bekon7 (small blind) folded before Flop
Seat 6: btop4887 (big blind) folded on the Flop



PokerStars Hand #254525485436:  Hold'em No Limit ($0.50/$1.00 USD) - 2025/01/24 4:56:03 WET [2025/01/23 23:56:03 ET]
Table 'Suevia III' 6-max Seat #5 is the button
Seat 1: Xenicide ($215.78 in chips) 
Seat 2: BoyLoc0 ($163.14 in chips) 
Seat 4: Timonessb ($254.51 in chips) 
Seat 5: 7bekon7 ($100 in chips) 
Seat 6: btop4887 ($55.26 in chips) 
btop4887: posts small blind $0.50
Xenicide: posts big blind $1
*** HOLE CARDS ***
BoyLoc0: folds 
Timonessb: raises $1.50 to $2.50
7bekon7: folds 
btop4887: raises $1.50 to $4
Xenicide: folds 
Timonessb: calls $1.50
*** FLOP *** [Ad 2h Jc]
btop4887: bets $4
Timonessb: folds 
Uncalled bet ($4) returned to btop4887
btop4887 collected $8.55 from pot
*** SUMMARY ***
Total pot $9 | Rake $0.45 
Board [Ad 2h Jc]
Seat 1: Xenicide (big blind) folded before Flop
Seat 2: BoyLoc0 folded before Flop (didn't bet)
Seat 4: Timonessb folded on the Flop
Seat 5: 7bekon7 (button) folded before Flop (didn't bet)
Seat 6: btop4887 (small blind) collected ($8.55)



PokerStars Hand #254525486995:  Hold'em No Limit ($0.50/$1.00 USD) - 2025/01/24 4:56:23 WET [2025/01/23 23:56:23 ET]
Table 'Suevia III' 6-max Seat #6 is the button
Seat 1: Xenicide ($214.78 in chips) 
Seat 2: BoyLoc0 ($163.14 in chips) 
Seat 4: Timonessb ($250.51 in chips) 
Seat 5: 7bekon7 ($100 in chips) 
Seat 6: btop4887 ($59.81 in chips) 
Xenicide: posts small blind $0.50
BoyLoc0: posts big blind $1
*** HOLE CARDS ***
ImaPeppaPig joins the table at seat #3 
Timonessb: raises $1.30 to $2.30
7bekon7: folds 
btop4887: folds 
Xenicide: raises $7.20 to $9.50
BoyLoc0: folds 
Timonessb: folds 
Uncalled bet ($7.20) returned to Xenicide
Xenicide collected $5.60 from pot
*** SUMMARY ***
Total pot $5.60 | Rake $0 
Seat 1: Xenicide (small blind) collected ($5.60)
Seat 2: BoyLoc0 (big blind) folded before Flop
Seat 4: Timonessb folded before Flop
Seat 5: 7bekon7 folded before Flop (didn't bet)
Seat 6: btop4887 (button) folded before Flop (didn't bet)



PokerStars Hand #254525489701:  Hold'em No Limit ($0.50/$1.00 USD) - 2025/01/24 4:56:58 WET [2025/01/23 23:56:58 ET]
Table 'Suevia III' 6-max Seat #1 is the button
Seat 1: Xenicide ($218.08 in chips) 
Seat 2: BoyLoc0 ($162.14 in chips) 
Seat 3: ImaPeppaPig ($107.35 in chips) 
Seat 4: Timonessb ($248.21 in chips) 
Seat 5: 7bekon7 ($100 in chips) 
Seat 6: btop4887 ($59.81 in chips) 
BoyLoc0: posts small blind $0.50
ImaPeppaPig: posts big blind $1
*** HOLE CARDS ***
Timonessb: folds 
7bekon7: folds 
btop4887: calls $1
Xenicide: raises $3.50 to $4.50
BoyLoc0: folds 
ImaPeppaPig: folds 
btop4887: folds 
Uncalled bet ($3.50) returned to Xenicide
Xenicide collected $3.50 from pot
*** SUMMARY ***
Total pot $3.50 | Rake $0 
Seat 1: Xenicide (button) collected ($3.50)
Seat 2: BoyLoc0 (small blind) folded before Flop
Seat 3: ImaPeppaPig (big blind) folded before Flop
Seat 4: Timonessb folded before Flop (didn't bet)
Seat 5: 7bekon7 folded before Flop (didn't bet)
Seat 6: btop4887 folded before Flop



PokerStars Hand #254525491626:  Hold'em No Limit ($0.50/$1.00 USD) - 2025/01/24 4:57:24 WET [2025/01/23 23:57:24 ET]
Table 'Suevia III' 6-max Seat #2 is the button
Seat 1: Xenicide ($220.58 in chips) 
Seat 2: BoyLoc0 ($161.64 in chips) 
Seat 3: ImaPeppaPig ($106.35 in chips) 
Seat 4: Timonessb ($248.21 in chips) 
Seat 5: 7bekon7 ($100 in chips) 
Seat 6: btop4887 ($58.81 in chips) 
ImaPeppaPig: posts small blind $0.50
Timonessb: posts big blind $1
*** HOLE CARDS ***
7bekon7: folds 
btop4887: calls $1
Xenicide: folds 
BoyLoc0: folds 
ImaPeppaPig: raises $5 to $6
Timonessb: folds 
btop4887: folds 
Uncalled bet ($5) returned to ImaPeppaPig
ImaPeppaPig collected $3 from pot
ImaPeppaPig: doesn't show hand 
*** SUMMARY ***
Total pot $3 | Rake $0 
Seat 1: Xenicide folded before Flop (didn't bet)
Seat 2: BoyLoc0 (button) folded before Flop (didn't bet)
Seat 3: ImaPeppaPig (small blind) collected ($3)
Seat 4: Timonessb (big blind) folded before Flop
Seat 5: 7bekon7 folded before Flop (didn't bet)
Seat 6: btop4887 folded before Flop



PokerStars Hand #254525492990:  Hold'em No Limit ($0.50/$1.00 USD) - 2025/01/24 4:57:41 WET [2025/01/23 23:57:41 ET]
Table 'Suevia III' 6-max Seat #3 is the button
Seat 1: Xenicide ($220.58 in chips) 
Seat 2: BoyLoc0 ($161.64 in chips) 
Seat 3: ImaPeppaPig ($108.35 in chips) 
Seat 4: Timonessb ($247.21 in chips) 
Seat 5: 7bekon7 ($100 in chips) 
Seat 6: btop4887 ($57.81 in chips) 
Timonessb: posts small blind $0.50
7bekon7: posts big blind $1
*** HOLE CARDS ***
btop4887: folds 
Xenicide: folds 
BoyLoc0: folds 
ImaPeppaPig: folds 
Timonessb: folds 
Uncalled bet ($0.50) returned to 7bekon7
7bekon7 collected $1 from pot
7bekon7: doesn't show hand 
*** SUMMARY ***
Total pot $1 | Rake $0 
Seat 1: Xenicide folded before Flop (didn't bet)
Seat 2: BoyLoc0 folded before Flop (didn't bet)
Seat 3: ImaPeppaPig (button) folded before Flop (didn't bet)
Seat 4: Timonessb (small blind) folded before Flop
Seat 5: 7bekon7 (big blind) collected ($1)
Seat 6: btop4887 folded before Flop (didn't bet)



PokerStars Hand #254525494433:  Hold'em No Limit ($0.50/$1.00 USD) - 2025/01/24 4:58:00 WET [2025/01/23 23:58:00 ET]
Table 'Suevia III' 6-max Seat #4 is the button
Seat 1: Xenicide ($220.58 in chips) 
Seat 2: BoyLoc0 ($161.64 in chips) 
Seat 3: ImaPeppaPig ($108.35 in chips) 
Seat 4: Timonessb ($246.71 in chips) 
Seat 5: 7bekon7 ($100.50 in chips) 
Seat 6: btop4887 ($57.81 in chips) 
7bekon7: posts small blind $0.50
btop4887: posts big blind $1
*** HOLE CARDS ***
Xenicide: folds 
BoyLoc0: folds 
ImaPeppaPig: folds 
Timonessb: raises $1.50 to $2.50
7bekon7: folds 
btop4887: calls $1.50
*** FLOP *** [Kh 6d 2d]
btop4887: checks 
Timonessb: bets $2.66
btop4887: calls $2.66
*** TURN *** [Kh 6d 2d] [9h]
btop4887: bets $4
Timonessb: calls $4
*** RIVER *** [Kh 6d 2d 9h] [Kd]
btop4887: bets $1
Timonessb: calls $1
*** SHOW DOWN ***
btop4887: shows [6c 9d] (two pair, Kings and Nines)
Timonessb: shows [Js Jd] (two pair, Kings and Jacks)
Timonessb collected $19.78 from pot
*** SUMMARY ***
Total pot $20.82 | Rake $1.04 
Board [Kh 6d 2d 9h Kd]
Seat 1: Xenicide folded before Flop (didn't bet)
Seat 2: BoyLoc0 folded before Flop (didn't bet)
Seat 3: ImaPeppaPig folded before Flop (didn't bet)
Seat 4: Timonessb (button) showed [Js Jd] and won ($19.78) with two pair, Kings and Jacks
Seat 5: 7bekon7 (small blind) folded before Flop
Seat 6: btop4887 (big blind) showed [6c 9d] and lost with two pair, Kings and Nines



PokerStars Hand #254525496506:  Hold'em No Limit ($0.50/$1.00 USD) - 2025/01/24 4:58:26 WET [2025/01/23 23:58:26 ET]
Table 'Suevia III' 6-max Seat #5 is the button
Seat 1: Xenicide ($220.58 in chips) 
Seat 2: BoyLoc0 ($161.64 in chips) 
Seat 3: ImaPeppaPig ($108.35 in chips) 
Seat 4: Timonessb ($256.33 in chips) 
Seat 5: 7bekon7 ($100 in chips) 
Seat 6: btop4887 ($47.65 in chips) 
btop4887: posts small blind $0.50
Xenicide: posts big blind $1
*** HOLE CARDS ***
BoyLoc0: folds 
ImaPeppaPig: folds 
Timonessb: folds 
7bekon7: raises $1.50 to $2.50
btop4887: raises $1.50 to $4
Xenicide: folds 
7bekon7: calls $1.50
*** FLOP *** [Jc 4h 9c]
btop4887: bets $3
7bekon7: folds 
Uncalled bet ($3) returned to btop4887
btop4887 collected $8.55 from pot
*** SUMMARY ***
Total pot $9 | Rake $0.45 
Board [Jc 4h 9c]
Seat 1: Xenicide (big blind) folded before Flop
Seat 2: BoyLoc0 folded before Flop (didn't bet)
Seat 3: ImaPeppaPig folded before Flop (didn't bet)
Seat 4: Timonessb folded before Flop (didn't bet)
Seat 5: 7bekon7 (button) folded on the Flop
Seat 6: btop4887 (small blind) collected ($8.55)



PokerStars Hand #254525498602:  Hold'em No Limit ($0.50/$1.00 USD) - 2025/01/24 4:58:54 WET [2025/01/23 23:58:54 ET]
Table 'Suevia III' 6-max Seat #6 is the button
Seat 1: Xenicide ($219.58 in chips) 
Seat 2: BoyLoc0 ($161.64 in chips) 
Seat 3: ImaPeppaPig ($108.35 in chips) 
Seat 4: Timonessb ($256.33 in chips) 
Seat 5: 7bekon7 ($100 in chips) 
Seat 6: btop4887 ($52.20 in chips) 
Xenicide: posts small blind $0.50
BoyLoc0: posts big blind $1
*** HOLE CARDS ***
ImaPeppaPig: folds 
Timonessb: folds 
7bekon7: folds 
btop4887: calls $1
Xenicide: calls $0.50
BoyLoc0: checks 
*** FLOP *** [4h Ks Jc]
Xenicide: checks 
BoyLoc0: checks 
btop4887: bets $3
Xenicide: folds 
BoyLoc0: folds 
Uncalled bet ($3) returned to btop4887
btop4887 collected $2.85 from pot
*** SUMMARY ***
Total pot $3 | Rake $0.15 
Board [4h Ks Jc]
Seat 1: Xenicide (small blind) folded on the Flop
Seat 2: BoyLoc0 (big blind) folded on the Flop
Seat 3: ImaPeppaPig folded before Flop (didn't bet)
Seat 4: Timonessb folded before Flop (didn't bet)
Seat 5: 7bekon7 folded before Flop (didn't bet)
Seat 6: btop4887 (button) collected ($2.85)



PokerStars Hand #254525502333:  Hold'em No Limit ($0.50/$1.00 USD) - 2025/01/24 4:59:42 WET [2025/01/23 23:59:42 ET]
Table 'Suevia III' 6-max Seat #1 is the button
Seat 1: Xenicide ($218.58 in chips) 
Seat 2: BoyLoc0 ($160.64 in chips) 
Seat 3: ImaPeppaPig ($108.35 in chips) 
Seat 4: Timonessb ($256.33 in chips) 
Seat 5: 7bekon7 ($100 in chips) 
Seat 6: btop4887 ($54.05 in chips) 
BoyLoc0: posts small blind $0.50
ImaPeppaPig: posts big blind $1
*** HOLE CARDS ***
Timonessb: folds 
7bekon7: folds 
btop4887: folds 
Xenicide: folds 
BoyLoc0: raises $2 to $3
ImaPeppaPig: folds 
Uncalled bet ($2) returned to BoyLoc0
BoyLoc0 collected $2 from pot
BoyLoc0: doesn't show hand 
*** SUMMARY ***
Total pot $2 | Rake $0 
Seat 1: Xenicide (button) folded before Flop (didn't bet)
Seat 2: BoyLoc0 (small blind) collected ($2)
Seat 3: ImaPeppaPig (big blind) folded before Flop
Seat 4: Timonessb folded before Flop (didn't bet)
Seat 5: 7bekon7 folded before Flop (didn't bet)
Seat 6: btop4887 folded before Flop (didn't bet)



PokerStars Hand #254525503506:  Hold'em No Limit ($0.50/$1.00 USD) - 2025/01/24 4:59:57 WET [2025/01/23 23:59:57 ET]
Table 'Suevia III' 6-max Seat #2 is the button
Seat 1: Xenicide ($218.58 in chips) 
Seat 2: BoyLoc0 ($161.64 in chips) 
Seat 3: ImaPeppaPig ($107.35 in chips) 
Seat 4: Timonessb ($256.33 in chips) 
Seat 5: 7bekon7 ($100 in chips) 
Seat 6: btop4887 ($54.05 in chips) 
ImaPeppaPig: posts small blind $0.50
Timonessb: posts big blind $1
*** HOLE CARDS ***
7bekon7: folds 
btop4887: calls $1
Xenicide: folds 
BoyLoc0: folds 
ImaPeppaPig: folds 
Timonessb: checks 
*** FLOP *** [Kc Qs Tc]
Timonessb: checks 
btop4887: checks 
*** TURN *** [Kc Qs Tc] [Kh]
Timonessb: bets $2.45
btop4887: calls $2.45
*** RIVER *** [Kc Qs Tc Kh] [Js]
Timonessb: checks 
btop4887: bets $6
Timonessb: folds 
Uncalled bet ($6) returned to btop4887
btop4887 collected $7.03 from pot
*** SUMMARY ***
Total pot $7.40 | Rake $0.37 
Board [Kc Qs Tc Kh Js]
Seat 1: Xenicide folded before Flop (didn't bet)
Seat 2: BoyLoc0 (button) folded before Flop (didn't bet)
Seat 3: ImaPeppaPig (small blind) folded before Flop
Seat 4: Timonessb (big blind) folded on the River
Seat 5: 7bekon7 folded before Flop (didn't bet)
Seat 6: btop4887 collected ($7.03)



PokerStars Hand #254525507523:  Hold'em No Limit ($0.50/$1.00 USD) - 2025/01/24 5:00:46 WET [2025/01/24 0:00:46 ET]
Table 'Suevia III' 6-max Seat #3 is the button
Seat 1: Xenicide ($218.58 in chips) 
Seat 2: BoyLoc0 ($161.64 in chips) 
Seat 3: ImaPeppaPig ($106.85 in chips) 
Seat 4: Timonessb ($252.88 in chips) 
Seat 5: 7bekon7 ($100 in chips) 
Seat 6: btop4887 ($57.63 in chips) 
Timonessb: posts small blind $0.50
7bekon7: posts big blind $1
*** HOLE CARDS ***
btop4887: folds 
Xenicide: raises $1 to $2
BoyLoc0: folds 
ImaPeppaPig: folds 
Timonessb: folds 
7bekon7: calls $1
*** FLOP *** [5s 9d 9h]
7bekon7: checks 
Xenicide: bets $1.07
7bekon7: calls $1.07
*** TURN *** [5s 9d 9h] [6c]
7bekon7: checks 
Xenicide: checks 
*** RIVER *** [5s 9d 9h 6c] [Kh]
7bekon7: checks 
Xenicide: bets $6.31
7bekon7: calls $6.31
*** SHOW DOWN ***
Xenicide: shows [Qd Kd] (two pair, Kings and Nines)
7bekon7: mucks hand 
Xenicide collected $18.30 from pot
*** SUMMARY ***
Total pot $19.26 | Rake $0.96 
Board [5s 9d 9h 6c Kh]
Seat 1: Xenicide showed [Qd Kd] and won ($18.30) with two pair, Kings and Nines
Seat 2: BoyLoc0 folded before Flop (didn't bet)
Seat 3: ImaPeppaPig (button) folded before Flop (didn't bet)
Seat 4: Timonessb (small blind) folded before Flop
Seat 5: 7bekon7 (big blind) mucked
Seat 6: btop4887 folded before Flop (didn't bet)



PokerStars Hand #254525516391:  Hold'em No Limit ($0.50/$1.00 USD) - 2025/01/24 5:02:24 WET [2025/01/24 0:02:24 ET]
Table 'Suevia III' 6-max Seat #4 is the button
Seat 1: Xenicide ($227.50 in chips) 
Seat 2: BoyLoc0 ($161.64 in chips) 
Seat 3: ImaPeppaPig ($106.85 in chips) 
Seat 4: Timonessb ($252.38 in chips) 
Seat 5: 7bekon7 ($100 in chips) 
Seat 6: btop4887 ($57.63 in chips) 
7bekon7: posts small blind $0.50
btop4887: posts big blind $1
*** HOLE CARDS ***
Xenicide: raises $1 to $2
BoyLoc0: folds 
ImaPeppaPig: folds 
Timonessb: folds 
7bekon7: calls $1.50
btop4887: calls $1
*** FLOP *** [Ah Kh 7h]
7bekon7: checks 
btop4887: checks 
Xenicide: bets $2.39
7bekon7: folds 
btop4887: folds 
Uncalled bet ($2.39) returned to Xenicide
Xenicide collected $5.70 from pot
*** SUMMARY ***
Total pot $6 | Rake $0.30 
Board [Ah Kh 7h]
Seat 1: Xenicide collected ($5.70)
Seat 2: BoyLoc0 folded before Flop (didn't bet)
Seat 3: ImaPeppaPig folded before Flop (didn't bet)
Seat 4: Timonessb (button) folded before Flop (didn't bet)
Seat 5: 7bekon7 (small blind) folded on the Flop
Seat 6: btop4887 (big blind) folded on the Flop



PokerStars Hand #254525519359:  Hold'em No Limit ($0.50/$1.00 USD) - 2025/01/24 5:02:57 WET [2025/01/24 0:02:57 ET]
Table 'Suevia III' 6-max Seat #5 is the button
Seat 1: Xenicide ($231.20 in chips) 
Seat 2: BoyLoc0 ($161.64 in chips) 
Seat 3: ImaPeppaPig ($106.85 in chips) 
Seat 4: Timonessb ($252.38 in chips) 
Seat 5: 7bekon7 ($100 in chips) 
Seat 6: btop4887 ($55.63 in chips) 
btop4887: posts small blind $0.50
Xenicide: posts big blind $1
*** HOLE CARDS ***
BoyLoc0: folds 
ImaPeppaPig: folds 
Timonessb: folds 
7bekon7: folds 
btop4887: calls $0.50
Xenicide: raises $3.50 to $4.50
btop4887: folds 
Uncalled bet ($3.50) returned to Xenicide
Xenicide collected $2 from pot
*** SUMMARY ***
Total pot $2 | Rake $0 
Seat 1: Xenicide (big blind) collected ($2)
Seat 2: BoyLoc0 folded before Flop (didn't bet)
Seat 3: ImaPeppaPig folded before Flop (didn't bet)
Seat 4: Timonessb folded before Flop (didn't bet)
Seat 5: 7bekon7 (button) folded before Flop (didn't bet)
Seat 6: btop4887 (small blind) folded before Flop



PokerStars Hand #254525521177:  Hold'em No Limit ($0.50/$1.00 USD) - 2025/01/24 5:03:17 WET [2025/01/24 0:03:17 ET]
Table 'Suevia III' 6-max Seat #6 is the button
Seat 1: Xenicide ($232.20 in chips) 
Seat 2: BoyLoc0 ($161.64 in chips) 
Seat 3: ImaPeppaPig ($106.85 in chips) 
Seat 4: Timonessb ($252.38 in chips) 
Seat 5: 7bekon7 ($100 in chips) 
Seat 6: btop4887 ($54.63 in chips) 
Xenicide: posts small blind $0.50
BoyLoc0: posts big blind $1
*** HOLE CARDS ***
ImaPeppaPig: folds 
Timonessb: folds 
7bekon7: folds 
btop4887: folds 
Xenicide: folds 
Uncalled bet ($0.50) returned to BoyLoc0
BoyLoc0 collected $1 from pot
BoyLoc0: doesn't show hand 
*** SUMMARY ***
Total pot $1 | Rake $0 
Seat 1: Xenicide (small blind) folded before Flop
Seat 2: BoyLoc0 (big blind) collected ($1)
Seat 3: ImaPeppaPig folded before Flop (didn't bet)
Seat 4: Timonessb folded before Flop (didn't bet)
Seat 5: 7bekon7 folded before Flop (didn't bet)
Seat 6: btop4887 (button) folded before Flop (didn't bet)



PokerStars Hand #254525522173:  Hold'em No Limit ($0.50/$1.00 USD) - 2025/01/24 5:03:28 WET [2025/01/24 0:03:28 ET]
Table 'Suevia III' 6-max Seat #1 is the button
Seat 1: Xenicide ($231.70 in chips) 
Seat 2: BoyLoc0 ($162.14 in chips) 
Seat 3: ImaPeppaPig ($106.85 in chips) 
Seat 4: Timonessb ($252.38 in chips) 
Seat 5: 7bekon7 ($100 in chips) 
Seat 6: btop4887 ($54.63 in chips) 
BoyLoc0: posts small blind $0.50
ImaPeppaPig: posts big blind $1
*** HOLE CARDS ***
Timonessb: raises $1.30 to $2.30
7bekon7: folds 
btop4887: folds 
Xenicide: folds 
BoyLoc0: folds 
ImaPeppaPig: folds 
Uncalled bet ($1.30) returned to Timonessb
Timonessb collected $2.50 from pot
*** SUMMARY ***
Total pot $2.50 | Rake $0 
Seat 1: Xenicide (button) folded before Flop (didn't bet)
Seat 2: BoyLoc0 (small blind) folded before Flop
Seat 3: ImaPeppaPig (big blind) folded before Flop
Seat 4: Timonessb collected ($2.50)
Seat 5: 7bekon7 folded before Flop (didn't bet)
Seat 6: btop4887 folded before Flop (didn't bet)



PokerStars Hand #254525524909:  Hold'em No Limit ($0.50/$1.00 USD) - 2025/01/24 5:03:58 WET [2025/01/24 0:03:58 ET]
Table 'Suevia III' 6-max Seat #2 is the button
Seat 1: Xenicide ($231.70 in chips) 
Seat 2: BoyLoc0 ($161.64 in chips) 
Seat 3: ImaPeppaPig ($105.85 in chips) 
Seat 4: Timonessb ($253.88 in chips) 
Seat 5: 7bekon7 ($100 in chips) 
Seat 6: btop4887 ($54.63 in chips) 
ImaPeppaPig: posts small blind $0.50
Timonessb: posts big blind $1
*** HOLE CARDS ***
7bekon7: raises $1.25 to $2.25
btop4887: calls $2.25
Xenicide: folds 
BoyLoc0: folds 
ImaPeppaPig: folds 
Timonessb: folds 
*** FLOP *** [Jc Ah Qc]
7bekon7: bets $1.43
btop4887: folds 
Uncalled bet ($1.43) returned to 7bekon7
7bekon7 collected $5.70 from pot
7bekon7: doesn't show hand 
*** SUMMARY ***
Total pot $6 | Rake $0.30 
Board [Jc Ah Qc]
Seat 1: Xenicide folded before Flop (didn't bet)
Seat 2: BoyLoc0 (button) folded before Flop (didn't bet)
Seat 3: ImaPeppaPig (small blind) folded before Flop
Seat 4: Timonessb (big blind) folded before Flop
Seat 5: 7bekon7 collected ($5.70)
Seat 6: btop4887 folded on the Flop



PokerStars Hand #254525527158:  Hold'em No Limit ($0.50/$1.00 USD) - 2025/01/24 5:04:22 WET [2025/01/24 0:04:22 ET]
Table 'Suevia III' 6-max Seat #3 is the button
Seat 1: Xenicide ($231.70 in chips) 
Seat 2: BoyLoc0 ($161.64 in chips) 
Seat 3: ImaPeppaPig ($105.35 in chips) 
Seat 4: Timonessb ($252.88 in chips) 
Seat 5: 7bekon7 ($103.45 in chips) 
Seat 6: btop4887 ($52.38 in chips) 
Timonessb: posts small blind $0.50
7bekon7: posts big blind $1
*** HOLE CARDS ***
btop4887: calls $1
Xenicide: folds 
BoyLoc0: folds 
ImaPeppaPig: folds 
Timonessb: calls $0.50
7bekon7: raises $4.50 to $5.50
btop4887: folds 
Timonessb: folds 
Uncalled bet ($4.50) returned to 7bekon7
7bekon7 collected $3 from pot
7bekon7: doesn't show hand 
*** SUMMARY ***
Total pot $3 | Rake $0 
Seat 1: Xenicide folded before Flop (didn't bet)
Seat 2: BoyLoc0 folded before Flop (didn't bet)
Seat 3: ImaPeppaPig (button) folded before Flop (didn't bet)
Seat 4: Timonessb (small blind) folded before Flop
Seat 5: 7bekon7 (big blind) collected ($3)
Seat 6: btop4887 folded before Flop



PokerStars Hand #254525529834:  Hold'em No Limit ($0.50/$1.00 USD) - 2025/01/24 5:04:52 WET [2025/01/24 0:04:52 ET]
Table 'Suevia III' 6-max Seat #4 is the button
Seat 1: Xenicide ($231.70 in chips) 
Seat 2: BoyLoc0 ($161.64 in chips) 
Seat 3: ImaPeppaPig ($105.35 in chips) 
Seat 4: Timonessb ($251.88 in chips) 
Seat 5: 7bekon7 ($105.45 in chips) 
Seat 6: btop4887 ($51.38 in chips) 
7bekon7: posts small blind $0.50
btop4887: posts big blind $1
*** HOLE CARDS ***
Xenicide: folds 
BoyLoc0: raises $1.50 to $2.50
ImaPeppaPig: folds 
Timonessb: folds 
7bekon7: folds 
btop4887: folds 
Uncalled bet ($1.50) returned to BoyLoc0
BoyLoc0 collected $2.50 from pot
BoyLoc0: doesn't show hand 
*** SUMMARY ***
Total pot $2.50 | Rake $0 
Seat 1: Xenicide folded before Flop (didn't bet)
Seat 2: BoyLoc0 collected ($2.50)
Seat 3: ImaPeppaPig folded before Flop (didn't bet)
Seat 4: Timonessb (button) folded before Flop (didn't bet)
Seat 5: 7bekon7 (small blind) folded before Flop
Seat 6: btop4887 (big blind) folded before Flop



PokerStars Hand #254525532907:  Hold'em No Limit ($0.50/$1.00 USD) - 2025/01/24 5:05:26 WET [2025/01/24 0:05:26 ET]
Table 'Suevia III' 6-max Seat #5 is the button
Seat 1: Xenicide ($231.70 in chips) 
Seat 2: BoyLoc0 ($163.14 in chips) 
Seat 3: ImaPeppaPig ($105.35 in chips) 
Seat 4: Timonessb ($251.88 in chips) 
Seat 5: 7bekon7 ($104.95 in chips) 
Seat 6: btop4887 ($50.38 in chips) 
btop4887: posts small blind $0.50
Xenicide: posts big blind $1
*** HOLE CARDS ***
BoyLoc0: folds 
ImaPeppaPig: folds 
Timonessb: folds 
7bekon7: folds 
btop4887: calls $0.50
Xenicide: checks 
*** FLOP *** [9h Ks Qc]
btop4887: bets $1
Xenicide: folds 
Uncalled bet ($1) returned to btop4887
btop4887 collected $1.90 from pot
*** SUMMARY ***
Total pot $2 | Rake $0.10 
Board [9h Ks Qc]
Seat 1: Xenicide (big blind) folded on the Flop
Seat 2: BoyLoc0 folded before Flop (didn't bet)
Seat 3: ImaPeppaPig folded before Flop (didn't bet)
Seat 4: Timonessb folded before Flop (didn't bet)
Seat 5: 7bekon7 (button) folded before Flop (didn't bet)
Seat 6: btop4887 (small blind) collected ($1.90)



PokerStars Hand #254525534767:  Hold'em No Limit ($0.50/$1.00 USD) - 2025/01/24 5:05:46 WET [2025/01/24 0:05:46 ET]
Table 'Suevia III' 6-max Seat #6 is the button
Seat 1: Xenicide ($230.70 in chips) 
Seat 2: BoyLoc0 ($163.14 in chips) 
Seat 3: ImaPeppaPig ($105.35 in chips) 
Seat 4: Timonessb ($251.88 in chips) 
Seat 5: 7bekon7 ($104.95 in chips) 
Seat 6: btop4887 ($51.28 in chips) 
Xenicide: posts small blind $0.50
BoyLoc0: posts big blind $1
*** HOLE CARDS ***
ImaPeppaPig: folds 
Timonessb: raises $1.30 to $2.30
7bekon7: folds 
btop4887: calls $2.30
Xenicide: folds 
BoyLoc0: calls $1.30
*** FLOP *** [Ad 8h 2s]
BoyLoc0: checks 
Timonessb: checks 
btop4887: bets $3
BoyLoc0: folds 
Timonessb: folds 
Uncalled bet ($3) returned to btop4887
btop4887 collected $7.03 from pot
*** SUMMARY ***
Total pot $7.40 | Rake $0.37 
Board [Ad 8h 2s]
Seat 1: Xenicide (small blind) folded before Flop
Seat 2: BoyLoc0 (big blind) folded on the Flop
Seat 3: ImaPeppaPig folded before Flop (didn't bet)
Seat 4: Timonessb folded on the Flop
Seat 5: 7bekon7 folded before Flop (didn't bet)
Seat 6: btop4887 (button) collected ($7.03)



PokerStars Hand #254525537767:  Hold'em No Limit ($0.50/$1.00 USD) - 2025/01/24 5:06:19 WET [2025/01/24 0:06:19 ET]
Table 'Suevia III' 6-max Seat #1 is the button
Seat 1: Xenicide ($230.20 in chips) 
Seat 2: BoyLoc0 ($160.84 in chips) 
Seat 3: ImaPeppaPig ($105.35 in chips) 
Seat 4: Timonessb ($249.58 in chips) 
Seat 5: 7bekon7 ($104.95 in chips) 
Seat 6: btop4887 ($56.01 in chips) 
BoyLoc0: posts small blind $0.50
ImaPeppaPig: posts big blind $1
*** HOLE CARDS ***
Timonessb: folds 
7bekon7: folds 
btop4887: folds 
Xenicide: raises $1.25 to $2.25
BoyLoc0: folds 
ImaPeppaPig: raises $10.25 to $12.50
Xenicide: raises $12.50 to $25
ImaPeppaPig: raises $80.35 to $105.35 and is all-in
Xenicide: folds 
Uncalled bet ($80.35) returned to ImaPeppaPig
ImaPeppaPig collected $50.50 from pot
ImaPeppaPig: doesn't show hand 
*** SUMMARY ***
Total pot $50.50 | Rake $0 
Seat 1: Xenicide (button) folded before Flop
Seat 2: BoyLoc0 (small blind) folded before Flop
Seat 3: ImaPeppaPig (big blind) collected ($50.50)
Seat 4: Timonessb folded before Flop (didn't bet)
Seat 5: 7bekon7 folded before Flop (didn't bet)
Seat 6: btop4887 folded before Flop (didn't bet)



PokerStars Hand #254525541645:  Hold'em No Limit ($0.50/$1.00 USD) - 2025/01/24 5:07:01 WET [2025/01/24 0:07:01 ET]
Table 'Suevia III' 6-max Seat #2 is the button
Seat 1: Xenicide ($205.20 in chips) 
Seat 2: BoyLoc0 ($160.34 in chips) 
Seat 3: ImaPeppaPig ($130.85 in chips) 
Seat 4: Timonessb ($249.58 in chips) 
Seat 5: 7bekon7 ($104.95 in chips) 
Seat 6: btop4887 ($56.01 in chips) 
ImaPeppaPig: posts small blind $0.50
Timonessb: posts big blind $1
*** HOLE CARDS ***
7bekon7: raises $1.25 to $2.25
btop4887: calls $2.25
Xenicide: folds 
BoyLoc0: folds 
ImaPeppaPig: folds 
Timonessb: folds 
*** FLOP *** [Ah 2s 6h]
7bekon7: bets $2.85
btop4887: folds 
Uncalled bet ($2.85) returned to 7bekon7
7bekon7 collected $5.70 from pot
7bekon7: doesn't show hand 
*** SUMMARY ***
Total pot $6 | Rake $0.30 
Board [Ah 2s 6h]
Seat 1: Xenicide folded before Flop (didn't bet)
Seat 2: BoyLoc0 (button) folded before Flop (didn't bet)
Seat 3: ImaPeppaPig (small blind) folded before Flop
Seat 4: Timonessb (big blind) folded before Flop
Seat 5: 7bekon7 collected ($5.70)
Seat 6: btop4887 folded on the Flop



PokerStars Hand #254525545141:  Hold'em No Limit ($0.50/$1.00 USD) - 2025/01/24 5:07:39 WET [2025/01/24 0:07:39 ET]
Table 'Suevia III' 6-max Seat #3 is the button
Seat 1: Xenicide ($205.20 in chips) 
Seat 2: BoyLoc0 ($160.34 in chips) 
Seat 3: ImaPeppaPig ($130.35 in chips) 
Seat 4: Timonessb ($248.58 in chips) 
Seat 5: 7bekon7 ($108.40 in chips) 
Seat 6: btop4887 ($53.76 in chips) 
Timonessb: posts small blind $0.50
7bekon7: posts big blind $1
*** HOLE CARDS ***
btop4887: calls $1
Xenicide: folds 
BoyLoc0: folds 
ImaPeppaPig: folds 
Timonessb: calls $0.50
7bekon7: checks 
*** FLOP *** [Td 8c 2c]
Timonessb: checks 
7bekon7: checks 
btop4887: bets $3
Timonessb: folds 
7bekon7: folds 
Uncalled bet ($3) returned to btop4887
btop4887 collected $2.85 from pot
*** SUMMARY ***
Total pot $3 | Rake $0.15 
Board [Td 8c 2c]
Seat 1: Xenicide folded before Flop (didn't bet)
Seat 2: BoyLoc0 folded before Flop (didn't bet)
Seat 3: ImaPeppaPig (button) folded before Flop (didn't bet)
Seat 4: Timonessb (small blind) folded on the Flop
Seat 5: 7bekon7 (big blind) folded on the Flop
Seat 6: btop4887 collected ($2.85)



PokerStars Hand #254525549305:  Hold'em No Limit ($0.50/$1.00 USD) - 2025/01/24 5:08:25 WET [2025/01/24 0:08:25 ET]
Table 'Suevia III' 6-max Seat #4 is the button
Seat 1: Xenicide ($205.20 in chips) 
Seat 2: BoyLoc0 ($160.34 in chips) 
Seat 3: ImaPeppaPig ($130.35 in chips) 
Seat 4: Timonessb ($247.58 in chips) 
Seat 5: 7bekon7 ($107.40 in chips) 
Seat 6: btop4887 ($55.61 in chips) 
7bekon7: posts small blind $0.50
btop4887: posts big blind $1
*** HOLE CARDS ***
Xenicide: raises $1 to $2
BoyLoc0: raises $5.50 to $7.50
ImaPeppaPig: folds 
Timonessb: folds 
7bekon7: folds 
btop4887: folds 
Xenicide: folds 
Uncalled bet ($5.50) returned to BoyLoc0
BoyLoc0 collected $5.50 from pot
BoyLoc0: doesn't show hand 
*** SUMMARY ***
Total pot $5.50 | Rake $0 
Seat 1: Xenicide folded before Flop
Seat 2: BoyLoc0 collected ($5.50)
Seat 3: ImaPeppaPig folded before Flop (didn't bet)
Seat 4: Timonessb (button) folded before Flop (didn't bet)
Seat 5: 7bekon7 (small blind) folded before Flop
Seat 6: btop4887 (big blind) folded before Flop



PokerStars Hand #254525551944:  Hold'em No Limit ($0.50/$1.00 USD) - 2025/01/24 5:08:53 WET [2025/01/24 0:08:53 ET]
Table 'Suevia III' 6-max Seat #5 is the button
Seat 1: Xenicide ($203.20 in chips) 
Seat 2: BoyLoc0 ($163.84 in chips) 
Seat 3: ImaPeppaPig ($130.35 in chips) 
Seat 4: Timonessb ($247.58 in chips) 
Seat 5: 7bekon7 ($106.90 in chips) 
Seat 6: btop4887 ($54.61 in chips) 
btop4887: posts small blind $0.50
Xenicide: posts big blind $1
*** HOLE CARDS ***
BoyLoc0: raises $1.50 to $2.50
ImaPeppaPig: folds 
Timonessb: folds 
7bekon7: folds 
btop4887: calls $2
Xenicide: folds 
*** FLOP *** [7d 3d Qh]
btop4887: bets $4
BoyLoc0: calls $4
*** TURN *** [7d 3d Qh] [9h]
btop4887: checks 
BoyLoc0: checks 
*** RIVER *** [7d 3d Qh 9h] [Ac]
btop4887: checks 
BoyLoc0: bets $9.98
btop4887: folds 
Uncalled bet ($9.98) returned to BoyLoc0
BoyLoc0 collected $13.30 from pot
BoyLoc0: doesn't show hand 
*** SUMMARY ***
Total pot $14 | Rake $0.70 
Board [7d 3d Qh 9h Ac]
Seat 1: Xenicide (big blind) folded before Flop
Seat 2: BoyLoc0 collected ($13.30)
Seat 3: ImaPeppaPig folded before Flop (didn't bet)
Seat 4: Timonessb folded before Flop (didn't bet)
Seat 5: 7bekon7 (button) folded before Flop (didn't bet)
Seat 6: btop4887 (small blind) folded on the River



PokerStars Hand #254525555768:  Hold'em No Limit ($0.50/$1.00 USD) - 2025/01/24 5:09:35 WET [2025/01/24 0:09:35 ET]
Table 'Suevia III' 6-max Seat #6 is the button
Seat 1: Xenicide ($202.20 in chips) 
Seat 2: BoyLoc0 ($170.64 in chips) 
Seat 3: ImaPeppaPig ($130.35 in chips) 
Seat 4: Timonessb ($247.58 in chips) 
Seat 5: 7bekon7 ($106.90 in chips) 
Seat 6: btop4887 ($48.11 in chips) 
Xenicide: posts small blind $0.50
BoyLoc0: posts big blind $1
*** HOLE CARDS ***
ImaPeppaPig: folds 
Timonessb: folds 
7bekon7: folds 
btop4887: calls $1
Xenicide: folds 
BoyLoc0: raises $4 to $5
btop4887: folds 
Uncalled bet ($4) returned to BoyLoc0
BoyLoc0 collected $2.50 from pot
BoyLoc0: doesn't show hand 
*** SUMMARY ***
Total pot $2.50 | Rake $0 
Seat 1: Xenicide (small blind) folded before Flop
Seat 2: BoyLoc0 (big blind) collected ($2.50)
Seat 3: ImaPeppaPig folded before Flop (didn't bet)
Seat 4: Timonessb folded before Flop (didn't bet)
Seat 5: 7bekon7 folded before Flop (didn't bet)
Seat 6: btop4887 (button) folded before Flop



PokerStars Hand #254525557104:  Hold'em No Limit ($0.50/$1.00 USD) - 2025/01/24 5:09:49 WET [2025/01/24 0:09:49 ET]
Table 'Suevia III' 6-max Seat #1 is the button
Seat 1: Xenicide ($201.70 in chips) 
Seat 2: BoyLoc0 ($172.14 in chips) 
Seat 3: ImaPeppaPig ($130.35 in chips) 
Seat 4: Timonessb ($247.58 in chips) 
Seat 5: 7bekon7 ($106.90 in chips) 
Seat 6: btop4887 ($47.11 in chips) 
BoyLoc0: posts small blind $0.50
ImaPeppaPig: posts big blind $1
*** HOLE CARDS ***
Timonessb: folds 
7bekon7: folds 
btop4887: raises $1 to $2
Xenicide: raises $4 to $6
BoyLoc0: folds 
ImaPeppaPig: folds 
btop4887: folds 
Uncalled bet ($4) returned to Xenicide
Xenicide collected $5.50 from pot
*** SUMMARY ***
Total pot $5.50 | Rake $0 
Seat 1: Xenicide (button) collected ($5.50)
Seat 2: BoyLoc0 (small blind) folded before Flop
Seat 3: ImaPeppaPig (big blind) folded before Flop
Seat 4: Timonessb folded before Flop (didn't bet)
Seat 5: 7bekon7 folded before Flop (didn't bet)
Seat 6: btop4887 folded before Flop



PokerStars Hand #254525559157:  Hold'em No Limit ($0.50/$1.00 USD) - 2025/01/24 5:10:11 WET [2025/01/24 0:10:11 ET]
Table 'Suevia III' 6-max Seat #2 is the button
Seat 1: Xenicide ($205.20 in chips) 
Seat 2: BoyLoc0 ($171.64 in chips) 
Seat 3: ImaPeppaPig ($129.35 in chips) 
Seat 4: Timonessb ($247.58 in chips) 
Seat 5: 7bekon7 ($106.90 in chips) 
Seat 6: btop4887 ($45.11 in chips) 
ImaPeppaPig: posts small blind $0.50
Timonessb: posts big blind $1
*** HOLE CARDS ***
7bekon7: folds 
btop4887: raises $2 to $3
Xenicide: folds 
BoyLoc0: folds 
ImaPeppaPig: folds 
Timonessb: folds 
Uncalled bet ($2) returned to btop4887
btop4887 collected $2.50 from pot
*** SUMMARY ***
Total pot $2.50 | Rake $0 
Seat 1: Xenicide folded before Flop (didn't bet)
Seat 2: BoyLoc0 (button) folded before Flop (didn't bet)
Seat 3: ImaPeppaPig (small blind) folded before Flop
Seat 4: Timonessb (big blind) folded before Flop
Seat 5: 7bekon7 folded before Flop (didn't bet)
Seat 6: btop4887 collected ($2.50)



PokerStars Hand #254525560692:  Hold'em No Limit ($0.50/$1.00 USD) - 2025/01/24 5:10:28 WET [2025/01/24 0:10:28 ET]
Table 'Suevia III' 6-max Seat #3 is the button
Seat 1: Xenicide ($205.20 in chips) 
Seat 2: BoyLoc0 ($171.64 in chips) 
Seat 3: ImaPeppaPig ($128.85 in chips) 
Seat 4: Timonessb ($246.58 in chips) 
Seat 5: 7bekon7 ($106.90 in chips) 
Seat 6: btop4887 ($46.61 in chips) 
Timonessb: posts small blind $0.50
7bekon7: posts big blind $1
*** HOLE CARDS ***
btop4887: folds 
Xenicide: raises $1 to $2
BoyLoc0: folds 
ImaPeppaPig: folds 
Timonessb: folds 
7bekon7: folds 
Uncalled bet ($1) returned to Xenicide
Xenicide collected $2.50 from pot
*** SUMMARY ***
Total pot $2.50 | Rake $0 
Seat 1: Xenicide collected ($2.50)
Seat 2: BoyLoc0 folded before Flop (didn't bet)
Seat 3: ImaPeppaPig (button) folded before Flop (didn't bet)
Seat 4: Timonessb (small blind) folded before Flop
Seat 5: 7bekon7 (big blind) folded before Flop
Seat 6: btop4887 folded before Flop (didn't bet)



PokerStars Hand #254525562409:  Hold'em No Limit ($0.50/$1.00 USD) - 2025/01/24 5:10:46 WET [2025/01/24 0:10:46 ET]
Table 'Suevia III' 6-max Seat #4 is the button
Seat 1: Xenicide ($206.70 in chips) 
Seat 2: BoyLoc0 ($171.64 in chips) 
Seat 3: ImaPeppaPig ($128.85 in chips) 
Seat 4: Timonessb ($246.08 in chips) 
Seat 5: 7bekon7 ($105.90 in chips) 
Seat 6: btop4887 ($46.61 in chips) 
7bekon7: posts small blind $0.50
btop4887: posts big blind $1
*** HOLE CARDS ***
Xenicide: folds 
BoyLoc0: raises $1.50 to $2.50
ImaPeppaPig: folds 
Timonessb: calls $2.50
7bekon7: folds 
btop4887: calls $1.50
*** FLOP *** [6h Ac Jh]
btop4887: checks 
BoyLoc0: bets $5.70
Timonessb: folds 
btop4887: calls $5.70
*** TURN *** [6h Ac Jh] [Ts]
btop4887: checks 
BoyLoc0: bets $13.82
btop4887: folds 
Uncalled bet ($13.82) returned to BoyLoc0
BoyLoc0 collected $18.43 from pot
BoyLoc0: doesn't show hand 
*** SUMMARY ***
Total pot $19.40 | Rake $0.97 
Board [6h Ac Jh Ts]
Seat 1: Xenicide folded before Flop (didn't bet)
Seat 2: BoyLoc0 collected ($18.43)
Seat 3: ImaPeppaPig folded before Flop (didn't bet)
Seat 4: Timonessb (button) folded on the Flop
Seat 5: 7bekon7 (small blind) folded before Flop
Seat 6: btop4887 (big blind) folded on the Turn



PokerStars Hand #254525566804:  Hold'em No Limit ($0.50/$1.00 USD) - 2025/01/24 5:11:35 WET [2025/01/24 0:11:35 ET]
Table 'Suevia III' 6-max Seat #5 is the button
Seat 1: Xenicide ($206.70 in chips) 
Seat 2: BoyLoc0 ($181.87 in chips) 
Seat 3: ImaPeppaPig ($128.85 in chips) 
Seat 4: Timonessb ($243.58 in chips) 
Seat 5: 7bekon7 ($105.40 in chips) 
Seat 6: btop4887 ($38.41 in chips) 
btop4887: posts small blind $0.50
Xenicide: posts big blind $1
*** HOLE CARDS ***
BoyLoc0: raises $1.50 to $2.50
ImaPeppaPig: folds 
Timonessb: folds 
7bekon7: folds 
btop4887: raises $3.50 to $6
Xenicide: folds 
BoyLoc0: calls $3.50
*** FLOP *** [8h 5h 9d]
btop4887: bets $5
BoyLoc0: calls $5
*** TURN *** [8h 5h 9d] [Tc]
btop4887: bets $10.93
BoyLoc0: calls $10.93
*** RIVER *** [8h 5h 9d Tc] [Js]
btop4887: bets $16.48 and is all-in
BoyLoc0: calls $16.48
*** SHOW DOWN ***
btop4887: shows [Th Ah] (a pair of Tens)
BoyLoc0: shows [Jd Kd] (a pair of Jacks)
BoyLoc0 collected $75.32 from pot
*** SUMMARY ***
Total pot $77.82 | Rake $2.50 
Board [8h 5h 9d Tc Js]
Seat 1: Xenicide (big blind) folded before Flop
Seat 2: BoyLoc0 showed [Jd Kd] and won ($75.32) with a pair of Jacks
Seat 3: ImaPeppaPig folded before Flop (didn't bet)
Seat 4: Timonessb folded before Flop (didn't bet)
Seat 5: 7bekon7 (button) folded before Flop (didn't bet)
Seat 6: btop4887 (small blind) showed [Th Ah] and lost with a pair of Tens



PokerStars Hand #254525570954:  Hold'em No Limit ($0.50/$1.00 USD) - 2025/01/24 5:12:19 WET [2025/01/24 0:12:19 ET]
Table 'Suevia III' 6-max Seat #1 is the button
Seat 6: btop4887 ($0 in chips) is sitting out
Seat 1: Xenicide ($205.70 in chips) 
Seat 2: BoyLoc0 ($218.78 in chips) 
Seat 3: ImaPeppaPig ($128.85 in chips) 
Seat 4: Timonessb ($243.58 in chips) 
Seat 5: 7bekon7 ($105.40 in chips) 
BoyLoc0: posts small blind $0.50
ImaPeppaPig: posts big blind $1
*** HOLE CARDS ***
Timonessb: folds 
btop4887 leaves the table
7bekon7: raises $1.25 to $2.25
socito joins the table at seat #6 
socito leaves the table
Xenicide: raises $4.25 to $6.50
BoyLoc0: folds 
ImaPeppaPig: folds 
7bekon7: folds 
Uncalled bet ($4.25) returned to Xenicide
Xenicide collected $6 from pot
*** SUMMARY ***
Total pot $6 | Rake $0 
Seat 6: btop4887
Seat 1: Xenicide (button) collected ($6)
Seat 2: BoyLoc0 (small blind) folded before Flop
Seat 3: ImaPeppaPig (big blind) folded before Flop
Seat 4: Timonessb folded before Flop (didn't bet)
Seat 5: 7bekon7 folded before Flop



PokerStars Hand #254525573770:  Hold'em No Limit ($0.50/$1.00 USD) - 2025/01/24 5:12:50 WET [2025/01/24 0:12:50 ET]
Table 'Suevia III' 6-max Seat #2 is the button
Seat 1: Xenicide ($209.45 in chips) 
Seat 2: BoyLoc0 ($218.28 in chips) 
Seat 3: ImaPeppaPig ($127.85 in chips) 
Seat 4: Timonessb ($243.58 in chips) 
Seat 5: 7bekon7 ($103.15 in chips) 
ImaPeppaPig: posts small blind $0.50
Timonessb: posts big blind $1
*** HOLE CARDS ***
7bekon7: folds 
Xenicide: folds 
7bekon7 leaves the table
BoyLoc0: raises $1.50 to $2.50
ImaPeppaPig: folds 
Timonessb: folds 
Uncalled bet ($1.50) returned to BoyLoc0
BoyLoc0 collected $2.50 from pot
BoyLoc0: doesn't show hand 
*** SUMMARY ***
Total pot $2.50 | Rake $0 
Seat 1: Xenicide folded before Flop (didn't bet)
Seat 2: BoyLoc0 (button) collected ($2.50)
Seat 3: ImaPeppaPig (small blind) folded before Flop
Seat 4: Timonessb (big blind) folded before Flop
Seat 5: 7bekon7 folded before Flop (didn't bet)



PokerStars Hand #254525575008:  Hold'em No Limit ($0.50/$1.00 USD) - 2025/01/24 5:13:04 WET [2025/01/24 0:13:04 ET]
Table 'Suevia III' 6-max Seat #4 is the button
Seat 1: Xenicide ($209.45 in chips) is sitting out
Seat 2: BoyLoc0 ($219.78 in chips) is sitting out
Seat 3: ImaPeppaPig ($127.35 in chips) 
Seat 4: Timonessb ($242.58 in chips) 
Timonessb: posts small blind $0.50
Xenicide: is sitting out 
BoyLoc0: is sitting out 
ImaPeppaPig: posts big blind $1
*** HOLE CARDS ***
Xenicide leaves the table
BoyLoc0 leaves the table
Timonessb: raises $1 to $2
ImaPeppaPig: folds 
Uncalled bet ($1) returned to Timonessb
Timonessb collected $2 from pot
*** SUMMARY ***
Total pot $2 | Rake $0 
Seat 1: Xenicide
Seat 2: BoyLoc0
Seat 3: ImaPeppaPig (big blind) folded before Flop
Seat 4: Timonessb (button) (small blind) collected ($2)



PokerStars Hand #254524948817:  Hold'em No Limit ($0.50/$1.00 USD) - 2025/01/24 3:32:59 WET [2025/01/23 22:32:59 ET]
Table 'Suevia III' 6-max Seat #5 is the button
Seat 1: pr0tecto ($100 in chips) 
Seat 2: ptolejmus ($10 in chips) 
Seat 5: Manifestorr ($123 in chips) 
pr0tecto: posts small blind $0.50
ptolejmus: posts big blind $1
*** HOLE CARDS ***
Manifestorr: raises $1.20 to $2.20
pr0tecto: folds 
ptolejmus: calls $1.20
*** FLOP *** [Ts Qc Kd]
ptolejmus: checks 
Manifestorr: checks 
*** TURN *** [Ts Qc Kd] [8s]
ptolejmus: bets $1.26
Manifestorr: folds 
Uncalled bet ($1.26) returned to ptolejmus
ptolejmus collected $4.66 from pot
*** SUMMARY ***
Total pot $4.90 | Rake $0.24 
Board [Ts Qc Kd 8s]
Seat 1: pr0tecto (small blind) folded before Flop
Seat 2: ptolejmus (big blind) collected ($4.66)
Seat 5: Manifestorr (button) folded on the Turn



PokerStars Hand #254524955303:  Hold'em No Limit ($0.50/$1.00 USD) - 2025/01/24 3:33:52 WET [2025/01/23 22:33:52 ET]
Table 'Suevia III' 6-max Seat #6 is the button
Seat 1: pr0tecto ($99.50 in chips) 
Seat 2: ptolejmus ($12.46 in chips) 
Seat 3: ImaPeppaPig ($100 in chips) 
Seat 4: Timonessb ($100 in chips) 
Seat 5: steepfell ($100 in chips) 
Seat 6: btop4887 ($50.33 in chips) 
pr0tecto: posts small blind $0.50
ptolejmus: posts big blind $1
*** HOLE CARDS ***
ImaPeppaPig: folds 
Timonessb: folds 
steepfell: folds 
btop4887: calls $1
pr0tecto: folds 
ptolejmus: checks 
*** FLOP *** [4d Qh 2h]
ptolejmus: checks 
btop4887: bets $1
ptolejmus: folds 
Uncalled bet ($1) returned to btop4887
btop4887 collected $2.38 from pot
*** SUMMARY ***
Total pot $2.50 | Rake $0.12 
Board [4d Qh 2h]
Seat 1: pr0tecto (small blind) folded before Flop
Seat 2: ptolejmus (big blind) folded on the Flop
Seat 3: ImaPeppaPig folded before Flop (didn't bet)
Seat 4: Timonessb folded before Flop (didn't bet)
Seat 5: steepfell folded before Flop (didn't bet)
Seat 6: btop4887 (button) collected ($2.38)



PokerStars Hand #254524958972:  Hold'em No Limit ($0.50/$1.00 USD) - 2025/01/24 3:34:21 WET [2025/01/23 22:34:21 ET]
Table 'Suevia III' 6-max Seat #1 is the button
Seat 1: pr0tecto ($99 in chips) 
Seat 2: ptolejmus ($11.46 in chips) 
Seat 3: ImaPeppaPig ($100 in chips) 
Seat 4: Timonessb ($100 in chips) 
Seat 5: steepfell ($100 in chips) 
Seat 6: btop4887 ($51.71 in chips) 
ptolejmus: posts small blind $0.50
ImaPeppaPig: posts big blind $1
*** HOLE CARDS ***
Timonessb: folds 
steepfell: folds 
btop4887: raises $1 to $2
pr0tecto: folds 
ptolejmus: raises $9.46 to $11.46 and is all-in
ImaPeppaPig: folds 
btop4887: calls $9.46
*** FLOP *** [4h 7d 3c]
*** TURN *** [4h 7d 3c] [Tc]
*** RIVER *** [4h 7d 3c Tc] [7s]
*** SHOW DOWN ***
ptolejmus: shows [Ad Jh] (a pair of Sevens)
btop4887: shows [6s As] (a pair of Sevens - lower kicker)
ptolejmus collected $22.72 from pot
*** SUMMARY ***
Total pot $23.92 | Rake $1.20 
Board [4h 7d 3c Tc 7s]
Seat 1: pr0tecto (button) folded before Flop (didn't bet)
Seat 2: ptolejmus (small blind) showed [Ad Jh] and won ($22.72) with a pair of Sevens
Seat 3: ImaPeppaPig (big blind) folded before Flop
Seat 4: Timonessb folded before Flop (didn't bet)
Seat 5: steepfell folded before Flop (didn't bet)
Seat 6: btop4887 showed [6s As] and lost with a pair of Sevens



PokerStars Hand #254524964254:  Hold'em No Limit ($0.50/$1.00 USD) - 2025/01/24 3:35:04 WET [2025/01/23 22:35:04 ET]
Table 'Suevia III' 6-max Seat #2 is the button
Seat 1: pr0tecto ($99 in chips) 
Seat 2: ptolejmus ($22.72 in chips) 
Seat 3: ImaPeppaPig ($100 in chips) 
Seat 4: Timonessb ($100 in chips) 
Seat 5: steepfell ($100 in chips) 
Seat 6: btop4887 ($40.25 in chips) 
ImaPeppaPig: posts small blind $0.50
Timonessb: posts big blind $1
*** HOLE CARDS ***
steepfell: folds 
btop4887: folds 
pr0tecto: folds 
ptolejmus: folds 
ImaPeppaPig: folds 
Uncalled bet ($0.50) returned to Timonessb
Timonessb collected $1 from pot
*** SUMMARY ***
Total pot $1 | Rake $0 
Seat 1: pr0tecto folded before Flop (didn't bet)
Seat 2: ptolejmus (button) folded before Flop (didn't bet)
Seat 3: ImaPeppaPig (small blind) folded before Flop
Seat 4: Timonessb (big blind) collected ($1)
Seat 5: steepfell folded before Flop (didn't bet)
Seat 6: btop4887 folded before Flop (didn't bet)



PokerStars Hand #254524966142:  Hold'em No Limit ($0.50/$1.00 USD) - 2025/01/24 3:35:20 WET [2025/01/23 22:35:20 ET]
Table 'Suevia III' 6-max Seat #3 is the button
Seat 1: pr0tecto ($99 in chips) 
Seat 2: ptolejmus ($22.72 in chips) 
Seat 3: ImaPeppaPig ($100 in chips) 
Seat 4: Timonessb ($100.50 in chips) 
Seat 5: steepfell ($100 in chips) 
Seat 6: btop4887 ($40.25 in chips) 
Timonessb: posts small blind $0.50
steepfell: posts big blind $1
*** HOLE CARDS ***
btop4887: calls $1
pr0tecto: folds 
ptolejmus: folds 
ImaPeppaPig: folds 
Timonessb: calls $0.50
steepfell: raises $5 to $6
btop4887: folds 
Timonessb: folds 
Uncalled bet ($5) returned to steepfell
steepfell collected $3 from pot
steepfell: doesn't show hand 
*** SUMMARY ***
Total pot $3 | Rake $0 
Seat 1: pr0tecto folded before Flop (didn't bet)
Seat 2: ptolejmus folded before Flop (didn't bet)
Seat 3: ImaPeppaPig (button) folded before Flop (didn't bet)
Seat 4: Timonessb (small blind) folded before Flop
Seat 5: steepfell (big blind) collected ($3)
Seat 6: btop4887 folded before Flop



PokerStars Hand #254524969413:  Hold'em No Limit ($0.50/$1.00 USD) - 2025/01/24 3:35:46 WET [2025/01/23 22:35:46 ET]
Table 'Suevia III' 6-max Seat #4 is the button
Seat 1: pr0tecto ($99 in chips) 
Seat 2: ptolejmus ($22.72 in chips) 
Seat 3: ImaPeppaPig ($100 in chips) 
Seat 4: Timonessb ($100 in chips) 
Seat 5: steepfell ($102 in chips) 
Seat 6: btop4887 ($39.25 in chips) 
steepfell: posts small blind $0.50
btop4887: posts big blind $1
*** HOLE CARDS ***
pr0tecto: folds 
ptolejmus: raises $1 to $2
ImaPeppaPig: folds 
Timonessb: folds 
steepfell: raises $10 to $12
btop4887: folds 
ptolejmus: folds 
Uncalled bet ($10) returned to steepfell
steepfell collected $5 from pot
steepfell: doesn't show hand 
*** SUMMARY ***
Total pot $5 | Rake $0 
Seat 1: pr0tecto folded before Flop (didn't bet)
Seat 2: ptolejmus folded before Flop
Seat 3: ImaPeppaPig folded before Flop (didn't bet)
Seat 4: Timonessb (button) folded before Flop (didn't bet)
Seat 5: steepfell (small blind) collected ($5)
Seat 6: btop4887 (big blind) folded before Flop



PokerStars Hand #254524973738:  Hold'em No Limit ($0.50/$1.00 USD) - 2025/01/24 3:36:22 WET [2025/01/23 22:36:22 ET]
Table 'Suevia III' 6-max Seat #5 is the button
Seat 1: pr0tecto ($99 in chips) 
Seat 2: ptolejmus ($20.72 in chips) 
Seat 3: ImaPeppaPig ($100 in chips) 
Seat 4: Timonessb ($100 in chips) 
Seat 5: steepfell ($105 in chips) 
Seat 6: btop4887 ($38.25 in chips) 
btop4887: posts small blind $0.50
pr0tecto: posts big blind $1
*** HOLE CARDS ***
ptolejmus: folds 
ImaPeppaPig: folds 
Timonessb: folds 
steepfell: raises $1.50 to $2.50
btop4887: calls $2
pr0tecto: folds 
*** FLOP *** [4s 4h Td]
btop4887: bets $4
steepfell: calls $4
*** TURN *** [4s 4h Td] [4d]
btop4887: checks 
steepfell: bets $4.39
btop4887: folds 
Uncalled bet ($4.39) returned to steepfell
steepfell collected $13.30 from pot
steepfell: doesn't show hand 
*** SUMMARY ***
Total pot $14 | Rake $0.70 
Board [4s 4h Td 4d]
Seat 1: pr0tecto (big blind) folded before Flop
Seat 2: ptolejmus folded before Flop (didn't bet)
Seat 3: ImaPeppaPig folded before Flop (didn't bet)
Seat 4: Timonessb folded before Flop (didn't bet)
Seat 5: steepfell (button) collected ($13.30)
Seat 6: btop4887 (small blind) folded on the Turn



PokerStars Hand #254524977946:  Hold'em No Limit ($0.50/$1.00 USD) - 2025/01/24 3:36:56 WET [2025/01/23 22:36:56 ET]
Table 'Suevia III' 6-max Seat #6 is the button
Seat 1: pr0tecto ($100 in chips) 
Seat 2: ptolejmus ($20.72 in chips) 
Seat 3: ImaPeppaPig ($100 in chips) 
Seat 4: Timonessb ($100 in chips) 
Seat 5: steepfell ($111.80 in chips) 
Seat 6: btop4887 ($31.75 in chips) 
pr0tecto: posts small blind $0.50
ptolejmus: posts big blind $1
*** HOLE CARDS ***
ImaPeppaPig: folds 
Timonessb: folds 
steepfell: folds 
btop4887: calls $1
pr0tecto: folds 
ptolejmus: raises $3 to $4
btop4887: calls $3
*** FLOP *** [Ah 2c 6s]
ptolejmus: checks 
btop4887: checks 
*** TURN *** [Ah 2c 6s] [7d]
ptolejmus: bets $4.12
btop4887: folds 
Uncalled bet ($4.12) returned to ptolejmus
ptolejmus collected $8.08 from pot
*** SUMMARY ***
Total pot $8.50 | Rake $0.42 
Board [Ah 2c 6s 7d]
Seat 1: pr0tecto (small blind) folded before Flop
Seat 2: ptolejmus (big blind) collected ($8.08)
Seat 3: ImaPeppaPig folded before Flop (didn't bet)
Seat 4: Timonessb folded before Flop (didn't bet)
Seat 5: steepfell folded before Flop (didn't bet)
Seat 6: btop4887 (button) folded on the Turn



PokerStars Hand #254524981795:  Hold'em No Limit ($0.50/$1.00 USD) - 2025/01/24 3:37:28 WET [2025/01/23 22:37:28 ET]
Table 'Suevia III' 6-max Seat #1 is the button
Seat 1: pr0tecto ($99.50 in chips) 
Seat 2: ptolejmus ($24.80 in chips) 
Seat 3: ImaPeppaPig ($100 in chips) 
Seat 4: Timonessb ($100 in chips) 
Seat 5: steepfell ($111.80 in chips) 
Seat 6: btop4887 ($27.75 in chips) 
ptolejmus: posts small blind $0.50
ImaPeppaPig: posts big blind $1
*** HOLE CARDS ***
Timonessb: folds 
steepfell: folds 
btop4887: folds 
pr0tecto: folds 
ptolejmus: raises $1 to $2
ImaPeppaPig: calls $1
*** FLOP *** [3h 3s Qs]
ptolejmus: checks 
ImaPeppaPig: checks 
*** TURN *** [3h 3s Qs] [4h]
ptolejmus: bets $1.03
ImaPeppaPig: calls $1.03
*** RIVER *** [3h 3s Qs 4h] [6s]
ptolejmus: bets $1.56
ImaPeppaPig: folds 
Uncalled bet ($1.56) returned to ptolejmus
ptolejmus collected $5.76 from pot
*** SUMMARY ***
Total pot $6.06 | Rake $0.30 
Board [3h 3s Qs 4h 6s]
Seat 1: pr0tecto (button) folded before Flop (didn't bet)
Seat 2: ptolejmus (small blind) collected ($5.76)
Seat 3: ImaPeppaPig (big blind) folded on the River
Seat 4: Timonessb folded before Flop (didn't bet)
Seat 5: steepfell folded before Flop (didn't bet)
Seat 6: btop4887 folded before Flop (didn't bet)



PokerStars Hand #254524989217:  Hold'em No Limit ($0.50/$1.00 USD) - 2025/01/24 3:38:29 WET [2025/01/23 22:38:29 ET]
Table 'Suevia III' 6-max Seat #2 is the button
Seat 1: pr0tecto ($99.50 in chips) 
Seat 2: ptolejmus ($27.53 in chips) 
Seat 3: ImaPeppaPig ($100 in chips) 
Seat 4: Timonessb ($100 in chips) 
Seat 5: steepfell ($111.80 in chips) 
Seat 6: btop4887 ($27.75 in chips) 
ImaPeppaPig: posts small blind $0.50
Timonessb: posts big blind $1
*** HOLE CARDS ***
steepfell: folds 
btop4887: calls $1
pr0tecto: raises $3.50 to $4.50
ptolejmus: folds 
ImaPeppaPig: folds 
Timonessb: folds 
btop4887: calls $3.50
*** FLOP *** [4s 2d 5h]
btop4887: checks 
pr0tecto: checks 
*** TURN *** [4s 2d 5h] [4h]
btop4887: checks 
pr0tecto: bets $5.09
btop4887: folds 
Uncalled bet ($5.09) returned to pr0tecto
pr0tecto collected $9.98 from pot
pr0tecto: doesn't show hand 
*** SUMMARY ***
Total pot $10.50 | Rake $0.52 
Board [4s 2d 5h 4h]
Seat 1: pr0tecto collected ($9.98)
Seat 2: ptolejmus (button) folded before Flop (didn't bet)
Seat 3: ImaPeppaPig (small blind) folded before Flop
Seat 4: Timonessb (big blind) folded before Flop
Seat 5: steepfell folded before Flop (didn't bet)
Seat 6: btop4887 folded on the Turn



PokerStars Hand #254524993137:  Hold'em No Limit ($0.50/$1.00 USD) - 2025/01/24 3:39:01 WET [2025/01/23 22:39:01 ET]
Table 'Suevia III' 6-max Seat #3 is the button
Seat 1: pr0tecto ($104.98 in chips) 
Seat 2: ptolejmus ($27.53 in chips) 
Seat 3: ImaPeppaPig ($100 in chips) 
Seat 4: Timonessb ($100 in chips) 
Seat 5: steepfell ($111.80 in chips) 
Seat 6: btop4887 ($23.25 in chips) 
Timonessb: posts small blind $0.50
steepfell: posts big blind $1
*** HOLE CARDS ***
btop4887: raises $2 to $3
pr0tecto: folds 
ptolejmus: folds 
ImaPeppaPig: folds 
Timonessb: folds 
steepfell: folds 
Uncalled bet ($2) returned to btop4887
btop4887 collected $2.50 from pot
*** SUMMARY ***
Total pot $2.50 | Rake $0 
Seat 1: pr0tecto folded before Flop (didn't bet)
Seat 2: ptolejmus folded before Flop (didn't bet)
Seat 3: ImaPeppaPig (button) folded before Flop (didn't bet)
Seat 4: Timonessb (small blind) folded before Flop
Seat 5: steepfell (big blind) folded before Flop
Seat 6: btop4887 collected ($2.50)



PokerStars Hand #254524995423:  Hold'em No Limit ($0.50/$1.00 USD) - 2025/01/24 3:39:19 WET [2025/01/23 22:39:19 ET]
Table 'Suevia III' 6-max Seat #4 is the button
Seat 1: pr0tecto ($104.98 in chips) 
Seat 2: ptolejmus ($27.53 in chips) 
Seat 3: ImaPeppaPig ($100 in chips) 
Seat 4: Timonessb ($100 in chips) 
Seat 5: steepfell ($110.80 in chips) 
Seat 6: btop4887 ($24.75 in chips) 
steepfell: posts small blind $0.50
btop4887: posts big blind $1
*** HOLE CARDS ***
pr0tecto: folds 
ptolejmus: folds 
ImaPeppaPig: raises $1.50 to $2.50
Timonessb: folds 
steepfell: raises $8.50 to $11
btop4887: folds 
ImaPeppaPig: folds 
Uncalled bet ($8.50) returned to steepfell
steepfell collected $6 from pot
steepfell: doesn't show hand 
*** SUMMARY ***
Total pot $6 | Rake $0 
Seat 1: pr0tecto folded before Flop (didn't bet)
Seat 2: ptolejmus folded before Flop (didn't bet)
Seat 3: ImaPeppaPig folded before Flop
Seat 4: Timonessb (button) folded before Flop (didn't bet)
Seat 5: steepfell (small blind) collected ($6)
Seat 6: btop4887 (big blind) folded before Flop



PokerStars Hand #254524998454:  Hold'em No Limit ($0.50/$1.00 USD) - 2025/01/24 3:39:43 WET [2025/01/23 22:39:43 ET]
Table 'Suevia III' 6-max Seat #5 is the button
Seat 1: pr0tecto ($104.98 in chips) 
Seat 2: ptolejmus ($27.53 in chips) 
Seat 3: ImaPeppaPig ($100 in chips) 
Seat 4: Timonessb ($100 in chips) 
Seat 5: steepfell ($114.30 in chips) 
Seat 6: btop4887 ($23.75 in chips) 
btop4887: posts small blind $0.50
pr0tecto: posts big blind $1
*** HOLE CARDS ***
ptolejmus: folds 
ImaPeppaPig: folds 
Timonessb: folds 
steepfell: folds 
btop4887: calls $0.50
pr0tecto: checks 
*** FLOP *** [Th 9d 8c]
btop4887: checks 
pr0tecto: checks 
*** TURN *** [Th 9d 8c] [6d]
btop4887: bets $1
pr0tecto: calls $1
*** RIVER *** [Th 9d 8c 6d] [6s]
btop4887: bets $4
pr0tecto: calls $4
*** SHOW DOWN ***
btop4887: shows [7d 3h] (a straight, Six to Ten)
pr0tecto: mucks hand 
btop4887 collected $11.40 from pot
*** SUMMARY ***
Total pot $12 | Rake $0.60 
Board [Th 9d 8c 6d 6s]
Seat 1: pr0tecto (big blind) mucked
Seat 2: ptolejmus folded before Flop (didn't bet)
Seat 3: ImaPeppaPig folded before Flop (didn't bet)
Seat 4: Timonessb folded before Flop (didn't bet)
Seat 5: steepfell (button) folded before Flop (didn't bet)
Seat 6: btop4887 (small blind) showed [7d 3h] and won ($11.40) with a straight, Six to Ten



PokerStars Hand #254525002507:  Hold'em No Limit ($0.50/$1.00 USD) - 2025/01/24 3:40:16 WET [2025/01/23 22:40:16 ET]
Table 'Suevia III' 6-max Seat #6 is the button
Seat 1: pr0tecto ($100 in chips) 
Seat 2: ptolejmus ($27.53 in chips) 
Seat 3: ImaPeppaPig ($100 in chips) 
Seat 4: Timonessb ($100 in chips) 
Seat 5: steepfell ($114.30 in chips) 
Seat 6: btop4887 ($29.15 in chips) 
pr0tecto: posts small blind $0.50
ptolejmus: posts big blind $1
*** HOLE CARDS ***
ImaPeppaPig: folds 
Timonessb: folds 
steepfell: folds 
btop4887: calls $1
pr0tecto: raises $3.50 to $4.50
ptolejmus: folds 
btop4887: folds 
Uncalled bet ($3.50) returned to pr0tecto
pr0tecto collected $3 from pot
pr0tecto: doesn't show hand 
*** SUMMARY ***
Total pot $3 | Rake $0 
Seat 1: pr0tecto (small blind) collected ($3)
Seat 2: ptolejmus (big blind) folded before Flop
Seat 3: ImaPeppaPig folded before Flop (didn't bet)
Seat 4: Timonessb folded before Flop (didn't bet)
Seat 5: steepfell folded before Flop (didn't bet)
Seat 6: btop4887 (button) folded before Flop



PokerStars Hand #254525004164:  Hold'em No Limit ($0.50/$1.00 USD) - 2025/01/24 3:40:30 WET [2025/01/23 22:40:30 ET]
Table 'Suevia III' 6-max Seat #1 is the button
Seat 1: pr0tecto ($102 in chips) 
Seat 2: ptolejmus ($26.53 in chips) 
Seat 3: ImaPeppaPig ($100 in chips) 
Seat 4: Timonessb ($100 in chips) 
Seat 5: steepfell ($114.30 in chips) 
Seat 6: btop4887 ($28.15 in chips) 
ptolejmus: posts small blind $0.50
ImaPeppaPig: posts big blind $1
*** HOLE CARDS ***
Timonessb: folds 
steepfell: raises $1.50 to $2.50
btop4887: calls $2.50
pr0tecto: folds 
ptolejmus: folds 
ImaPeppaPig: folds 
*** FLOP *** [Ad Kh Kc]
steepfell: checks 
btop4887: checks 
*** TURN *** [Ad Kh Kc] [5h]
steepfell: bets $2.04
btop4887: folds 
Uncalled bet ($2.04) returned to steepfell
steepfell collected $6.18 from pot
steepfell: doesn't show hand 
*** SUMMARY ***
Total pot $6.50 | Rake $0.32 
Board [Ad Kh Kc 5h]
Seat 1: pr0tecto (button) folded before Flop (didn't bet)
Seat 2: ptolejmus (small blind) folded before Flop
Seat 3: ImaPeppaPig (big blind) folded before Flop
Seat 4: Timonessb folded before Flop (didn't bet)
Seat 5: steepfell collected ($6.18)
Seat 6: btop4887 folded on the Turn



PokerStars Hand #254525006654:  Hold'em No Limit ($0.50/$1.00 USD) - 2025/01/24 3:40:51 WET [2025/01/23 22:40:51 ET]
Table 'Suevia III' 6-max Seat #2 is the button
Seat 1: pr0tecto ($102 in chips) 
Seat 2: ptolejmus ($26.03 in chips) 
Seat 3: ImaPeppaPig ($100 in chips) 
Seat 4: Timonessb ($100 in chips) 
Seat 5: steepfell ($117.98 in chips) 
Seat 6: btop4887 ($25.65 in chips) 
ImaPeppaPig: posts small blind $0.50
Timonessb: posts big blind $1
*** HOLE CARDS ***
steepfell: folds 
btop4887: raises $1 to $2
pr0tecto: calls $2
ptolejmus: folds 
ImaPeppaPig: folds 
Timonessb: calls $1
*** FLOP *** [9h 7s Ks]
Timonessb: checks 
btop4887: bets $3
pr0tecto: calls $3
Timonessb: calls $3
*** TURN *** [9h 7s Ks] [Kh]
Timonessb: checks 
btop4887: checks 
pr0tecto: checks 
*** RIVER *** [9h 7s Ks Kh] [Ad]
Timonessb: checks 
btop4887: bets $5
pr0tecto: calls $5
Timonessb: folds 
*** SHOW DOWN ***
btop4887: shows [9d Ac] (two pair, Aces and Kings)
pr0tecto: shows [As 8s] (two pair, Aces and Kings)
btop4887 collected $12.11 from pot
pr0tecto collected $12.11 from pot
*** SUMMARY ***
Total pot $25.50 | Rake $1.28 
Board [9h 7s Ks Kh Ad]
Seat 1: pr0tecto showed [As 8s] and won ($12.11) with two pair, Aces and Kings
Seat 2: ptolejmus (button) folded before Flop (didn't bet)
Seat 3: ImaPeppaPig (small blind) folded before Flop
Seat 4: Timonessb (big blind) folded on the River
Seat 5: steepfell folded before Flop (didn't bet)
Seat 6: btop4887 showed [9d Ac] and won ($12.11) with two pair, Aces and Kings



PokerStars Hand #254525011582:  Hold'em No Limit ($0.50/$1.00 USD) - 2025/01/24 3:41:31 WET [2025/01/23 22:41:31 ET]
Table 'Suevia III' 6-max Seat #3 is the button
Seat 1: pr0tecto ($104.11 in chips) 
Seat 2: ptolejmus ($26.03 in chips) 
Seat 3: ImaPeppaPig ($100 in chips) 
Seat 4: Timonessb ($100 in chips) 
Seat 5: steepfell ($117.98 in chips) 
Seat 6: btop4887 ($27.76 in chips) 
Timonessb: posts small blind $0.50
steepfell: posts big blind $1
*** HOLE CARDS ***
btop4887: folds 
pr0tecto: raises $1.10 to $2.10
ptolejmus: folds 
ImaPeppaPig: folds 
Timonessb: folds 
steepfell: folds 
Uncalled bet ($1.10) returned to pr0tecto
pr0tecto collected $2.50 from pot
pr0tecto: doesn't show hand 
*** SUMMARY ***
Total pot $2.50 | Rake $0 
Seat 1: pr0tecto collected ($2.50)
Seat 2: ptolejmus folded before Flop (didn't bet)
Seat 3: ImaPeppaPig (button) folded before Flop (didn't bet)
Seat 4: Timonessb (small blind) folded before Flop
Seat 5: steepfell (big blind) folded before Flop
Seat 6: btop4887 folded before Flop (didn't bet)



PokerStars Hand #254525014066:  Hold'em No Limit ($0.50/$1.00 USD) - 2025/01/24 3:41:52 WET [2025/01/23 22:41:52 ET]
Table 'Suevia III' 6-max Seat #4 is the button
Seat 1: pr0tecto ($105.61 in chips) 
Seat 2: ptolejmus ($26.03 in chips) 
Seat 3: ImaPeppaPig ($100 in chips) 
Seat 4: Timonessb ($100 in chips) 
Seat 5: steepfell ($116.98 in chips) 
Seat 6: btop4887 ($27.76 in chips) 
steepfell: posts small blind $0.50
btop4887: posts big blind $1
*** HOLE CARDS ***
pr0tecto: folds 
ptolejmus: folds 
ImaPeppaPig: folds 
Timonessb: folds 
steepfell: folds 
Uncalled bet ($0.50) returned to btop4887
btop4887 collected $1 from pot
*** SUMMARY ***
Total pot $1 | Rake $0 
Seat 1: pr0tecto folded before Flop (didn't bet)
Seat 2: ptolejmus folded before Flop (didn't bet)
Seat 3: ImaPeppaPig folded before Flop (didn't bet)
Seat 4: Timonessb (button) folded before Flop (didn't bet)
Seat 5: steepfell (small blind) folded before Flop
Seat 6: btop4887 (big blind) collected ($1)



