PokerStars Hand #254525093845:  Hold'em No Limit ($0.50/$1.00 USD) - 2025/01/24 3:53:16 WET [2025/01/23 22:53:16 ET]
Table 'Gase III' 6-max Seat #1 is the button
Seat 4: shootingGRID ($100 in chips) is sitting out
Seat 1: ImaPeppaPig ($100 in chips) 
Seat 5: Aleqseuka ($100 in chips) 
ImaPeppaPig: posts small blind $0.50
Aleqseuka: posts big blind $1
*** HOLE CARDS ***
ImaPeppaPig: folds 
Uncalled bet ($0.50) returned to Aleqseuka
Aleqseuka collected $1 from pot
Aleqseuka: doesn't show hand 
*** SUMMARY ***
Total pot $1 | Rake $0 
Seat 4: shootingGRID
Seat 1: ImaPeppaPig (button) (small blind) folded before Flop
Seat 5: Aleqseuka (big blind) collected ($1)



PokerStars Hand #254525094539:  Hold'em No Limit ($0.50/$1.00 USD) - 2025/01/24 3:53:22 WET [2025/01/23 22:53:22 ET]
Table 'Gase III' 6-max Seat #5 is the button
Seat 4: shootingGRID ($100 in chips) is sitting out
Seat 1: ImaPeppaPig ($100 in chips) 
Seat 5: Aleqseuka ($100.50 in chips) 
Aleqseuka: posts small blind $0.50
ImaPeppaPig: posts big blind $1
*** HOLE CARDS ***
Aleqseuka: raises $1.50 to $2.50
ImaPeppaPig: folds 
Uncalled bet ($1.50) returned to Aleqseuka
Aleqseuka collected $2 from pot
Aleqseuka: doesn't show hand 
*** SUMMARY ***
Total pot $2 | Rake $0 
Seat 4: shootingGRID
Seat 1: ImaPeppaPig (big blind) folded before Flop
Seat 5: Aleqseuka (button) (small blind) collected ($2)



PokerStars Hand #254525095971:  Hold'em No Limit ($0.50/$1.00 USD) - 2025/01/24 3:53:34 WET [2025/01/23 22:53:34 ET]
Table 'Gase III' 6-max Seat #1 is the button
Seat 4: shootingGRID ($100 in chips) is sitting out
Seat 1: ImaPeppaPig ($100 in chips) 
Seat 5: Aleqseuka ($101.50 in chips) 
ImaPeppaPig: posts small blind $0.50
Aleqseuka: posts big blind $1
*** HOLE CARDS ***
ImaPeppaPig: raises $1.50 to $2.50
Aleqseuka: calls $1.50
*** FLOP *** [2h 9h 4s]
Aleqseuka: checks 
ImaPeppaPig: bets $3.61
Aleqseuka: calls $3.61
*** TURN *** [2h 9h 4s] [5d]
Aleqseuka: checks 
ImaPeppaPig: checks 
*** RIVER *** [2h 9h 4s 5d] [Jd]
Aleqseuka: bets $3.83
ImaPeppaPig: calls $3.83
*** SHOW DOWN ***
Aleqseuka: shows [Tc Kh] (high card King)
ImaPeppaPig: shows [As 5c] (a pair of Fives)
ImaPeppaPig collected $18.89 from pot
*** SUMMARY ***
Total pot $19.88 | Rake $0.99 
Board [2h 9h 4s 5d Jd]
Seat 4: shootingGRID
Seat 1: ImaPeppaPig (button) (small blind) showed [As 5c] and won ($18.89) with a pair of Fives
Seat 5: Aleqseuka (big blind) showed [Tc Kh] and lost with high card King



PokerStars Hand #254525101122:  Hold'em No Limit ($0.50/$1.00 USD) - 2025/01/24 3:54:19 WET [2025/01/23 22:54:19 ET]
Table 'Gase III' 6-max Seat #5 is the button
Seat 1: ImaPeppaPig ($108.95 in chips) 
Seat 4: shootingGRID ($100 in chips) 
Seat 5: Aleqseuka ($100 in chips) 
ImaPeppaPig: posts small blind $0.50
shootingGRID: posts big blind $1
*** HOLE CARDS ***
Aleqseuka: raises $1.50 to $2.50
ImaPeppaPig: folds 
shootingGRID: calls $1.50
*** FLOP *** [3c Jd 6c]
shootingGRID: checks 
Aleqseuka: bets $3.92
shootingGRID: folds 
Uncalled bet ($3.92) returned to Aleqseuka
Aleqseuka collected $5.22 from pot
Aleqseuka: doesn't show hand 
*** SUMMARY ***
Total pot $5.50 | Rake $0.28 
Board [3c Jd 6c]
Seat 1: ImaPeppaPig (small blind) folded before Flop
Seat 4: shootingGRID (big blind) folded on the Flop
Seat 5: Aleqseuka (button) collected ($5.22)



PokerStars Hand #254525106326:  Hold'em No Limit ($0.50/$1.00 USD) - 2025/01/24 3:55:05 WET [2025/01/23 22:55:05 ET]
Table 'Gase III' 6-max Seat #1 is the button
Seat 1: ImaPeppaPig ($108.45 in chips) 
Seat 4: shootingGRID ($100 in chips) 
Seat 5: Aleqseuka ($102.72 in chips) 
shootingGRID: posts small blind $0.50
Aleqseuka: posts big blind $1
*** HOLE CARDS ***
ImaPeppaPig: folds 
shootingGRID: folds 
Uncalled bet ($0.50) returned to Aleqseuka
Aleqseuka collected $1 from pot
Aleqseuka: doesn't show hand 
*** SUMMARY ***
Total pot $1 | Rake $0 
Seat 1: ImaPeppaPig (button) folded before Flop (didn't bet)
Seat 4: shootingGRID (small blind) folded before Flop
Seat 5: Aleqseuka (big blind) collected ($1)



PokerStars Hand #254525107832:  Hold'em No Limit ($0.50/$1.00 USD) - 2025/01/24 3:55:20 WET [2025/01/23 22:55:20 ET]
Table 'Gase III' 6-max Seat #4 is the button
Seat 1: ImaPeppaPig ($108.45 in chips) 
Seat 4: shootingGRID ($100 in chips) 
Seat 5: Aleqseuka ($103.22 in chips) 
Aleqseuka: posts small blind $0.50
ImaPeppaPig: posts big blind $1
*** HOLE CARDS ***
shootingGRID: raises $1.50 to $2.50
Aleqseuka: folds 
ImaPeppaPig: folds 
Uncalled bet ($1.50) returned to shootingGRID
shootingGRID collected $2.50 from pot
*** SUMMARY ***
Total pot $2.50 | Rake $0 
Seat 1: ImaPeppaPig (big blind) folded before Flop
Seat 4: shootingGRID (button) collected ($2.50)
Seat 5: Aleqseuka (small blind) folded before Flop



PokerStars Hand #254525109032:  Hold'em No Limit ($0.50/$1.00 USD) - 2025/01/24 3:55:33 WET [2025/01/23 22:55:33 ET]
Table 'Gase III' 6-max Seat #5 is the button
Seat 1: ImaPeppaPig ($107.45 in chips) 
Seat 4: shootingGRID ($101.50 in chips) 
Seat 5: Aleqseuka ($102.72 in chips) 
ImaPeppaPig: posts small blind $0.50
shootingGRID: posts big blind $1
*** HOLE CARDS ***
Aleqseuka: folds 
ImaPeppaPig: folds 
Uncalled bet ($0.50) returned to shootingGRID
shootingGRID collected $1 from pot
*** SUMMARY ***
Total pot $1 | Rake $0 
Seat 1: ImaPeppaPig (small blind) folded before Flop
Seat 4: shootingGRID (big blind) collected ($1)
Seat 5: Aleqseuka (button) folded before Flop (didn't bet)



PokerStars Hand #254525110200:  Hold'em No Limit ($0.50/$1.00 USD) - 2025/01/24 3:55:46 WET [2025/01/23 22:55:46 ET]
Table 'Gase III' 6-max Seat #1 is the button
Seat 1: ImaPeppaPig ($106.95 in chips) 
Seat 4: shootingGRID ($102 in chips) 
Seat 5: Aleqseuka ($102.72 in chips) 
shootingGRID: posts small blind $0.50
Aleqseuka: posts big blind $1
*** HOLE CARDS ***
nastja336 joins the table at seat #3 
ImaPeppaPig: folds 
shootingGRID: raises $2 to $3
QuennevilleN1 joins the table at seat #2 
QuennevilleN1 is disconnected 
Aleqseuka: calls $2
*** FLOP *** [4s Qc 9s]
rao999 joins the table at seat #6 
shootingGRID: checks 
Aleqseuka: bets $1.88
shootingGRID: calls $1.88
*** TURN *** [4s Qc 9s] [5s]
shootingGRID: checks 
Aleqseuka: bets $6.95
shootingGRID: calls $6.95
*** RIVER *** [4s Qc 9s 5s] [As]
shootingGRID: checks 
Aleqseuka: bets $28.33
shootingGRID: folds 
Uncalled bet ($28.33) returned to Aleqseuka
Aleqseuka collected $22.66 from pot
Aleqseuka: doesn't show hand 
*** SUMMARY ***
Total pot $23.66 | Rake $1 
Board [4s Qc 9s 5s As]
Seat 1: ImaPeppaPig (button) folded before Flop (didn't bet)
Seat 4: shootingGRID (small blind) folded on the River
Seat 5: Aleqseuka (big blind) collected ($22.66)



PokerStars Hand #254525120010:  Hold'em No Limit ($0.50/$1.00 USD) - 2025/01/24 3:57:32 WET [2025/01/23 22:57:32 ET]
Table 'Gase III' 6-max Seat #4 is the button
Seat 2: QuennevilleN1 ($11.93 in chips) is sitting out
Seat 3: nastja336 ($100 in chips) is sitting out
Seat 1: ImaPeppaPig ($106.95 in chips) 
Seat 4: shootingGRID ($100 in chips) 
Seat 5: Aleqseuka ($113.55 in chips) 
Seat 6: rao999 ($100 in chips) 
Aleqseuka: posts small blind $0.50
rao999: posts big blind $1
QuennevilleN1: sits out 
nastja336: sits out 
*** HOLE CARDS ***
ImaPeppaPig: folds 
shootingGRID: raises $1.50 to $2.50
Aleqseuka: folds 
rao999: folds 
Uncalled bet ($1.50) returned to shootingGRID
shootingGRID collected $2.50 from pot
*** SUMMARY ***
Total pot $2.50 | Rake $0 
Seat 2: QuennevilleN1
Seat 3: nastja336
Seat 1: ImaPeppaPig folded before Flop (didn't bet)
Seat 4: shootingGRID (button) collected ($2.50)
Seat 5: Aleqseuka (small blind) folded before Flop
Seat 6: rao999 (big blind) folded before Flop



PokerStars Hand #254525121975:  Hold'em No Limit ($0.50/$1.00 USD) - 2025/01/24 3:57:54 WET [2025/01/23 22:57:54 ET]
Table 'Gase III' 6-max Seat #5 is the button
Seat 2: QuennevilleN1 ($11.93 in chips) is sitting out
Seat 3: nastja336 ($100 in chips) is sitting out
Seat 1: ImaPeppaPig ($106.95 in chips) 
Seat 4: shootingGRID ($101.50 in chips) 
Seat 5: Aleqseuka ($113.05 in chips) 
Seat 6: rao999 ($100 in chips) 
rao999: posts small blind $0.50
ImaPeppaPig: posts big blind $1
QuennevilleN1: sits out 
nastja336: sits out 
*** HOLE CARDS ***
shootingGRID: folds 
Aleqseuka: folds 
rao999: folds 
Uncalled bet ($0.50) returned to ImaPeppaPig
ImaPeppaPig collected $1 from pot
ImaPeppaPig: doesn't show hand 
*** SUMMARY ***
Total pot $1 | Rake $0 
Seat 2: QuennevilleN1
Seat 3: nastja336
Seat 1: ImaPeppaPig (big blind) collected ($1)
Seat 4: shootingGRID folded before Flop (didn't bet)
Seat 5: Aleqseuka (button) folded before Flop (didn't bet)
Seat 6: rao999 (small blind) folded before Flop



PokerStars Hand #254525123758:  Hold'em No Limit ($0.50/$1.00 USD) - 2025/01/24 3:58:13 WET [2025/01/23 22:58:13 ET]
Table 'Gase III' 6-max Seat #6 is the button
Seat 3: nastja336 ($100 in chips) is sitting out
Seat 1: ImaPeppaPig ($107.45 in chips) 
Seat 2: QuennevilleN1 ($11.93 in chips) 
Seat 4: shootingGRID ($101.50 in chips) 
Seat 5: Aleqseuka ($113.05 in chips) 
Seat 6: rao999 ($100 in chips) 
ImaPeppaPig: posts small blind $0.50
QuennevilleN1: posts big blind $1
nastja336: sits out 
*** HOLE CARDS ***
shootingGRID: raises $1.25 to $2.25
Aleqseuka: folds 
rao999: calls $2.25
ImaPeppaPig: folds 
QuennevilleN1: folds 
*** FLOP *** [7d 2h 6s]
shootingGRID: checks 
rao999: bets $3.76
shootingGRID: folds 
Uncalled bet ($3.76) returned to rao999
rao999 collected $5.70 from pot
rao999: doesn't show hand 
*** SUMMARY ***
Total pot $6 | Rake $0.30 
Board [7d 2h 6s]
Seat 3: nastja336
Seat 1: ImaPeppaPig (small blind) folded before Flop
Seat 2: QuennevilleN1 (big blind) folded before Flop
Seat 4: shootingGRID folded on the Flop
Seat 5: Aleqseuka folded before Flop (didn't bet)
Seat 6: rao999 (button) collected ($5.70)



PokerStars Hand #254525130346:  Hold'em No Limit ($0.50/$1.00 USD) - 2025/01/24 3:59:26 WET [2025/01/23 22:59:26 ET]
Table 'Gase III' 6-max Seat #1 is the button
Seat 1: ImaPeppaPig ($106.95 in chips) 
Seat 2: QuennevilleN1 ($10.93 in chips) 
Seat 3: nastja336 ($100 in chips) 
Seat 4: shootingGRID ($100 in chips) 
Seat 5: Aleqseuka ($113.05 in chips) 
Seat 6: rao999 ($103.45 in chips) 
QuennevilleN1: posts small blind $0.50
nastja336: posts big blind $1
*** HOLE CARDS ***
shootingGRID: folds 
Aleqseuka: folds 
rao999: folds 
ImaPeppaPig: raises $1.50 to $2.50
QuennevilleN1: folds 
nastja336: calls $1.50
*** FLOP *** [3h 2d Kh]
nastja336: checks 
ImaPeppaPig: bets $2.71
nastja336: folds 
Uncalled bet ($2.71) returned to ImaPeppaPig
ImaPeppaPig collected $5.22 from pot
ImaPeppaPig: doesn't show hand 
*** SUMMARY ***
Total pot $5.50 | Rake $0.28 
Board [3h 2d Kh]
Seat 1: ImaPeppaPig (button) collected ($5.22)
Seat 2: QuennevilleN1 (small blind) folded before Flop
Seat 3: nastja336 (big blind) folded on the Flop
Seat 4: shootingGRID folded before Flop (didn't bet)
Seat 5: Aleqseuka folded before Flop (didn't bet)
Seat 6: rao999 folded before Flop (didn't bet)



PokerStars Hand #254525146229:  Hold'em No Limit ($0.50/$1.00 USD) - 2025/01/24 4:01:59 WET [2025/01/23 23:01:59 ET]
Table 'Gase III' 6-max Seat #5 is the button
Seat 2: QuennevilleN1 ($0 in chips) is sitting out
Seat 6: KeR888 ($100 in chips) is sitting out
Seat 1: ImaPeppaPig ($100 in chips) 
Seat 3: nastja336 ($113.51 in chips) 
Seat 4: shootingGRID ($110.85 in chips) 
Seat 5: Aleqseuka ($111.55 in chips) 
ImaPeppaPig: posts small blind $0.50
nastja336: posts big blind $1
*** HOLE CARDS ***
shootingGRID: raises $1.25 to $2.25
QuennevilleN1 leaves the table
Aleqseuka: folds 
ImaPeppaPig: raises $9.75 to $12
nastja336: folds 
shootingGRID: folds 
Uncalled bet ($9.75) returned to ImaPeppaPig
ImaPeppaPig collected $5.50 from pot
ImaPeppaPig: doesn't show hand 
*** SUMMARY ***
Total pot $5.50 | Rake $0 
Seat 2: QuennevilleN1
Seat 6: KeR888
Seat 1: ImaPeppaPig (small blind) collected ($5.50)
Seat 3: nastja336 (big blind) folded before Flop
Seat 4: shootingGRID folded before Flop
Seat 5: Aleqseuka (button) folded before Flop (didn't bet)



PokerStars Hand #254525149077:  Hold'em No Limit ($0.50/$1.00 USD) - 2025/01/24 4:02:24 WET [2025/01/23 23:02:24 ET]
Table 'Gase III' 6-max Seat #1 is the button
Seat 3: nastja336 ($112.51 in chips) is sitting out
Seat 6: KeR888 ($100 in chips) is sitting out
Seat 1: ImaPeppaPig ($103.25 in chips) 
Seat 4: shootingGRID ($108.60 in chips) 
Seat 5: Aleqseuka ($111.55 in chips) 
shootingGRID: posts small blind $0.50
Aleqseuka: posts big blind $1
KeR888: sits out 
*** HOLE CARDS ***
ImaPeppaPig: raises $1.50 to $2.50
nastja336 leaves the table
shootingGRID: folds 
Aleqseuka: folds 
Uncalled bet ($1.50) returned to ImaPeppaPig
ImaPeppaPig collected $2.50 from pot
ImaPeppaPig: doesn't show hand 
*** SUMMARY ***
Total pot $2.50 | Rake $0 
Seat 3: nastja336
Seat 6: KeR888
Seat 1: ImaPeppaPig (button) collected ($2.50)
Seat 4: shootingGRID (small blind) folded before Flop
Seat 5: Aleqseuka (big blind) folded before Flop



PokerStars Hand #254525150429:  Hold'em No Limit ($0.50/$1.00 USD) - 2025/01/24 4:02:36 WET [2025/01/23 23:02:36 ET]
Table 'Gase III' 6-max Seat #4 is the button
Seat 1: ImaPeppaPig ($104.75 in chips) 
Seat 4: shootingGRID ($108.10 in chips) 
Seat 5: Aleqseuka ($110.55 in chips) 
Seat 6: KeR888 ($100 in chips) 
Aleqseuka: posts small blind $0.50
KeR888: posts big blind $1
*** HOLE CARDS ***
ImaPeppaPig: folds 
shootingGRID: raises $1.50 to $2.50
Aleqseuka: folds 
KeR888: folds 
Uncalled bet ($1.50) returned to shootingGRID
shootingGRID collected $2.50 from pot
*** SUMMARY ***
Total pot $2.50 | Rake $0 
Seat 1: ImaPeppaPig folded before Flop (didn't bet)
Seat 4: shootingGRID (button) collected ($2.50)
Seat 5: Aleqseuka (small blind) folded before Flop
Seat 6: KeR888 (big blind) folded before Flop



PokerStars Hand #254525152411:  Hold'em No Limit ($0.50/$1.00 USD) - 2025/01/24 4:02:53 WET [2025/01/23 23:02:53 ET]
Table 'Gase III' 6-max Seat #5 is the button
Seat 1: ImaPeppaPig ($104.75 in chips) 
Seat 4: shootingGRID ($109.60 in chips) 
Seat 5: Aleqseuka ($110.05 in chips) 
Seat 6: KeR888 ($100 in chips) 
KeR888: posts small blind $0.50
ImaPeppaPig: posts big blind $1
*** HOLE CARDS ***
shootingGRID: raises $1.25 to $2.25
Aleqseuka: folds 
KeR888: raises $8.25 to $10.50
ImaPeppaPig: folds 
shootingGRID: folds 
Uncalled bet ($8.25) returned to KeR888
KeR888 collected $5.50 from pot
KeR888: doesn't show hand 
*** SUMMARY ***
Total pot $5.50 | Rake $0 
Seat 1: ImaPeppaPig (big blind) folded before Flop
Seat 4: shootingGRID folded before Flop
Seat 5: Aleqseuka (button) folded before Flop (didn't bet)
Seat 6: KeR888 (small blind) collected ($5.50)



PokerStars Hand #254525155059:  Hold'em No Limit ($0.50/$1.00 USD) - 2025/01/24 4:03:17 WET [2025/01/23 23:03:17 ET]
Table 'Gase III' 6-max Seat #6 is the button
Seat 1: ImaPeppaPig ($103.75 in chips) 
Seat 4: shootingGRID ($107.35 in chips) 
Seat 5: Aleqseuka ($110.05 in chips) 
Seat 6: KeR888 ($103.25 in chips) 
ImaPeppaPig: posts small blind $0.50
shootingGRID: posts big blind $1
*** HOLE CARDS ***
Aleqseuka: folds 
KeR888: folds 
ImaPeppaPig: folds 
Uncalled bet ($0.50) returned to shootingGRID
shootingGRID collected $1 from pot
*** SUMMARY ***
Total pot $1 | Rake $0 
Seat 1: ImaPeppaPig (small blind) folded before Flop
Seat 4: shootingGRID (big blind) collected ($1)
Seat 5: Aleqseuka folded before Flop (didn't bet)
Seat 6: KeR888 (button) folded before Flop (didn't bet)



PokerStars Hand #254525156007:  Hold'em No Limit ($0.50/$1.00 USD) - 2025/01/24 4:03:25 WET [2025/01/23 23:03:25 ET]
Table 'Gase III' 6-max Seat #1 is the button
Seat 1: ImaPeppaPig ($103.25 in chips) 
Seat 4: shootingGRID ($107.85 in chips) 
Seat 5: Aleqseuka ($110.05 in chips) 
Seat 6: KeR888 ($103.25 in chips) 
shootingGRID: posts small blind $0.50
Aleqseuka: posts big blind $1
*** HOLE CARDS ***
KeR888: folds 
ImaPeppaPig: folds 
shootingGRID: folds 
Uncalled bet ($0.50) returned to Aleqseuka
Aleqseuka collected $1 from pot
Aleqseuka: doesn't show hand 
*** SUMMARY ***
Total pot $1 | Rake $0 
Seat 1: ImaPeppaPig (button) folded before Flop (didn't bet)
Seat 4: shootingGRID (small blind) folded before Flop
Seat 5: Aleqseuka (big blind) collected ($1)
Seat 6: KeR888 folded before Flop (didn't bet)



PokerStars Hand #254525292594:  Hold'em No Limit ($0.50/$1.00 USD) - 2025/01/24 4:24:21 WET [2025/01/23 23:24:21 ET]
Table 'Gase III' 6-max Seat #5 is the button
Seat 3: Xenicide ($100 in chips) is sitting out
Seat 1: ImaPeppaPig ($169.08 in chips) 
Seat 2: Spartansmike ($105.02 in chips) 
Seat 4: shootingGRID ($100 in chips) 
Seat 5: Aleqseuka ($109.23 in chips) 
Seat 6: KeR888 ($102.25 in chips) 
KeR888: posts small blind $0.50
ImaPeppaPig: posts big blind $1
Xenicide: sits out 
*** HOLE CARDS ***
Spartansmike: folds 
shootingGRID: folds 
Aleqseuka: folds 
KeR888: raises $2 to $3
ImaPeppaPig: raises $6 to $9
KeR888: calls $6
*** FLOP *** [Ac Kd 4c]
KeR888: checks 
ImaPeppaPig: bets $8.89
KeR888: calls $8.89
*** TURN *** [Ac Kd 4c] [9d]
KeR888: checks 
ImaPeppaPig: bets $25.83
KeR888: folds 
Uncalled bet ($25.83) returned to ImaPeppaPig
ImaPeppaPig collected $33.99 from pot
ImaPeppaPig: doesn't show hand 
*** SUMMARY ***
Total pot $35.78 | Rake $1.79 
Board [Ac Kd 4c 9d]
Seat 3: Xenicide
Seat 1: ImaPeppaPig (big blind) collected ($33.99)
Seat 2: Spartansmike folded before Flop (didn't bet)
Seat 4: shootingGRID folded before Flop (didn't bet)
Seat 5: Aleqseuka (button) folded before Flop (didn't bet)
Seat 6: KeR888 (small blind) folded on the Turn



PokerStars Hand #254525297916:  Hold'em No Limit ($0.50/$1.00 USD) - 2025/01/24 4:25:10 WET [2025/01/23 23:25:10 ET]
Table 'Gase III' 6-max Seat #6 is the button
Seat 3: Xenicide ($100 in chips) is sitting out
Seat 1: ImaPeppaPig ($185.18 in chips) 
Seat 2: Spartansmike ($105.02 in chips) 
Seat 4: shootingGRID ($100 in chips) 
Seat 5: Aleqseuka ($109.23 in chips) 
Seat 6: KeR888 ($100 in chips) 
ImaPeppaPig: posts small blind $0.50
Spartansmike: posts big blind $1
Xenicide: sits out 
*** HOLE CARDS ***
shootingGRID: folds 
Aleqseuka: folds 
KeR888: raises $1.50 to $2.50
ImaPeppaPig: folds 
Spartansmike: calls $1.50
*** FLOP *** [4h Ac Js]
Spartansmike: checks 
KeR888: bets $3.92
Spartansmike: folds 
Uncalled bet ($3.92) returned to KeR888
KeR888 collected $5.22 from pot
KeR888: doesn't show hand 
*** SUMMARY ***
Total pot $5.50 | Rake $0.28 
Board [4h Ac Js]
Seat 3: Xenicide
Seat 1: ImaPeppaPig (small blind) folded before Flop
Seat 2: Spartansmike (big blind) folded on the Flop
Seat 4: shootingGRID folded before Flop (didn't bet)
Seat 5: Aleqseuka folded before Flop (didn't bet)
Seat 6: KeR888 (button) collected ($5.22)



PokerStars Hand #254525300712:  Hold'em No Limit ($0.50/$1.00 USD) - 2025/01/24 4:25:36 WET [2025/01/23 23:25:36 ET]
Table 'Gase III' 6-max Seat #1 is the button
Seat 1: ImaPeppaPig ($184.68 in chips) 
Seat 2: Spartansmike ($102.52 in chips) 
Seat 3: Xenicide ($100 in chips) 
Seat 4: shootingGRID ($100 in chips) 
Seat 5: Aleqseuka ($109.23 in chips) 
Seat 6: KeR888 ($102.72 in chips) 
Spartansmike: posts small blind $0.50
Xenicide: posts big blind $1
*** HOLE CARDS ***
shootingGRID: raises $1.25 to $2.25
Aleqseuka: folds 
KeR888: folds 
ImaPeppaPig: folds 
Spartansmike: calls $1.75
Xenicide: folds 
*** FLOP *** [6c 6h As]
Spartansmike: checks 
shootingGRID: bets $1.72
Spartansmike: folds 
Uncalled bet ($1.72) returned to shootingGRID
shootingGRID collected $5.22 from pot
*** SUMMARY ***
Total pot $5.50 | Rake $0.28 
Board [6c 6h As]
Seat 1: ImaPeppaPig (button) folded before Flop (didn't bet)
Seat 2: Spartansmike (small blind) folded on the Flop
Seat 3: Xenicide (big blind) folded before Flop
Seat 4: shootingGRID collected ($5.22)
Seat 5: Aleqseuka folded before Flop (didn't bet)
Seat 6: KeR888 folded before Flop (didn't bet)



PokerStars Hand #254525304868:  Hold'em No Limit ($0.50/$1.00 USD) - 2025/01/24 4:26:16 WET [2025/01/23 23:26:16 ET]
Table 'Gase III' 6-max Seat #2 is the button
Seat 1: ImaPeppaPig ($184.68 in chips) 
Seat 2: Spartansmike ($100.27 in chips) 
Seat 3: Xenicide ($100 in chips) 
Seat 4: shootingGRID ($102.97 in chips) 
Seat 5: Aleqseuka ($109.23 in chips) 
Seat 6: KeR888 ($102.72 in chips) 
Xenicide: posts small blind $0.50
shootingGRID: posts big blind $1
*** HOLE CARDS ***
Aleqseuka: folds 
KeR888: raises $1.20 to $2.20
ImaPeppaPig: folds 
Spartansmike: folds 
Xenicide: folds 
shootingGRID: folds 
Uncalled bet ($1.20) returned to KeR888
KeR888 collected $2.50 from pot
KeR888: doesn't show hand 
*** SUMMARY ***
Total pot $2.50 | Rake $0 
Seat 1: ImaPeppaPig folded before Flop (didn't bet)
Seat 2: Spartansmike (button) folded before Flop (didn't bet)
Seat 3: Xenicide (small blind) folded before Flop
Seat 4: shootingGRID (big blind) folded before Flop
Seat 5: Aleqseuka folded before Flop (didn't bet)
Seat 6: KeR888 collected ($2.50)



PokerStars Hand #254525307181:  Hold'em No Limit ($0.50/$1.00 USD) - 2025/01/24 4:26:38 WET [2025/01/23 23:26:38 ET]
Table 'Gase III' 6-max Seat #3 is the button
Seat 1: ImaPeppaPig ($184.68 in chips) 
Seat 2: Spartansmike ($100.27 in chips) 
Seat 3: Xenicide ($100 in chips) 
Seat 4: shootingGRID ($101.97 in chips) 
Seat 5: Aleqseuka ($109.23 in chips) 
Seat 6: KeR888 ($104.22 in chips) 
shootingGRID: posts small blind $0.50
Aleqseuka: posts big blind $1
*** HOLE CARDS ***
KeR888: raises $1.20 to $2.20
ImaPeppaPig: folds 
Spartansmike: folds 
Xenicide: folds 
shootingGRID: folds 
Aleqseuka: folds 
Uncalled bet ($1.20) returned to KeR888
KeR888 collected $2.50 from pot
KeR888: doesn't show hand 
*** SUMMARY ***
Total pot $2.50 | Rake $0 
Seat 1: ImaPeppaPig folded before Flop (didn't bet)
Seat 2: Spartansmike folded before Flop (didn't bet)
Seat 3: Xenicide (button) folded before Flop (didn't bet)
Seat 4: shootingGRID (small blind) folded before Flop
Seat 5: Aleqseuka (big blind) folded before Flop
Seat 6: KeR888 collected ($2.50)



PokerStars Hand #254525309228:  Hold'em No Limit ($0.50/$1.00 USD) - 2025/01/24 4:26:57 WET [2025/01/23 23:26:57 ET]
Table 'Gase III' 6-max Seat #4 is the button
Seat 1: ImaPeppaPig ($184.68 in chips) 
Seat 2: Spartansmike ($100.27 in chips) 
Seat 3: Xenicide ($100 in chips) 
Seat 4: shootingGRID ($101.47 in chips) 
Seat 5: Aleqseuka ($108.23 in chips) 
Seat 6: KeR888 ($105.72 in chips) 
Aleqseuka: posts small blind $0.50
KeR888: posts big blind $1
*** HOLE CARDS ***
ImaPeppaPig: folds 
Spartansmike: folds 
Xenicide: folds 
shootingGRID: raises $1.50 to $2.50
Aleqseuka: folds 
KeR888: folds 
Uncalled bet ($1.50) returned to shootingGRID
shootingGRID collected $2.50 from pot
*** SUMMARY ***
Total pot $2.50 | Rake $0 
Seat 1: ImaPeppaPig folded before Flop (didn't bet)
Seat 2: Spartansmike folded before Flop (didn't bet)
Seat 3: Xenicide folded before Flop (didn't bet)
Seat 4: shootingGRID (button) collected ($2.50)
Seat 5: Aleqseuka (small blind) folded before Flop
Seat 6: KeR888 (big blind) folded before Flop



PokerStars Hand #254525311384:  Hold'em No Limit ($0.50/$1.00 USD) - 2025/01/24 4:27:18 WET [2025/01/23 23:27:18 ET]
Table 'Gase III' 6-max Seat #5 is the button
Seat 1: ImaPeppaPig ($184.68 in chips) 
Seat 2: Spartansmike ($100.27 in chips) 
Seat 3: Xenicide ($100 in chips) 
Seat 4: shootingGRID ($102.97 in chips) 
Seat 5: Aleqseuka ($107.73 in chips) 
Seat 6: KeR888 ($104.72 in chips) 
KeR888: posts small blind $0.50
ImaPeppaPig: posts big blind $1
*** HOLE CARDS ***
Spartansmike: folds 
Xenicide: folds 
shootingGRID: folds 
Aleqseuka: raises $1.50 to $2.50
KeR888: folds 
ImaPeppaPig: calls $1.50
*** FLOP *** [Ad Kh Qd]
ImaPeppaPig: checks 
Aleqseuka: checks 
*** TURN *** [Ad Kh Qd] [2d]
ImaPeppaPig: checks 
Aleqseuka: bets $1.72
ImaPeppaPig: folds 
Uncalled bet ($1.72) returned to Aleqseuka
Aleqseuka collected $5.22 from pot
Aleqseuka: doesn't show hand 
*** SUMMARY ***
Total pot $5.50 | Rake $0.28 
Board [Ad Kh Qd 2d]
Seat 1: ImaPeppaPig (big blind) folded on the Turn
Seat 2: Spartansmike folded before Flop (didn't bet)
Seat 3: Xenicide folded before Flop (didn't bet)
Seat 4: shootingGRID folded before Flop (didn't bet)
Seat 5: Aleqseuka (button) collected ($5.22)
Seat 6: KeR888 (small blind) folded before Flop



PokerStars Hand #254525315827:  Hold'em No Limit ($0.50/$1.00 USD) - 2025/01/24 4:28:00 WET [2025/01/23 23:28:00 ET]
Table 'Gase III' 6-max Seat #6 is the button
Seat 1: ImaPeppaPig ($182.18 in chips) 
Seat 2: Spartansmike ($100.27 in chips) 
Seat 3: Xenicide ($100 in chips) 
Seat 4: shootingGRID ($102.97 in chips) 
Seat 5: Aleqseuka ($110.45 in chips) 
Seat 6: KeR888 ($104.22 in chips) 
ImaPeppaPig: posts small blind $0.50
Spartansmike: posts big blind $1
*** HOLE CARDS ***
Xenicide: raises $1 to $2
shootingGRID: calls $2
Aleqseuka: calls $2
KeR888: folds 
ImaPeppaPig: folds 
Spartansmike: raises $1 to $3
Xenicide: raises $19 to $22
shootingGRID: folds 
Aleqseuka: folds 
Spartansmike: raises $78.27 to $100.27 and is all-in
Xenicide: calls $78 and is all-in
Uncalled bet ($0.27) returned to Spartansmike
*** FLOP *** [5c Ts 6h]
*** TURN *** [5c Ts 6h] [9h]
*** RIVER *** [5c Ts 6h 9h] [2d]
*** SHOW DOWN ***
Spartansmike: shows [Ah Ad] (a pair of Aces)
Xenicide: shows [Kd Kc] (a pair of Kings)
Spartansmike collected $202 from pot
*** SUMMARY ***
Total pot $204.50 | Rake $2.50 
Board [5c Ts 6h 9h 2d]
Seat 1: ImaPeppaPig (small blind) folded before Flop
Seat 2: Spartansmike (big blind) showed [Ah Ad] and won ($202) with a pair of Aces
Seat 3: Xenicide showed [Kd Kc] and lost with a pair of Kings
Seat 4: shootingGRID folded before Flop
Seat 5: Aleqseuka folded before Flop
Seat 6: KeR888 (button) folded before Flop (didn't bet)



PokerStars Hand #254525322089:  Hold'em No Limit ($0.50/$1.00 USD) - 2025/01/24 4:29:00 WET [2025/01/23 23:29:00 ET]
Table 'Gase III' 6-max Seat #1 is the button
Seat 1: ImaPeppaPig ($181.68 in chips) 
Seat 2: Spartansmike ($202.27 in chips) 
Seat 3: Xenicide ($100 in chips) 
Seat 4: shootingGRID ($100.97 in chips) 
Seat 5: Aleqseuka ($108.45 in chips) 
Seat 6: KeR888 ($104.22 in chips) 
Spartansmike: posts small blind $0.50
Xenicide: posts big blind $1
*** HOLE CARDS ***
shootingGRID: folds 
Aleqseuka: folds 
KeR888: folds 
ImaPeppaPig: raises $1.50 to $2.50
Spartansmike: folds 
Xenicide: calls $1.50
*** FLOP *** [Ac 6d Td]
Xenicide: checks 
ImaPeppaPig: bets $1.62
Xenicide: folds 
Uncalled bet ($1.62) returned to ImaPeppaPig
ImaPeppaPig collected $5.22 from pot
ImaPeppaPig: doesn't show hand 
*** SUMMARY ***
Total pot $5.50 | Rake $0.28 
Board [Ac 6d Td]
Seat 1: ImaPeppaPig (button) collected ($5.22)
Seat 2: Spartansmike (small blind) folded before Flop
Seat 3: Xenicide (big blind) folded on the Flop
Seat 4: shootingGRID folded before Flop (didn't bet)
Seat 5: Aleqseuka folded before Flop (didn't bet)
Seat 6: KeR888 folded before Flop (didn't bet)



PokerStars Hand #254525326837:  Hold'em No Limit ($0.50/$1.00 USD) - 2025/01/24 4:29:46 WET [2025/01/23 23:29:46 ET]
Table 'Gase III' 6-max Seat #2 is the button
Seat 1: ImaPeppaPig ($184.40 in chips) 
Seat 2: Spartansmike ($201.77 in chips) 
Seat 3: Xenicide ($100 in chips) 
Seat 4: shootingGRID ($100.97 in chips) 
Seat 5: Aleqseuka ($108.45 in chips) 
Seat 6: KeR888 ($104.22 in chips) 
Xenicide: posts small blind $0.50
shootingGRID: posts big blind $1
*** HOLE CARDS ***
Aleqseuka: folds 
KeR888: folds 
ImaPeppaPig: folds 
Spartansmike: folds 
Xenicide: folds 
Uncalled bet ($0.50) returned to shootingGRID
shootingGRID collected $1 from pot
*** SUMMARY ***
Total pot $1 | Rake $0 
Seat 1: ImaPeppaPig folded before Flop (didn't bet)
Seat 2: Spartansmike (button) folded before Flop (didn't bet)
Seat 3: Xenicide (small blind) folded before Flop
Seat 4: shootingGRID (big blind) collected ($1)
Seat 5: Aleqseuka folded before Flop (didn't bet)
Seat 6: KeR888 folded before Flop (didn't bet)



PokerStars Hand #254525328442:  Hold'em No Limit ($0.50/$1.00 USD) - 2025/01/24 4:30:01 WET [2025/01/23 23:30:01 ET]
Table 'Gase III' 6-max Seat #3 is the button
Seat 1: ImaPeppaPig ($184.40 in chips) 
Seat 2: Spartansmike ($201.77 in chips) 
Seat 3: Xenicide ($100 in chips) 
Seat 4: shootingGRID ($101.47 in chips) 
Seat 5: Aleqseuka ($108.45 in chips) 
Seat 6: KeR888 ($104.22 in chips) 
shootingGRID: posts small blind $0.50
Aleqseuka: posts big blind $1
*** HOLE CARDS ***
KeR888: folds 
ImaPeppaPig: folds 
Spartansmike: calls $1
Xenicide: folds 
shootingGRID: raises $3.50 to $4.50
Aleqseuka: folds 
Spartansmike: raises $10 to $14.50
shootingGRID: folds 
Uncalled bet ($10) returned to Spartansmike
Spartansmike collected $10 from pot
*** SUMMARY ***
Total pot $10 | Rake $0 
Seat 1: ImaPeppaPig folded before Flop (didn't bet)
Seat 2: Spartansmike collected ($10)
Seat 3: Xenicide (button) folded before Flop (didn't bet)
Seat 4: shootingGRID (small blind) folded before Flop
Seat 5: Aleqseuka (big blind) folded before Flop
Seat 6: KeR888 folded before Flop (didn't bet)



PokerStars Hand #254525331342:  Hold'em No Limit ($0.50/$1.00 USD) - 2025/01/24 4:30:28 WET [2025/01/23 23:30:28 ET]
Table 'Gase III' 6-max Seat #4 is the button
Seat 1: ImaPeppaPig ($184.40 in chips) 
Seat 2: Spartansmike ($207.27 in chips) 
Seat 3: Xenicide ($100 in chips) 
Seat 4: shootingGRID ($100 in chips) 
Seat 5: Aleqseuka ($107.45 in chips) 
Seat 6: KeR888 ($104.22 in chips) 
Aleqseuka: posts small blind $0.50
KeR888: posts big blind $1
*** HOLE CARDS ***
ImaPeppaPig: folds 
Spartansmike: folds 
Xenicide: folds 
shootingGRID: raises $1.50 to $2.50
Aleqseuka: folds 
KeR888: calls $1.50
*** FLOP *** [8h 2h 6d]
KeR888: checks 
shootingGRID: checks 
*** TURN *** [8h 2h 6d] [Ah]
KeR888: checks 
shootingGRID: checks 
*** RIVER *** [8h 2h 6d Ah] [9h]
KeR888: bets $3.92
shootingGRID: folds 
Uncalled bet ($3.92) returned to KeR888
KeR888 collected $5.22 from pot
KeR888: doesn't show hand 
*** SUMMARY ***
Total pot $5.50 | Rake $0.28 
Board [8h 2h 6d Ah 9h]
Seat 1: ImaPeppaPig folded before Flop (didn't bet)
Seat 2: Spartansmike folded before Flop (didn't bet)
Seat 3: Xenicide folded before Flop (didn't bet)
Seat 4: shootingGRID (button) folded on the River
Seat 5: Aleqseuka (small blind) folded before Flop
Seat 6: KeR888 (big blind) collected ($5.22)



PokerStars Hand #254525339866:  Hold'em No Limit ($0.50/$1.00 USD) - 2025/01/24 4:31:50 WET [2025/01/23 23:31:50 ET]
Table 'Gase III' 6-max Seat #5 is the button
Seat 1: ImaPeppaPig ($184.40 in chips) 
Seat 2: Spartansmike ($207.27 in chips) 
Seat 3: Xenicide ($100 in chips) 
Seat 4: shootingGRID ($100 in chips) 
Seat 5: Aleqseuka ($106.95 in chips) 
Seat 6: KeR888 ($106.94 in chips) 
KeR888: posts small blind $0.50
ImaPeppaPig: posts big blind $1
*** HOLE CARDS ***
Spartansmike: raises $1.75 to $2.75
Xenicide: folds 
shootingGRID: folds 
Aleqseuka: raises $4.75 to $7.50
KeR888: folds 
ImaPeppaPig: folds 
Spartansmike: calls $4.75
*** FLOP *** [9h Js Kc]
Spartansmike: checks 
Aleqseuka: checks 
*** TURN *** [9h Js Kc] [4s]
Spartansmike: checks 
Aleqseuka: checks 
*** RIVER *** [9h Js Kc 4s] [7d]
Spartansmike: checks 
Aleqseuka: bets $8.62
Spartansmike: calls $8.62
*** SHOW DOWN ***
Aleqseuka: shows [Jc Ah] (a pair of Jacks)
Spartansmike: shows [Kd Qd] (a pair of Kings)
Spartansmike collected $32.05 from pot
*** SUMMARY ***
Total pot $33.74 | Rake $1.69 
Board [9h Js Kc 4s 7d]
Seat 1: ImaPeppaPig (big blind) folded before Flop
Seat 2: Spartansmike showed [Kd Qd] and won ($32.05) with a pair of Kings
Seat 3: Xenicide folded before Flop (didn't bet)
Seat 4: shootingGRID folded before Flop (didn't bet)
Seat 5: Aleqseuka (button) showed [Jc Ah] and lost with a pair of Jacks
Seat 6: KeR888 (small blind) folded before Flop



PokerStars Hand #254525347272:  Hold'em No Limit ($0.50/$1.00 USD) - 2025/01/24 4:33:00 WET [2025/01/23 23:33:00 ET]
Table 'Gase III' 6-max Seat #6 is the button
Seat 1: ImaPeppaPig ($183.40 in chips) 
Seat 2: Spartansmike ($223.20 in chips) 
Seat 3: Xenicide ($100 in chips) 
Seat 4: shootingGRID ($100 in chips) 
Seat 5: Aleqseuka ($100 in chips) 
Seat 6: KeR888 ($106.44 in chips) 
ImaPeppaPig: posts small blind $0.50
Spartansmike: posts big blind $1
*** HOLE CARDS ***
Xenicide: folds 
shootingGRID: folds 
Aleqseuka: folds 
KeR888: raises $1.50 to $2.50
ImaPeppaPig: folds 
Spartansmike: calls $1.50
*** FLOP *** [Jh 6s 5c]
Spartansmike: checks 
KeR888: bets $1.57
Spartansmike: calls $1.57
*** TURN *** [Jh 6s 5c] [Tc]
Spartansmike: bets $4.11
KeR888: folds 
Uncalled bet ($4.11) returned to Spartansmike
Spartansmike collected $8.21 from pot
*** SUMMARY ***
Total pot $8.64 | Rake $0.43 
Board [Jh 6s 5c Tc]
Seat 1: ImaPeppaPig (small blind) folded before Flop
Seat 2: Spartansmike (big blind) collected ($8.21)
Seat 3: Xenicide folded before Flop (didn't bet)
Seat 4: shootingGRID folded before Flop (didn't bet)
Seat 5: Aleqseuka folded before Flop (didn't bet)
Seat 6: KeR888 (button) folded on the Turn



PokerStars Hand #254525351602:  Hold'em No Limit ($0.50/$1.00 USD) - 2025/01/24 4:33:42 WET [2025/01/23 23:33:42 ET]
Table 'Gase III' 6-max Seat #1 is the button
Seat 5: Aleqseuka ($100 in chips) is sitting out
Seat 1: ImaPeppaPig ($182.90 in chips) 
Seat 2: Spartansmike ($227.34 in chips) 
Seat 3: Xenicide ($100 in chips) 
Seat 4: shootingGRID ($100 in chips) 
Seat 6: KeR888 ($102.37 in chips) 
Spartansmike: posts small blind $0.50
Xenicide: posts big blind $1
*** HOLE CARDS ***
shootingGRID: folds 
KeR888: folds 
ImaPeppaPig: folds 
Spartansmike: calls $0.50
Xenicide: checks 
*** FLOP *** [Td Ts Js]
Spartansmike: checks 
Xenicide: checks 
*** TURN *** [Td Ts Js] [2s]
Spartansmike: bets $1.90
Xenicide: folds 
Uncalled bet ($1.90) returned to Spartansmike
Spartansmike collected $1.90 from pot
*** SUMMARY ***
Total pot $2 | Rake $0.10 
Board [Td Ts Js 2s]
Seat 5: Aleqseuka
Seat 1: ImaPeppaPig (button) folded before Flop (didn't bet)
Seat 2: Spartansmike (small blind) collected ($1.90)
Seat 3: Xenicide (big blind) folded on the Turn
Seat 4: shootingGRID folded before Flop (didn't bet)
Seat 6: KeR888 folded before Flop (didn't bet)



PokerStars Hand #254525354664:  Hold'em No Limit ($0.50/$1.00 USD) - 2025/01/24 4:34:10 WET [2025/01/23 23:34:10 ET]
Table 'Gase III' 6-max Seat #2 is the button
Seat 5: Aleqseuka ($100 in chips) is sitting out
Seat 1: ImaPeppaPig ($182.90 in chips) 
Seat 2: Spartansmike ($228.24 in chips) 
Seat 3: Xenicide ($100 in chips) 
Seat 4: shootingGRID ($100 in chips) 
Seat 6: KeR888 ($102.37 in chips) 
Xenicide: posts small blind $0.50
shootingGRID: posts big blind $1
*** HOLE CARDS ***
KeR888: folds 
ImaPeppaPig: raises $1.50 to $2.50
Spartansmike: folds 
Xenicide: folds 
shootingGRID: folds 
Uncalled bet ($1.50) returned to ImaPeppaPig
ImaPeppaPig collected $2.50 from pot
ImaPeppaPig: doesn't show hand 
*** SUMMARY ***
Total pot $2.50 | Rake $0 
Seat 5: Aleqseuka
Seat 1: ImaPeppaPig collected ($2.50)
Seat 2: Spartansmike (button) folded before Flop (didn't bet)
Seat 3: Xenicide (small blind) folded before Flop
Seat 4: shootingGRID (big blind) folded before Flop
Seat 6: KeR888 folded before Flop (didn't bet)



PokerStars Hand #254525356507:  Hold'em No Limit ($0.50/$1.00 USD) - 2025/01/24 4:34:28 WET [2025/01/23 23:34:28 ET]
Table 'Gase III' 6-max Seat #3 is the button
Seat 5: Aleqseuka ($100 in chips) is sitting out
Seat 1: ImaPeppaPig ($184.40 in chips) 
Seat 2: Spartansmike ($228.24 in chips) 
Seat 3: Xenicide ($100 in chips) 
Seat 4: shootingGRID ($100 in chips) 
Seat 6: KeR888 ($102.37 in chips) 
shootingGRID: posts small blind $0.50
KeR888: posts big blind $1
*** HOLE CARDS ***
ImaPeppaPig: folds 
Spartansmike: folds 
Xenicide: raises $1.25 to $2.25
shootingGRID: folds 
KeR888: calls $1.25
*** FLOP *** [6s 4h Ks]
KeR888: checks 
Xenicide: bets $1.19
KeR888: raises $7.81 to $9
Xenicide: folds 
Uncalled bet ($7.81) returned to KeR888
KeR888 collected $7.01 from pot
KeR888: doesn't show hand 
*** SUMMARY ***
Total pot $7.38 | Rake $0.37 
Board [6s 4h Ks]
Seat 5: Aleqseuka
Seat 1: ImaPeppaPig folded before Flop (didn't bet)
Seat 2: Spartansmike folded before Flop (didn't bet)
Seat 3: Xenicide (button) folded on the Flop
Seat 4: shootingGRID (small blind) folded before Flop
Seat 6: KeR888 (big blind) collected ($7.01)



PokerStars Hand #254525363194:  Hold'em No Limit ($0.50/$1.00 USD) - 2025/01/24 4:35:33 WET [2025/01/23 23:35:33 ET]
Table 'Gase III' 6-max Seat #4 is the button
Seat 5: Aleqseuka ($100 in chips) is sitting out
Seat 1: ImaPeppaPig ($184.40 in chips) 
Seat 2: Spartansmike ($228.24 in chips) 
Seat 3: Xenicide ($100 in chips) 
Seat 4: shootingGRID ($100 in chips) 
Seat 6: KeR888 ($105.94 in chips) 
KeR888: posts small blind $0.50
ImaPeppaPig: posts big blind $1
*** HOLE CARDS ***
Spartansmike: raises $1.50 to $2.50
Xenicide: folds 
shootingGRID: folds 
KeR888: raises $8.50 to $11
ImaPeppaPig: folds 
Spartansmike: folds 
Uncalled bet ($8.50) returned to KeR888
KeR888 collected $6 from pot
KeR888: doesn't show hand 
*** SUMMARY ***
Total pot $6 | Rake $0 
Seat 5: Aleqseuka
Seat 1: ImaPeppaPig (big blind) folded before Flop
Seat 2: Spartansmike folded before Flop
Seat 3: Xenicide folded before Flop (didn't bet)
Seat 4: shootingGRID (button) folded before Flop (didn't bet)
Seat 6: KeR888 (small blind) collected ($6)



PokerStars Hand #254525366187:  Hold'em No Limit ($0.50/$1.00 USD) - 2025/01/24 4:36:02 WET [2025/01/23 23:36:02 ET]
Table 'Gase III' 6-max Seat #6 is the button
Seat 5: Aleqseuka ($100 in chips) is sitting out
Seat 1: ImaPeppaPig ($183.40 in chips) 
Seat 2: Spartansmike ($225.74 in chips) 
Seat 3: Xenicide ($100 in chips) 
Seat 4: shootingGRID ($100 in chips) 
Seat 6: KeR888 ($109.44 in chips) 
ImaPeppaPig: posts small blind $0.50
Spartansmike: posts big blind $1
*** HOLE CARDS ***
Xenicide: folds 
shootingGRID: folds 
KeR888: raises $1.50 to $2.50
ImaPeppaPig: folds 
Spartansmike: calls $1.50
*** FLOP *** [4s Qd Ks]
Spartansmike: checks 
KeR888: bets $1.31
Spartansmike: folds 
Uncalled bet ($1.31) returned to KeR888
KeR888 collected $5.22 from pot
KeR888: doesn't show hand 
*** SUMMARY ***
Total pot $5.50 | Rake $0.28 
Board [4s Qd Ks]
Seat 5: Aleqseuka
Seat 1: ImaPeppaPig (small blind) folded before Flop
Seat 2: Spartansmike (big blind) folded on the Flop
Seat 3: Xenicide folded before Flop (didn't bet)
Seat 4: shootingGRID folded before Flop (didn't bet)
Seat 6: KeR888 (button) collected ($5.22)



PokerStars Hand #254525369362:  Hold'em No Limit ($0.50/$1.00 USD) - 2025/01/24 4:36:32 WET [2025/01/23 23:36:32 ET]
Table 'Gase III' 6-max Seat #1 is the button
Seat 5: Aleqseuka ($100 in chips) is sitting out
Seat 1: ImaPeppaPig ($182.90 in chips) 
Seat 2: Spartansmike ($223.24 in chips) 
Seat 3: Xenicide ($100 in chips) 
Seat 4: shootingGRID ($100 in chips) 
Seat 6: KeR888 ($112.16 in chips) 
Spartansmike: posts small blind $0.50
Xenicide: posts big blind $1
*** HOLE CARDS ***
shootingGRID: folds 
KeR888: folds 
ImaPeppaPig: folds 
Spartansmike: calls $0.50
Xenicide: raises $3.50 to $4.50
Spartansmike: folds 
Uncalled bet ($3.50) returned to Xenicide
Xenicide collected $2 from pot
*** SUMMARY ***
Total pot $2 | Rake $0 
Seat 5: Aleqseuka
Seat 1: ImaPeppaPig (button) folded before Flop (didn't bet)
Seat 2: Spartansmike (small blind) folded before Flop
Seat 3: Xenicide (big blind) collected ($2)
Seat 4: shootingGRID folded before Flop (didn't bet)
Seat 6: KeR888 folded before Flop (didn't bet)



PokerStars Hand #254525372444:  Hold'em No Limit ($0.50/$1.00 USD) - 2025/01/24 4:37:01 WET [2025/01/23 23:37:01 ET]
Table 'Gase III' 6-max Seat #2 is the button
Seat 5: Aleqseuka ($100 in chips) is sitting out
Seat 1: ImaPeppaPig ($182.90 in chips) 
Seat 2: Spartansmike ($222.24 in chips) 
Seat 3: Xenicide ($101 in chips) 
Seat 4: shootingGRID ($100 in chips) 
Seat 6: KeR888 ($112.16 in chips) 
Xenicide: posts small blind $0.50
shootingGRID: posts big blind $1
*** HOLE CARDS ***
KeR888: raises $1.50 to $2.50
ImaPeppaPig: folds 
Spartansmike: folds 
Xenicide: folds 
shootingGRID: folds 
Uncalled bet ($1.50) returned to KeR888
KeR888 collected $2.50 from pot
KeR888: doesn't show hand 
*** SUMMARY ***
Total pot $2.50 | Rake $0 
Seat 5: Aleqseuka
Seat 1: ImaPeppaPig folded before Flop (didn't bet)
Seat 2: Spartansmike (button) folded before Flop (didn't bet)
Seat 3: Xenicide (small blind) folded before Flop
Seat 4: shootingGRID (big blind) folded before Flop
Seat 6: KeR888 collected ($2.50)



PokerStars Hand #254525374420:  Hold'em No Limit ($0.50/$1.00 USD) - 2025/01/24 4:37:21 WET [2025/01/23 23:37:21 ET]
Table 'Gase III' 6-max Seat #3 is the button
Seat 1: ImaPeppaPig ($182.90 in chips) 
Seat 2: Spartansmike ($222.24 in chips) 
Seat 3: Xenicide ($100.50 in chips) 
Seat 4: shootingGRID ($100 in chips) 
Seat 5: Aleqseuka ($100 in chips) 
Seat 6: KeR888 ($113.66 in chips) 
shootingGRID: posts small blind $0.50
Aleqseuka: posts big blind $1
*** HOLE CARDS ***
KeR888: folds 
ImaPeppaPig: folds 
Spartansmike: raises $1.80 to $2.80
Xenicide: folds 
shootingGRID: folds 
Aleqseuka: raises $10.70 to $13.50
Spartansmike: folds 
Uncalled bet ($10.70) returned to Aleqseuka
Aleqseuka collected $6.10 from pot
Aleqseuka: doesn't show hand 
*** SUMMARY ***
Total pot $6.10 | Rake $0 
Seat 1: ImaPeppaPig folded before Flop (didn't bet)
Seat 2: Spartansmike folded before Flop
Seat 3: Xenicide (button) folded before Flop (didn't bet)
Seat 4: shootingGRID (small blind) folded before Flop
Seat 5: Aleqseuka (big blind) collected ($6.10)
Seat 6: KeR888 folded before Flop (didn't bet)



PokerStars Hand #254525378223:  Hold'em No Limit ($0.50/$1.00 USD) - 2025/01/24 4:37:57 WET [2025/01/23 23:37:57 ET]
Table 'Gase III' 6-max Seat #4 is the button
Seat 1: ImaPeppaPig ($182.90 in chips) 
Seat 2: Spartansmike ($219.44 in chips) 
Seat 3: Xenicide ($100.50 in chips) 
Seat 4: shootingGRID ($100 in chips) 
Seat 5: Aleqseuka ($103.30 in chips) 
Seat 6: KeR888 ($113.66 in chips) 
Aleqseuka: posts small blind $0.50
KeR888: posts big blind $1
*** HOLE CARDS ***
ImaPeppaPig: folds 
Spartansmike: folds 
Xenicide: folds 
shootingGRID: raises $1.50 to $2.50
Aleqseuka: folds 
KeR888: folds 
Uncalled bet ($1.50) returned to shootingGRID
shootingGRID collected $2.50 from pot
*** SUMMARY ***
Total pot $2.50 | Rake $0 
Seat 1: ImaPeppaPig folded before Flop (didn't bet)
Seat 2: Spartansmike folded before Flop (didn't bet)
Seat 3: Xenicide folded before Flop (didn't bet)
Seat 4: shootingGRID (button) collected ($2.50)
Seat 5: Aleqseuka (small blind) folded before Flop
Seat 6: KeR888 (big blind) folded before Flop



PokerStars Hand #254525379720:  Hold'em No Limit ($0.50/$1.00 USD) - 2025/01/24 4:38:12 WET [2025/01/23 23:38:12 ET]
Table 'Gase III' 6-max Seat #5 is the button
Seat 1: ImaPeppaPig ($182.90 in chips) 
Seat 2: Spartansmike ($219.44 in chips) 
Seat 3: Xenicide ($100.50 in chips) 
Seat 4: shootingGRID ($101.50 in chips) 
Seat 5: Aleqseuka ($102.80 in chips) 
Seat 6: KeR888 ($112.66 in chips) 
KeR888: posts small blind $0.50
ImaPeppaPig: posts big blind $1
*** HOLE CARDS ***
Spartansmike: folds 
Xenicide: folds 
shootingGRID: folds 
Aleqseuka: raises $1.50 to $2.50
KeR888: folds 
ImaPeppaPig: raises $10.50 to $13
Aleqseuka: calls $10.50
*** FLOP *** [Ah Qd As]
ImaPeppaPig: bets $5
Aleqseuka: calls $5
*** TURN *** [Ah Qd As] [7c]
ImaPeppaPig: checks 
Aleqseuka: checks 
*** RIVER *** [Ah Qd As 7c] [8d]
ImaPeppaPig: checks 
Aleqseuka: checks 
*** SHOW DOWN ***
ImaPeppaPig: shows [Kc 4c] (a pair of Aces)
Aleqseuka: shows [Jd Jh] (two pair, Aces and Jacks)
Aleqseuka collected $34.68 from pot
*** SUMMARY ***
Total pot $36.50 | Rake $1.82 
Board [Ah Qd As 7c 8d]
Seat 1: ImaPeppaPig (big blind) showed [Kc 4c] and lost with a pair of Aces
Seat 2: Spartansmike folded before Flop (didn't bet)
Seat 3: Xenicide folded before Flop (didn't bet)
Seat 4: shootingGRID folded before Flop (didn't bet)
Seat 5: Aleqseuka (button) showed [Jd Jh] and won ($34.68) with two pair, Aces and Jacks
Seat 6: KeR888 (small blind) folded before Flop



PokerStars Hand #254525388312:  Hold'em No Limit ($0.50/$1.00 USD) - 2025/01/24 4:39:35 WET [2025/01/23 23:39:35 ET]
Table 'Gase III' 6-max Seat #6 is the button
Seat 1: ImaPeppaPig ($164.90 in chips) 
Seat 2: Spartansmike ($219.44 in chips) 
Seat 3: Xenicide ($100.50 in chips) 
Seat 4: shootingGRID ($101.50 in chips) 
Seat 5: Aleqseuka ($119.48 in chips) 
Seat 6: KeR888 ($112.16 in chips) 
ImaPeppaPig: posts small blind $0.50
Spartansmike: posts big blind $1
*** HOLE CARDS ***
Xenicide: folds 
shootingGRID: folds 
Aleqseuka: folds 
KeR888: folds 
ImaPeppaPig: raises $2 to $3
Spartansmike: calls $2
*** FLOP *** [5h 4c Tc]
ImaPeppaPig: checks 
Spartansmike: checks 
*** TURN *** [5h 4c Tc] [2s]
ImaPeppaPig: bets $7.30
Spartansmike: folds 
Uncalled bet ($7.30) returned to ImaPeppaPig
ImaPeppaPig collected $5.70 from pot
ImaPeppaPig: doesn't show hand 
*** SUMMARY ***
Total pot $6 | Rake $0.30 
Board [5h 4c Tc 2s]
Seat 1: ImaPeppaPig (small blind) collected ($5.70)
Seat 2: Spartansmike (big blind) folded on the Turn
Seat 3: Xenicide folded before Flop (didn't bet)
Seat 4: shootingGRID folded before Flop (didn't bet)
Seat 5: Aleqseuka folded before Flop (didn't bet)
Seat 6: KeR888 (button) folded before Flop (didn't bet)



PokerStars Hand #254525391141:  Hold'em No Limit ($0.50/$1.00 USD) - 2025/01/24 4:40:01 WET [2025/01/23 23:40:01 ET]
Table 'Gase III' 6-max Seat #1 is the button
Seat 1: ImaPeppaPig ($167.60 in chips) 
Seat 2: Spartansmike ($216.44 in chips) 
Seat 3: Xenicide ($100.50 in chips) 
Seat 4: shootingGRID ($101.50 in chips) 
Seat 5: Aleqseuka ($119.48 in chips) 
Seat 6: KeR888 ($112.16 in chips) 
Spartansmike: posts small blind $0.50
Xenicide: posts big blind $1
*** HOLE CARDS ***
shootingGRID: raises $1.25 to $2.25
Aleqseuka: folds 
KeR888: folds 
ImaPeppaPig: folds 
Spartansmike: calls $1.75
Xenicide: folds 
*** FLOP *** [Tc Th Ks]
Spartansmike: checks 
shootingGRID: bets $1.72
Spartansmike: calls $1.72
*** TURN *** [Tc Th Ks] [Jd]
Spartansmike: checks 
shootingGRID: checks 
*** RIVER *** [Tc Th Ks Jd] [8d]
Spartansmike: bets $4.25
shootingGRID: calls $4.25
*** SHOW DOWN ***
Spartansmike: shows [9s Ah] (a pair of Tens)
shootingGRID: shows [Jh 9h] (two pair, Jacks and Tens)
shootingGRID collected $16.57 from pot
*** SUMMARY ***
Total pot $17.44 | Rake $0.87 
Board [Tc Th Ks Jd 8d]
Seat 1: ImaPeppaPig (button) folded before Flop (didn't bet)
Seat 2: Spartansmike (small blind) showed [9s Ah] and lost with a pair of Tens
Seat 3: Xenicide (big blind) folded before Flop
Seat 4: shootingGRID showed [Jh 9h] and won ($16.57) with two pair, Jacks and Tens
Seat 5: Aleqseuka folded before Flop (didn't bet)
Seat 6: KeR888 folded before Flop (didn't bet)



PokerStars Hand #254525398103:  Hold'em No Limit ($0.50/$1.00 USD) - 2025/01/24 4:41:10 WET [2025/01/23 23:41:10 ET]
Table 'Gase III' 6-max Seat #2 is the button
Seat 1: ImaPeppaPig ($167.60 in chips) 
Seat 2: Spartansmike ($208.22 in chips) 
Seat 3: Xenicide ($100 in chips) 
Seat 4: shootingGRID ($109.85 in chips) 
Seat 5: Aleqseuka ($119.48 in chips) 
Seat 6: KeR888 ($112.16 in chips) 
Xenicide: posts small blind $0.50
shootingGRID: posts big blind $1
*** HOLE CARDS ***
Aleqseuka: folds 
KeR888: folds 
ImaPeppaPig: folds 
Spartansmike: folds 
Xenicide: raises $2.50 to $3.50
shootingGRID: folds 
Uncalled bet ($2.50) returned to Xenicide
Xenicide collected $2 from pot
*** SUMMARY ***
Total pot $2 | Rake $0 
Seat 1: ImaPeppaPig folded before Flop (didn't bet)
Seat 2: Spartansmike (button) folded before Flop (didn't bet)
Seat 3: Xenicide (small blind) collected ($2)
Seat 4: shootingGRID (big blind) folded before Flop
Seat 5: Aleqseuka folded before Flop (didn't bet)
Seat 6: KeR888 folded before Flop (didn't bet)



PokerStars Hand #254525400865:  Hold'em No Limit ($0.50/$1.00 USD) - 2025/01/24 4:41:37 WET [2025/01/23 23:41:37 ET]
Table 'Gase III' 6-max Seat #3 is the button
Seat 1: ImaPeppaPig ($167.60 in chips) 
Seat 2: Spartansmike ($208.22 in chips) 
Seat 3: Xenicide ($101 in chips) 
Seat 4: shootingGRID ($108.85 in chips) 
Seat 5: Aleqseuka ($119.48 in chips) 
Seat 6: KeR888 ($112.16 in chips) 
shootingGRID: posts small blind $0.50
Aleqseuka: posts big blind $1
*** HOLE CARDS ***
KeR888: folds 
ImaPeppaPig: folds 
Spartansmike: folds 
Xenicide: raises $1.25 to $2.25
shootingGRID: folds 
Aleqseuka: folds 
Uncalled bet ($1.25) returned to Xenicide
Xenicide collected $2.50 from pot
*** SUMMARY ***
Total pot $2.50 | Rake $0 
Seat 1: ImaPeppaPig folded before Flop (didn't bet)
Seat 2: Spartansmike folded before Flop (didn't bet)
Seat 3: Xenicide (button) collected ($2.50)
Seat 4: shootingGRID (small blind) folded before Flop
Seat 5: Aleqseuka (big blind) folded before Flop
Seat 6: KeR888 folded before Flop (didn't bet)



PokerStars Hand #254525403559:  Hold'em No Limit ($0.50/$1.00 USD) - 2025/01/24 4:42:03 WET [2025/01/23 23:42:03 ET]
Table 'Gase III' 6-max Seat #4 is the button
Seat 1: ImaPeppaPig ($167.60 in chips) 
Seat 2: Spartansmike ($208.22 in chips) 
Seat 3: Xenicide ($102.50 in chips) 
Seat 4: shootingGRID ($108.35 in chips) 
Seat 5: Aleqseuka ($118.48 in chips) 
Seat 6: KeR888 ($112.16 in chips) 
Aleqseuka: posts small blind $0.50
KeR888: posts big blind $1
*** HOLE CARDS ***
ImaPeppaPig: folds 
Spartansmike: folds 
Xenicide: raises $1 to $2
shootingGRID: folds 
Aleqseuka: raises $9.50 to $11.50
KeR888: folds 
Xenicide: raises $11.50 to $23
Aleqseuka: raises $95.48 to $118.48 and is all-in
Xenicide: folds 
Uncalled bet ($95.48) returned to Aleqseuka
Aleqseuka collected $47 from pot
Aleqseuka: doesn't show hand 
*** SUMMARY ***
Total pot $47 | Rake $0 
Seat 1: ImaPeppaPig folded before Flop (didn't bet)
Seat 2: Spartansmike folded before Flop (didn't bet)
Seat 3: Xenicide folded before Flop
Seat 4: shootingGRID (button) folded before Flop (didn't bet)
Seat 5: Aleqseuka (small blind) collected ($47)
Seat 6: KeR888 (big blind) folded before Flop



PokerStars Hand #254525407996:  Hold'em No Limit ($0.50/$1.00 USD) - 2025/01/24 4:42:47 WET [2025/01/23 23:42:47 ET]
Table 'Gase III' 6-max Seat #5 is the button
Seat 1: ImaPeppaPig ($167.60 in chips) 
Seat 2: Spartansmike ($208.22 in chips) 
Seat 3: Xenicide ($100 in chips) 
Seat 4: shootingGRID ($108.35 in chips) 
Seat 5: Aleqseuka ($142.48 in chips) 
Seat 6: KeR888 ($111.16 in chips) 
KeR888: posts small blind $0.50
ImaPeppaPig: posts big blind $1
*** HOLE CARDS ***
Spartansmike: folds 
Xenicide: folds 
shootingGRID: folds 
Aleqseuka: folds 
KeR888: folds 
Uncalled bet ($0.50) returned to ImaPeppaPig
ImaPeppaPig collected $1 from pot
ImaPeppaPig: doesn't show hand 
*** SUMMARY ***
Total pot $1 | Rake $0 
Seat 1: ImaPeppaPig (big blind) collected ($1)
Seat 2: Spartansmike folded before Flop (didn't bet)
Seat 3: Xenicide folded before Flop (didn't bet)
Seat 4: shootingGRID folded before Flop (didn't bet)
Seat 5: Aleqseuka (button) folded before Flop (didn't bet)
Seat 6: KeR888 (small blind) folded before Flop



PokerStars Hand #254525409166:  Hold'em No Limit ($0.50/$1.00 USD) - 2025/01/24 4:42:58 WET [2025/01/23 23:42:58 ET]
Table 'Gase III' 6-max Seat #6 is the button
Seat 1: ImaPeppaPig ($168.10 in chips) 
Seat 2: Spartansmike ($208.22 in chips) 
Seat 3: Xenicide ($100 in chips) 
Seat 4: shootingGRID ($108.35 in chips) 
Seat 5: Aleqseuka ($142.48 in chips) 
Seat 6: KeR888 ($110.66 in chips) 
ImaPeppaPig: posts small blind $0.50
Spartansmike: posts big blind $1
*** HOLE CARDS ***
Xenicide: raises $1 to $2
shootingGRID: folds 
Aleqseuka: folds 
KeR888: folds 
ImaPeppaPig: raises $8 to $10
Spartansmike: folds 
Xenicide: folds 
Uncalled bet ($8) returned to ImaPeppaPig
ImaPeppaPig collected $5 from pot
ImaPeppaPig: doesn't show hand 
*** SUMMARY ***
Total pot $5 | Rake $0 
Seat 1: ImaPeppaPig (small blind) collected ($5)
Seat 2: Spartansmike (big blind) folded before Flop
Seat 3: Xenicide folded before Flop
Seat 4: shootingGRID folded before Flop (didn't bet)
Seat 5: Aleqseuka folded before Flop (didn't bet)
Seat 6: KeR888 (button) folded before Flop (didn't bet)



PokerStars Hand #254525411761:  Hold'em No Limit ($0.50/$1.00 USD) - 2025/01/24 4:43:24 WET [2025/01/23 23:43:24 ET]
Table 'Gase III' 6-max Seat #1 is the button
Seat 1: ImaPeppaPig ($171.10 in chips) 
Seat 2: Spartansmike ($207.22 in chips) 
Seat 3: Xenicide ($100 in chips) 
Seat 4: shootingGRID ($108.35 in chips) 
Seat 5: Aleqseuka ($142.48 in chips) 
Seat 6: KeR888 ($110.66 in chips) 
Spartansmike: posts small blind $0.50
Xenicide: posts big blind $1
*** HOLE CARDS ***
shootingGRID: folds 
Aleqseuka: folds 
KeR888: folds 
ImaPeppaPig: raises $1.50 to $2.50
Spartansmike: calls $2
Xenicide: folds 
*** FLOP *** [Td Ah 3h]
Spartansmike: checks 
ImaPeppaPig: bets $2
Spartansmike: calls $2
*** TURN *** [Td Ah 3h] [Jd]
Spartansmike: checks 
ImaPeppaPig: checks 
*** RIVER *** [Td Ah 3h Jd] [Th]
Spartansmike: checks 
ImaPeppaPig: checks 
*** SHOW DOWN ***
Spartansmike: shows [7d 7s] (two pair, Tens and Sevens)
ImaPeppaPig: shows [2c Ac] (two pair, Aces and Tens)
ImaPeppaPig collected $9.50 from pot
*** SUMMARY ***
Total pot $10 | Rake $0.50 
Board [Td Ah 3h Jd Th]
Seat 1: ImaPeppaPig (button) showed [2c Ac] and won ($9.50) with two pair, Aces and Tens
Seat 2: Spartansmike (small blind) showed [7d 7s] and lost with two pair, Tens and Sevens
Seat 3: Xenicide (big blind) folded before Flop
Seat 4: shootingGRID folded before Flop (didn't bet)
Seat 5: Aleqseuka folded before Flop (didn't bet)
Seat 6: KeR888 folded before Flop (didn't bet)



PokerStars Hand #254525418028:  Hold'em No Limit ($0.50/$1.00 USD) - 2025/01/24 4:44:27 WET [2025/01/23 23:44:27 ET]
Table 'Gase III' 6-max Seat #2 is the button
Seat 1: ImaPeppaPig ($176.10 in chips) 
Seat 2: Spartansmike ($202.72 in chips) 
Seat 3: Xenicide ($100 in chips) 
Seat 4: shootingGRID ($108.35 in chips) 
Seat 5: Aleqseuka ($142.48 in chips) 
Seat 6: KeR888 ($110.66 in chips) 
Xenicide: posts small blind $0.50
shootingGRID: posts big blind $1
*** HOLE CARDS ***
Aleqseuka: folds 
KeR888: raises $1.20 to $2.20
ImaPeppaPig: folds 
Spartansmike: folds 
Xenicide: folds 
shootingGRID: folds 
Uncalled bet ($1.20) returned to KeR888
KeR888 collected $2.50 from pot
KeR888: doesn't show hand 
*** SUMMARY ***
Total pot $2.50 | Rake $0 
Seat 1: ImaPeppaPig folded before Flop (didn't bet)
Seat 2: Spartansmike (button) folded before Flop (didn't bet)
Seat 3: Xenicide (small blind) folded before Flop
Seat 4: shootingGRID (big blind) folded before Flop
Seat 5: Aleqseuka folded before Flop (didn't bet)
Seat 6: KeR888 collected ($2.50)



PokerStars Hand #254525420997:  Hold'em No Limit ($0.50/$1.00 USD) - 2025/01/24 4:44:57 WET [2025/01/23 23:44:57 ET]
Table 'Gase III' 6-max Seat #3 is the button
Seat 1: ImaPeppaPig ($176.10 in chips) 
Seat 2: Spartansmike ($202.72 in chips) 
Seat 3: Xenicide ($100 in chips) 
Seat 4: shootingGRID ($107.35 in chips) 
Seat 5: Aleqseuka ($142.48 in chips) 
Seat 6: KeR888 ($112.16 in chips) 
shootingGRID: posts small blind $0.50
Aleqseuka: posts big blind $1
*** HOLE CARDS ***
KeR888: folds 
ImaPeppaPig: folds 
Spartansmike: folds 
Xenicide: folds 
shootingGRID: folds 
Uncalled bet ($0.50) returned to Aleqseuka
Aleqseuka collected $1 from pot
Aleqseuka: doesn't show hand 
*** SUMMARY ***
Total pot $1 | Rake $0 
Seat 1: ImaPeppaPig folded before Flop (didn't bet)
Seat 2: Spartansmike folded before Flop (didn't bet)
Seat 3: Xenicide (button) folded before Flop (didn't bet)
Seat 4: shootingGRID (small blind) folded before Flop
Seat 5: Aleqseuka (big blind) collected ($1)
Seat 6: KeR888 folded before Flop (didn't bet)



PokerStars Hand #254525441174:  Hold'em No Limit ($0.50/$1.00 USD) - 2025/01/24 4:48:19 WET [2025/01/23 23:48:19 ET]
Table 'Gase III' 6-max Seat #3 is the button
Seat 1: ImaPeppaPig ($174.60 in chips) 
Seat 2: Spartansmike ($193.72 in chips) 
Seat 3: Xenicide ($100 in chips) 
Seat 4: shootingGRID ($105.85 in chips) 
Seat 5: Aleqseuka ($135.70 in chips) 
Seat 6: KeR888 ($130.73 in chips) 
shootingGRID: posts small blind $0.50
Aleqseuka: posts big blind $1
*** HOLE CARDS ***
KeR888: folds 
ImaPeppaPig: folds 
Spartansmike: folds 
Xenicide: raises $1.25 to $2.25
shootingGRID: folds 
Aleqseuka: calls $1.25
*** FLOP *** [7s Td 8s]
Aleqseuka: checks 
Xenicide: checks 
*** TURN *** [7s Td 8s] [5c]
Aleqseuka: bets $9.50
Xenicide: folds 
Uncalled bet ($9.50) returned to Aleqseuka
Aleqseuka collected $4.75 from pot
Aleqseuka: doesn't show hand 
*** SUMMARY ***
Total pot $5 | Rake $0.25 
Board [7s Td 8s 5c]
Seat 1: ImaPeppaPig folded before Flop (didn't bet)
Seat 2: Spartansmike folded before Flop (didn't bet)
Seat 3: Xenicide (button) folded on the Turn
Seat 4: shootingGRID (small blind) folded before Flop
Seat 5: Aleqseuka (big blind) collected ($4.75)
Seat 6: KeR888 folded before Flop (didn't bet)



PokerStars Hand #254525446195:  Hold'em No Limit ($0.50/$1.00 USD) - 2025/01/24 4:49:10 WET [2025/01/23 23:49:10 ET]
Table 'Gase III' 6-max Seat #4 is the button
Seat 1: ImaPeppaPig ($174.60 in chips) 
Seat 2: Spartansmike ($193.72 in chips) 
Seat 3: Xenicide ($100 in chips) 
Seat 4: shootingGRID ($105.35 in chips) 
Seat 5: Aleqseuka ($138.20 in chips) 
Seat 6: KeR888 ($130.73 in chips) 
Aleqseuka: posts small blind $0.50
KeR888: posts big blind $1
*** HOLE CARDS ***
ImaPeppaPig: folds 
Spartansmike: folds 
Xenicide: folds 
shootingGRID: folds 
Aleqseuka: raises $2 to $3
KeR888: folds 
Uncalled bet ($2) returned to Aleqseuka
Aleqseuka collected $2 from pot
Aleqseuka: doesn't show hand 
*** SUMMARY ***
Total pot $2 | Rake $0 
Seat 1: ImaPeppaPig folded before Flop (didn't bet)
Seat 2: Spartansmike folded before Flop (didn't bet)
Seat 3: Xenicide folded before Flop (didn't bet)
Seat 4: shootingGRID (button) folded before Flop (didn't bet)
Seat 5: Aleqseuka (small blind) collected ($2)
Seat 6: KeR888 (big blind) folded before Flop



PokerStars Hand #254525448099:  Hold'em No Limit ($0.50/$1.00 USD) - 2025/01/24 4:49:29 WET [2025/01/23 23:49:29 ET]
Table 'Gase III' 6-max Seat #5 is the button
Seat 1: ImaPeppaPig ($174.60 in chips) 
Seat 2: Spartansmike ($193.72 in chips) 
Seat 3: Xenicide ($100 in chips) 
Seat 4: shootingGRID ($105.35 in chips) 
Seat 5: Aleqseuka ($139.20 in chips) 
Seat 6: KeR888 ($129.73 in chips) 
KeR888: posts small blind $0.50
ImaPeppaPig: posts big blind $1
*** HOLE CARDS ***
Spartansmike: raises $2 to $3
Xenicide: folds 
shootingGRID: folds 
Aleqseuka: folds 
KeR888: folds 
ImaPeppaPig: folds 
Uncalled bet ($2) returned to Spartansmike
Spartansmike collected $2.50 from pot
*** SUMMARY ***
Total pot $2.50 | Rake $0 
Seat 1: ImaPeppaPig (big blind) folded before Flop
Seat 2: Spartansmike collected ($2.50)
Seat 3: Xenicide folded before Flop (didn't bet)
Seat 4: shootingGRID folded before Flop (didn't bet)
Seat 5: Aleqseuka (button) folded before Flop (didn't bet)
Seat 6: KeR888 (small blind) folded before Flop



PokerStars Hand #254525451134:  Hold'em No Limit ($0.50/$1.00 USD) - 2025/01/24 4:49:59 WET [2025/01/23 23:49:59 ET]
Table 'Gase III' 6-max Seat #6 is the button
Seat 1: ImaPeppaPig ($173.60 in chips) 
Seat 2: Spartansmike ($195.22 in chips) 
Seat 3: Xenicide ($100 in chips) 
Seat 4: shootingGRID ($105.35 in chips) 
Seat 5: Aleqseuka ($139.20 in chips) 
Seat 6: KeR888 ($129.23 in chips) 
ImaPeppaPig: posts small blind $0.50
Spartansmike: posts big blind $1
*** HOLE CARDS ***
Xenicide: folds 
shootingGRID: raises $1.25 to $2.25
Aleqseuka: folds 
KeR888: folds 
ImaPeppaPig: folds 
Spartansmike: calls $1.25
*** FLOP *** [2d Jc 9c]
Spartansmike: bets $2.38
shootingGRID: raises $9.62 to $12
Spartansmike: folds 
Uncalled bet ($9.62) returned to shootingGRID
shootingGRID collected $9.27 from pot
*** SUMMARY ***
Total pot $9.76 | Rake $0.49 
Board [2d Jc 9c]
Seat 1: ImaPeppaPig (small blind) folded before Flop
Seat 2: Spartansmike (big blind) folded on the Flop
Seat 3: Xenicide folded before Flop (didn't bet)
Seat 4: shootingGRID collected ($9.27)
Seat 5: Aleqseuka folded before Flop (didn't bet)
Seat 6: KeR888 (button) folded before Flop (didn't bet)



PokerStars Hand #254525455584:  Hold'em No Limit ($0.50/$1.00 USD) - 2025/01/24 4:50:44 WET [2025/01/23 23:50:44 ET]
Table 'Gase III' 6-max Seat #1 is the button
Seat 1: ImaPeppaPig ($173.10 in chips) 
Seat 2: Spartansmike ($190.59 in chips) 
Seat 3: Xenicide ($100 in chips) 
Seat 4: shootingGRID ($109.99 in chips) 
Seat 5: Aleqseuka ($139.20 in chips) 
Seat 6: KeR888 ($129.23 in chips) 
Spartansmike: posts small blind $0.50
Xenicide: posts big blind $1
*** HOLE CARDS ***
shootingGRID: raises $1.25 to $2.25
Aleqseuka: folds 
KeR888: folds 
ImaPeppaPig: folds 
Spartansmike: calls $1.75
Xenicide: calls $1.25
*** FLOP *** [2c Qs 6d]
Spartansmike: bets $3.21
Xenicide: folds 
shootingGRID: calls $3.21
*** TURN *** [2c Qs 6d] [Kh]
Spartansmike: bets $9
shootingGRID: folds 
Uncalled bet ($9) returned to Spartansmike
Spartansmike collected $12.51 from pot
*** SUMMARY ***
Total pot $13.17 | Rake $0.66 
Board [2c Qs 6d Kh]
Seat 1: ImaPeppaPig (button) folded before Flop (didn't bet)
Seat 2: Spartansmike (small blind) collected ($12.51)
Seat 3: Xenicide (big blind) folded on the Flop
Seat 4: shootingGRID folded on the Turn
Seat 5: Aleqseuka folded before Flop (didn't bet)
Seat 6: KeR888 folded before Flop (didn't bet)



PokerStars Hand #254525462921:  Hold'em No Limit ($0.50/$1.00 USD) - 2025/01/24 4:51:59 WET [2025/01/23 23:51:59 ET]
Table 'Gase III' 6-max Seat #2 is the button
Seat 1: ImaPeppaPig ($173.10 in chips) 
Seat 2: Spartansmike ($197.64 in chips) 
Seat 3: Xenicide ($100 in chips) 
Seat 4: shootingGRID ($104.53 in chips) 
Seat 5: Aleqseuka ($139.20 in chips) 
Seat 6: KeR888 ($129.23 in chips) 
Xenicide: posts small blind $0.50
shootingGRID: posts big blind $1
*** HOLE CARDS ***
Aleqseuka: folds 
KeR888: folds 
ImaPeppaPig: folds 
Spartansmike: folds 
Xenicide: raises $2.50 to $3.50
shootingGRID: folds 
Uncalled bet ($2.50) returned to Xenicide
Xenicide collected $2 from pot
*** SUMMARY ***
Total pot $2 | Rake $0 
Seat 1: ImaPeppaPig folded before Flop (didn't bet)
Seat 2: Spartansmike (button) folded before Flop (didn't bet)
Seat 3: Xenicide (small blind) collected ($2)
Seat 4: shootingGRID (big blind) folded before Flop
Seat 5: Aleqseuka folded before Flop (didn't bet)
Seat 6: KeR888 folded before Flop (didn't bet)



PokerStars Hand #254525466406:  Hold'em No Limit ($0.50/$1.00 USD) - 2025/01/24 4:52:34 WET [2025/01/23 23:52:34 ET]
Table 'Gase III' 6-max Seat #3 is the button
Seat 1: ImaPeppaPig ($173.10 in chips) 
Seat 2: Spartansmike ($197.64 in chips) 
Seat 3: Xenicide ($101 in chips) 
Seat 4: shootingGRID ($103.53 in chips) 
Seat 5: Aleqseuka ($139.20 in chips) 
Seat 6: KeR888 ($129.23 in chips) 
shootingGRID: posts small blind $0.50
Aleqseuka: posts big blind $1
*** HOLE CARDS ***
KeR888: raises $1.20 to $2.20
ImaPeppaPig: folds 
Spartansmike: calls $2.20
Xenicide: folds 
shootingGRID: calls $1.70
Aleqseuka: folds 
*** FLOP *** [9d Kc 5c]
shootingGRID: checks 
KeR888: bets $2.17
Spartansmike: folds 
shootingGRID: raises $5.83 to $8
KeR888: calls $5.83
*** TURN *** [9d Kc 5c] [8d]
shootingGRID: bets $16
KeR888: calls $16
*** RIVER *** [9d Kc 5c 8d] [2s]
shootingGRID: checks 
KeR888: checks 
*** SHOW DOWN ***
shootingGRID: shows [Tc Js] (high card King)
KeR888: shows [3c Ac] (high card Ace)
KeR888 collected $53.10 from pot
*** SUMMARY ***
Total pot $55.60 | Rake $2.50 
Board [9d Kc 5c 8d 2s]
Seat 1: ImaPeppaPig folded before Flop (didn't bet)
Seat 2: Spartansmike folded on the Flop
Seat 3: Xenicide (button) folded before Flop (didn't bet)
Seat 4: shootingGRID (small blind) showed [Tc Js] and lost with high card King
Seat 5: Aleqseuka (big blind) folded before Flop
Seat 6: KeR888 showed [3c Ac] and won ($53.10) with high card Ace



PokerStars Hand #254525475021:  Hold'em No Limit ($0.50/$1.00 USD) - 2025/01/24 4:54:04 WET [2025/01/23 23:54:04 ET]
Table 'Gase III' 6-max Seat #4 is the button
Seat 1: ImaPeppaPig ($173.10 in chips) 
Seat 2: Spartansmike ($195.44 in chips) 
Seat 3: Xenicide ($101 in chips) 
Seat 4: shootingGRID ($100 in chips) 
Seat 5: Aleqseuka ($138.20 in chips) 
Seat 6: KeR888 ($156.13 in chips) 
Aleqseuka: posts small blind $0.50
KeR888: posts big blind $1
*** HOLE CARDS ***
ImaPeppaPig: folds 
Spartansmike: folds 
Xenicide: folds 
shootingGRID: raises $1.50 to $2.50
Aleqseuka: folds 
KeR888: folds 
Uncalled bet ($1.50) returned to shootingGRID
shootingGRID collected $2.50 from pot
*** SUMMARY ***
Total pot $2.50 | Rake $0 
Seat 1: ImaPeppaPig folded before Flop (didn't bet)
Seat 2: Spartansmike folded before Flop (didn't bet)
Seat 3: Xenicide folded before Flop (didn't bet)
Seat 4: shootingGRID (button) collected ($2.50)
Seat 5: Aleqseuka (small blind) folded before Flop
Seat 6: KeR888 (big blind) folded before Flop



PokerStars Hand #254525477637:  Hold'em No Limit ($0.50/$1.00 USD) - 2025/01/24 4:54:31 WET [2025/01/23 23:54:31 ET]
Table 'Gase III' 6-max Seat #5 is the button
Seat 1: ImaPeppaPig ($173.10 in chips) 
Seat 2: Spartansmike ($195.44 in chips) 
Seat 3: Xenicide ($101 in chips) 
Seat 4: shootingGRID ($101.50 in chips) 
Seat 5: Aleqseuka ($137.70 in chips) 
Seat 6: KeR888 ($155.13 in chips) 
KeR888: posts small blind $0.50
ImaPeppaPig: posts big blind $1
*** HOLE CARDS ***
Spartansmike: raises $1 to $2
Xenicide: folds 
shootingGRID: raises $5.50 to $7.50
Aleqseuka: folds 
KeR888: folds 
ImaPeppaPig: folds 
Spartansmike: calls $5.50
*** FLOP *** [8d 3s 5s]
Spartansmike: checks 
shootingGRID: checks 
*** TURN *** [8d 3s 5s] [2h]
Spartansmike: bets $7.84
shootingGRID: folds 
Uncalled bet ($7.84) returned to Spartansmike
Spartansmike collected $15.68 from pot
*** SUMMARY ***
Total pot $16.50 | Rake $0.82 
Board [8d 3s 5s 2h]
Seat 1: ImaPeppaPig (big blind) folded before Flop
Seat 2: Spartansmike collected ($15.68)
Seat 3: Xenicide folded before Flop (didn't bet)
Seat 4: shootingGRID folded on the Turn
Seat 5: Aleqseuka (button) folded before Flop (didn't bet)
Seat 6: KeR888 (small blind) folded before Flop



PokerStars Hand #254525482426:  Hold'em No Limit ($0.50/$1.00 USD) - 2025/01/24 4:55:24 WET [2025/01/23 23:55:24 ET]
Table 'Gase III' 6-max Seat #6 is the button
Seat 1: ImaPeppaPig ($172.10 in chips) 
Seat 2: Spartansmike ($203.62 in chips) 
Seat 3: Xenicide ($101 in chips) 
Seat 4: shootingGRID ($100 in chips) 
Seat 5: Aleqseuka ($137.70 in chips) 
Seat 6: KeR888 ($154.63 in chips) 
ImaPeppaPig: posts small blind $0.50
Spartansmike: posts big blind $1
*** HOLE CARDS ***
Xenicide: folds 
shootingGRID: folds 
Aleqseuka: folds 
KeR888: folds 
ImaPeppaPig: folds 
Uncalled bet ($0.50) returned to Spartansmike
Spartansmike collected $1 from pot
*** SUMMARY ***
Total pot $1 | Rake $0 
Seat 1: ImaPeppaPig (small blind) folded before Flop
Seat 2: Spartansmike (big blind) collected ($1)
Seat 3: Xenicide folded before Flop (didn't bet)
Seat 4: shootingGRID folded before Flop (didn't bet)
Seat 5: Aleqseuka folded before Flop (didn't bet)
Seat 6: KeR888 (button) folded before Flop (didn't bet)



PokerStars Hand #254525484489:  Hold'em No Limit ($0.50/$1.00 USD) - 2025/01/24 4:55:50 WET [2025/01/23 23:55:50 ET]
Table 'Gase III' 6-max Seat #1 is the button
Seat 1: ImaPeppaPig ($171.60 in chips) 
Seat 2: Spartansmike ($204.12 in chips) 
Seat 3: Xenicide ($101 in chips) 
Seat 4: shootingGRID ($100 in chips) 
Seat 5: Aleqseuka ($137.70 in chips) 
Seat 6: KeR888 ($154.63 in chips) 
Spartansmike: posts small blind $0.50
Xenicide: posts big blind $1
*** HOLE CARDS ***
shootingGRID: folds 
Aleqseuka: folds 
KeR888: folds 
ImaPeppaPig: folds 
Spartansmike: raises $1 to $2
Xenicide: calls $1
*** FLOP *** [Jd Qd Jc]
Spartansmike: checks 
Xenicide: bets $1
Spartansmike: calls $1
*** TURN *** [Jd Qd Jc] [7h]
Spartansmike: checks 
Xenicide: checks 
*** RIVER *** [Jd Qd Jc 7h] [6c]
Spartansmike: checks 
Xenicide: checks 
*** SHOW DOWN ***
Spartansmike: shows [9s Kc] (a pair of Jacks)
Xenicide: shows [9c Ah] (a pair of Jacks - Ace kicker)
Xenicide collected $5.70 from pot
*** SUMMARY ***
Total pot $6 | Rake $0.30 
Board [Jd Qd Jc 7h 6c]
Seat 1: ImaPeppaPig (button) folded before Flop (didn't bet)
Seat 2: Spartansmike (small blind) showed [9s Kc] and lost with a pair of Jacks
Seat 3: Xenicide (big blind) showed [9c Ah] and won ($5.70) with a pair of Jacks
Seat 4: shootingGRID folded before Flop (didn't bet)
Seat 5: Aleqseuka folded before Flop (didn't bet)
Seat 6: KeR888 folded before Flop (didn't bet)



PokerStars Hand #254525489226:  Hold'em No Limit ($0.50/$1.00 USD) - 2025/01/24 4:56:52 WET [2025/01/23 23:56:52 ET]
Table 'Gase III' 6-max Seat #2 is the button
Seat 1: ImaPeppaPig ($171.60 in chips) 
Seat 2: Spartansmike ($201.12 in chips) 
Seat 3: Xenicide ($103.70 in chips) 
Seat 4: shootingGRID ($100 in chips) 
Seat 5: Aleqseuka ($137.70 in chips) 
Seat 6: KeR888 ($154.63 in chips) 
Xenicide: posts small blind $0.50
shootingGRID: posts big blind $1
*** HOLE CARDS ***
Aleqseuka: folds 
KeR888: folds 
ImaPeppaPig: folds 
Spartansmike: folds 
Xenicide: folds 
Uncalled bet ($0.50) returned to shootingGRID
shootingGRID collected $1 from pot
*** SUMMARY ***
Total pot $1 | Rake $0 
Seat 1: ImaPeppaPig folded before Flop (didn't bet)
Seat 2: Spartansmike (button) folded before Flop (didn't bet)
Seat 3: Xenicide (small blind) folded before Flop
Seat 4: shootingGRID (big blind) collected ($1)
Seat 5: Aleqseuka folded before Flop (didn't bet)
Seat 6: KeR888 folded before Flop (didn't bet)



PokerStars Hand #254525490256:  Hold'em No Limit ($0.50/$1.00 USD) - 2025/01/24 4:57:05 WET [2025/01/23 23:57:05 ET]
Table 'Gase III' 6-max Seat #3 is the button
Seat 1: ImaPeppaPig ($171.60 in chips) 
Seat 2: Spartansmike ($201.12 in chips) 
Seat 3: Xenicide ($103.20 in chips) 
Seat 4: shootingGRID ($100.50 in chips) 
Seat 5: Aleqseuka ($137.70 in chips) 
Seat 6: KeR888 ($154.63 in chips) 
shootingGRID: posts small blind $0.50
Aleqseuka: posts big blind $1
*** HOLE CARDS ***
KeR888: raises $1.20 to $2.20
ImaPeppaPig: folds 
Spartansmike: folds 
Xenicide: folds 
shootingGRID: folds 
Aleqseuka: folds 
Uncalled bet ($1.20) returned to KeR888
KeR888 collected $2.50 from pot
KeR888: doesn't show hand 
*** SUMMARY ***
Total pot $2.50 | Rake $0 
Seat 1: ImaPeppaPig folded before Flop (didn't bet)
Seat 2: Spartansmike folded before Flop (didn't bet)
Seat 3: Xenicide (button) folded before Flop (didn't bet)
Seat 4: shootingGRID (small blind) folded before Flop
Seat 5: Aleqseuka (big blind) folded before Flop
Seat 6: KeR888 collected ($2.50)



PokerStars Hand #254525491652:  Hold'em No Limit ($0.50/$1.00 USD) - 2025/01/24 4:57:24 WET [2025/01/23 23:57:24 ET]
Table 'Gase III' 6-max Seat #4 is the button
Seat 1: ImaPeppaPig ($171.60 in chips) 
Seat 2: Spartansmike ($201.12 in chips) 
Seat 3: Xenicide ($103.20 in chips) 
Seat 4: shootingGRID ($100 in chips) 
Seat 5: Aleqseuka ($136.70 in chips) 
Seat 6: KeR888 ($156.13 in chips) 
Aleqseuka: posts small blind $0.50
KeR888: posts big blind $1
*** HOLE CARDS ***
ImaPeppaPig: folds 
Spartansmike: folds 
Xenicide: folds 
shootingGRID: folds 
Aleqseuka: raises $2 to $3
KeR888: calls $2
*** FLOP *** [4h 6d Tc]
Aleqseuka: checks 
KeR888: bets $1.71
Aleqseuka: raises $5.70 to $7.41
KeR888: calls $5.70
*** TURN *** [4h 6d Tc] [Qh]
Aleqseuka: bets $25.32
KeR888: folds 
Uncalled bet ($25.32) returned to Aleqseuka
Aleqseuka collected $19.78 from pot
Aleqseuka: doesn't show hand 
*** SUMMARY ***
Total pot $20.82 | Rake $1.04 
Board [4h 6d Tc Qh]
Seat 1: ImaPeppaPig folded before Flop (didn't bet)
Seat 2: Spartansmike folded before Flop (didn't bet)
Seat 3: Xenicide folded before Flop (didn't bet)
Seat 4: shootingGRID (button) folded before Flop (didn't bet)
Seat 5: Aleqseuka (small blind) collected ($19.78)
Seat 6: KeR888 (big blind) folded on the Turn



PokerStars Hand #254525497876:  Hold'em No Limit ($0.50/$1.00 USD) - 2025/01/24 4:58:44 WET [2025/01/23 23:58:44 ET]
Table 'Gase III' 6-max Seat #5 is the button
Seat 1: ImaPeppaPig ($171.60 in chips) 
Seat 2: Spartansmike ($201.12 in chips) 
Seat 3: Xenicide ($103.20 in chips) 
Seat 4: shootingGRID ($100 in chips) 
Seat 5: Aleqseuka ($146.07 in chips) 
Seat 6: KeR888 ($145.72 in chips) 
KeR888: posts small blind $0.50
ImaPeppaPig: posts big blind $1
*** HOLE CARDS ***
Spartansmike: raises $2 to $3
Xenicide: folds 
shootingGRID: folds 
Aleqseuka: folds 
KeR888: raises $9 to $12
ImaPeppaPig: folds 
Spartansmike: calls $9
*** FLOP *** [3d Ac 6s]
KeR888: bets $5.44
Spartansmike: calls $5.44
*** TURN *** [3d Ac 6s] [Tc]
KeR888: bets $6.52
Spartansmike: calls $6.52
*** RIVER *** [3d Ac 6s Tc] [Jd]
KeR888: checks 
Spartansmike: checks 
*** SHOW DOWN ***
KeR888: shows [Kd Kc] (a pair of Kings)
Spartansmike: mucks hand 
KeR888 collected $46.47 from pot
*** SUMMARY ***
Total pot $48.92 | Rake $2.45 
Board [3d Ac 6s Tc Jd]
Seat 1: ImaPeppaPig (big blind) folded before Flop
Seat 2: Spartansmike mucked
Seat 3: Xenicide folded before Flop (didn't bet)
Seat 4: shootingGRID folded before Flop (didn't bet)
Seat 5: Aleqseuka (button) folded before Flop (didn't bet)
Seat 6: KeR888 (small blind) showed [Kd Kc] and won ($46.47) with a pair of Kings



PokerStars Hand #254525503033:  Hold'em No Limit ($0.50/$1.00 USD) - 2025/01/24 4:59:51 WET [2025/01/23 23:59:51 ET]
Table 'Gase III' 6-max Seat #6 is the button
Seat 1: ImaPeppaPig ($170.60 in chips) 
Seat 2: Spartansmike ($177.16 in chips) 
Seat 3: Xenicide ($103.20 in chips) 
Seat 4: shootingGRID ($100 in chips) 
Seat 5: Aleqseuka ($146.07 in chips) 
Seat 6: KeR888 ($168.23 in chips) 
ImaPeppaPig: posts small blind $0.50
Spartansmike: posts big blind $1
*** HOLE CARDS ***
Xenicide: raises $1 to $2
shootingGRID: folds 
Aleqseuka: folds 
KeR888: folds 
ImaPeppaPig: raises $8 to $10
Spartansmike: folds 
Xenicide: folds 
Uncalled bet ($8) returned to ImaPeppaPig
ImaPeppaPig collected $5 from pot
ImaPeppaPig: doesn't show hand 
*** SUMMARY ***
Total pot $5 | Rake $0 
Seat 1: ImaPeppaPig (small blind) collected ($5)
Seat 2: Spartansmike (big blind) folded before Flop
Seat 3: Xenicide folded before Flop
Seat 4: shootingGRID folded before Flop (didn't bet)
Seat 5: Aleqseuka folded before Flop (didn't bet)
Seat 6: KeR888 (button) folded before Flop (didn't bet)



PokerStars Hand #254525157115:  Hold'em No Limit ($0.50/$1.00 USD) - 2025/01/24 4:03:35 WET [2025/01/23 23:03:35 ET]
Table 'Gase III' 6-max Seat #4 is the button
Seat 6: KeR888 ($103.25 in chips) is sitting out
Seat 1: ImaPeppaPig ($103.25 in chips) 
Seat 4: shootingGRID ($107.35 in chips) 
Seat 5: Aleqseuka ($110.55 in chips) 
Aleqseuka: posts small blind $0.50
KeR888: is sitting out 
ImaPeppaPig: posts big blind $1
*** HOLE CARDS ***
KeR888 leaves the table
shootingGRID: folds 
Aleqseuka: folds 
Uncalled bet ($0.50) returned to ImaPeppaPig
ImaPeppaPig collected $1 from pot
ImaPeppaPig: doesn't show hand 
*** SUMMARY ***
Total pot $1 | Rake $0 
Seat 6: KeR888
Seat 1: ImaPeppaPig (big blind) collected ($1)
Seat 4: shootingGRID (button) folded before Flop (didn't bet)
Seat 5: Aleqseuka (small blind) folded before Flop



PokerStars Hand #254525158722:  Hold'em No Limit ($0.50/$1.00 USD) - 2025/01/24 4:03:49 WET [2025/01/23 23:03:49 ET]
Table 'Gase III' 6-max Seat #5 is the button
Seat 1: ImaPeppaPig ($103.75 in chips) 
Seat 4: shootingGRID ($107.35 in chips) 
Seat 5: Aleqseuka ($110.05 in chips) 
ImaPeppaPig: posts small blind $0.50
shootingGRID: posts big blind $1
*** HOLE CARDS ***
Aleqseuka: raises $1.50 to $2.50
ImaPeppaPig: raises $8.50 to $11
shootingGRID: folds 
Aleqseuka: raises $15 to $26
ImaPeppaPig: calls $15
*** FLOP *** [6d 5d Qh]
ImaPeppaPig: checks 
Aleqseuka: bets $5.20
ImaPeppaPig: raises $72.55 to $77.75 and is all-in
Aleqseuka: folds 
Uncalled bet ($72.55) returned to ImaPeppaPig
ImaPeppaPig collected $62.40 from pot
ImaPeppaPig: doesn't show hand 
*** SUMMARY ***
Total pot $63.40 | Rake $1 
Board [6d 5d Qh]
Seat 1: ImaPeppaPig (small blind) collected ($62.40)
Seat 4: shootingGRID (big blind) folded before Flop
Seat 5: Aleqseuka (button) folded on the Flop



PokerStars Hand #254525167953:  Hold'em No Limit ($0.50/$1.00 USD) - 2025/01/24 4:05:10 WET [2025/01/23 23:05:10 ET]
Table 'Gase III' 6-max Seat #1 is the button
Seat 1: ImaPeppaPig ($134.95 in chips) 
Seat 4: shootingGRID ($106.35 in chips) 
Seat 5: Aleqseuka ($100 in chips) 
shootingGRID: posts small blind $0.50
Aleqseuka: posts big blind $1
*** HOLE CARDS ***
ImaPeppaPig: folds 
shootingGRID: raises $2 to $3
Aleqseuka: calls $2
*** FLOP *** [8s 6c 4h]
shootingGRID: checks 
Aleqseuka: checks 
*** TURN *** [8s 6c 4h] [3d]
shootingGRID: checks 
Aleqseuka: checks 
*** RIVER *** [8s 6c 4h 3d] [8d]
shootingGRID: checks 
Aleqseuka: checks 
*** SHOW DOWN ***
shootingGRID: shows [Qs Jc] (a pair of Eights)
Aleqseuka: shows [Ac Jh] (a pair of Eights - Ace kicker)
Aleqseuka collected $5.70 from pot
*** SUMMARY ***
Total pot $6 | Rake $0.30 
Board [8s 6c 4h 3d 8d]
Seat 1: ImaPeppaPig (button) folded before Flop (didn't bet)
Seat 4: shootingGRID (small blind) showed [Qs Jc] and lost with a pair of Eights
Seat 5: Aleqseuka (big blind) showed [Ac Jh] and won ($5.70) with a pair of Eights



PokerStars Hand #254525175357:  Hold'em No Limit ($0.50/$1.00 USD) - 2025/01/24 4:06:16 WET [2025/01/23 23:06:16 ET]
Table 'Gase III' 6-max Seat #4 is the button
Seat 1: ImaPeppaPig ($134.95 in chips) 
Seat 4: shootingGRID ($103.35 in chips) 
Seat 5: Aleqseuka ($102.70 in chips) 
Aleqseuka: posts small blind $0.50
ImaPeppaPig: posts big blind $1
*** HOLE CARDS ***
shootingGRID: raises $1.50 to $2.50
Aleqseuka: folds 
ImaPeppaPig: calls $1.50
*** FLOP *** [Th 4d Kc]
ImaPeppaPig: checks 
shootingGRID: checks 
*** TURN *** [Th 4d Kc] [Tc]
ImaPeppaPig: checks 
shootingGRID: bets $3.92
ImaPeppaPig: folds 
Uncalled bet ($3.92) returned to shootingGRID
shootingGRID collected $5.22 from pot
*** SUMMARY ***
Total pot $5.50 | Rake $0.28 
Board [Th 4d Kc Tc]
Seat 1: ImaPeppaPig (big blind) folded on the Turn
Seat 4: shootingGRID (button) collected ($5.22)
Seat 5: Aleqseuka (small blind) folded before Flop



PokerStars Hand #254525178507:  Hold'em No Limit ($0.50/$1.00 USD) - 2025/01/24 4:06:44 WET [2025/01/23 23:06:44 ET]
Table 'Gase III' 6-max Seat #5 is the button
Seat 1: ImaPeppaPig ($132.45 in chips) 
Seat 4: shootingGRID ($106.07 in chips) 
Seat 5: Aleqseuka ($102.20 in chips) 
ImaPeppaPig: posts small blind $0.50
shootingGRID: posts big blind $1
*** HOLE CARDS ***
Aleqseuka: folds 
ImaPeppaPig: folds 
Uncalled bet ($0.50) returned to shootingGRID
shootingGRID collected $1 from pot
*** SUMMARY ***
Total pot $1 | Rake $0 
Seat 1: ImaPeppaPig (small blind) folded before Flop
Seat 4: shootingGRID (big blind) collected ($1)
Seat 5: Aleqseuka (button) folded before Flop (didn't bet)



PokerStars Hand #254525179639:  Hold'em No Limit ($0.50/$1.00 USD) - 2025/01/24 4:06:55 WET [2025/01/23 23:06:55 ET]
Table 'Gase III' 6-max Seat #1 is the button
Seat 1: ImaPeppaPig ($131.95 in chips) 
Seat 4: shootingGRID ($106.57 in chips) 
Seat 5: Aleqseuka ($102.20 in chips) 
shootingGRID: posts small blind $0.50
Aleqseuka: posts big blind $1
*** HOLE CARDS ***
ImaPeppaPig: folds 
shootingGRID: raises $1.25 to $2.25
Aleqseuka: folds 
Uncalled bet ($1.25) returned to shootingGRID
shootingGRID collected $2 from pot
*** SUMMARY ***
Total pot $2 | Rake $0 
Seat 1: ImaPeppaPig (button) folded before Flop (didn't bet)
Seat 4: shootingGRID (small blind) collected ($2)
Seat 5: Aleqseuka (big blind) folded before Flop



PokerStars Hand #254525181450:  Hold'em No Limit ($0.50/$1.00 USD) - 2025/01/24 4:07:11 WET [2025/01/23 23:07:11 ET]
Table 'Gase III' 6-max Seat #4 is the button
Seat 1: ImaPeppaPig ($131.95 in chips) 
Seat 4: shootingGRID ($107.57 in chips) 
Seat 5: Aleqseuka ($101.20 in chips) 
Aleqseuka: posts small blind $0.50
ImaPeppaPig: posts big blind $1
*** HOLE CARDS ***
shootingGRID: folds 
Aleqseuka: raises $2 to $3
ImaPeppaPig: raises $6 to $9
Aleqseuka: folds 
Uncalled bet ($6) returned to ImaPeppaPig
ImaPeppaPig collected $6 from pot
ImaPeppaPig: doesn't show hand 
*** SUMMARY ***
Total pot $6 | Rake $0 
Seat 1: ImaPeppaPig (big blind) collected ($6)
Seat 4: shootingGRID (button) folded before Flop (didn't bet)
Seat 5: Aleqseuka (small blind) folded before Flop



PokerStars Hand #254525183255:  Hold'em No Limit ($0.50/$1.00 USD) - 2025/01/24 4:07:27 WET [2025/01/23 23:07:27 ET]
Table 'Gase III' 6-max Seat #5 is the button
Seat 1: ImaPeppaPig ($134.95 in chips) 
Seat 4: shootingGRID ($107.57 in chips) 
Seat 5: Aleqseuka ($100 in chips) 
ImaPeppaPig: posts small blind $0.50
shootingGRID: posts big blind $1
*** HOLE CARDS ***
Aleqseuka: raises $1.50 to $2.50
ImaPeppaPig: raises $8.50 to $11
shootingGRID: folds 
Aleqseuka: calls $8.50
*** FLOP *** [2h 5d Qs]
ImaPeppaPig: bets $6.82
Aleqseuka: folds 
Uncalled bet ($6.82) returned to ImaPeppaPig
ImaPeppaPig collected $22 from pot
ImaPeppaPig: doesn't show hand 
*** SUMMARY ***
Total pot $23 | Rake $1 
Board [2h 5d Qs]
Seat 1: ImaPeppaPig (small blind) collected ($22)
Seat 4: shootingGRID (big blind) folded before Flop
Seat 5: Aleqseuka (button) folded on the Flop



PokerStars Hand #254525188629:  Hold'em No Limit ($0.50/$1.00 USD) - 2025/01/24 4:08:16 WET [2025/01/23 23:08:16 ET]
Table 'Gase III' 6-max Seat #1 is the button
Seat 1: ImaPeppaPig ($145.95 in chips) 
Seat 4: shootingGRID ($106.57 in chips) 
Seat 5: Aleqseuka ($100 in chips) 
shootingGRID: posts small blind $0.50
Aleqseuka: posts big blind $1
*** HOLE CARDS ***
ImaPeppaPig: raises $1.50 to $2.50
shootingGRID: folds 
Aleqseuka: calls $1.50
*** FLOP *** [Kh 9c 8s]
Aleqseuka: checks 
ImaPeppaPig: checks 
*** TURN *** [Kh 9c 8s] [5c]
Aleqseuka: bets $3.92
ImaPeppaPig: calls $3.92
*** RIVER *** [Kh 9c 8s 5c] [Jd]
Aleqseuka: bets $20.02
ImaPeppaPig: folds 
Uncalled bet ($20.02) returned to Aleqseuka
Aleqseuka collected $12.67 from pot
Aleqseuka: doesn't show hand 
*** SUMMARY ***
Total pot $13.34 | Rake $0.67 
Board [Kh 9c 8s 5c Jd]
Seat 1: ImaPeppaPig (button) folded on the River
Seat 4: shootingGRID (small blind) folded before Flop
Seat 5: Aleqseuka (big blind) collected ($12.67)



PokerStars Hand #254525195946:  Hold'em No Limit ($0.50/$1.00 USD) - 2025/01/24 4:09:22 WET [2025/01/23 23:09:22 ET]
Table 'Gase III' 6-max Seat #4 is the button
Seat 1: ImaPeppaPig ($139.53 in chips) 
Seat 4: shootingGRID ($106.07 in chips) 
Seat 5: Aleqseuka ($106.25 in chips) 
Aleqseuka: posts small blind $0.50
ImaPeppaPig: posts big blind $1
*** HOLE CARDS ***
shootingGRID: raises $1.50 to $2.50
Aleqseuka: raises $9.50 to $12
ImaPeppaPig: folds 
shootingGRID: calls $9.50
*** FLOP *** [9s 8c As]
Aleqseuka: checks 
shootingGRID: checks 
*** TURN *** [9s 8c As] [6d]
Aleqseuka: bets $24
shootingGRID: folds 
Uncalled bet ($24) returned to Aleqseuka
Aleqseuka collected $24 from pot
Aleqseuka: doesn't show hand 
*** SUMMARY ***
Total pot $25 | Rake $1 
Board [9s 8c As 6d]
Seat 1: ImaPeppaPig (big blind) folded before Flop
Seat 4: shootingGRID (button) folded on the Turn
Seat 5: Aleqseuka (small blind) collected ($24)



PokerStars Hand #254525202953:  Hold'em No Limit ($0.50/$1.00 USD) - 2025/01/24 4:10:25 WET [2025/01/23 23:10:25 ET]
Table 'Gase III' 6-max Seat #5 is the button
Seat 1: ImaPeppaPig ($138.53 in chips) 
Seat 4: shootingGRID ($100 in chips) 
Seat 5: Aleqseuka ($118.25 in chips) 
ImaPeppaPig: posts small blind $0.50
shootingGRID: posts big blind $1
*** HOLE CARDS ***
Aleqseuka: folds 
ImaPeppaPig: folds 
Uncalled bet ($0.50) returned to shootingGRID
shootingGRID collected $1 from pot
*** SUMMARY ***
Total pot $1 | Rake $0 
Seat 1: ImaPeppaPig (small blind) folded before Flop
Seat 4: shootingGRID (big blind) collected ($1)
Seat 5: Aleqseuka (button) folded before Flop (didn't bet)



PokerStars Hand #254525204854:  Hold'em No Limit ($0.50/$1.00 USD) - 2025/01/24 4:10:41 WET [2025/01/23 23:10:41 ET]
Table 'Gase III' 6-max Seat #1 is the button
Seat 1: ImaPeppaPig ($138.03 in chips) 
Seat 4: shootingGRID ($100.50 in chips) 
Seat 5: Aleqseuka ($118.25 in chips) 
shootingGRID: posts small blind $0.50
Aleqseuka: posts big blind $1
*** HOLE CARDS ***
ImaPeppaPig: folds 
shootingGRID: raises $2 to $3
Aleqseuka: calls $2
*** FLOP *** [Kd 2s 3d]
shootingGRID: bets $2.85
Aleqseuka: folds 
Uncalled bet ($2.85) returned to shootingGRID
shootingGRID collected $5.70 from pot
*** SUMMARY ***
Total pot $6 | Rake $0.30 
Board [Kd 2s 3d]
Seat 1: ImaPeppaPig (button) folded before Flop (didn't bet)
Seat 4: shootingGRID (small blind) collected ($5.70)
Seat 5: Aleqseuka (big blind) folded on the Flop



PokerStars Hand #254525209108:  Hold'em No Limit ($0.50/$1.00 USD) - 2025/01/24 4:11:21 WET [2025/01/23 23:11:21 ET]
Table 'Gase III' 6-max Seat #4 is the button
Seat 1: ImaPeppaPig ($138.03 in chips) 
Seat 4: shootingGRID ($103.20 in chips) 
Seat 5: Aleqseuka ($115.25 in chips) 
Aleqseuka: posts small blind $0.50
ImaPeppaPig: posts big blind $1
*** HOLE CARDS ***
shootingGRID: folds 
Aleqseuka: raises $2 to $3
ImaPeppaPig: raises $6 to $9
Aleqseuka: calls $6
*** FLOP *** [Jh Ac 5d]
Aleqseuka: checks 
ImaPeppaPig: bets $8.89
Aleqseuka: folds 
Uncalled bet ($8.89) returned to ImaPeppaPig
ImaPeppaPig collected $17.10 from pot
ImaPeppaPig: doesn't show hand 
*** SUMMARY ***
Total pot $18 | Rake $0.90 
Board [Jh Ac 5d]
Seat 1: ImaPeppaPig (big blind) collected ($17.10)
Seat 4: shootingGRID (button) folded before Flop (didn't bet)
Seat 5: Aleqseuka (small blind) folded on the Flop



PokerStars Hand #254525213294:  Hold'em No Limit ($0.50/$1.00 USD) - 2025/01/24 4:11:59 WET [2025/01/23 23:11:59 ET]
Table 'Gase III' 6-max Seat #5 is the button
Seat 1: ImaPeppaPig ($146.13 in chips) 
Seat 4: shootingGRID ($103.20 in chips) 
Seat 5: Aleqseuka ($106.25 in chips) 
ImaPeppaPig: posts small blind $0.50
shootingGRID: posts big blind $1
*** HOLE CARDS ***
Aleqseuka: folds 
ImaPeppaPig: raises $2 to $3
shootingGRID: folds 
Uncalled bet ($2) returned to ImaPeppaPig
ImaPeppaPig collected $2 from pot
ImaPeppaPig: doesn't show hand 
*** SUMMARY ***
Total pot $2 | Rake $0 
Seat 1: ImaPeppaPig (small blind) collected ($2)
Seat 4: shootingGRID (big blind) folded before Flop
Seat 5: Aleqseuka (button) folded before Flop (didn't bet)



PokerStars Hand #254525215069:  Hold'em No Limit ($0.50/$1.00 USD) - 2025/01/24 4:12:15 WET [2025/01/23 23:12:15 ET]
Table 'Gase III' 6-max Seat #1 is the button
Seat 1: ImaPeppaPig ($147.13 in chips) 
Seat 4: shootingGRID ($102.20 in chips) 
Seat 5: Aleqseuka ($106.25 in chips) 
shootingGRID: posts small blind $0.50
Aleqseuka: posts big blind $1
*** HOLE CARDS ***
ImaPeppaPig: raises $1.50 to $2.50
shootingGRID: raises $9.50 to $12
Aleqseuka: folds 
ImaPeppaPig: calls $9.50
*** FLOP *** [5c Jc Kh]
shootingGRID: bets $12
ImaPeppaPig: folds 
Uncalled bet ($12) returned to shootingGRID
shootingGRID collected $24 from pot
*** SUMMARY ***
Total pot $25 | Rake $1 
Board [5c Jc Kh]
Seat 1: ImaPeppaPig (button) folded on the Flop
Seat 4: shootingGRID (small blind) collected ($24)
Seat 5: Aleqseuka (big blind) folded before Flop



PokerStars Hand #254525217412:  Hold'em No Limit ($0.50/$1.00 USD) - 2025/01/24 4:12:37 WET [2025/01/23 23:12:37 ET]
Table 'Gase III' 6-max Seat #4 is the button
Seat 1: ImaPeppaPig ($135.13 in chips) 
Seat 4: shootingGRID ($114.20 in chips) 
Seat 5: Aleqseuka ($105.25 in chips) 
Aleqseuka: posts small blind $0.50
ImaPeppaPig: posts big blind $1
*** HOLE CARDS ***
shootingGRID: folds 
Aleqseuka: raises $2 to $3
ImaPeppaPig: raises $6 to $9
Aleqseuka: folds 
Uncalled bet ($6) returned to ImaPeppaPig
ImaPeppaPig collected $6 from pot
ImaPeppaPig: doesn't show hand 
*** SUMMARY ***
Total pot $6 | Rake $0 
Seat 1: ImaPeppaPig (big blind) collected ($6)
Seat 4: shootingGRID (button) folded before Flop (didn't bet)
Seat 5: Aleqseuka (small blind) folded before Flop



PokerStars Hand #254525219722:  Hold'em No Limit ($0.50/$1.00 USD) - 2025/01/24 4:12:58 WET [2025/01/23 23:12:58 ET]
Table 'Gase III' 6-max Seat #5 is the button
Seat 1: ImaPeppaPig ($138.13 in chips) 
Seat 4: shootingGRID ($114.20 in chips) 
Seat 5: Aleqseuka ($102.25 in chips) 
ImaPeppaPig: posts small blind $0.50
shootingGRID: posts big blind $1
*** HOLE CARDS ***
Aleqseuka: folds 
ImaPeppaPig: raises $2 to $3
shootingGRID: folds 
Uncalled bet ($2) returned to ImaPeppaPig
ImaPeppaPig collected $2 from pot
ImaPeppaPig: doesn't show hand 
*** SUMMARY ***
Total pot $2 | Rake $0 
Seat 1: ImaPeppaPig (small blind) collected ($2)
Seat 4: shootingGRID (big blind) folded before Flop
Seat 5: Aleqseuka (button) folded before Flop (didn't bet)



PokerStars Hand #254525220838:  Hold'em No Limit ($0.50/$1.00 USD) - 2025/01/24 4:13:09 WET [2025/01/23 23:13:09 ET]
Table 'Gase III' 6-max Seat #1 is the button
Seat 1: ImaPeppaPig ($139.13 in chips) 
Seat 4: shootingGRID ($113.20 in chips) 
Seat 5: Aleqseuka ($102.25 in chips) 
shootingGRID: posts small blind $0.50
Aleqseuka: posts big blind $1
*** HOLE CARDS ***
ImaPeppaPig: raises $1.50 to $2.50
shootingGRID: folds 
Aleqseuka: calls $1.50
*** FLOP *** [8h Tc 3h]
Aleqseuka: checks 
ImaPeppaPig: bets $3.97
Aleqseuka: calls $3.97
*** TURN *** [8h Tc 3h] [Ac]
Aleqseuka: checks 
ImaPeppaPig: checks 
*** RIVER *** [8h Tc 3h Ac] [9c]
Aleqseuka: bets $7.02
ImaPeppaPig: folds 
Uncalled bet ($7.02) returned to Aleqseuka
Aleqseuka collected $12.77 from pot
Aleqseuka: doesn't show hand 
*** SUMMARY ***
Total pot $13.44 | Rake $0.67 
Board [8h Tc 3h Ac 9c]
Seat 1: ImaPeppaPig (button) folded on the River
Seat 4: shootingGRID (small blind) folded before Flop
Seat 5: Aleqseuka (big blind) collected ($12.77)



PokerStars Hand #254525226528:  Hold'em No Limit ($0.50/$1.00 USD) - 2025/01/24 4:14:01 WET [2025/01/23 23:14:01 ET]
Table 'Gase III' 6-max Seat #4 is the button
Seat 1: ImaPeppaPig ($132.66 in chips) 
Seat 4: shootingGRID ($112.70 in chips) 
Seat 5: Aleqseuka ($108.55 in chips) 
Aleqseuka: posts small blind $0.50
ImaPeppaPig: posts big blind $1
*** HOLE CARDS ***
shootingGRID: raises $1.50 to $2.50
Aleqseuka: folds 
ImaPeppaPig: folds 
Uncalled bet ($1.50) returned to shootingGRID
shootingGRID collected $2.50 from pot
*** SUMMARY ***
Total pot $2.50 | Rake $0 
Seat 1: ImaPeppaPig (big blind) folded before Flop
Seat 4: shootingGRID (button) collected ($2.50)
Seat 5: Aleqseuka (small blind) folded before Flop



PokerStars Hand #254525227561:  Hold'em No Limit ($0.50/$1.00 USD) - 2025/01/24 4:14:11 WET [2025/01/23 23:14:11 ET]
Table 'Gase III' 6-max Seat #5 is the button
Seat 1: ImaPeppaPig ($131.66 in chips) 
Seat 4: shootingGRID ($114.20 in chips) 
Seat 5: Aleqseuka ($108.05 in chips) 
ImaPeppaPig: posts small blind $0.50
shootingGRID: posts big blind $1
*** HOLE CARDS ***
Aleqseuka: raises $1.50 to $2.50
ImaPeppaPig: raises $8.50 to $11
shootingGRID: folds 
Aleqseuka: folds 
Uncalled bet ($8.50) returned to ImaPeppaPig
ImaPeppaPig collected $6 from pot
ImaPeppaPig: doesn't show hand 
*** SUMMARY ***
Total pot $6 | Rake $0 
Seat 1: ImaPeppaPig (small blind) collected ($6)
Seat 4: shootingGRID (big blind) folded before Flop
Seat 5: Aleqseuka (button) folded before Flop



PokerStars Hand #254525228687:  Hold'em No Limit ($0.50/$1.00 USD) - 2025/01/24 4:14:21 WET [2025/01/23 23:14:21 ET]
Table 'Gase III' 6-max Seat #1 is the button
Seat 1: ImaPeppaPig ($135.16 in chips) 
Seat 4: shootingGRID ($113.20 in chips) 
Seat 5: Aleqseuka ($105.55 in chips) 
shootingGRID: posts small blind $0.50
Aleqseuka: posts big blind $1
*** HOLE CARDS ***
ImaPeppaPig: folds 
shootingGRID: raises $2 to $3
Aleqseuka: folds 
Uncalled bet ($2) returned to shootingGRID
shootingGRID collected $2 from pot
*** SUMMARY ***
Total pot $2 | Rake $0 
Seat 1: ImaPeppaPig (button) folded before Flop (didn't bet)
Seat 4: shootingGRID (small blind) collected ($2)
Seat 5: Aleqseuka (big blind) folded before Flop



PokerStars Hand #254525229659:  Hold'em No Limit ($0.50/$1.00 USD) - 2025/01/24 4:14:30 WET [2025/01/23 23:14:30 ET]
Table 'Gase III' 6-max Seat #4 is the button
Seat 1: ImaPeppaPig ($135.16 in chips) 
Seat 4: shootingGRID ($114.20 in chips) 
Seat 5: Aleqseuka ($104.55 in chips) 
Aleqseuka: posts small blind $0.50
ImaPeppaPig: posts big blind $1
*** HOLE CARDS ***
shootingGRID: raises $1.50 to $2.50
Aleqseuka: folds 
ImaPeppaPig: raises $10.50 to $13
shootingGRID: raises $15.60 to $28.60
ImaPeppaPig: folds 
Uncalled bet ($15.60) returned to shootingGRID
shootingGRID collected $26.50 from pot
*** SUMMARY ***
Total pot $26.50 | Rake $0 
Seat 1: ImaPeppaPig (big blind) folded before Flop
Seat 4: shootingGRID (button) collected ($26.50)
Seat 5: Aleqseuka (small blind) folded before Flop



PokerStars Hand #254525232764:  Hold'em No Limit ($0.50/$1.00 USD) - 2025/01/24 4:15:00 WET [2025/01/23 23:15:00 ET]
Table 'Gase III' 6-max Seat #5 is the button
Seat 1: ImaPeppaPig ($122.16 in chips) 
Seat 4: shootingGRID ($127.70 in chips) 
Seat 5: Aleqseuka ($104.05 in chips) 
ImaPeppaPig: posts small blind $0.50
shootingGRID: posts big blind $1
*** HOLE CARDS ***
Aleqseuka: folds 
ImaPeppaPig: folds 
Uncalled bet ($0.50) returned to shootingGRID
shootingGRID collected $1 from pot
*** SUMMARY ***
Total pot $1 | Rake $0 
Seat 1: ImaPeppaPig (small blind) folded before Flop
Seat 4: shootingGRID (big blind) collected ($1)
Seat 5: Aleqseuka (button) folded before Flop (didn't bet)



PokerStars Hand #254525233423:  Hold'em No Limit ($0.50/$1.00 USD) - 2025/01/24 4:15:06 WET [2025/01/23 23:15:06 ET]
Table 'Gase III' 6-max Seat #1 is the button
Seat 1: ImaPeppaPig ($121.66 in chips) 
Seat 4: shootingGRID ($128.20 in chips) 
Seat 5: Aleqseuka ($104.05 in chips) 
shootingGRID: posts small blind $0.50
Aleqseuka: posts big blind $1
*** HOLE CARDS ***
ImaPeppaPig: folds 
shootingGRID: raises $2 to $3
Aleqseuka: calls $2
*** FLOP *** [6d 7s 7d]
shootingGRID: checks 
Aleqseuka: checks 
*** TURN *** [6d 7s 7d] [5s]
shootingGRID: checks 
Aleqseuka: bets $7.30
shootingGRID: folds 
Uncalled bet ($7.30) returned to Aleqseuka
Aleqseuka collected $5.70 from pot
Aleqseuka: doesn't show hand 
*** SUMMARY ***
Total pot $6 | Rake $0.30 
Board [6d 7s 7d 5s]
Seat 1: ImaPeppaPig (button) folded before Flop (didn't bet)
Seat 4: shootingGRID (small blind) folded on the Turn
Seat 5: Aleqseuka (big blind) collected ($5.70)



PokerStars Hand #254525239921:  Hold'em No Limit ($0.50/$1.00 USD) - 2025/01/24 4:16:08 WET [2025/01/23 23:16:08 ET]
Table 'Gase III' 6-max Seat #4 is the button
Seat 1: ImaPeppaPig ($121.66 in chips) 
Seat 4: shootingGRID ($125.20 in chips) 
Seat 5: Aleqseuka ($106.75 in chips) 
Aleqseuka: posts small blind $0.50
ImaPeppaPig: posts big blind $1
*** HOLE CARDS ***
shootingGRID: raises $1.50 to $2.50
Aleqseuka: raises $9.50 to $12
ImaPeppaPig: folds 
shootingGRID: calls $9.50
*** FLOP *** [Kh 2d 4s]
Aleqseuka: bets $4.80
shootingGRID: folds 
Uncalled bet ($4.80) returned to Aleqseuka
Aleqseuka collected $24 from pot
Aleqseuka: doesn't show hand 
*** SUMMARY ***
Total pot $25 | Rake $1 
Board [Kh 2d 4s]
Seat 1: ImaPeppaPig (big blind) folded before Flop
Seat 4: shootingGRID (button) folded on the Flop
Seat 5: Aleqseuka (small blind) collected ($24)



PokerStars Hand #254525245011:  Hold'em No Limit ($0.50/$1.00 USD) - 2025/01/24 4:16:55 WET [2025/01/23 23:16:55 ET]
Table 'Gase III' 6-max Seat #5 is the button
Seat 1: ImaPeppaPig ($120.66 in chips) 
Seat 4: shootingGRID ($113.20 in chips) 
Seat 5: Aleqseuka ($118.75 in chips) 
ImaPeppaPig: posts small blind $0.50
shootingGRID: posts big blind $1
*** HOLE CARDS ***
Aleqseuka: folds 
ImaPeppaPig: folds 
Uncalled bet ($0.50) returned to shootingGRID
shootingGRID collected $1 from pot
*** SUMMARY ***
Total pot $1 | Rake $0 
Seat 1: ImaPeppaPig (small blind) folded before Flop
Seat 4: shootingGRID (big blind) collected ($1)
Seat 5: Aleqseuka (button) folded before Flop (didn't bet)



PokerStars Hand #254525246319:  Hold'em No Limit ($0.50/$1.00 USD) - 2025/01/24 4:17:08 WET [2025/01/23 23:17:08 ET]
Table 'Gase III' 6-max Seat #1 is the button
Seat 1: ImaPeppaPig ($120.16 in chips) 
Seat 4: shootingGRID ($113.70 in chips) 
Seat 5: Aleqseuka ($118.75 in chips) 
shootingGRID: posts small blind $0.50
Aleqseuka: posts big blind $1
*** HOLE CARDS ***
ImaPeppaPig: folds 
shootingGRID: folds 
Uncalled bet ($0.50) returned to Aleqseuka
Aleqseuka collected $1 from pot
Aleqseuka: doesn't show hand 
*** SUMMARY ***
Total pot $1 | Rake $0 
Seat 1: ImaPeppaPig (button) folded before Flop (didn't bet)
Seat 4: shootingGRID (small blind) folded before Flop
Seat 5: Aleqseuka (big blind) collected ($1)



PokerStars Hand #254525248000:  Hold'em No Limit ($0.50/$1.00 USD) - 2025/01/24 4:17:24 WET [2025/01/23 23:17:24 ET]
Table 'Gase III' 6-max Seat #4 is the button
Seat 1: ImaPeppaPig ($120.16 in chips) 
Seat 4: shootingGRID ($113.20 in chips) 
Seat 5: Aleqseuka ($119.25 in chips) 
Aleqseuka: posts small blind $0.50
ImaPeppaPig: posts big blind $1
*** HOLE CARDS ***
shootingGRID: folds 
Aleqseuka: folds 
Uncalled bet ($0.50) returned to ImaPeppaPig
ImaPeppaPig collected $1 from pot
ImaPeppaPig: doesn't show hand 
*** SUMMARY ***
Total pot $1 | Rake $0 
Seat 1: ImaPeppaPig (big blind) collected ($1)
Seat 4: shootingGRID (button) folded before Flop (didn't bet)
Seat 5: Aleqseuka (small blind) folded before Flop



PokerStars Hand #254525249549:  Hold'em No Limit ($0.50/$1.00 USD) - 2025/01/24 4:17:38 WET [2025/01/23 23:17:38 ET]
Table 'Gase III' 6-max Seat #5 is the button
Seat 1: ImaPeppaPig ($120.66 in chips) 
Seat 4: shootingGRID ($113.20 in chips) 
Seat 5: Aleqseuka ($118.75 in chips) 
ImaPeppaPig: posts small blind $0.50
shootingGRID: posts big blind $1
*** HOLE CARDS ***
Aleqseuka: raises $1.50 to $2.50
ImaPeppaPig: folds 
shootingGRID: calls $1.50
*** FLOP *** [Jh 2h 3h]
shootingGRID: checks 
Aleqseuka: checks 
*** TURN *** [Jh 2h 3h] [8d]
shootingGRID: bets $3.50
Aleqseuka: folds 
Uncalled bet ($3.50) returned to shootingGRID
shootingGRID collected $5.22 from pot
*** SUMMARY ***
Total pot $5.50 | Rake $0.28 
Board [Jh 2h 3h 8d]
Seat 1: ImaPeppaPig (small blind) folded before Flop
Seat 4: shootingGRID (big blind) collected ($5.22)
Seat 5: Aleqseuka (button) folded on the Turn



PokerStars Hand #254525254337:  Hold'em No Limit ($0.50/$1.00 USD) - 2025/01/24 4:18:23 WET [2025/01/23 23:18:23 ET]
Table 'Gase III' 6-max Seat #1 is the button
Seat 1: ImaPeppaPig ($120.16 in chips) 
Seat 4: shootingGRID ($115.92 in chips) 
Seat 5: Aleqseuka ($116.25 in chips) 
shootingGRID: posts small blind $0.50
Aleqseuka: posts big blind $1
*** HOLE CARDS ***
ImaPeppaPig: folds 
shootingGRID: raises $2 to $3
Aleqseuka: calls $2
*** FLOP *** [8h 9d 5d]
shootingGRID: checks 
Aleqseuka: checks 
*** TURN *** [8h 9d 5d] [Ah]
shootingGRID: bets $1.42
Aleqseuka: calls $1.42
*** RIVER *** [8h 9d 5d Ah] [6s]
shootingGRID: checks 
Aleqseuka: bets $4.62
shootingGRID: folds 
Uncalled bet ($4.62) returned to Aleqseuka
Aleqseuka collected $8.40 from pot
Aleqseuka: doesn't show hand 
*** SUMMARY ***
Total pot $8.84 | Rake $0.44 
Board [8h 9d 5d Ah 6s]
Seat 1: ImaPeppaPig (button) folded before Flop (didn't bet)
Seat 4: shootingGRID (small blind) folded on the River
Seat 5: Aleqseuka (big blind) collected ($8.40)



PokerStars Hand #254525263059:  Hold'em No Limit ($0.50/$1.00 USD) - 2025/01/24 4:19:45 WET [2025/01/23 23:19:45 ET]
Table 'Gase III' 6-max Seat #4 is the button
Seat 1: ImaPeppaPig ($120.16 in chips) 
Seat 4: shootingGRID ($111.50 in chips) 
Seat 5: Aleqseuka ($120.23 in chips) 
Aleqseuka: posts small blind $0.50
ImaPeppaPig: posts big blind $1
*** HOLE CARDS ***
shootingGRID: folds 
Aleqseuka: folds 
Uncalled bet ($0.50) returned to ImaPeppaPig
ImaPeppaPig collected $1 from pot
ImaPeppaPig: doesn't show hand 
*** SUMMARY ***
Total pot $1 | Rake $0 
Seat 1: ImaPeppaPig (big blind) collected ($1)
Seat 4: shootingGRID (button) folded before Flop (didn't bet)
Seat 5: Aleqseuka (small blind) folded before Flop



PokerStars Hand #254525263817:  Hold'em No Limit ($0.50/$1.00 USD) - 2025/01/24 4:19:52 WET [2025/01/23 23:19:52 ET]
Table 'Gase III' 6-max Seat #5 is the button
Seat 1: ImaPeppaPig ($120.66 in chips) 
Seat 4: shootingGRID ($111.50 in chips) 
Seat 5: Aleqseuka ($119.73 in chips) 
ImaPeppaPig: posts small blind $0.50
shootingGRID: posts big blind $1
*** HOLE CARDS ***
Aleqseuka: folds 
ImaPeppaPig: folds 
Uncalled bet ($0.50) returned to shootingGRID
shootingGRID collected $1 from pot
*** SUMMARY ***
Total pot $1 | Rake $0 
Seat 1: ImaPeppaPig (small blind) folded before Flop
Seat 4: shootingGRID (big blind) collected ($1)
Seat 5: Aleqseuka (button) folded before Flop (didn't bet)



PokerStars Hand #254525264579:  Hold'em No Limit ($0.50/$1.00 USD) - 2025/01/24 4:19:59 WET [2025/01/23 23:19:59 ET]
Table 'Gase III' 6-max Seat #1 is the button
Seat 1: ImaPeppaPig ($120.16 in chips) 
Seat 4: shootingGRID ($112 in chips) 
Seat 5: Aleqseuka ($119.73 in chips) 
shootingGRID: posts small blind $0.50
Aleqseuka: posts big blind $1
*** HOLE CARDS ***
ImaPeppaPig: folds 
shootingGRID: folds 
Uncalled bet ($0.50) returned to Aleqseuka
Aleqseuka collected $1 from pot
Aleqseuka: doesn't show hand 
*** SUMMARY ***
Total pot $1 | Rake $0 
Seat 1: ImaPeppaPig (button) folded before Flop (didn't bet)
Seat 4: shootingGRID (small blind) folded before Flop
Seat 5: Aleqseuka (big blind) collected ($1)



PokerStars Hand #254525265516:  Hold'em No Limit ($0.50/$1.00 USD) - 2025/01/24 4:20:08 WET [2025/01/23 23:20:08 ET]
Table 'Gase III' 6-max Seat #4 is the button
Seat 1: ImaPeppaPig ($120.16 in chips) 
Seat 4: shootingGRID ($111.50 in chips) 
Seat 5: Aleqseuka ($120.23 in chips) 
Aleqseuka: posts small blind $0.50
ImaPeppaPig: posts big blind $1
*** HOLE CARDS ***
shootingGRID: folds 
Aleqseuka: raises $2 to $3
ImaPeppaPig: raises $6 to $9
Aleqseuka: folds 
Uncalled bet ($6) returned to ImaPeppaPig
ImaPeppaPig collected $6 from pot
ImaPeppaPig: doesn't show hand 
*** SUMMARY ***
Total pot $6 | Rake $0 
Seat 1: ImaPeppaPig (big blind) collected ($6)
Seat 4: shootingGRID (button) folded before Flop (didn't bet)
Seat 5: Aleqseuka (small blind) folded before Flop



PokerStars Hand #254525267542:  Hold'em No Limit ($0.50/$1.00 USD) - 2025/01/24 4:20:27 WET [2025/01/23 23:20:27 ET]
Table 'Gase III' 6-max Seat #5 is the button
Seat 1: ImaPeppaPig ($123.16 in chips) 
Seat 4: shootingGRID ($111.50 in chips) 
Seat 5: Aleqseuka ($117.23 in chips) 
ImaPeppaPig: posts small blind $0.50
shootingGRID: posts big blind $1
*** HOLE CARDS ***
Aleqseuka: folds 
ImaPeppaPig: raises $2 to $3
shootingGRID: folds 
Uncalled bet ($2) returned to ImaPeppaPig
ImaPeppaPig collected $2 from pot
ImaPeppaPig: doesn't show hand 
*** SUMMARY ***
Total pot $2 | Rake $0 
Seat 1: ImaPeppaPig (small blind) collected ($2)
Seat 4: shootingGRID (big blind) folded before Flop
Seat 5: Aleqseuka (button) folded before Flop (didn't bet)



PokerStars Hand #254525268913:  Hold'em No Limit ($0.50/$1.00 USD) - 2025/01/24 4:20:40 WET [2025/01/23 23:20:40 ET]
Table 'Gase III' 6-max Seat #1 is the button
Seat 1: ImaPeppaPig ($124.16 in chips) 
Seat 4: shootingGRID ($110.50 in chips) 
Seat 5: Aleqseuka ($117.23 in chips) 
shootingGRID: posts small blind $0.50
Aleqseuka: posts big blind $1
*** HOLE CARDS ***
ImaPeppaPig: folds 
shootingGRID: raises $2 to $3
Aleqseuka: folds 
Uncalled bet ($2) returned to shootingGRID
shootingGRID collected $2 from pot
*** SUMMARY ***
Total pot $2 | Rake $0 
Seat 1: ImaPeppaPig (button) folded before Flop (didn't bet)
Seat 4: shootingGRID (small blind) collected ($2)
Seat 5: Aleqseuka (big blind) folded before Flop



PokerStars Hand #254525270464:  Hold'em No Limit ($0.50/$1.00 USD) - 2025/01/24 4:20:55 WET [2025/01/23 23:20:55 ET]
Table 'Gase III' 6-max Seat #4 is the button
Seat 1: ImaPeppaPig ($124.16 in chips) 
Seat 4: shootingGRID ($111.50 in chips) 
Seat 5: Aleqseuka ($116.23 in chips) 
Aleqseuka: posts small blind $0.50
ImaPeppaPig: posts big blind $1
*** HOLE CARDS ***
shootingGRID: folds 
Aleqseuka: raises $2 to $3
ImaPeppaPig: raises $7 to $10
Aleqseuka: folds 
Uncalled bet ($7) returned to ImaPeppaPig
ImaPeppaPig collected $6 from pot
ImaPeppaPig: doesn't show hand 
*** SUMMARY ***
Total pot $6 | Rake $0 
Seat 1: ImaPeppaPig (big blind) collected ($6)
Seat 4: shootingGRID (button) folded before Flop (didn't bet)
Seat 5: Aleqseuka (small blind) folded before Flop



PokerStars Hand #254525272549:  Hold'em No Limit ($0.50/$1.00 USD) - 2025/01/24 4:21:14 WET [2025/01/23 23:21:14 ET]
Table 'Gase III' 6-max Seat #5 is the button
Seat 1: ImaPeppaPig ($127.16 in chips) 
Seat 4: shootingGRID ($111.50 in chips) 
Seat 5: Aleqseuka ($113.23 in chips) 
ImaPeppaPig: posts small blind $0.50
shootingGRID: posts big blind $1
*** HOLE CARDS ***
Aleqseuka: raises $1.50 to $2.50
ImaPeppaPig: raises $9.50 to $12
shootingGRID: folds 
Aleqseuka: folds 
Uncalled bet ($9.50) returned to ImaPeppaPig
ImaPeppaPig collected $6 from pot
ImaPeppaPig: doesn't show hand 
*** SUMMARY ***
Total pot $6 | Rake $0 
Seat 1: ImaPeppaPig (small blind) collected ($6)
Seat 4: shootingGRID (big blind) folded before Flop
Seat 5: Aleqseuka (button) folded before Flop



PokerStars Hand #254525273845:  Hold'em No Limit ($0.50/$1.00 USD) - 2025/01/24 4:21:26 WET [2025/01/23 23:21:26 ET]
Table 'Gase III' 6-max Seat #1 is the button
Seat 1: ImaPeppaPig ($130.66 in chips) 
Seat 4: shootingGRID ($110.50 in chips) 
Seat 5: Aleqseuka ($110.73 in chips) 
shootingGRID: posts small blind $0.50
Aleqseuka: posts big blind $1
*** HOLE CARDS ***
ImaPeppaPig: raises $1.50 to $2.50
shootingGRID: raises $9.50 to $12
Aleqseuka: folds 
ImaPeppaPig: calls $9.50
*** FLOP *** [9s 8h Qd]
shootingGRID: checks 
ImaPeppaPig: bets $7.44
shootingGRID: calls $7.44
*** TURN *** [9s 8h Qd] [3s]
shootingGRID: checks 
ImaPeppaPig: bets $18.98
shootingGRID: calls $18.98
*** RIVER *** [9s 8h Qd 3s] [Tc]
shootingGRID: checks 
Spartansmike joins the table at seat #2 
ImaPeppaPig: bets $35.98
Spartansmike is disconnected 
Xenicide joins the table at seat #3 
KeR888 joins the table at seat #6 
shootingGRID: folds 
Uncalled bet ($35.98) returned to ImaPeppaPig
ImaPeppaPig collected $76.84 from pot
ImaPeppaPig: doesn't show hand 
*** SUMMARY ***
Total pot $77.84 | Rake $1 
Board [9s 8h Qd 3s Tc]
Seat 1: ImaPeppaPig (button) collected ($76.84)
Seat 4: shootingGRID (small blind) folded on the River
Seat 5: Aleqseuka (big blind) folded before Flop



PokerStars Hand #254525284942:  Hold'em No Limit ($0.50/$1.00 USD) - 2025/01/24 4:23:11 WET [2025/01/23 23:23:11 ET]
Table 'Gase III' 6-max Seat #4 is the button
Seat 3: Xenicide ($100 in chips) is sitting out
Seat 1: ImaPeppaPig ($169.08 in chips) 
Seat 2: Spartansmike ($100 in chips) 
Seat 4: shootingGRID ($100 in chips) 
Seat 5: Aleqseuka ($109.73 in chips) 
Seat 6: KeR888 ($103.25 in chips) 
Aleqseuka: posts small blind $0.50
KeR888: posts big blind $1
Spartansmike: posts big blind $1
Xenicide: sits out 
*** HOLE CARDS ***
ImaPeppaPig: folds 
Spartansmike: checks 
shootingGRID: raises $3 to $4
Aleqseuka: folds 
KeR888: folds 
Spartansmike: calls $3
*** FLOP *** [9h Kd 4s]
Spartansmike: checks 
shootingGRID: checks 
*** TURN *** [9h Kd 4s] [Qc]
Spartansmike: bets $6.75
shootingGRID: folds 
Uncalled bet ($6.75) returned to Spartansmike
Spartansmike collected $9.02 from pot
*** SUMMARY ***
Total pot $9.50 | Rake $0.48 
Board [9h Kd 4s Qc]
Seat 3: Xenicide
Seat 1: ImaPeppaPig folded before Flop (didn't bet)
Seat 2: Spartansmike collected ($9.02)
Seat 4: shootingGRID (button) folded on the Turn
Seat 5: Aleqseuka (small blind) folded before Flop
Seat 6: KeR888 (big blind) folded before Flop



PokerStars Hand #254525506933:  Hold'em No Limit ($0.50/$1.00 USD) - 2025/01/24 5:00:39 WET [2025/01/24 0:00:39 ET]
Table 'Gase III' 6-max Seat #1 is the button
Seat 1: ImaPeppaPig ($173.60 in chips) 
Seat 2: Spartansmike ($176.16 in chips) 
Seat 3: Xenicide ($101.20 in chips) 
Seat 4: shootingGRID ($100 in chips) 
Seat 5: Aleqseuka ($146.07 in chips) 
Seat 6: KeR888 ($168.23 in chips) 
Spartansmike: posts small blind $0.50
Xenicide: posts big blind $1
*** HOLE CARDS ***
shootingGRID: raises $1.25 to $2.25
Aleqseuka: folds 
KeR888: folds 
ImaPeppaPig: raises $4.75 to $7
Spartansmike: folds 
Xenicide: folds 
shootingGRID: calls $4.75
*** FLOP *** [Qd 3d Td]
shootingGRID: checks 
ImaPeppaPig: bets $4.56
shootingGRID: calls $4.56
*** TURN *** [Qd 3d Td] [Jc]
shootingGRID: checks 
ImaPeppaPig: bets $16
shootingGRID: folds 
Uncalled bet ($16) returned to ImaPeppaPig
ImaPeppaPig collected $23.39 from pot
ImaPeppaPig: doesn't show hand 
*** SUMMARY ***
Total pot $24.62 | Rake $1.23 
Board [Qd 3d Td Jc]
Seat 1: ImaPeppaPig (button) collected ($23.39)
Seat 2: Spartansmike (small blind) folded before Flop
Seat 3: Xenicide (big blind) folded before Flop
Seat 4: shootingGRID folded on the Turn
Seat 5: Aleqseuka folded before Flop (didn't bet)
Seat 6: KeR888 folded before Flop (didn't bet)



PokerStars Hand #254525511408:  Hold'em No Limit ($0.50/$1.00 USD) - 2025/01/24 5:01:29 WET [2025/01/24 0:01:29 ET]
Table 'Gase III' 6-max Seat #2 is the button
Seat 1: ImaPeppaPig ($185.43 in chips) 
Seat 2: Spartansmike ($175.66 in chips) 
Seat 3: Xenicide ($100.20 in chips) 
Seat 4: shootingGRID ($100 in chips) 
Seat 5: Aleqseuka ($146.07 in chips) 
Seat 6: KeR888 ($168.23 in chips) 
Xenicide: posts small blind $0.50
shootingGRID: posts big blind $1
*** HOLE CARDS ***
Aleqseuka: folds 
KeR888: raises $1.20 to $2.20
ImaPeppaPig: folds 
Spartansmike: calls $2.20
Xenicide: raises $10.80 to $13
shootingGRID: folds 
KeR888: folds 
Spartansmike: calls $10.80
*** FLOP *** [2h Qd 5h]
Xenicide: checks 
Spartansmike: bets $12.50
Xenicide: calls $12.50
*** TURN *** [2h Qd 5h] [Js]
Xenicide: checks 
Spartansmike: checks 
*** RIVER *** [2h Qd 5h Js] [5s]
Xenicide: bets $9.50
Spartansmike: folds 
Uncalled bet ($9.50) returned to Xenicide
Xenicide collected $51.70 from pot
*** SUMMARY ***
Total pot $54.20 | Rake $2.50 
Board [2h Qd 5h Js 5s]
Seat 1: ImaPeppaPig folded before Flop (didn't bet)
Seat 2: Spartansmike (button) folded on the River
Seat 3: Xenicide (small blind) collected ($51.70)
Seat 4: shootingGRID (big blind) folded before Flop
Seat 5: Aleqseuka folded before Flop (didn't bet)
Seat 6: KeR888 folded before Flop



PokerStars Hand #254525520170:  Hold'em No Limit ($0.50/$1.00 USD) - 2025/01/24 5:03:05 WET [2025/01/24 0:03:05 ET]
Table 'Gase III' 6-max Seat #3 is the button
Seat 5: Aleqseuka ($146.07 in chips) is sitting out
Seat 1: ImaPeppaPig ($185.43 in chips) 
Seat 2: Spartansmike ($150.16 in chips) 
Seat 3: Xenicide ($126.40 in chips) 
Seat 4: shootingGRID ($100 in chips) 
Seat 6: KeR888 ($166.03 in chips) 
shootingGRID: posts small blind $0.50
Aleqseuka: is sitting out 
KeR888: posts big blind $1
*** HOLE CARDS ***
ImaPeppaPig: folds 
Spartansmike: folds 
Spartansmike leaves the table
Xenicide: raises $1.25 to $2.25
shootingGRID: folds 
KeR888: folds 
Uncalled bet ($1.25) returned to Xenicide
Xenicide collected $2.50 from pot
Aleqseuka leaves the table
*** SUMMARY ***
Total pot $2.50 | Rake $0 
Seat 5: Aleqseuka
Seat 1: ImaPeppaPig folded before Flop (didn't bet)
Seat 2: Spartansmike folded before Flop (didn't bet)
Seat 3: Xenicide (button) collected ($2.50)
Seat 4: shootingGRID (small blind) folded before Flop
Seat 6: KeR888 (big blind) folded before Flop



PokerStars Hand #254525521608:  Hold'em No Limit ($0.50/$1.00 USD) - 2025/01/24 5:03:21 WET [2025/01/24 0:03:21 ET]
Table 'Gase III' 6-max Seat #4 is the button
Seat 1: ImaPeppaPig ($185.43 in chips) 
Seat 3: Xenicide ($127.90 in chips) 
Seat 4: shootingGRID ($100 in chips) 
Seat 6: KeR888 ($165.03 in chips) 
KeR888: posts small blind $0.50
ImaPeppaPig: posts big blind $1
*** HOLE CARDS ***
Xenicide: folds 
shootingGRID: raises $1.50 to $2.50
KeR888: folds 
ImaPeppaPig: folds 
Uncalled bet ($1.50) returned to shootingGRID
shootingGRID collected $2.50 from pot
*** SUMMARY ***
Total pot $2.50 | Rake $0 
Seat 1: ImaPeppaPig (big blind) folded before Flop
Seat 3: Xenicide folded before Flop (didn't bet)
Seat 4: shootingGRID (button) collected ($2.50)
Seat 6: KeR888 (small blind) folded before Flop



PokerStars Hand #254525522864:  Hold'em No Limit ($0.50/$1.00 USD) - 2025/01/24 5:03:36 WET [2025/01/24 0:03:36 ET]
Table 'Gase III' 6-max Seat #6 is the button
Seat 3: Xenicide ($127.90 in chips) is sitting out
Seat 1: ImaPeppaPig ($184.43 in chips) 
Seat 4: shootingGRID ($101.50 in chips) 
Seat 6: KeR888 ($164.53 in chips) 
ImaPeppaPig: posts small blind $0.50
Xenicide: is sitting out 
shootingGRID: posts big blind $1
*** HOLE CARDS ***
Xenicide leaves the table
KeR888: raises $1.50 to $2.50
ImaPeppaPig: folds 
shootingGRID: calls $1.50
*** FLOP *** [Qc Kc 6c]
shootingGRID: checks 
KeR888: checks 
*** TURN *** [Qc Kc 6c] [Jd]
shootingGRID: checks 
KeR888: bets $7.50
shootingGRID: folds 
Uncalled bet ($7.50) returned to KeR888
KeR888 collected $5.22 from pot
KeR888: doesn't show hand 
*** SUMMARY ***
Total pot $5.50 | Rake $0.28 
Board [Qc Kc 6c Jd]
Seat 3: Xenicide
Seat 1: ImaPeppaPig (small blind) folded before Flop
Seat 4: shootingGRID (big blind) folded on the Turn
Seat 6: KeR888 (button) collected ($5.22)



PokerStars Hand #254525527418:  Hold'em No Limit ($0.50/$1.00 USD) - 2025/01/24 5:04:26 WET [2025/01/24 0:04:26 ET]
Table 'Gase III' 6-max Seat #4 is the button
Seat 6: KeR888 ($167.25 in chips) is sitting out
Seat 1: ImaPeppaPig ($183.93 in chips) 
Seat 4: shootingGRID ($100 in chips) 
shootingGRID: posts small blind $0.50
KeR888: is sitting out 
ImaPeppaPig: posts big blind $1
*** HOLE CARDS ***
KeR888 leaves the table
shootingGRID: folds 
Uncalled bet ($0.50) returned to ImaPeppaPig
ImaPeppaPig collected $1 from pot
ImaPeppaPig: doesn't show hand 
*** SUMMARY ***
Total pot $1 | Rake $0 
Seat 6: KeR888
Seat 1: ImaPeppaPig (big blind) collected ($1)
Seat 4: shootingGRID (button) (small blind) folded before Flop



PokerStars Hand #254525528011:  Hold'em No Limit ($0.50/$1.00 USD) - 2025/01/24 5:04:32 WET [2025/01/24 0:04:32 ET]
Table 'Gase III' 6-max Seat #1 is the button
Seat 1: ImaPeppaPig ($184.43 in chips) 
Seat 4: shootingGRID ($100 in chips) 
ImaPeppaPig: posts small blind $0.50
shootingGRID: posts big blind $1
*** HOLE CARDS ***
ImaPeppaPig: folds 
Uncalled bet ($0.50) returned to shootingGRID
ImaPeppaPig leaves the table
shootingGRID collected $1 from pot
*** SUMMARY ***
Total pot $1 | Rake $0 
Seat 1: ImaPeppaPig (button) (small blind) folded before Flop
Seat 4: shootingGRID (big blind) collected ($1)



