PokerStars Hand #254538702445:  Hold'em No Limit ($0.50/$1.00 USD) - 2025/01/24 0:09:41 WET [2025/01/24 19:09:41 ET]
Table 'Vincentina III' 6-max Seat #4 is the button
Seat 1: Unipoker11 ($100 in chips) 
Seat 3: sutata ($100 in chips) 
Seat 4: equilibrium_tv ($40 in chips) 
Unipoker11: posts small blind $0.50
sutata: posts big blind $1
*** HOLE CARDS ***
equilibrium_tv: folds 
Unipoker11: raises $2 to $3
sutata: folds 
Uncalled bet ($2) returned to Unipoker11
Unipoker11 collected $2 from pot
Unipoker11: doesn't show hand 
*** SUMMARY ***
Total pot $2 | Rake $0 
Seat 1: Unipoker11 (small blind) collected ($2)
Seat 3: sutata (big blind) folded before Flop
Seat 4: equilibrium_tv (button) folded before Flop (didn't bet)



PokerStars Hand #254538706285:  Hold'em No Limit ($0.50/$1.00 USD) - 2025/01/24 0:09:57 WET [2025/01/24 19:09:57 ET]
Table 'Vincentina III' 6-max Seat #3 is the button
Seat 3: sutata ($100 in chips) 
Seat 4: equilibrium_tv ($40 in chips) 
sutata: posts small blind $0.50
equilibrium_tv: posts big blind $1
*** HOLE CARDS ***
sutata: raises $2 to $3
equilibrium_tv: raises $5 to $8
sutata: raises $92 to $100 and is all-in
equilibrium_tv: folds 
Uncalled bet ($92) returned to sutata
sutata collected $16 from pot
sutata: doesn't show hand 
*** SUMMARY ***
Total pot $16 | Rake $0 
Seat 3: sutata (button) (small blind) collected ($16)
Seat 4: equilibrium_tv (big blind) folded before Flop



PokerStars Hand #254538713241:  Hold'em No Limit ($0.50/$1.00 USD) - 2025/01/24 0:10:27 WET [2025/01/24 19:10:27 ET]
Table 'Vincentina III' 6-max Seat #4 is the button
Seat 3: sutata ($108 in chips) 
Seat 4: equilibrium_tv ($32 in chips) 
equilibrium_tv: posts small blind $0.50
sutata: posts big blind $1
*** HOLE CARDS ***
equilibrium_tv: raises $1 to $2
sutata: folds 
Uncalled bet ($1) returned to equilibrium_tv
equilibrium_tv collected $2 from pot
*** SUMMARY ***
Total pot $2 | Rake $0 
Seat 3: sutata (big blind) folded before Flop
Seat 4: equilibrium_tv (button) (small blind) collected ($2)



PokerStars Hand #254538737611:  Hold'em No Limit ($0.50/$1.00 USD) - 2025/01/24 0:12:11 WET [2025/01/24 19:12:11 ET]
Table 'Vincentina III' 6-max Seat #3 is the button
Seat 4: equilibrium_tv ($33 in chips) is sitting out
Seat 1: socito ($100 in chips) 
Seat 3: sutata ($107 in chips) 
sutata: posts small blind $0.50
equilibrium_tv: is sitting out 
socito: posts big blind $1
*** HOLE CARDS ***
sutata: folds 
Uncalled bet ($0.50) returned to socito
socito collected $1 from pot
socito: doesn't show hand 
*** SUMMARY ***
Total pot $1 | Rake $0 
Seat 4: equilibrium_tv
Seat 1: socito (big blind) collected ($1)
Seat 3: sutata (button) (small blind) folded before Flop



PokerStars Hand #254538739478:  Hold'em No Limit ($0.50/$1.00 USD) - 2025/01/24 0:12:18 WET [2025/01/24 19:12:18 ET]
Table 'Vincentina III' 6-max Seat #1 is the button
Seat 1: socito ($100.50 in chips) 
Seat 3: sutata ($106.50 in chips) 
Seat 4: equilibrium_tv ($33 in chips) 
sutata: posts small blind $0.50
equilibrium_tv: posts big blind $1
*** HOLE CARDS ***
socito: raises $1.50 to $2.50
sutata: folds 
equilibrium_tv: folds 
Uncalled bet ($1.50) returned to socito
socito collected $2.50 from pot
socito: doesn't show hand 
*** SUMMARY ***
Total pot $2.50 | Rake $0 
Seat 1: socito (button) collected ($2.50)
Seat 3: sutata (small blind) folded before Flop
Seat 4: equilibrium_tv (big blind) folded before Flop



PokerStars Hand #254538748252:  Hold'em No Limit ($0.50/$1.00 USD) - 2025/01/24 0:12:56 WET [2025/01/24 19:12:56 ET]
Table 'Vincentina III' 6-max Seat #4 is the button
Seat 1: socito ($102 in chips) is sitting out
Seat 3: sutata ($106 in chips) 
Seat 4: equilibrium_tv ($32 in chips) 
equilibrium_tv: posts small blind $0.50
socito: is sitting out 
sutata: posts big blind $1
*** HOLE CARDS ***
socito leaves the table
equilibrium_tv: folds 
Uncalled bet ($0.50) returned to sutata
sutata collected $1 from pot
sutata: doesn't show hand 
*** SUMMARY ***
Total pot $1 | Rake $0 
Seat 1: socito
Seat 3: sutata (big blind) collected ($1)
Seat 4: equilibrium_tv (button) (small blind) folded before Flop



PokerStars Hand #254538755342:  Hold'em No Limit ($0.50/$1.00 USD) - 2025/01/24 0:13:27 WET [2025/01/24 19:13:27 ET]
Table 'Vincentina III' 6-max Seat #1 is the button
Seat 1: socito ($102 in chips) 
Seat 3: sutata ($106.50 in chips) 
Seat 4: equilibrium_tv ($31.50 in chips) 
sutata: posts small blind $0.50
equilibrium_tv: posts big blind $1
*** HOLE CARDS ***
socito: folds 
sutata: folds 
Uncalled bet ($0.50) returned to equilibrium_tv
equilibrium_tv collected $1 from pot
B1GBankroll joins the table at seat #6 
*** SUMMARY ***
Total pot $1 | Rake $0 
Seat 1: socito (button) folded before Flop (didn't bet)
Seat 3: sutata (small blind) folded before Flop
Seat 4: equilibrium_tv (big blind) collected ($1)



PokerStars Hand #254538758757:  Hold'em No Limit ($0.50/$1.00 USD) - 2025/01/24 0:13:42 WET [2025/01/24 19:13:42 ET]
Table 'Vincentina III' 6-max Seat #3 is the button
Seat 1: socito ($102 in chips) 
Seat 3: sutata ($106 in chips) 
Seat 4: equilibrium_tv ($32 in chips) 
Seat 6: B1GBankroll ($100 in chips) 
equilibrium_tv: posts small blind $0.50
B1GBankroll: posts big blind $1
*** HOLE CARDS ***
socito: raises $1.50 to $2.50
sutata: folds 
equilibrium_tv: folds 
B1GBankroll: folds 
Uncalled bet ($1.50) returned to socito
socito collected $2.50 from pot
socito: doesn't show hand 
*** SUMMARY ***
Total pot $2.50 | Rake $0 
Seat 1: socito collected ($2.50)
Seat 3: sutata (button) folded before Flop (didn't bet)
Seat 4: equilibrium_tv (small blind) folded before Flop
Seat 6: B1GBankroll (big blind) folded before Flop



PokerStars Hand #254538765392:  Hold'em No Limit ($0.50/$1.00 USD) - 2025/01/24 0:14:10 WET [2025/01/24 19:14:10 ET]
Table 'Vincentina III' 6-max Seat #4 is the button
Seat 1: socito ($103.50 in chips) 
Seat 3: sutata ($106 in chips) 
Seat 4: equilibrium_tv ($31.50 in chips) 
Seat 6: B1GBankroll ($100 in chips) 
B1GBankroll: posts small blind $0.50
socito: posts big blind $1
*** HOLE CARDS ***
sutata: folds 
equilibrium_tv: folds 
B1GBankroll: folds 
Uncalled bet ($0.50) returned to socito
socito collected $1 from pot
socito: doesn't show hand 
*** SUMMARY ***
Total pot $1 | Rake $0 
Seat 1: socito (big blind) collected ($1)
Seat 3: sutata folded before Flop (didn't bet)
Seat 4: equilibrium_tv (button) folded before Flop (didn't bet)
Seat 6: B1GBankroll (small blind) folded before Flop



PokerStars Hand #254538768106:  Hold'em No Limit ($0.50/$1.00 USD) - 2025/01/24 0:14:22 WET [2025/01/24 19:14:22 ET]
Table 'Vincentina III' 6-max Seat #6 is the button
Seat 1: socito ($104 in chips) 
Seat 3: sutata ($106 in chips) 
Seat 4: equilibrium_tv ($31.50 in chips) 
Seat 6: B1GBankroll ($100 in chips) 
socito: posts small blind $0.50
sutata: posts big blind $1
*** HOLE CARDS ***
equilibrium_tv: folds 
equilibrium_tv leaves the table
B1GBankroll: raises $1.50 to $2.50
socito: folds 
sutata: folds 
Uncalled bet ($1.50) returned to B1GBankroll
B1GBankroll collected $2.50 from pot
B1GBankroll: doesn't show hand 
*** SUMMARY ***
Total pot $2.50 | Rake $0 
Seat 1: socito (small blind) folded before Flop
Seat 3: sutata (big blind) folded before Flop
Seat 4: equilibrium_tv folded before Flop (didn't bet)
Seat 6: B1GBankroll (button) collected ($2.50)



PokerStars Hand #254538771522:  Hold'em No Limit ($0.50/$1.00 USD) - 2025/01/24 0:14:37 WET [2025/01/24 19:14:37 ET]
Table 'Vincentina III' 6-max Seat #1 is the button
Seat 1: socito ($103.50 in chips) 
Seat 3: sutata ($105 in chips) 
Seat 6: B1GBankroll ($101.50 in chips) 
sutata: posts small blind $0.50
B1GBankroll: posts big blind $1
*** HOLE CARDS ***
socito: raises $1.50 to $2.50
sutata: folds 
BMOGS7 joins the table at seat #2 
BMOGS7 is disconnected 
B1GBankroll: calls $1.50
*** FLOP *** [7h Td 5h]
rao999 joins the table at seat #5 
B1GBankroll: checks 
z00mba joins the table at seat #4 
socito: checks 
*** TURN *** [7h Td 5h] [2h]
B1GBankroll: checks 
socito: checks 
*** RIVER *** [7h Td 5h 2h] [Ac]
B1GBankroll: bets $1.77
socito: calls $1.77
*** SHOW DOWN ***
B1GBankroll: shows [Ad 3c] (a pair of Aces)
socito: mucks hand 
B1GBankroll collected $8.59 from pot
*** SUMMARY ***
Total pot $9.04 | Rake $0.45 
Board [7h Td 5h 2h Ac]
Seat 1: socito (button) mucked
Seat 3: sutata (small blind) folded before Flop
Seat 6: B1GBankroll (big blind) showed [Ad 3c] and won ($8.59) with a pair of Aces



PokerStars Hand #254538789351:  Hold'em No Limit ($0.50/$1.00 USD) - 2025/01/24 0:15:54 WET [2025/01/24 19:15:54 ET]
Table 'Vincentina III' 6-max Seat #3 is the button
Seat 4: z00mba ($100 in chips) is sitting out
Seat 5: rao999 ($100 in chips) is sitting out
Seat 1: socito ($100 in chips) 
Seat 2: BMOGS7 ($100 in chips) 
Seat 3: sutata ($104.50 in chips) 
Seat 6: B1GBankroll ($105.82 in chips) 
B1GBankroll: posts small blind $0.50
socito: posts big blind $1
BMOGS7: posts big blind $1
*** HOLE CARDS ***
BMOGS7: checks 
sutata: raises $3 to $4
B1GBankroll: folds 
socito: folds 
BMOGS7: folds 
Uncalled bet ($3) returned to sutata
sutata collected $3.50 from pot
sutata: doesn't show hand 
*** SUMMARY ***
Total pot $3.50 | Rake $0 
Seat 4: z00mba
Seat 5: rao999
Seat 1: socito (big blind) folded before Flop
Seat 2: BMOGS7 folded before Flop (didn't bet)
Seat 3: sutata (button) collected ($3.50)
Seat 6: B1GBankroll (small blind) folded before Flop



PokerStars Hand #254538792731:  Hold'em No Limit ($0.50/$1.00 USD) - 2025/01/24 0:16:09 WET [2025/01/24 19:16:09 ET]
Table 'Vincentina III' 6-max Seat #6 is the button
Seat 4: z00mba ($100 in chips) is sitting out
Seat 5: rao999 ($100 in chips) is sitting out
Seat 1: socito ($100 in chips) 
Seat 2: BMOGS7 ($99 in chips) 
Seat 3: sutata ($107 in chips) 
Seat 6: B1GBankroll ($105.32 in chips) 
socito: posts small blind $0.50
BMOGS7: posts big blind $1
z00mba: sits out 
rao999: sits out 
*** HOLE CARDS ***
sutata: folds 
B1GBankroll: folds 
socito: folds 
Uncalled bet ($0.50) returned to BMOGS7
BMOGS7 collected $1 from pot
*** SUMMARY ***
Total pot $1 | Rake $0 
Seat 4: z00mba
Seat 5: rao999
Seat 1: socito (small blind) folded before Flop
Seat 2: BMOGS7 (big blind) collected ($1)
Seat 3: sutata folded before Flop (didn't bet)
Seat 6: B1GBankroll (button) folded before Flop (didn't bet)



PokerStars Hand #254538795185:  Hold'em No Limit ($0.50/$1.00 USD) - 2025/01/24 0:16:20 WET [2025/01/24 19:16:20 ET]
Table 'Vincentina III' 6-max Seat #1 is the button
Seat 4: z00mba ($100 in chips) is sitting out
Seat 5: rao999 ($100 in chips) is sitting out
Seat 1: socito ($100 in chips) 
Seat 2: BMOGS7 ($99.50 in chips) 
Seat 3: sutata ($107 in chips) 
Seat 6: B1GBankroll ($105.32 in chips) 
BMOGS7: posts small blind $0.50
sutata: posts big blind $1
z00mba: sits out 
rao999: sits out 
*** HOLE CARDS ***
B1GBankroll: folds 
socito: raises $1.50 to $2.50
BMOGS7: calls $2
sutata: raises $11.10 to $13.60
socito: folds 
BMOGS7: folds 
Uncalled bet ($11.10) returned to sutata
sutata collected $7.50 from pot
sutata: doesn't show hand 
*** SUMMARY ***
Total pot $7.50 | Rake $0 
Seat 4: z00mba
Seat 5: rao999
Seat 1: socito (button) folded before Flop
Seat 2: BMOGS7 (small blind) folded before Flop
Seat 3: sutata (big blind) collected ($7.50)
Seat 6: B1GBankroll folded before Flop (didn't bet)



PokerStars Hand #254538800848:  Hold'em No Limit ($0.50/$1.00 USD) - 2025/01/24 0:16:44 WET [2025/01/24 19:16:44 ET]
Table 'Vincentina III' 6-max Seat #2 is the button
Seat 5: rao999 ($100 in chips) is sitting out
Seat 1: socito ($100 in chips) 
Seat 2: BMOGS7 ($97 in chips) 
Seat 3: sutata ($112 in chips) 
Seat 4: z00mba ($100 in chips) 
Seat 6: B1GBankroll ($105.32 in chips) 
sutata: posts small blind $0.50
z00mba: posts big blind $1
rao999: sits out 
*** HOLE CARDS ***
B1GBankroll: raises $1.50 to $2.50
socito: folds 
BMOGS7: calls $2.50
sutata: folds 
z00mba: calls $1.50
*** FLOP *** [5c 3c 5h]
z00mba: checks 
B1GBankroll: bets $5.62
BMOGS7: folds 
z00mba: folds 
Uncalled bet ($5.62) returned to B1GBankroll
B1GBankroll collected $7.60 from pot
B1GBankroll: doesn't show hand 
*** SUMMARY ***
Total pot $8 | Rake $0.40 
Board [5c 3c 5h]
Seat 5: rao999
Seat 1: socito folded before Flop (didn't bet)
Seat 2: BMOGS7 (button) folded on the Flop
Seat 3: sutata (small blind) folded before Flop
Seat 4: z00mba (big blind) folded on the Flop
Seat 6: B1GBankroll collected ($7.60)



PokerStars Hand #254538808855:  Hold'em No Limit ($0.50/$1.00 USD) - 2025/01/24 0:17:18 WET [2025/01/24 19:17:18 ET]
Table 'Vincentina III' 6-max Seat #3 is the button
Seat 1: socito ($100 in chips) 
Seat 2: BMOGS7 ($94.50 in chips) 
Seat 3: sutata ($111.50 in chips) 
Seat 4: z00mba ($100 in chips) 
Seat 5: rao999 ($100 in chips) 
Seat 6: B1GBankroll ($110.42 in chips) 
z00mba: posts small blind $0.50
rao999: posts big blind $1
*** HOLE CARDS ***
B1GBankroll: folds 
socito: folds 
BMOGS7: folds 
sutata: folds 
z00mba: raises $2 to $3
rao999: folds 
Uncalled bet ($2) returned to z00mba
z00mba collected $2 from pot
z00mba: doesn't show hand 
*** SUMMARY ***
Total pot $2 | Rake $0 
Seat 1: socito folded before Flop (didn't bet)
Seat 2: BMOGS7 folded before Flop (didn't bet)
Seat 3: sutata (button) folded before Flop (didn't bet)
Seat 4: z00mba (small blind) collected ($2)
Seat 5: rao999 (big blind) folded before Flop
Seat 6: B1GBankroll folded before Flop (didn't bet)



PokerStars Hand #254538813148:  Hold'em No Limit ($0.50/$1.00 USD) - 2025/01/24 0:17:37 WET [2025/01/24 19:17:37 ET]
Table 'Vincentina III' 6-max Seat #4 is the button
Seat 1: socito ($100 in chips) 
Seat 2: BMOGS7 ($94.50 in chips) 
Seat 3: sutata ($111.50 in chips) 
Seat 4: z00mba ($101 in chips) 
Seat 5: rao999 ($100 in chips) 
Seat 6: B1GBankroll ($110.42 in chips) 
rao999: posts small blind $0.50
B1GBankroll: posts big blind $1
*** HOLE CARDS ***
socito: folds 
BMOGS7: calls $1
sutata: folds 
z00mba: raises $2.50 to $3.50
rao999: folds 
B1GBankroll: calls $2.50
BMOGS7: calls $2.50
*** FLOP *** [Ad 9c 4c]
B1GBankroll: checks 
BMOGS7: checks 
z00mba: bets $5
B1GBankroll: folds 
BMOGS7: folds 
Uncalled bet ($5) returned to z00mba
z00mba collected $10.45 from pot
z00mba: doesn't show hand 
*** SUMMARY ***
Total pot $11 | Rake $0.55 
Board [Ad 9c 4c]
Seat 1: socito folded before Flop (didn't bet)
Seat 2: BMOGS7 folded on the Flop
Seat 3: sutata folded before Flop (didn't bet)
Seat 4: z00mba (button) collected ($10.45)
Seat 5: rao999 (small blind) folded before Flop
Seat 6: B1GBankroll (big blind) folded on the Flop



PokerStars Hand #254538823094:  Hold'em No Limit ($0.50/$1.00 USD) - 2025/01/24 0:18:20 WET [2025/01/24 19:18:20 ET]
Table 'Vincentina III' 6-max Seat #5 is the button
Seat 1: socito ($100 in chips) 
Seat 2: BMOGS7 ($91 in chips) 
Seat 3: sutata ($111.50 in chips) 
Seat 4: z00mba ($107.95 in chips) 
Seat 5: rao999 ($100 in chips) 
Seat 6: B1GBankroll ($106.92 in chips) 
B1GBankroll: posts small blind $0.50
socito: posts big blind $1
*** HOLE CARDS ***
BMOGS7: calls $1
sutata: folds 
z00mba: folds 
rao999: folds 
B1GBankroll: raises $3.20 to $4.20
socito: folds 
BMOGS7: calls $3.20
*** FLOP *** [3s 2c 2h]
B1GBankroll: checks 
BMOGS7: bets $4.47
B1GBankroll: folds 
Uncalled bet ($4.47) returned to BMOGS7
BMOGS7 collected $8.93 from pot
*** SUMMARY ***
Total pot $9.40 | Rake $0.47 
Board [3s 2c 2h]
Seat 1: socito (big blind) folded before Flop
Seat 2: BMOGS7 collected ($8.93)
Seat 3: sutata folded before Flop (didn't bet)
Seat 4: z00mba folded before Flop (didn't bet)
Seat 5: rao999 (button) folded before Flop (didn't bet)
Seat 6: B1GBankroll (small blind) folded on the Flop



PokerStars Hand #254538832329:  Hold'em No Limit ($0.50/$1.00 USD) - 2025/01/24 0:19:00 WET [2025/01/24 19:19:00 ET]
Table 'Vincentina III' 6-max Seat #6 is the button
Seat 1: socito ($100 in chips) 
Seat 2: BMOGS7 ($95.73 in chips) 
Seat 3: sutata ($111.50 in chips) 
Seat 4: z00mba ($107.95 in chips) 
Seat 5: rao999 ($100 in chips) 
Seat 6: B1GBankroll ($102.72 in chips) 
socito: posts small blind $0.50
BMOGS7: posts big blind $1
*** HOLE CARDS ***
sutata: folds 
z00mba: folds 
rao999: folds 
B1GBankroll: raises $1.50 to $2.50
socito: folds 
BMOGS7: folds 
Uncalled bet ($1.50) returned to B1GBankroll
B1GBankroll collected $2.50 from pot
B1GBankroll: doesn't show hand 
*** SUMMARY ***
Total pot $2.50 | Rake $0 
Seat 1: socito (small blind) folded before Flop
Seat 2: BMOGS7 (big blind) folded before Flop
Seat 3: sutata folded before Flop (didn't bet)
Seat 4: z00mba folded before Flop (didn't bet)
Seat 5: rao999 folded before Flop (didn't bet)
Seat 6: B1GBankroll (button) collected ($2.50)



PokerStars Hand #254538835135:  Hold'em No Limit ($0.50/$1.00 USD) - 2025/01/24 0:19:12 WET [2025/01/24 19:19:12 ET]
Table 'Vincentina III' 6-max Seat #1 is the button
Seat 1: socito ($100 in chips) 
Seat 2: BMOGS7 ($94.73 in chips) 
Seat 3: sutata ($111.50 in chips) 
Seat 4: z00mba ($107.95 in chips) 
Seat 5: rao999 ($100 in chips) 
Seat 6: B1GBankroll ($104.22 in chips) 
BMOGS7: posts small blind $0.50
sutata: posts big blind $1
*** HOLE CARDS ***
z00mba: folds 
rao999: folds 
B1GBankroll: folds 
socito: folds 
BMOGS7: calls $0.50
sutata: checks 
*** FLOP *** [Kd 7d Ac]
BMOGS7: checks 
sutata: checks 
*** TURN *** [Kd 7d Ac] [2h]
BMOGS7: bets $1
sutata: calls $1
*** RIVER *** [Kd 7d Ac 2h] [6d]
BMOGS7: bets $1
sutata: calls $1
*** SHOW DOWN ***
BMOGS7: shows [Kh 9h] (a pair of Kings)
sutata: mucks hand 
BMOGS7 collected $5.70 from pot
*** SUMMARY ***
Total pot $6 | Rake $0.30 
Board [Kd 7d Ac 2h 6d]
Seat 1: socito (button) folded before Flop (didn't bet)
Seat 2: BMOGS7 (small blind) showed [Kh 9h] and won ($5.70) with a pair of Kings
Seat 3: sutata (big blind) mucked
Seat 4: z00mba folded before Flop (didn't bet)
Seat 5: rao999 folded before Flop (didn't bet)
Seat 6: B1GBankroll folded before Flop (didn't bet)



PokerStars Hand #254538842794:  Hold'em No Limit ($0.50/$1.00 USD) - 2025/01/24 0:19:45 WET [2025/01/24 19:19:45 ET]
Table 'Vincentina III' 6-max Seat #2 is the button
Seat 1: socito ($100 in chips) 
Seat 2: BMOGS7 ($97.43 in chips) 
Seat 3: sutata ($108.50 in chips) 
Seat 4: z00mba ($107.95 in chips) 
Seat 5: rao999 ($100 in chips) 
Seat 6: B1GBankroll ($104.22 in chips) 
sutata: posts small blind $0.50
z00mba: posts big blind $1
*** HOLE CARDS ***
rao999: folds 
B1GBankroll: folds 
socito: folds 
BMOGS7: calls $1
sutata: raises $3 to $4
z00mba: calls $3
BMOGS7: calls $3
*** FLOP *** [9d Js Td]
sutata: checks 
z00mba: checks 
BMOGS7: bets $5.70
sutata: folds 
z00mba: folds 
Uncalled bet ($5.70) returned to BMOGS7
BMOGS7 collected $11.40 from pot
*** SUMMARY ***
Total pot $12 | Rake $0.60 
Board [9d Js Td]
Seat 1: socito folded before Flop (didn't bet)
Seat 2: BMOGS7 (button) collected ($11.40)
Seat 3: sutata (small blind) folded on the Flop
Seat 4: z00mba (big blind) folded on the Flop
Seat 5: rao999 folded before Flop (didn't bet)
Seat 6: B1GBankroll folded before Flop (didn't bet)



PokerStars Hand #254538848300:  Hold'em No Limit ($0.50/$1.00 USD) - 2025/01/24 0:20:09 WET [2025/01/24 19:20:09 ET]
Table 'Vincentina III' 6-max Seat #3 is the button
Seat 1: socito ($100 in chips) 
Seat 2: BMOGS7 ($104.83 in chips) 
Seat 3: sutata ($104.50 in chips) 
Seat 4: z00mba ($103.95 in chips) 
Seat 5: rao999 ($100 in chips) 
Seat 6: B1GBankroll ($104.22 in chips) 
z00mba: posts small blind $0.50
rao999: posts big blind $1
*** HOLE CARDS ***
B1GBankroll: folds 
socito: folds 
BMOGS7: calls $1
sutata: folds 
z00mba: folds 
rao999: checks 
*** FLOP *** [5h 2s Tc]
rao999: checks 
BMOGS7: checks 
*** TURN *** [5h 2s Tc] [9d]
rao999: checks 
BMOGS7: bets $1
rao999: raises $7 to $8
BMOGS7: folds 
Uncalled bet ($7) returned to rao999
rao999 collected $4.28 from pot
rao999: doesn't show hand 
*** SUMMARY ***
Total pot $4.50 | Rake $0.22 
Board [5h 2s Tc 9d]
Seat 1: socito folded before Flop (didn't bet)
Seat 2: BMOGS7 folded on the Turn
Seat 3: sutata (button) folded before Flop (didn't bet)
Seat 4: z00mba (small blind) folded before Flop
Seat 5: rao999 (big blind) collected ($4.28)
Seat 6: B1GBankroll folded before Flop (didn't bet)



PokerStars Hand #254538853524:  Hold'em No Limit ($0.50/$1.00 USD) - 2025/01/24 0:20:32 WET [2025/01/24 19:20:32 ET]
Table 'Vincentina III' 6-max Seat #4 is the button
Seat 1: socito ($100 in chips) 
Seat 2: BMOGS7 ($102.83 in chips) 
Seat 3: sutata ($104.50 in chips) 
Seat 4: z00mba ($103.45 in chips) 
Seat 5: rao999 ($102.28 in chips) 
Seat 6: B1GBankroll ($104.22 in chips) 
rao999: posts small blind $0.50
B1GBankroll: posts big blind $1
*** HOLE CARDS ***
socito: raises $1.50 to $2.50
BMOGS7: folds 
sutata: folds 
z00mba: raises $5 to $7.50
rao999: folds 
B1GBankroll: folds 
socito: folds 
Uncalled bet ($5) returned to z00mba
z00mba collected $6.50 from pot
z00mba: doesn't show hand 
*** SUMMARY ***
Total pot $6.50 | Rake $0 
Seat 1: socito folded before Flop
Seat 2: BMOGS7 folded before Flop (didn't bet)
Seat 3: sutata folded before Flop (didn't bet)
Seat 4: z00mba (button) collected ($6.50)
Seat 5: rao999 (small blind) folded before Flop
Seat 6: B1GBankroll (big blind) folded before Flop



PokerStars Hand #254538859100:  Hold'em No Limit ($0.50/$1.00 USD) - 2025/01/24 0:20:56 WET [2025/01/24 19:20:56 ET]
Table 'Vincentina III' 6-max Seat #5 is the button
Seat 1: socito ($100 in chips) 
Seat 2: BMOGS7 ($102.83 in chips) 
Seat 3: sutata ($104.50 in chips) 
Seat 4: z00mba ($107.45 in chips) 
Seat 5: rao999 ($101.78 in chips) 
Seat 6: B1GBankroll ($103.22 in chips) 
B1GBankroll: posts small blind $0.50
socito: posts big blind $1
*** HOLE CARDS ***
BMOGS7: folds 
sutata: folds 
z00mba: folds 
rao999: folds 
B1GBankroll: folds 
Uncalled bet ($0.50) returned to socito
socito collected $1 from pot
socito: doesn't show hand 
*** SUMMARY ***
Total pot $1 | Rake $0 
Seat 1: socito (big blind) collected ($1)
Seat 2: BMOGS7 folded before Flop (didn't bet)
Seat 3: sutata folded before Flop (didn't bet)
Seat 4: z00mba folded before Flop (didn't bet)
Seat 5: rao999 (button) folded before Flop (didn't bet)
Seat 6: B1GBankroll (small blind) folded before Flop



PokerStars Hand #254538861483:  Hold'em No Limit ($0.50/$1.00 USD) - 2025/01/24 0:21:06 WET [2025/01/24 19:21:06 ET]
Table 'Vincentina III' 6-max Seat #6 is the button
Seat 1: socito ($100.50 in chips) 
Seat 2: BMOGS7 ($102.83 in chips) 
Seat 3: sutata ($104.50 in chips) 
Seat 4: z00mba ($107.45 in chips) 
Seat 5: rao999 ($101.78 in chips) 
Seat 6: B1GBankroll ($102.72 in chips) 
socito: posts small blind $0.50
BMOGS7: posts big blind $1
*** HOLE CARDS ***
sutata: folds 
z00mba: raises $1.50 to $2.50
rao999: folds 
B1GBankroll: folds 
socito: folds 
BMOGS7: calls $1.50
*** FLOP *** [9c Ac 5d]
BMOGS7: checks 
z00mba: bets $1.67
BMOGS7: calls $1.67
*** TURN *** [9c Ac 5d] [Ah]
BMOGS7: bets $1
z00mba: calls $1
*** RIVER *** [9c Ac 5d Ah] [5c]
BMOGS7: bets $5.15
z00mba: folds 
Uncalled bet ($5.15) returned to BMOGS7
BMOGS7 collected $10.30 from pot
*** SUMMARY ***
Total pot $10.84 | Rake $0.54 
Board [9c Ac 5d Ah 5c]
Seat 1: socito (small blind) folded before Flop
Seat 2: BMOGS7 (big blind) collected ($10.30)
Seat 3: sutata folded before Flop (didn't bet)
Seat 4: z00mba folded on the River
Seat 5: rao999 folded before Flop (didn't bet)
Seat 6: B1GBankroll (button) folded before Flop (didn't bet)



PokerStars Hand #254538869770:  Hold'em No Limit ($0.50/$1.00 USD) - 2025/01/24 0:21:43 WET [2025/01/24 19:21:43 ET]
Table 'Vincentina III' 6-max Seat #1 is the button
Seat 1: socito ($100 in chips) 
Seat 2: BMOGS7 ($107.96 in chips) 
Seat 3: sutata ($104.50 in chips) 
Seat 4: z00mba ($102.28 in chips) 
Seat 5: rao999 ($101.78 in chips) 
Seat 6: B1GBankroll ($102.72 in chips) 
BMOGS7: posts small blind $0.50
sutata: posts big blind $1
*** HOLE CARDS ***
z00mba: folds 
rao999: folds 
B1GBankroll: raises $1.50 to $2.50
socito: folds 
BMOGS7: folds 
sutata: folds 
Uncalled bet ($1.50) returned to B1GBankroll
B1GBankroll collected $2.50 from pot
B1GBankroll: doesn't show hand 
*** SUMMARY ***
Total pot $2.50 | Rake $0 
Seat 1: socito (button) folded before Flop (didn't bet)
Seat 2: BMOGS7 (small blind) folded before Flop
Seat 3: sutata (big blind) folded before Flop
Seat 4: z00mba folded before Flop (didn't bet)
Seat 5: rao999 folded before Flop (didn't bet)
Seat 6: B1GBankroll collected ($2.50)



PokerStars Hand #254538872754:  Hold'em No Limit ($0.50/$1.00 USD) - 2025/01/24 0:21:56 WET [2025/01/24 19:21:56 ET]
Table 'Vincentina III' 6-max Seat #2 is the button
Seat 1: socito ($100 in chips) 
Seat 2: BMOGS7 ($107.46 in chips) 
Seat 3: sutata ($103.50 in chips) 
Seat 4: z00mba ($102.28 in chips) 
Seat 5: rao999 ($101.78 in chips) 
Seat 6: B1GBankroll ($104.22 in chips) 
sutata: posts small blind $0.50
z00mba: posts big blind $1
*** HOLE CARDS ***
rao999: folds 
B1GBankroll: folds 
socito: folds 
BMOGS7: calls $1
sutata: folds 
z00mba: checks 
*** FLOP *** [8c 8h Ac]
z00mba: checks 
BMOGS7: bets $1
z00mba: calls $1
*** TURN *** [8c 8h Ac] [Td]
z00mba: checks 
BMOGS7: bets $1
z00mba: calls $1
*** RIVER *** [8c 8h Ac Td] [3d]
z00mba: checks 
BMOGS7: checks 
*** SHOW DOWN ***
z00mba: shows [Tc 7c] (two pair, Tens and Eights)
BMOGS7: mucks hand 
z00mba collected $6.18 from pot
*** SUMMARY ***
Total pot $6.50 | Rake $0.32 
Board [8c 8h Ac Td 3d]
Seat 1: socito folded before Flop (didn't bet)
Seat 2: BMOGS7 (button) mucked
Seat 3: sutata (small blind) folded before Flop
Seat 4: z00mba (big blind) showed [Tc 7c] and won ($6.18) with two pair, Tens and Eights
Seat 5: rao999 folded before Flop (didn't bet)
Seat 6: B1GBankroll folded before Flop (didn't bet)



PokerStars Hand #254538883440:  Hold'em No Limit ($0.50/$1.00 USD) - 2025/01/24 0:22:42 WET [2025/01/24 19:22:42 ET]
Table 'Vincentina III' 6-max Seat #3 is the button
Seat 1: socito ($100 in chips) 
Seat 2: BMOGS7 ($104.46 in chips) 
Seat 3: sutata ($103 in chips) 
Seat 4: z00mba ($105.46 in chips) 
Seat 5: rao999 ($101.78 in chips) 
Seat 6: B1GBankroll ($104.22 in chips) 
z00mba: posts small blind $0.50
rao999: posts big blind $1
*** HOLE CARDS ***
B1GBankroll: folds 
socito: folds 
BMOGS7: calls $1
sutata: folds 
z00mba: calls $0.50
rao999: checks 
*** FLOP *** [As 5d 3c]
z00mba: bets $2
rao999: folds 
BMOGS7: calls $2
*** TURN *** [As 5d 3c] [7s]
z00mba: bets $5.05
BMOGS7: folds 
Uncalled bet ($5.05) returned to z00mba
z00mba collected $6.65 from pot
z00mba: doesn't show hand 
*** SUMMARY ***
Total pot $7 | Rake $0.35 
Board [As 5d 3c 7s]
Seat 1: socito folded before Flop (didn't bet)
Seat 2: BMOGS7 folded on the Turn
Seat 3: sutata (button) folded before Flop (didn't bet)
Seat 4: z00mba (small blind) collected ($6.65)
Seat 5: rao999 (big blind) folded on the Flop
Seat 6: B1GBankroll folded before Flop (didn't bet)



PokerStars Hand #254538892584:  Hold'em No Limit ($0.50/$1.00 USD) - 2025/01/24 0:23:22 WET [2025/01/24 19:23:22 ET]
Table 'Vincentina III' 6-max Seat #4 is the button
Seat 1: socito ($100 in chips) 
Seat 2: BMOGS7 ($101.46 in chips) 
Seat 3: sutata ($103 in chips) 
Seat 4: z00mba ($109.11 in chips) 
Seat 5: rao999 ($100.78 in chips) 
Seat 6: B1GBankroll ($104.22 in chips) 
rao999: posts small blind $0.50
B1GBankroll: posts big blind $1
*** HOLE CARDS ***
socito: folds 
BMOGS7: calls $1
sutata: folds 
z00mba: folds 
rao999: calls $0.50
B1GBankroll: checks 
*** FLOP *** [9h Qh Kc]
rao999: checks 
B1GBankroll: checks 
BMOGS7: checks 
*** TURN *** [9h Qh Kc] [Th]
rao999: bets $2.14
B1GBankroll: calls $2.14
BMOGS7: folds 
*** RIVER *** [9h Qh Kc Th] [Jh]
rao999: checks 
B1GBankroll: checks 
*** SHOW DOWN ***
rao999: shows [7h 2h] (a flush, Queen high)
B1GBankroll: mucks hand 
rao999 collected $6.92 from pot
*** SUMMARY ***
Total pot $7.28 | Rake $0.36 
Board [9h Qh Kc Th Jh]
Seat 1: socito folded before Flop (didn't bet)
Seat 2: BMOGS7 folded on the Turn
Seat 3: sutata folded before Flop (didn't bet)
Seat 4: z00mba (button) folded before Flop (didn't bet)
Seat 5: rao999 (small blind) showed [7h 2h] and won ($6.92) with a flush, Queen high
Seat 6: B1GBankroll (big blind) mucked



PokerStars Hand #254538904095:  Hold'em No Limit ($0.50/$1.00 USD) - 2025/01/24 0:24:14 WET [2025/01/24 19:24:14 ET]
Table 'Vincentina III' 6-max Seat #5 is the button
Seat 1: socito ($100 in chips) 
Seat 2: BMOGS7 ($100.46 in chips) 
Seat 3: sutata ($103 in chips) 
Seat 4: z00mba ($109.11 in chips) 
Seat 5: rao999 ($104.56 in chips) 
Seat 6: B1GBankroll ($101.08 in chips) 
B1GBankroll: posts small blind $0.50
socito: posts big blind $1
*** HOLE CARDS ***
BMOGS7: folds 
sutata: folds 
z00mba: folds 
rao999: folds 
B1GBankroll: folds 
Uncalled bet ($0.50) returned to socito
socito collected $1 from pot
socito: doesn't show hand 
*** SUMMARY ***
Total pot $1 | Rake $0 
Seat 1: socito (big blind) collected ($1)
Seat 2: BMOGS7 folded before Flop (didn't bet)
Seat 3: sutata folded before Flop (didn't bet)
Seat 4: z00mba folded before Flop (didn't bet)
Seat 5: rao999 (button) folded before Flop (didn't bet)
Seat 6: B1GBankroll (small blind) folded before Flop



PokerStars Hand #254538906540:  Hold'em No Limit ($0.50/$1.00 USD) - 2025/01/24 0:24:25 WET [2025/01/24 19:24:25 ET]
Table 'Vincentina III' 6-max Seat #6 is the button
Seat 1: socito ($100.50 in chips) 
Seat 2: BMOGS7 ($100.46 in chips) 
Seat 3: sutata ($103 in chips) 
Seat 4: z00mba ($109.11 in chips) 
Seat 5: rao999 ($104.56 in chips) 
Seat 6: B1GBankroll ($100.58 in chips) 
socito: posts small blind $0.50
BMOGS7: posts big blind $1
*** HOLE CARDS ***
sutata: folds 
z00mba: folds 
rao999: folds 
B1GBankroll: raises $1.50 to $2.50
socito: folds 
BMOGS7: calls $1.50
*** FLOP *** [5d 3d 4h]
BMOGS7: bets $2.61
B1GBankroll: folds 
Uncalled bet ($2.61) returned to BMOGS7
BMOGS7 collected $5.22 from pot
*** SUMMARY ***
Total pot $5.50 | Rake $0.28 
Board [5d 3d 4h]
Seat 1: socito (small blind) folded before Flop
Seat 2: BMOGS7 (big blind) collected ($5.22)
Seat 3: sutata folded before Flop (didn't bet)
Seat 4: z00mba folded before Flop (didn't bet)
Seat 5: rao999 folded before Flop (didn't bet)
Seat 6: B1GBankroll (button) folded on the Flop



PokerStars Hand #254538912736:  Hold'em No Limit ($0.50/$1.00 USD) - 2025/01/24 0:24:52 WET [2025/01/24 19:24:52 ET]
Table 'Vincentina III' 6-max Seat #1 is the button
Seat 1: socito ($100 in chips) 
Seat 2: BMOGS7 ($103.18 in chips) 
Seat 3: sutata ($103 in chips) 
Seat 4: z00mba ($109.11 in chips) 
Seat 5: rao999 ($104.56 in chips) 
Seat 6: B1GBankroll ($100 in chips) 
BMOGS7: posts small blind $0.50
sutata: posts big blind $1
*** HOLE CARDS ***
z00mba: folds 
rao999: folds 
B1GBankroll: folds 
socito: folds 
BMOGS7: calls $0.50
sutata: checks 
*** FLOP *** [Ks 2c Ad]
BMOGS7: checks 
sutata: checks 
*** TURN *** [Ks 2c Ad] [8c]
BMOGS7: bets $1
sutata: calls $1
*** RIVER *** [Ks 2c Ad 8c] [6h]
BMOGS7: checks 
sutata: bets $7.56
BMOGS7: folds 
Uncalled bet ($7.56) returned to sutata
sutata collected $3.80 from pot
sutata: doesn't show hand 
*** SUMMARY ***
Total pot $4 | Rake $0.20 
Board [Ks 2c Ad 8c 6h]
Seat 1: socito (button) folded before Flop (didn't bet)
Seat 2: BMOGS7 (small blind) folded on the River
Seat 3: sutata (big blind) collected ($3.80)
Seat 4: z00mba folded before Flop (didn't bet)
Seat 5: rao999 folded before Flop (didn't bet)
Seat 6: B1GBankroll folded before Flop (didn't bet)



PokerStars Hand #254538922179:  Hold'em No Limit ($0.50/$1.00 USD) - 2025/01/24 0:25:34 WET [2025/01/24 19:25:34 ET]
Table 'Vincentina III' 6-max Seat #2 is the button
Seat 1: socito ($100 in chips) 
Seat 2: BMOGS7 ($101.18 in chips) 
Seat 3: sutata ($104.80 in chips) 
Seat 4: z00mba ($109.11 in chips) 
Seat 5: rao999 ($104.56 in chips) 
Seat 6: B1GBankroll ($100 in chips) 
sutata: posts small blind $0.50
z00mba: posts big blind $1
*** HOLE CARDS ***
rao999: raises $1.50 to $2.50
B1GBankroll: folds 
socito: folds 
BMOGS7: raises $1.50 to $4
sutata: folds 
z00mba: folds 
rao999: calls $1.50
*** FLOP *** [Ks Js 5h]
rao999: checks 
BMOGS7: bets $4.51
rao999: folds 
Uncalled bet ($4.51) returned to BMOGS7
BMOGS7 collected $9.02 from pot
*** SUMMARY ***
Total pot $9.50 | Rake $0.48 
Board [Ks Js 5h]
Seat 1: socito folded before Flop (didn't bet)
Seat 2: BMOGS7 (button) collected ($9.02)
Seat 3: sutata (small blind) folded before Flop
Seat 4: z00mba (big blind) folded before Flop
Seat 5: rao999 folded on the Flop
Seat 6: B1GBankroll folded before Flop (didn't bet)



PokerStars Hand #254538928637:  Hold'em No Limit ($0.50/$1.00 USD) - 2025/01/24 0:26:03 WET [2025/01/24 19:26:03 ET]
Table 'Vincentina III' 6-max Seat #3 is the button
Seat 1: socito ($100 in chips) 
Seat 2: BMOGS7 ($106.20 in chips) 
Seat 3: sutata ($104.30 in chips) 
Seat 4: z00mba ($108.11 in chips) 
Seat 5: rao999 ($100.56 in chips) 
Seat 6: B1GBankroll ($100 in chips) 
z00mba: posts small blind $0.50
rao999: posts big blind $1
*** HOLE CARDS ***
B1GBankroll: folds 
socito: folds 
BMOGS7: folds 
sutata: raises $2 to $3
z00mba: folds 
rao999: folds 
Uncalled bet ($2) returned to sutata
sutata collected $2.50 from pot
sutata: doesn't show hand 
*** SUMMARY ***
Total pot $2.50 | Rake $0 
Seat 1: socito folded before Flop (didn't bet)
Seat 2: BMOGS7 folded before Flop (didn't bet)
Seat 3: sutata (button) collected ($2.50)
Seat 4: z00mba (small blind) folded before Flop
Seat 5: rao999 (big blind) folded before Flop
Seat 6: B1GBankroll folded before Flop (didn't bet)



PokerStars Hand #254538933163:  Hold'em No Limit ($0.50/$1.00 USD) - 2025/01/24 0:26:24 WET [2025/01/24 19:26:24 ET]
Table 'Vincentina III' 6-max Seat #4 is the button
Seat 1: socito ($100 in chips) 
Seat 2: BMOGS7 ($106.20 in chips) 
Seat 3: sutata ($105.80 in chips) 
Seat 4: z00mba ($107.61 in chips) 
Seat 5: rao999 ($100 in chips) 
Seat 6: B1GBankroll ($100 in chips) 
rao999: posts small blind $0.50
B1GBankroll: posts big blind $1
*** HOLE CARDS ***
socito: folds 
BMOGS7: folds 
sutata: folds 
z00mba: folds 
rao999: folds 
Uncalled bet ($0.50) returned to B1GBankroll
B1GBankroll collected $1 from pot
B1GBankroll: doesn't show hand 
*** SUMMARY ***
Total pot $1 | Rake $0 
Seat 1: socito folded before Flop (didn't bet)
Seat 2: BMOGS7 folded before Flop (didn't bet)
Seat 3: sutata folded before Flop (didn't bet)
Seat 4: z00mba (button) folded before Flop (didn't bet)
Seat 5: rao999 (small blind) folded before Flop
Seat 6: B1GBankroll (big blind) collected ($1)



PokerStars Hand #254538937622:  Hold'em No Limit ($0.50/$1.00 USD) - 2025/01/24 0:26:44 WET [2025/01/24 19:26:44 ET]
Table 'Vincentina III' 6-max Seat #5 is the button
Seat 1: socito ($100 in chips) 
Seat 2: BMOGS7 ($106.20 in chips) 
Seat 3: sutata ($105.80 in chips) 
Seat 4: z00mba ($107.61 in chips) 
Seat 5: rao999 ($100 in chips) 
Seat 6: B1GBankroll ($100.50 in chips) 
B1GBankroll: posts small blind $0.50
socito: posts big blind $1
*** HOLE CARDS ***
BMOGS7: calls $1
sutata: folds 
z00mba: folds 
rao999: raises $3 to $4
B1GBankroll: folds 
socito: calls $3
BMOGS7: calls $3
*** FLOP *** [Ad 3s 9s]
socito: checks 
BMOGS7: bets $5.94
rao999: folds 
socito: folds 
Uncalled bet ($5.94) returned to BMOGS7
BMOGS7 collected $11.88 from pot
*** SUMMARY ***
Total pot $12.50 | Rake $0.62 
Board [Ad 3s 9s]
Seat 1: socito (big blind) folded on the Flop
Seat 2: BMOGS7 collected ($11.88)
Seat 3: sutata folded before Flop (didn't bet)
Seat 4: z00mba folded before Flop (didn't bet)
Seat 5: rao999 (button) folded on the Flop
Seat 6: B1GBankroll (small blind) folded before Flop



PokerStars Hand #254538945295:  Hold'em No Limit ($0.50/$1.00 USD) - 2025/01/24 0:27:19 WET [2025/01/24 19:27:19 ET]
Table 'Vincentina III' 6-max Seat #6 is the button
Seat 1: socito ($100 in chips) 
Seat 2: BMOGS7 ($114.08 in chips) 
Seat 3: sutata ($105.80 in chips) 
Seat 4: z00mba ($107.61 in chips) 
Seat 5: rao999 ($100 in chips) 
Seat 6: B1GBankroll ($100 in chips) 
socito: posts small blind $0.50
BMOGS7: posts big blind $1
*** HOLE CARDS ***
sutata: folds 
z00mba: raises $1.50 to $2.50
rao999: folds 
B1GBankroll: raises $5 to $7.50
socito: folds 
BMOGS7: folds 
z00mba: folds 
Uncalled bet ($5) returned to B1GBankroll
B1GBankroll collected $6.50 from pot
B1GBankroll: doesn't show hand 
*** SUMMARY ***
Total pot $6.50 | Rake $0 
Seat 1: socito (small blind) folded before Flop
Seat 2: BMOGS7 (big blind) folded before Flop
Seat 3: sutata folded before Flop (didn't bet)
Seat 4: z00mba folded before Flop
Seat 5: rao999 folded before Flop (didn't bet)
Seat 6: B1GBankroll (button) collected ($6.50)



PokerStars Hand #254538951517:  Hold'em No Limit ($0.50/$1.00 USD) - 2025/01/24 0:27:47 WET [2025/01/24 19:27:47 ET]
Table 'Vincentina III' 6-max Seat #1 is the button
Seat 1: socito ($100 in chips) 
Seat 2: BMOGS7 ($113.08 in chips) 
Seat 3: sutata ($105.80 in chips) 
Seat 4: z00mba ($105.11 in chips) 
Seat 5: rao999 ($100 in chips) 
Seat 6: B1GBankroll ($104 in chips) 
BMOGS7: posts small blind $0.50
sutata: posts big blind $1
*** HOLE CARDS ***
z00mba: folds 
rao999: raises $1.50 to $2.50
B1GBankroll: folds 
socito: folds 
BMOGS7: calls $2
sutata: calls $1.50
*** FLOP *** [9h 4s 8c]
BMOGS7: checks 
sutata: checks 
rao999: checks 
*** TURN *** [9h 4s 8c] [6c]
BMOGS7: bets $3.56
sutata: folds 
rao999: calls $3.56
*** RIVER *** [9h 4s 8c 6c] [Tc]
BMOGS7: checks 
rao999: checks 
*** SHOW DOWN ***
BMOGS7: shows [8d Ad] (a pair of Eights)
rao999: mucks hand 
BMOGS7 collected $13.89 from pot
*** SUMMARY ***
Total pot $14.62 | Rake $0.73 
Board [9h 4s 8c 6c Tc]
Seat 1: socito (button) folded before Flop (didn't bet)
Seat 2: BMOGS7 (small blind) showed [8d Ad] and won ($13.89) with a pair of Eights
Seat 3: sutata (big blind) folded on the Turn
Seat 4: z00mba folded before Flop (didn't bet)
Seat 5: rao999 mucked
Seat 6: B1GBankroll folded before Flop (didn't bet)



PokerStars Hand #254538964440:  Hold'em No Limit ($0.50/$1.00 USD) - 2025/01/24 0:28:45 WET [2025/01/24 19:28:45 ET]
Table 'Vincentina III' 6-max Seat #2 is the button
Seat 4: z00mba ($105.11 in chips) is sitting out
Seat 1: socito ($100 in chips) 
Seat 2: BMOGS7 ($120.91 in chips) 
Seat 3: sutata ($103.30 in chips) 
Seat 5: rao999 ($100 in chips) 
Seat 6: B1GBankroll ($104 in chips) 
sutata: posts small blind $0.50
z00mba: is sitting out 
rao999: posts big blind $1
*** HOLE CARDS ***
B1GBankroll: folds 
socito: raises $1.50 to $2.50
BMOGS7: folds 
sutata: folds 
rao999: folds 
Uncalled bet ($1.50) returned to socito
socito collected $2.50 from pot
socito: doesn't show hand 
*** SUMMARY ***
Total pot $2.50 | Rake $0 
Seat 4: z00mba
Seat 1: socito collected ($2.50)
Seat 2: BMOGS7 (button) folded before Flop (didn't bet)
Seat 3: sutata (small blind) folded before Flop
Seat 5: rao999 (big blind) folded before Flop
Seat 6: B1GBankroll folded before Flop (didn't bet)



PokerStars Hand #254538967687:  Hold'em No Limit ($0.50/$1.00 USD) - 2025/01/24 0:28:59 WET [2025/01/24 19:28:59 ET]
Table 'Vincentina III' 6-max Seat #3 is the button
Seat 4: z00mba ($105.11 in chips) is sitting out
Seat 1: socito ($101.50 in chips) 
Seat 2: BMOGS7 ($120.91 in chips) 
Seat 3: sutata ($102.80 in chips) 
Seat 5: rao999 ($100 in chips) 
Seat 6: B1GBankroll ($104 in chips) 
rao999: posts small blind $0.50
B1GBankroll: posts big blind $1
*** HOLE CARDS ***
socito: raises $1.50 to $2.50
BMOGS7: calls $2.50
sutata: folds 
rao999: folds 
B1GBankroll: folds 
*** FLOP *** [3h 9s Ts]
socito: checks 
BMOGS7: bets $3.09
socito: raises $8.16 to $11.25
BMOGS7: calls $8.16
*** TURN *** [3h 9s Ts] [Kh]
socito: bets $20.66
BMOGS7: calls $20.66
*** RIVER *** [3h 9s Ts Kh] [8s]
socito: bets $67.09 and is all-in
BMOGS7: calls $67.09
*** SHOW DOWN ***
socito: shows [9h 9c] (three of a kind, Nines)
BMOGS7: shows [8c Tc] (two pair, Tens and Eights)
socito collected $202 from pot
*** SUMMARY ***
Total pot $204.50 | Rake $2.50 
Board [3h 9s Ts Kh 8s]
Seat 4: z00mba
Seat 1: socito showed [9h 9c] and won ($202) with three of a kind, Nines
Seat 2: BMOGS7 showed [8c Tc] and lost with two pair, Tens and Eights
Seat 3: sutata (button) folded before Flop (didn't bet)
Seat 5: rao999 (small blind) folded before Flop
Seat 6: B1GBankroll (big blind) folded before Flop



PokerStars Hand #254538973697:  Hold'em No Limit ($0.50/$1.00 USD) - 2025/01/24 0:29:26 WET [2025/01/24 19:29:26 ET]
Table 'Vincentina III' 6-max Seat #5 is the button
Seat 4: z00mba ($105.11 in chips) is sitting out
Seat 1: socito ($202 in chips) 
Seat 2: BMOGS7 ($19.41 in chips) 
Seat 3: sutata ($102.80 in chips) 
Seat 5: rao999 ($100 in chips) 
Seat 6: B1GBankroll ($103 in chips) 
B1GBankroll: posts small blind $0.50
socito: posts big blind $1
z00mba: sits out 
*** HOLE CARDS ***
BMOGS7: folds 
sutata: folds 
BMOGS7 leaves the table
rao999: raises $1.50 to $2.50
B1GBankroll: folds 
socito: folds 
Uncalled bet ($1.50) returned to rao999
rao999 collected $2.50 from pot
rao999: doesn't show hand 
*** SUMMARY ***
Total pot $2.50 | Rake $0 
Seat 4: z00mba
Seat 1: socito (big blind) folded before Flop
Seat 2: BMOGS7 folded before Flop (didn't bet)
Seat 3: sutata folded before Flop (didn't bet)
Seat 5: rao999 (button) collected ($2.50)
Seat 6: B1GBankroll (small blind) folded before Flop



PokerStars Hand #254538977735:  Hold'em No Limit ($0.50/$1.00 USD) - 2025/01/24 0:29:44 WET [2025/01/24 19:29:44 ET]
Table 'Vincentina III' 6-max Seat #6 is the button
Seat 4: z00mba ($105.11 in chips) is sitting out
Seat 1: socito ($201 in chips) 
Seat 3: sutata ($102.80 in chips) 
Seat 5: rao999 ($101.50 in chips) 
Seat 6: B1GBankroll ($102.50 in chips) 
socito: posts small blind $0.50
sutata: posts big blind $1
z00mba: sits out 
*** HOLE CARDS ***
rao999: folds 
B1GBankroll: folds 
socito: raises $2 to $3
sutata: raises $7.30 to $10.30
socito: raises $12.20 to $22.50
Unipoker11 joins the table at seat #2 
sutata: calls $12.20
*** FLOP *** [9c Js 2d]
socito: checks 
sutata: checks 
*** TURN *** [9c Js 2d] [4d]
z00mba leaves the table
socito: checks 
sutata: bets $14.67
socito: calls $14.67
*** RIVER *** [9c Js 2d 4d] [9s]
socito: checks 
sutata: bets $65.63 and is all-in
socito: calls $65.63
*** SHOW DOWN ***
sutata: shows [Qh Jh] (two pair, Jacks and Nines)
socito: shows [Ah 4h] (two pair, Nines and Fours)
sutata collected $204.60 from pot
*** SUMMARY ***
Total pot $205.60 | Rake $1 
Board [9c Js 2d 4d 9s]
Seat 4: z00mba
Seat 1: socito (small blind) showed [Ah 4h] and lost with two pair, Nines and Fours
Seat 3: sutata (big blind) showed [Qh Jh] and won ($204.60) with two pair, Jacks and Nines
Seat 5: rao999 folded before Flop (didn't bet)
Seat 6: B1GBankroll (button) folded before Flop (didn't bet)



PokerStars Hand #254539005090:  Hold'em No Limit ($0.50/$1.00 USD) - 2025/01/24 0:31:47 WET [2025/01/24 19:31:47 ET]
Table 'Vincentina III' 6-max Seat #1 is the button
Seat 2: Unipoker11 ($101 in chips) is sitting out
Seat 5: rao999 ($101.50 in chips) is sitting out
Seat 1: socito ($100 in chips) 
Seat 3: sutata ($204.60 in chips) 
Seat 6: B1GBankroll ($102.50 in chips) 
sutata: posts small blind $0.50
rao999: is sitting out 
B1GBankroll: posts big blind $1
*** HOLE CARDS ***
socito: raises $1.50 to $2.50
sutata: folds 
B1GBankroll: calls $1.50
*** FLOP *** [Tc 5d Qh]
B1GBankroll: checks 
socito: checks 
*** TURN *** [Tc 5d Qh] [5s]
B1GBankroll: bets $2.56
socito: calls $2.56
*** RIVER *** [Tc 5d Qh 5s] [5h]
B1GBankroll: bets $8.98
sutata leaves the table
socito: calls $8.98
*** SHOW DOWN ***
B1GBankroll: shows [Kd 8h] (three of a kind, Fives)
socito: shows [Th 7h] (a full house, Fives full of Tens)
socito collected $27.58 from pot
*** SUMMARY ***
Total pot $28.58 | Rake $1 
Board [Tc 5d Qh 5s 5h]
Seat 2: Unipoker11
Seat 5: rao999
Seat 1: socito (button) showed [Th 7h] and won ($27.58) with a full house, Fives full of Tens
Seat 3: sutata (small blind) folded before Flop
Seat 6: B1GBankroll (big blind) showed [Kd 8h] and lost with three of a kind, Fives



PokerStars Hand #254539023266:  Hold'em No Limit ($0.50/$1.00 USD) - 2025/01/24 0:33:10 WET [2025/01/24 19:33:10 ET]
Table 'Vincentina III' 6-max Seat #6 is the button
Seat 5: rao999 ($101.50 in chips) is sitting out
Seat 1: socito ($113.54 in chips) 
Seat 2: Unipoker11 ($101 in chips) 
Seat 6: B1GBankroll ($100 in chips) 
socito: posts small blind $0.50
Unipoker11: posts big blind $1
*** HOLE CARDS ***
B1GBankroll: folds 
socito: folds 
Uncalled bet ($0.50) returned to Unipoker11
Unipoker11 collected $1 from pot
Unipoker11: doesn't show hand 
*** SUMMARY ***
Total pot $1 | Rake $0 
Seat 5: rao999
Seat 1: socito (small blind) folded before Flop
Seat 2: Unipoker11 (big blind) collected ($1)
Seat 6: B1GBankroll (button) folded before Flop (didn't bet)



PokerStars Hand #254539024721:  Hold'em No Limit ($0.50/$1.00 USD) - 2025/01/24 0:33:17 WET [2025/01/24 19:33:17 ET]
Table 'Vincentina III' 6-max Seat #1 is the button
Seat 5: rao999 ($101.50 in chips) is sitting out
Seat 1: socito ($113.04 in chips) 
Seat 2: Unipoker11 ($101.50 in chips) 
Seat 6: B1GBankroll ($100 in chips) 
Unipoker11: posts small blind $0.50
B1GBankroll: posts big blind $1
*** HOLE CARDS ***
socito: folds 
Unipoker11: folds 
Uncalled bet ($0.50) returned to B1GBankroll
socito leaves the table
B1GBankroll collected $1 from pot
B1GBankroll: doesn't show hand 
*** SUMMARY ***
Total pot $1 | Rake $0 
Seat 5: rao999
Seat 1: socito (button) folded before Flop (didn't bet)
Seat 2: Unipoker11 (small blind) folded before Flop
Seat 6: B1GBankroll (big blind) collected ($1)



PokerStars Hand #254539027132:  Hold'em No Limit ($0.50/$1.00 USD) - 2025/01/24 0:33:28 WET [2025/01/24 19:33:28 ET]
Table 'Vincentina III' 6-max Seat #6 is the button
Seat 5: rao999 ($101.50 in chips) is sitting out
Seat 2: Unipoker11 ($101 in chips) 
Seat 6: B1GBankroll ($100.50 in chips) 
B1GBankroll: posts small blind $0.50
Unipoker11: posts big blind $1
*** HOLE CARDS ***
B1GBankroll: raises $1.50 to $2.50
Unipoker11: folds 
Uncalled bet ($1.50) returned to B1GBankroll
B1GBankroll collected $2 from pot
B1GBankroll: doesn't show hand 
*** SUMMARY ***
Total pot $2 | Rake $0 
Seat 5: rao999
Seat 2: Unipoker11 (big blind) folded before Flop
Seat 6: B1GBankroll (button) (small blind) collected ($2)



PokerStars Hand #254539029614:  Hold'em No Limit ($0.50/$1.00 USD) - 2025/01/24 0:33:39 WET [2025/01/24 19:33:39 ET]
Table 'Vincentina III' 6-max Seat #2 is the button
Seat 5: rao999 ($101.50 in chips) is sitting out
Seat 2: Unipoker11 ($100 in chips) 
Seat 6: B1GBankroll ($101.50 in chips) 
Unipoker11: posts small blind $0.50
B1GBankroll: posts big blind $1
*** HOLE CARDS ***
Unipoker11: raises $1.50 to $2.50
B1GBankroll: folds 
Uncalled bet ($1.50) returned to Unipoker11
Unipoker11 collected $2 from pot
Unipoker11: doesn't show hand 
*** SUMMARY ***
Total pot $2 | Rake $0 
Seat 5: rao999
Seat 2: Unipoker11 (button) (small blind) collected ($2)
Seat 6: B1GBankroll (big blind) folded before Flop



