PokerStars Hand #254539205730:  Hold'em No Limit ($0.50/$1.00 USD) - 2025/01/24 0:47:25 WET [2025/01/24 19:47:25 ET]
Table 'Aphelion IV' 6-max Seat #3 is the button
Seat 1: Xenicide ($100 in chips) 
Seat 3: nikalas22 ($100 in chips) 
Seat 6: BeauParleur ($100 in chips) 
BeauParleur: posts small blind $0.50
Xenicide: posts big blind $1
*** HOLE CARDS ***
nikalas22: folds 
BeauParleur: raises $2 to $3
Xenicide: folds 
Uncalled bet ($2) returned to BeauParleur
BeauParleur collected $2 from pot
BeauParleur: doesn't show hand 
*** SUMMARY ***
Total pot $2 | Rake $0 
Seat 1: Xenicide (big blind) folded before Flop
Seat 3: nikalas22 (button) folded before Flop (didn't bet)
Seat 6: BeauParleur (small blind) collected ($2)



PokerStars Hand #254539210744:  Hold'em No Limit ($0.50/$1.00 USD) - 2025/01/24 0:47:49 WET [2025/01/24 19:47:49 ET]
Table 'Aphelion IV' 6-max Seat #6 is the button
Seat 1: Xenicide ($100 in chips) 
Seat 3: nikalas22 ($100 in chips) 
Seat 6: BeauParleur ($101 in chips) 
Xenicide: posts small blind $0.50
nikalas22: posts big blind $1
*** HOLE CARDS ***
BeauParleur: folds 
Xenicide: folds 
Uncalled bet ($0.50) returned to nikalas22
nikalas22 collected $1 from pot
nikalas22: doesn't show hand 
*** SUMMARY ***
Total pot $1 | Rake $0 
Seat 1: Xenicide (small blind) folded before Flop
Seat 3: nikalas22 (big blind) collected ($1)
Seat 6: BeauParleur (button) folded before Flop (didn't bet)



PokerStars Hand #254539212294:  Hold'em No Limit ($0.50/$1.00 USD) - 2025/01/24 0:47:56 WET [2025/01/24 19:47:56 ET]
Table 'Aphelion IV' 6-max Seat #1 is the button
Seat 1: Xenicide ($100 in chips) 
Seat 6: BeauParleur ($101 in chips) 
Xenicide: posts small blind $0.50
BeauParleur: posts big blind $1
*** HOLE CARDS ***
Xenicide: raises $1.25 to $2.25
BeauParleur: raises $7.75 to $10
Xenicide: folds 
Uncalled bet ($7.75) returned to BeauParleur
BeauParleur collected $4.50 from pot
BeauParleur: doesn't show hand 
*** SUMMARY ***
Total pot $4.50 | Rake $0 
Seat 1: Xenicide (button) (small blind) folded before Flop
Seat 6: BeauParleur (big blind) collected ($4.50)



PokerStars Hand #254539218095:  Hold'em No Limit ($0.50/$1.00 USD) - 2025/01/24 0:48:24 WET [2025/01/24 19:48:24 ET]
Table 'Aphelion IV' 6-max Seat #6 is the button
Seat 1: Xenicide ($100 in chips) 
Seat 6: BeauParleur ($103.25 in chips) 
BeauParleur: posts small blind $0.50
Xenicide: posts big blind $1
*** HOLE CARDS ***
BeauParleur: raises $1.25 to $2.25
Xenicide: raises $7.75 to $10
BeauParleur: folds 
Uncalled bet ($7.75) returned to Xenicide
Xenicide collected $4.50 from pot
*** SUMMARY ***
Total pot $4.50 | Rake $0 
Seat 1: Xenicide (big blind) collected ($4.50)
Seat 6: BeauParleur (button) (small blind) folded before Flop



