PokerStars Hand #254535438728:  Hold'em No Limit ($0.50/$1.00 USD) - 2025/01/24 21:23:56 WET [2025/01/24 16:23:56 ET]
Table 'Anteros IV' 6-max Seat #1 is the button
Seat 1: Manifestorr ($100 in chips) 
Seat 2: ptolejmus ($10 in chips) 
Seat 5: XneferX ($100 in chips) 
Seat 6: aoish30 ($100 in chips) 
ptolejmus: posts small blind $0.50
XneferX: posts big blind $1
*** HOLE CARDS ***
aoish30: folds 
Manifestorr: raises $1.20 to $2.20
ptolejmus: folds 
XneferX: calls $1.20
*** FLOP *** [As 8d Td]
XneferX: checks 
Manifestorr: bets $6.29
michasia joins the table at seat #4 
maver200981 joins the table at seat #3 
XneferX: calls $6.29
*** TURN *** [As 8d Td] [4s]
XneferX: checks 
Manifestorr: bets $21.26
XneferX: calls $21.26
*** RIVER *** [As 8d Td 4s] [Ks]
XneferX: checks 
Manifestorr: bets $70.25 and is all-in
XneferX: calls $70.25 and is all-in
*** SHOW DOWN ***
Manifestorr: shows [Js Qs] (a flush, Ace high)
XneferX: shows [5c Ad] (a pair of Aces)
Manifestorr collected $199.50 from pot
*** SUMMARY ***
Total pot $200.50 | Rake $1 
Board [As 8d Td 4s Ks]
Seat 1: Manifestorr (button) showed [Js Qs] and won ($199.50) with a flush, Ace high
Seat 2: ptolejmus (small blind) folded before Flop
Seat 5: XneferX (big blind) showed [5c Ad] and lost with a pair of Aces
Seat 6: aoish30 folded before Flop (didn't bet)



PokerStars Hand #254535463683:  Hold'em No Limit ($0.50/$1.00 USD) - 2025/01/24 21:25:16 WET [2025/01/24 16:25:16 ET]
Table 'Anteros IV' 6-max Seat #2 is the button
Seat 3: maver200981 ($100 in chips) is sitting out
Seat 4: michasia ($100 in chips) is sitting out
Seat 1: Manifestorr ($199.50 in chips) 
Seat 2: ptolejmus ($10 in chips) 
Seat 5: XneferX ($100 in chips) 
Seat 6: aoish30 ($100 in chips) 
XneferX: posts small blind $0.50
aoish30: posts big blind $1
*** HOLE CARDS ***
Manifestorr: raises $1.20 to $2.20
ptolejmus: folds 
XneferX: folds 
aoish30: folds 
Uncalled bet ($1.20) returned to Manifestorr
Manifestorr collected $2.50 from pot
*** SUMMARY ***
Total pot $2.50 | Rake $0 
Seat 3: maver200981
Seat 4: michasia
Seat 1: Manifestorr collected ($2.50)
Seat 2: ptolejmus (button) folded before Flop (didn't bet)
Seat 5: XneferX (small blind) folded before Flop
Seat 6: aoish30 (big blind) folded before Flop



PokerStars Hand #254535468997:  Hold'em No Limit ($0.50/$1.00 USD) - 2025/01/24 21:25:32 WET [2025/01/24 16:25:32 ET]
Table 'Anteros IV' 6-max Seat #5 is the button
Seat 1: Manifestorr ($201 in chips) is sitting out
Seat 4: michasia ($100 in chips) is sitting out
Seat 2: ptolejmus ($10 in chips) 
Seat 3: maver200981 ($100 in chips) 
Seat 5: XneferX ($100 in chips) 
Seat 6: aoish30 ($100 in chips) 
aoish30: posts small blind $0.50
Manifestorr: is sitting out 
ptolejmus: posts big blind $1
maver200981: posts big blind $1
michasia: sits out 
*** HOLE CARDS ***
maver200981: checks 
XneferX: raises $3 to $4
aoish30: folds 
ptolejmus: folds 
maver200981: folds 
Uncalled bet ($3) returned to XneferX
XneferX collected $3.50 from pot
XneferX: doesn't show hand 
*** SUMMARY ***
Total pot $3.50 | Rake $0 
Seat 1: Manifestorr
Seat 4: michasia
Seat 2: ptolejmus (big blind) folded before Flop
Seat 3: maver200981 folded before Flop (didn't bet)
Seat 5: XneferX (button) collected ($3.50)
Seat 6: aoish30 (small blind) folded before Flop



PokerStars Hand #254535474943:  Hold'em No Limit ($0.50/$1.00 USD) - 2025/01/24 21:25:52 WET [2025/01/24 16:25:52 ET]
Table 'Anteros IV' 6-max Seat #6 is the button
Seat 1: Manifestorr ($201 in chips) is sitting out
Seat 4: michasia ($100 in chips) is sitting out
Seat 2: ptolejmus ($10 in chips) 
Seat 3: maver200981 ($99 in chips) 
Seat 5: XneferX ($102.50 in chips) 
Seat 6: aoish30 ($100 in chips) 
ptolejmus: posts small blind $0.50
maver200981: posts big blind $1
michasia: sits out 
*** HOLE CARDS ***
Manifestorr leaves the table
XneferX: raises $1.30 to $2.30
aoish30: folds 
Pippa83 joins the table at seat #1 
ptolejmus: folds 
maver200981: folds 
Uncalled bet ($1.30) returned to XneferX
XneferX collected $2.50 from pot
XneferX: doesn't show hand 
*** SUMMARY ***
Total pot $2.50 | Rake $0 
Seat 1: Manifestorr
Seat 4: michasia
Seat 2: ptolejmus (small blind) folded before Flop
Seat 3: maver200981 (big blind) folded before Flop
Seat 5: XneferX collected ($2.50)
Seat 6: aoish30 (button) folded before Flop (didn't bet)



PokerStars Hand #254535482619:  Hold'em No Limit ($0.50/$1.00 USD) - 2025/01/24 21:26:16 WET [2025/01/24 16:26:16 ET]
Table 'Anteros IV' 6-max Seat #2 is the button
Seat 1: Pippa83 ($100 in chips) is sitting out
Seat 2: ptolejmus ($10 in chips) 
Seat 3: maver200981 ($98 in chips) 
Seat 4: michasia ($100 in chips) 
Seat 5: XneferX ($104 in chips) 
Seat 6: aoish30 ($100 in chips) 
maver200981: posts small blind $0.50
michasia: posts big blind $1
Pippa83: sits out 
*** HOLE CARDS ***
XneferX: folds 
aoish30: folds 
ptolejmus: raises $1 to $2
maver200981: folds 
michasia: folds 
Uncalled bet ($1) returned to ptolejmus
ptolejmus collected $2.50 from pot
*** SUMMARY ***
Total pot $2.50 | Rake $0 
Seat 1: Pippa83
Seat 2: ptolejmus (button) collected ($2.50)
Seat 3: maver200981 (small blind) folded before Flop
Seat 4: michasia (big blind) folded before Flop
Seat 5: XneferX folded before Flop (didn't bet)
Seat 6: aoish30 folded before Flop (didn't bet)



PokerStars Hand #254535492495:  Hold'em No Limit ($0.50/$1.00 USD) - 2025/01/24 21:26:48 WET [2025/01/24 16:26:48 ET]
Table 'Anteros IV' 6-max Seat #3 is the button
Seat 1: Pippa83 ($100 in chips) is sitting out
Seat 2: ptolejmus ($11.50 in chips) 
Seat 3: maver200981 ($97.50 in chips) 
Seat 4: michasia ($100 in chips) 
Seat 5: XneferX ($104 in chips) 
Seat 6: aoish30 ($100 in chips) 
michasia: posts small blind $0.50
XneferX: posts big blind $1
Pippa83: sits out 
*** HOLE CARDS ***
aoish30: raises $1.10 to $2.10
ptolejmus: folds 
maver200981: folds 
michasia: folds 
XneferX: folds 
Uncalled bet ($1.10) returned to aoish30
aoish30 collected $2.50 from pot
aoish30: doesn't show hand 
*** SUMMARY ***
Total pot $2.50 | Rake $0 
Seat 1: Pippa83
Seat 2: ptolejmus folded before Flop (didn't bet)
Seat 3: maver200981 (button) folded before Flop (didn't bet)
Seat 4: michasia (small blind) folded before Flop
Seat 5: XneferX (big blind) folded before Flop
Seat 6: aoish30 collected ($2.50)



PokerStars Hand #254535496434:  Hold'em No Limit ($0.50/$1.00 USD) - 2025/01/24 21:27:01 WET [2025/01/24 16:27:01 ET]
Table 'Anteros IV' 6-max Seat #4 is the button
Seat 1: Pippa83 ($100 in chips) is sitting out
Seat 2: ptolejmus ($11.50 in chips) 
Seat 3: maver200981 ($97.50 in chips) 
Seat 4: michasia ($100 in chips) 
Seat 5: XneferX ($103 in chips) 
Seat 6: aoish30 ($101.50 in chips) 
XneferX: posts small blind $0.50
aoish30: posts big blind $1
Pippa83: sits out 
*** HOLE CARDS ***
ptolejmus: folds 
maver200981: folds 
michasia: folds 
XneferX: raises $2 to $3
aoish30: folds 
Uncalled bet ($2) returned to XneferX
XneferX collected $2 from pot
XneferX: doesn't show hand 
*** SUMMARY ***
Total pot $2 | Rake $0 
Seat 1: Pippa83
Seat 2: ptolejmus folded before Flop (didn't bet)
Seat 3: maver200981 folded before Flop (didn't bet)
Seat 4: michasia (button) folded before Flop (didn't bet)
Seat 5: XneferX (small blind) collected ($2)
Seat 6: aoish30 (big blind) folded before Flop



PokerStars Hand #254535506466:  Hold'em No Limit ($0.50/$1.00 USD) - 2025/01/24 21:27:33 WET [2025/01/24 16:27:33 ET]
Table 'Anteros IV' 6-max Seat #5 is the button
Seat 1: Pippa83 ($100 in chips) 
Seat 2: ptolejmus ($11.50 in chips) 
Seat 3: maver200981 ($97.50 in chips) 
Seat 4: michasia ($100 in chips) 
Seat 5: XneferX ($104 in chips) 
Seat 6: aoish30 ($100.50 in chips) 
aoish30: posts small blind $0.50
Pippa83: posts big blind $1
*** HOLE CARDS ***
ptolejmus: folds 
maver200981: raises $1 to $2
michasia: folds 
XneferX: folds 
aoish30: folds 
Pippa83: folds 
Uncalled bet ($1) returned to maver200981
maver200981 collected $2.50 from pot
maver200981: doesn't show hand 
*** SUMMARY ***
Total pot $2.50 | Rake $0 
Seat 1: Pippa83 (big blind) folded before Flop
Seat 2: ptolejmus folded before Flop (didn't bet)
Seat 3: maver200981 collected ($2.50)
Seat 4: michasia folded before Flop (didn't bet)
Seat 5: XneferX (button) folded before Flop (didn't bet)
Seat 6: aoish30 (small blind) folded before Flop



PokerStars Hand #254535511908:  Hold'em No Limit ($0.50/$1.00 USD) - 2025/01/24 21:27:50 WET [2025/01/24 16:27:50 ET]
Table 'Anteros IV' 6-max Seat #6 is the button
Seat 1: Pippa83 ($100 in chips) 
Seat 2: ptolejmus ($11.50 in chips) 
Seat 3: maver200981 ($99 in chips) 
Seat 4: michasia ($100 in chips) 
Seat 5: XneferX ($104 in chips) 
Seat 6: aoish30 ($100 in chips) 
Pippa83: posts small blind $0.50
ptolejmus: posts big blind $1
*** HOLE CARDS ***
maver200981: folds 
michasia: folds 
XneferX: raises $1.30 to $2.30
aoish30: folds 
Pippa83: folds 
ptolejmus: folds 
Uncalled bet ($1.30) returned to XneferX
XneferX collected $2.50 from pot
XneferX: doesn't show hand 
*** SUMMARY ***
Total pot $2.50 | Rake $0 
Seat 1: Pippa83 (small blind) folded before Flop
Seat 2: ptolejmus (big blind) folded before Flop
Seat 3: maver200981 folded before Flop (didn't bet)
Seat 4: michasia folded before Flop (didn't bet)
Seat 5: XneferX collected ($2.50)
Seat 6: aoish30 (button) folded before Flop (didn't bet)



PokerStars Hand #254535518067:  Hold'em No Limit ($0.50/$1.00 USD) - 2025/01/24 21:28:10 WET [2025/01/24 16:28:10 ET]
Table 'Anteros IV' 6-max Seat #1 is the button
Seat 1: Pippa83 ($100 in chips) 
Seat 2: ptolejmus ($10.50 in chips) 
Seat 3: maver200981 ($99 in chips) 
Seat 4: michasia ($100 in chips) 
Seat 5: XneferX ($105.50 in chips) 
Seat 6: aoish30 ($100 in chips) 
ptolejmus: posts small blind $0.50
maver200981: posts big blind $1
*** HOLE CARDS ***
michasia: raises $1.60 to $2.60
XneferX: folds 
aoish30: folds 
Pippa83: folds 
ptolejmus: folds 
maver200981: folds 
Uncalled bet ($1.60) returned to michasia
michasia collected $2.50 from pot
michasia: doesn't show hand 
*** SUMMARY ***
Total pot $2.50 | Rake $0 
Seat 1: Pippa83 (button) folded before Flop (didn't bet)
Seat 2: ptolejmus (small blind) folded before Flop
Seat 3: maver200981 (big blind) folded before Flop
Seat 4: michasia collected ($2.50)
Seat 5: XneferX folded before Flop (didn't bet)
Seat 6: aoish30 folded before Flop (didn't bet)



PokerStars Hand #254535524586:  Hold'em No Limit ($0.50/$1.00 USD) - 2025/01/24 21:28:31 WET [2025/01/24 16:28:31 ET]
Table 'Anteros IV' 6-max Seat #2 is the button
Seat 1: Pippa83 ($100 in chips) 
Seat 2: ptolejmus ($10 in chips) 
Seat 3: maver200981 ($98 in chips) 
Seat 4: michasia ($101.50 in chips) 
Seat 5: XneferX ($105.50 in chips) 
Seat 6: aoish30 ($100 in chips) 
maver200981: posts small blind $0.50
michasia: posts big blind $1
*** HOLE CARDS ***
XneferX: folds 
aoish30: folds 
Pippa83: folds 
ptolejmus: raises $1 to $2
maver200981: folds 
michasia: folds 
Uncalled bet ($1) returned to ptolejmus
ptolejmus collected $2.50 from pot
*** SUMMARY ***
Total pot $2.50 | Rake $0 
Seat 1: Pippa83 folded before Flop (didn't bet)
Seat 2: ptolejmus (button) collected ($2.50)
Seat 3: maver200981 (small blind) folded before Flop
Seat 4: michasia (big blind) folded before Flop
Seat 5: XneferX folded before Flop (didn't bet)
Seat 6: aoish30 folded before Flop (didn't bet)



PokerStars Hand #254535530735:  Hold'em No Limit ($0.50/$1.00 USD) - 2025/01/24 21:28:51 WET [2025/01/24 16:28:51 ET]
Table 'Anteros IV' 6-max Seat #3 is the button
Seat 1: Pippa83 ($100 in chips) 
Seat 2: ptolejmus ($11.50 in chips) 
Seat 3: maver200981 ($97.50 in chips) 
Seat 4: michasia ($100.50 in chips) 
Seat 5: XneferX ($105.50 in chips) 
Seat 6: aoish30 ($100 in chips) 
michasia: posts small blind $0.50
XneferX: posts big blind $1
*** HOLE CARDS ***
aoish30: folds 
Pippa83: folds 
ptolejmus: raises $10.50 to $11.50 and is all-in
maver200981: folds 
michasia: raises $10.50 to $22
XneferX: folds 
Uncalled bet ($10.50) returned to michasia
*** FLOP *** [Qs Ac Kc]
*** TURN *** [Qs Ac Kc] [5c]
*** RIVER *** [Qs Ac Kc 5c] [Th]
*** SHOW DOWN ***
michasia: shows [Ad Jc] (a straight, Ten to Ace)
ptolejmus: shows [Qd 9d] (a pair of Queens)
michasia collected $22.80 from pot
*** SUMMARY ***
Total pot $24 | Rake $1.20 
Board [Qs Ac Kc 5c Th]
Seat 1: Pippa83 folded before Flop (didn't bet)
Seat 2: ptolejmus showed [Qd 9d] and lost with a pair of Queens
Seat 3: maver200981 (button) folded before Flop (didn't bet)
Seat 4: michasia (small blind) showed [Ad Jc] and won ($22.80) with a straight, Ten to Ace
Seat 5: XneferX (big blind) folded before Flop
Seat 6: aoish30 folded before Flop (didn't bet)



PokerStars Hand #254535540834:  Hold'em No Limit ($0.50/$1.00 USD) - 2025/01/24 21:29:23 WET [2025/01/24 16:29:23 ET]
Table 'Anteros IV' 6-max Seat #4 is the button
Seat 6: aoish30 ($100 in chips) is sitting out
Seat 1: Pippa83 ($100 in chips) 
Seat 2: ptolejmus ($10 in chips) 
Seat 3: maver200981 ($97.50 in chips) 
Seat 4: michasia ($111.80 in chips) 
Seat 5: XneferX ($104.50 in chips) 
XneferX: posts small blind $0.50
aoish30: is sitting out 
Pippa83: posts big blind $1
*** HOLE CARDS ***
ptolejmus: folds 
maver200981: raises $1 to $2
aoish30 leaves the table
michasia: folds 
XneferX: folds 
Pippa83: folds 
Uncalled bet ($1) returned to maver200981
maver200981 collected $2.50 from pot
maver200981: doesn't show hand 
*** SUMMARY ***
Total pot $2.50 | Rake $0 
Seat 6: aoish30
Seat 1: Pippa83 (big blind) folded before Flop
Seat 2: ptolejmus folded before Flop (didn't bet)
Seat 3: maver200981 collected ($2.50)
Seat 4: michasia (button) folded before Flop (didn't bet)
Seat 5: XneferX (small blind) folded before Flop



PokerStars Hand #254535547612:  Hold'em No Limit ($0.50/$1.00 USD) - 2025/01/24 21:29:45 WET [2025/01/24 16:29:45 ET]
Table 'Anteros IV' 6-max Seat #5 is the button
Seat 1: Pippa83 ($100 in chips) 
Seat 2: ptolejmus ($10 in chips) 
Seat 3: maver200981 ($99 in chips) 
Seat 4: michasia ($111.80 in chips) 
Seat 5: XneferX ($104 in chips) 
Pippa83: posts small blind $0.50
ptolejmus: posts big blind $1
*** HOLE CARDS ***
maver200981: raises $1 to $2
michasia: raises $4 to $6
vadjkeee joins the table at seat #6 
XneferX: folds 
Pippa83: folds 
ptolejmus: raises $4 to $10 and is all-in
maver200981: folds 
michasia: calls $4
*** FLOP *** [7c 2s Kh]
*** TURN *** [7c 2s Kh] [Qc]
*** RIVER *** [7c 2s Kh Qc] [5s]
*** SHOW DOWN ***
ptolejmus: shows [Ah Qd] (a pair of Queens)
michasia: shows [Jh 8h] (high card King)
ptolejmus collected $21.38 from pot
*** SUMMARY ***
Total pot $22.50 | Rake $1.12 
Board [7c 2s Kh Qc 5s]
Seat 1: Pippa83 (small blind) folded before Flop
Seat 2: ptolejmus (big blind) showed [Ah Qd] and won ($21.38) with a pair of Queens
Seat 3: maver200981 folded before Flop
Seat 4: michasia showed [Jh 8h] and lost with high card King
Seat 5: XneferX (button) folded before Flop (didn't bet)



PokerStars Hand #254536211542:  Hold'em No Limit ($0.50/$1.00 USD) - 2025/01/24 21:38:26 WET [2025/01/24 16:38:26 ET]
Table 'Anteros IV' 6-max Seat #3 is the button
Seat 1: Pippa83 ($104.50 in chips) 
Seat 2: ptolejmus ($22.38 in chips) 
Seat 3: maver200981 ($89.65 in chips) 
Seat 4: michasia ($107.32 in chips) 
Seat 5: XneferX ($124.07 in chips) 
Seat 6: vadjkeee ($102.62 in chips) 
michasia: posts small blind $0.50
XneferX: posts big blind $1
*** HOLE CARDS ***
vadjkeee: folds 
Pippa83: raises $1.20 to $2.20
ptolejmus: folds 
maver200981: folds 
michasia: raises $8.80 to $11
XneferX: folds 
Pippa83: folds 
Uncalled bet ($8.80) returned to michasia
michasia collected $5.40 from pot
michasia: doesn't show hand 
*** SUMMARY ***
Total pot $5.40 | Rake $0 
Seat 1: Pippa83 folded before Flop
Seat 2: ptolejmus folded before Flop (didn't bet)
Seat 3: maver200981 (button) folded before Flop (didn't bet)
Seat 4: michasia (small blind) collected ($5.40)
Seat 5: XneferX (big blind) folded before Flop
Seat 6: vadjkeee folded before Flop (didn't bet)



PokerStars Hand #254536218589:  Hold'em No Limit ($0.50/$1.00 USD) - 2025/01/24 21:38:48 WET [2025/01/24 16:38:48 ET]
Table 'Anteros IV' 6-max Seat #4 is the button
Seat 1: Pippa83 ($102.30 in chips) 
Seat 2: ptolejmus ($22.38 in chips) 
Seat 3: maver200981 ($89.65 in chips) 
Seat 4: michasia ($110.52 in chips) 
Seat 5: XneferX ($123.07 in chips) 
Seat 6: vadjkeee ($102.62 in chips) 
XneferX: posts small blind $0.50
vadjkeee: posts big blind $1
*** HOLE CARDS ***
Pippa83: raises $1.20 to $2.20
ptolejmus: folds 
maver200981: folds 
michasia: folds 
ptolejmus leaves the table
XneferX: folds 
vadjkeee: calls $1.20
*** FLOP *** [5d Js 9d]
kars0n joins the table at seat #2 
vadjkeee: checks 
Pippa83: checks 
*** TURN *** [5d Js 9d] [8h]
vadjkeee: checks 
Pippa83: checks 
*** RIVER *** [5d Js 9d 8h] [2s]
vadjkeee: bets $3.12
Pippa83: calls $3.12
*** SHOW DOWN ***
vadjkeee: shows [Qh 9h] (a pair of Nines)
Pippa83: shows [Jc Qc] (a pair of Jacks)
Pippa83 collected $10.58 from pot
*** SUMMARY ***
Total pot $11.14 | Rake $0.56 
Board [5d Js 9d 8h 2s]
Seat 1: Pippa83 showed [Jc Qc] and won ($10.58) with a pair of Jacks
Seat 2: ptolejmus folded before Flop (didn't bet)
Seat 3: maver200981 folded before Flop (didn't bet)
Seat 4: michasia (button) folded before Flop (didn't bet)
Seat 5: XneferX (small blind) folded before Flop
Seat 6: vadjkeee (big blind) showed [Qh 9h] and lost with a pair of Nines



PokerStars Hand #254536234952:  Hold'em No Limit ($0.50/$1.00 USD) - 2025/01/24 21:39:41 WET [2025/01/24 16:39:41 ET]
Table 'Anteros IV' 6-max Seat #5 is the button
Seat 2: kars0n ($100 in chips) is sitting out
Seat 1: Pippa83 ($107.56 in chips) 
Seat 3: maver200981 ($89.65 in chips) 
Seat 4: michasia ($110.52 in chips) 
Seat 5: XneferX ($122.57 in chips) 
Seat 6: vadjkeee ($100 in chips) 
vadjkeee: posts small blind $0.50
Pippa83: posts big blind $1
kars0n: sits out 
*** HOLE CARDS ***
maver200981: folds 
michasia: folds 
XneferX: raises $1.77 to $2.77
vadjkeee: raises $9.23 to $12
Pippa83: folds 
XneferX: folds 
Uncalled bet ($9.23) returned to vadjkeee
vadjkeee collected $6.54 from pot
vadjkeee: doesn't show hand 
*** SUMMARY ***
Total pot $6.54 | Rake $0 
Seat 2: kars0n
Seat 1: Pippa83 (big blind) folded before Flop
Seat 3: maver200981 folded before Flop (didn't bet)
Seat 4: michasia folded before Flop (didn't bet)
Seat 5: XneferX (button) folded before Flop
Seat 6: vadjkeee (small blind) collected ($6.54)



PokerStars Hand #254536242927:  Hold'em No Limit ($0.50/$1.00 USD) - 2025/01/24 21:40:06 WET [2025/01/24 16:40:06 ET]
Table 'Anteros IV' 6-max Seat #6 is the button
Seat 1: Pippa83 ($106.56 in chips) 
Seat 2: kars0n ($100 in chips) 
Seat 3: maver200981 ($89.65 in chips) 
Seat 4: michasia ($110.52 in chips) 
Seat 5: XneferX ($119.80 in chips) 
Seat 6: vadjkeee ($103.77 in chips) 
Pippa83: posts small blind $0.50
kars0n: posts big blind $1
*** HOLE CARDS ***
maver200981: folds 
michasia: folds 
XneferX: folds 
vadjkeee: raises $1.50 to $2.50
Pippa83: folds 
kars0n: folds 
Uncalled bet ($1.50) returned to vadjkeee
vadjkeee collected $2.50 from pot
vadjkeee: doesn't show hand 
*** SUMMARY ***
Total pot $2.50 | Rake $0 
Seat 1: Pippa83 (small blind) folded before Flop
Seat 2: kars0n (big blind) folded before Flop
Seat 3: maver200981 folded before Flop (didn't bet)
Seat 4: michasia folded before Flop (didn't bet)
Seat 5: XneferX folded before Flop (didn't bet)
Seat 6: vadjkeee (button) collected ($2.50)



PokerStars Hand #254536248528:  Hold'em No Limit ($0.50/$1.00 USD) - 2025/01/24 21:40:24 WET [2025/01/24 16:40:24 ET]
Table 'Anteros IV' 6-max Seat #1 is the button
Seat 1: Pippa83 ($106.06 in chips) 
Seat 2: kars0n ($100 in chips) 
Seat 3: maver200981 ($89.65 in chips) 
Seat 4: michasia ($110.52 in chips) 
Seat 5: XneferX ($119.80 in chips) 
Seat 6: vadjkeee ($105.27 in chips) 
kars0n: posts small blind $0.50
maver200981: posts big blind $1
*** HOLE CARDS ***
michasia: folds 
XneferX: folds 
vadjkeee: raises $2 to $3
Pippa83: folds 
kars0n: folds 
maver200981: folds 
Uncalled bet ($2) returned to vadjkeee
vadjkeee collected $2.50 from pot
vadjkeee: doesn't show hand 
*** SUMMARY ***
Total pot $2.50 | Rake $0 
Seat 1: Pippa83 (button) folded before Flop (didn't bet)
Seat 2: kars0n (small blind) folded before Flop
Seat 3: maver200981 (big blind) folded before Flop
Seat 4: michasia folded before Flop (didn't bet)
Seat 5: XneferX folded before Flop (didn't bet)
Seat 6: vadjkeee collected ($2.50)



PokerStars Hand #254536255329:  Hold'em No Limit ($0.50/$1.00 USD) - 2025/01/24 21:40:46 WET [2025/01/24 16:40:46 ET]
Table 'Anteros IV' 6-max Seat #2 is the button
Seat 1: Pippa83 ($106.06 in chips) 
Seat 2: kars0n ($100 in chips) 
Seat 3: maver200981 ($88.65 in chips) 
Seat 4: michasia ($110.52 in chips) 
Seat 5: XneferX ($119.80 in chips) 
Seat 6: vadjkeee ($106.77 in chips) 
maver200981: posts small blind $0.50
michasia: posts big blind $1
*** HOLE CARDS ***
XneferX: folds 
vadjkeee: folds 
Pippa83: raises $1.50 to $2.50
kars0n: folds 
maver200981: raises $7.50 to $10
michasia: folds 
Pippa83: folds 
Uncalled bet ($7.50) returned to maver200981
maver200981 collected $6 from pot
maver200981: doesn't show hand 
*** SUMMARY ***
Total pot $6 | Rake $0 
Seat 1: Pippa83 folded before Flop
Seat 2: kars0n (button) folded before Flop (didn't bet)
Seat 3: maver200981 (small blind) collected ($6)
Seat 4: michasia (big blind) folded before Flop
Seat 5: XneferX folded before Flop (didn't bet)
Seat 6: vadjkeee folded before Flop (didn't bet)



PokerStars Hand #254536266029:  Hold'em No Limit ($0.50/$1.00 USD) - 2025/01/24 21:41:20 WET [2025/01/24 16:41:20 ET]
Table 'Anteros IV' 6-max Seat #3 is the button
Seat 1: Pippa83 ($103.56 in chips) 
Seat 2: kars0n ($100 in chips) 
Seat 3: maver200981 ($92.15 in chips) 
Seat 4: michasia ($109.52 in chips) 
Seat 5: XneferX ($119.80 in chips) 
Seat 6: vadjkeee ($106.77 in chips) 
michasia: posts small blind $0.50
XneferX: posts big blind $1
*** HOLE CARDS ***
vadjkeee: folds 
Pippa83: folds 
kars0n: folds 
maver200981: folds 
michasia: raises $2 to $3
XneferX: folds 
Uncalled bet ($2) returned to michasia
michasia collected $2 from pot
michasia: doesn't show hand 
*** SUMMARY ***
Total pot $2 | Rake $0 
Seat 1: Pippa83 folded before Flop (didn't bet)
Seat 2: kars0n folded before Flop (didn't bet)
Seat 3: maver200981 (button) folded before Flop (didn't bet)
Seat 4: michasia (small blind) collected ($2)
Seat 5: XneferX (big blind) folded before Flop
Seat 6: vadjkeee folded before Flop (didn't bet)



PokerStars Hand #254536274330:  Hold'em No Limit ($0.50/$1.00 USD) - 2025/01/24 21:41:47 WET [2025/01/24 16:41:47 ET]
Table 'Anteros IV' 6-max Seat #4 is the button
Seat 1: Pippa83 ($103.56 in chips) 
Seat 2: kars0n ($100 in chips) 
Seat 3: maver200981 ($92.15 in chips) 
Seat 4: michasia ($110.52 in chips) 
Seat 5: XneferX ($118.80 in chips) 
Seat 6: vadjkeee ($106.77 in chips) 
XneferX: posts small blind $0.50
vadjkeee: posts big blind $1
*** HOLE CARDS ***
Pippa83: folds 
kars0n: folds 
maver200981: folds 
michasia: folds 
XneferX: folds 
Uncalled bet ($0.50) returned to vadjkeee
vadjkeee collected $1 from pot
vadjkeee: doesn't show hand 
*** SUMMARY ***
Total pot $1 | Rake $0 
Seat 1: Pippa83 folded before Flop (didn't bet)
Seat 2: kars0n folded before Flop (didn't bet)
Seat 3: maver200981 folded before Flop (didn't bet)
Seat 4: michasia (button) folded before Flop (didn't bet)
Seat 5: XneferX (small blind) folded before Flop
Seat 6: vadjkeee (big blind) collected ($1)



PokerStars Hand #254536279245:  Hold'em No Limit ($0.50/$1.00 USD) - 2025/01/24 21:42:03 WET [2025/01/24 16:42:03 ET]
Table 'Anteros IV' 6-max Seat #5 is the button
Seat 1: Pippa83 ($103.56 in chips) 
Seat 2: kars0n ($100 in chips) 
Seat 3: maver200981 ($92.15 in chips) 
Seat 4: michasia ($110.52 in chips) 
Seat 5: XneferX ($118.30 in chips) 
Seat 6: vadjkeee ($107.27 in chips) 
vadjkeee: posts small blind $0.50
Pippa83: posts big blind $1
*** HOLE CARDS ***
kars0n: folds 
maver200981: folds 
michasia: folds 
XneferX: folds 
vadjkeee: raises $2 to $3
Pippa83: folds 
Uncalled bet ($2) returned to vadjkeee
vadjkeee collected $2 from pot
vadjkeee: doesn't show hand 
*** SUMMARY ***
Total pot $2 | Rake $0 
Seat 1: Pippa83 (big blind) folded before Flop
Seat 2: kars0n folded before Flop (didn't bet)
Seat 3: maver200981 folded before Flop (didn't bet)
Seat 4: michasia folded before Flop (didn't bet)
Seat 5: XneferX (button) folded before Flop (didn't bet)
Seat 6: vadjkeee (small blind) collected ($2)



PokerStars Hand #254536288748:  Hold'em No Limit ($0.50/$1.00 USD) - 2025/01/24 21:42:33 WET [2025/01/24 16:42:33 ET]
Table 'Anteros IV' 6-max Seat #6 is the button
Seat 1: Pippa83 ($102.56 in chips) 
Seat 2: kars0n ($100 in chips) 
Seat 3: maver200981 ($92.15 in chips) 
Seat 4: michasia ($110.52 in chips) 
Seat 5: XneferX ($118.30 in chips) 
Seat 6: vadjkeee ($108.27 in chips) 
Pippa83: posts small blind $0.50
kars0n: posts big blind $1
*** HOLE CARDS ***
maver200981: folds 
michasia: folds 
XneferX: folds 
vadjkeee: folds 
Pippa83: raises $2 to $3
kars0n: raises $6 to $9
Pippa83: raises $13.50 to $22.50
kars0n: folds 
Uncalled bet ($13.50) returned to Pippa83
Pippa83 collected $18 from pot
Pippa83: doesn't show hand 
*** SUMMARY ***
Total pot $18 | Rake $0 
Seat 1: Pippa83 (small blind) collected ($18)
Seat 2: kars0n (big blind) folded before Flop
Seat 3: maver200981 folded before Flop (didn't bet)
Seat 4: michasia folded before Flop (didn't bet)
Seat 5: XneferX folded before Flop (didn't bet)
Seat 6: vadjkeee (button) folded before Flop (didn't bet)



PokerStars Hand #254536303194:  Hold'em No Limit ($0.50/$1.00 USD) - 2025/01/24 21:43:20 WET [2025/01/24 16:43:20 ET]
Table 'Anteros IV' 6-max Seat #1 is the button
Seat 1: Pippa83 ($111.56 in chips) 
Seat 2: kars0n ($100 in chips) 
Seat 3: maver200981 ($92.15 in chips) 
Seat 4: michasia ($110.52 in chips) 
Seat 5: XneferX ($118.30 in chips) 
Seat 6: vadjkeee ($108.27 in chips) 
kars0n: posts small blind $0.50
maver200981: posts big blind $1
*** HOLE CARDS ***
michasia: folds 
XneferX: folds 
vadjkeee: raises $2 to $3
Pippa83: folds 
kars0n: folds 
maver200981: folds 
Uncalled bet ($2) returned to vadjkeee
vadjkeee collected $2.50 from pot
vadjkeee: doesn't show hand 
*** SUMMARY ***
Total pot $2.50 | Rake $0 
Seat 1: Pippa83 (button) folded before Flop (didn't bet)
Seat 2: kars0n (small blind) folded before Flop
Seat 3: maver200981 (big blind) folded before Flop
Seat 4: michasia folded before Flop (didn't bet)
Seat 5: XneferX folded before Flop (didn't bet)
Seat 6: vadjkeee collected ($2.50)



PokerStars Hand #254536308607:  Hold'em No Limit ($0.50/$1.00 USD) - 2025/01/24 21:43:37 WET [2025/01/24 16:43:37 ET]
Table 'Anteros IV' 6-max Seat #2 is the button
Seat 1: Pippa83 ($111.56 in chips) 
Seat 2: kars0n ($100 in chips) 
Seat 3: maver200981 ($91.15 in chips) 
Seat 4: michasia ($110.52 in chips) 
Seat 5: XneferX ($118.30 in chips) 
Seat 6: vadjkeee ($109.77 in chips) 
maver200981: posts small blind $0.50
michasia: posts big blind $1
*** HOLE CARDS ***
XneferX: folds 
vadjkeee: folds 
Pippa83: folds 
kars0n: raises $1.50 to $2.50
maver200981: folds 
michasia: folds 
Uncalled bet ($1.50) returned to kars0n
kars0n collected $2.50 from pot
kars0n: doesn't show hand 
*** SUMMARY ***
Total pot $2.50 | Rake $0 
Seat 1: Pippa83 folded before Flop (didn't bet)
Seat 2: kars0n (button) collected ($2.50)
Seat 3: maver200981 (small blind) folded before Flop
Seat 4: michasia (big blind) folded before Flop
Seat 5: XneferX folded before Flop (didn't bet)
Seat 6: vadjkeee folded before Flop (didn't bet)



PokerStars Hand #254536314651:  Hold'em No Limit ($0.50/$1.00 USD) - 2025/01/24 21:43:57 WET [2025/01/24 16:43:57 ET]
Table 'Anteros IV' 6-max Seat #3 is the button
Seat 1: Pippa83 ($111.56 in chips) 
Seat 2: kars0n ($101.50 in chips) 
Seat 3: maver200981 ($90.65 in chips) 
Seat 4: michasia ($109.52 in chips) 
Seat 5: XneferX ($118.30 in chips) 
Seat 6: vadjkeee ($109.77 in chips) 
michasia: posts small blind $0.50
XneferX: posts big blind $1
*** HOLE CARDS ***
vadjkeee: folds 
Pippa83: raises $1.20 to $2.20
kars0n: folds 
maver200981: folds 
michasia: folds 
XneferX: calls $1.20
*** FLOP *** [9s 7d Kc]
XneferX: checks 
Pippa83: checks 
*** TURN *** [9s 7d Kc] [Qd]
XneferX: checks 
Pippa83: checks 
*** RIVER *** [9s 7d Kc Qd] [5h]
XneferX: bets $3.59
Pippa83: folds 
Uncalled bet ($3.59) returned to XneferX
XneferX collected $4.66 from pot
XneferX: doesn't show hand 
*** SUMMARY ***
Total pot $4.90 | Rake $0.24 
Board [9s 7d Kc Qd 5h]
Seat 1: Pippa83 folded on the River
Seat 2: kars0n folded before Flop (didn't bet)
Seat 3: maver200981 (button) folded before Flop (didn't bet)
Seat 4: michasia (small blind) folded before Flop
Seat 5: XneferX (big blind) collected ($4.66)
Seat 6: vadjkeee folded before Flop (didn't bet)



PokerStars Hand #254536335345:  Hold'em No Limit ($0.50/$1.00 USD) - 2025/01/24 21:45:05 WET [2025/01/24 16:45:05 ET]
Table 'Anteros IV' 6-max Seat #4 is the button
Seat 1: Pippa83 ($109.36 in chips) 
Seat 2: kars0n ($101.50 in chips) 
Seat 3: maver200981 ($90.65 in chips) 
Seat 4: michasia ($109.02 in chips) 
Seat 5: XneferX ($120.76 in chips) 
Seat 6: vadjkeee ($109.77 in chips) 
XneferX: posts small blind $0.50
vadjkeee: posts big blind $1
*** HOLE CARDS ***
Pippa83: folds 
kars0n: raises $1 to $2
maver200981: folds 
michasia: raises $4 to $6
XneferX: folds 
vadjkeee: folds 
kars0n: calls $4
*** FLOP *** [9c 2s Kh]
kars0n: checks 
michasia: bets $4.23
kars0n: calls $4.23
*** TURN *** [9c 2s Kh] [7h]
kars0n: checks 
michasia: bets $13.91
kars0n: calls $13.91
*** RIVER *** [9c 2s Kh 7h] [2c]
kars0n: checks 
michasia: checks 
*** SHOW DOWN ***
kars0n: shows [Th 9h] (two pair, Nines and Deuces)
michasia: mucks hand 
kars0n collected $47.29 from pot
*** SUMMARY ***
Total pot $49.78 | Rake $2.49 
Board [9c 2s Kh 7h 2c]
Seat 1: Pippa83 folded before Flop (didn't bet)
Seat 2: kars0n showed [Th 9h] and won ($47.29) with two pair, Nines and Deuces
Seat 3: maver200981 folded before Flop (didn't bet)
Seat 4: michasia (button) mucked
Seat 5: XneferX (small blind) folded before Flop
Seat 6: vadjkeee (big blind) folded before Flop



PokerStars Hand #254536348467:  Hold'em No Limit ($0.50/$1.00 USD) - 2025/01/24 21:45:47 WET [2025/01/24 16:45:47 ET]
Table 'Anteros IV' 6-max Seat #5 is the button
Seat 1: Pippa83 ($109.36 in chips) 
Seat 2: kars0n ($124.65 in chips) 
Seat 3: maver200981 ($90.65 in chips) 
Seat 4: michasia ($100 in chips) 
Seat 5: XneferX ($120.26 in chips) 
Seat 6: vadjkeee ($108.77 in chips) 
vadjkeee: posts small blind $0.50
Pippa83: posts big blind $1
*** HOLE CARDS ***
kars0n: raises $1 to $2
maver200981: raises $4 to $6
michasia: raises $12 to $18
XneferX: folds 
vadjkeee: folds 
Pippa83: folds 
kars0n: folds 
maver200981: folds 
Uncalled bet ($12) returned to michasia
michasia collected $15.50 from pot
michasia: doesn't show hand 
*** SUMMARY ***
Total pot $15.50 | Rake $0 
Seat 1: Pippa83 (big blind) folded before Flop
Seat 2: kars0n folded before Flop
Seat 3: maver200981 folded before Flop
Seat 4: michasia collected ($15.50)
Seat 5: XneferX (button) folded before Flop (didn't bet)
Seat 6: vadjkeee (small blind) folded before Flop



PokerStars Hand #254536362174:  Hold'em No Limit ($0.50/$1.00 USD) - 2025/01/24 21:46:31 WET [2025/01/24 16:46:31 ET]
Table 'Anteros IV' 6-max Seat #6 is the button
Seat 1: Pippa83 ($108.36 in chips) 
Seat 2: kars0n ($122.65 in chips) 
Seat 3: maver200981 ($84.65 in chips) 
Seat 4: michasia ($109.50 in chips) 
Seat 5: XneferX ($120.26 in chips) 
Seat 6: vadjkeee ($108.27 in chips) 
Pippa83: posts small blind $0.50
kars0n: posts big blind $1
*** HOLE CARDS ***
maver200981: folds 
michasia: folds 
XneferX: folds 
vadjkeee: folds 
Pippa83: folds 
Uncalled bet ($0.50) returned to kars0n
kars0n collected $1 from pot
kars0n: doesn't show hand 
*** SUMMARY ***
Total pot $1 | Rake $0 
Seat 1: Pippa83 (small blind) folded before Flop
Seat 2: kars0n (big blind) collected ($1)
Seat 3: maver200981 folded before Flop (didn't bet)
Seat 4: michasia folded before Flop (didn't bet)
Seat 5: XneferX folded before Flop (didn't bet)
Seat 6: vadjkeee (button) folded before Flop (didn't bet)



PokerStars Hand #254536366511:  Hold'em No Limit ($0.50/$1.00 USD) - 2025/01/24 21:46:45 WET [2025/01/24 16:46:45 ET]
Table 'Anteros IV' 6-max Seat #1 is the button
Seat 1: Pippa83 ($107.86 in chips) 
Seat 2: kars0n ($123.15 in chips) 
Seat 3: maver200981 ($84.65 in chips) 
Seat 4: michasia ($109.50 in chips) 
Seat 5: XneferX ($120.26 in chips) 
Seat 6: vadjkeee ($108.27 in chips) 
kars0n: posts small blind $0.50
maver200981: posts big blind $1
*** HOLE CARDS ***
michasia: folds 
XneferX: folds 
vadjkeee: folds 
Pippa83: raises $1.50 to $2.50
kars0n: folds 
maver200981: calls $1.50
*** FLOP *** [3c 4d Jh]
maver200981: checks 
Pippa83: checks 
*** TURN *** [3c 4d Jh] [Th]
maver200981: checks 
Pippa83: bets $2.50
maver200981: calls $2.50
*** RIVER *** [3c 4d Jh Th] [9c]
maver200981: checks 
Pippa83: bets $14.97
maver200981: folds 
Uncalled bet ($14.97) returned to Pippa83
Pippa83 collected $9.98 from pot
Pippa83: doesn't show hand 
*** SUMMARY ***
Total pot $10.50 | Rake $0.52 
Board [3c 4d Jh Th 9c]
Seat 1: Pippa83 (button) collected ($9.98)
Seat 2: kars0n (small blind) folded before Flop
Seat 3: maver200981 (big blind) folded on the River
Seat 4: michasia folded before Flop (didn't bet)
Seat 5: XneferX folded before Flop (didn't bet)
Seat 6: vadjkeee folded before Flop (didn't bet)



PokerStars Hand #254536377231:  Hold'em No Limit ($0.50/$1.00 USD) - 2025/01/24 21:47:20 WET [2025/01/24 16:47:20 ET]
Table 'Anteros IV' 6-max Seat #2 is the button
Seat 1: Pippa83 ($112.84 in chips) 
Seat 2: kars0n ($122.65 in chips) 
Seat 3: maver200981 ($79.65 in chips) 
Seat 4: michasia ($109.50 in chips) 
Seat 5: XneferX ($120.26 in chips) 
Seat 6: vadjkeee ($108.27 in chips) 
maver200981: posts small blind $0.50
michasia: posts big blind $1
*** HOLE CARDS ***
XneferX: folds 
vadjkeee: folds 
Pippa83: folds 
kars0n: raises $1.50 to $2.50
maver200981: raises $6 to $8.50
michasia: folds 
kars0n: calls $6
*** FLOP *** [4c 7s 7c]
maver200981: bets $17.10
kars0n: folds 
Uncalled bet ($17.10) returned to maver200981
maver200981 collected $17.10 from pot
maver200981: doesn't show hand 
*** SUMMARY ***
Total pot $18 | Rake $0.90 
Board [4c 7s 7c]
Seat 1: Pippa83 folded before Flop (didn't bet)
Seat 2: kars0n (button) folded on the Flop
Seat 3: maver200981 (small blind) collected ($17.10)
Seat 4: michasia (big blind) folded before Flop
Seat 5: XneferX folded before Flop (didn't bet)
Seat 6: vadjkeee folded before Flop (didn't bet)



PokerStars Hand #254536390302:  Hold'em No Limit ($0.50/$1.00 USD) - 2025/01/24 21:48:03 WET [2025/01/24 16:48:03 ET]
Table 'Anteros IV' 6-max Seat #3 is the button
Seat 1: Pippa83 ($112.84 in chips) 
Seat 2: kars0n ($114.15 in chips) 
Seat 3: maver200981 ($88.25 in chips) 
Seat 4: michasia ($108.50 in chips) 
Seat 5: XneferX ($120.26 in chips) 
Seat 6: vadjkeee ($108.27 in chips) 
michasia: posts small blind $0.50
XneferX: posts big blind $1
*** HOLE CARDS ***
vadjkeee: folds 
Pippa83: folds 
kars0n: folds 
maver200981: raises $1 to $2
michasia: folds 
XneferX: calls $1
*** FLOP *** [8s 2s 5h]
XneferX: checks 
maver200981: bets $2.14
XneferX: calls $2.14
*** TURN *** [8s 2s 5h] [Ah]
XneferX: checks 
maver200981: bets $7.17
XneferX: calls $7.17
*** RIVER *** [8s 2s 5h Ah] [5c]
XneferX: checks 
maver200981: bets $21.96
XneferX: folds 
Uncalled bet ($21.96) returned to maver200981
maver200981 collected $21.96 from pot
maver200981: doesn't show hand 
*** SUMMARY ***
Total pot $23.12 | Rake $1.16 
Board [8s 2s 5h Ah 5c]
Seat 1: Pippa83 folded before Flop (didn't bet)
Seat 2: kars0n folded before Flop (didn't bet)
Seat 3: maver200981 (button) collected ($21.96)
Seat 4: michasia (small blind) folded before Flop
Seat 5: XneferX (big blind) folded on the River
Seat 6: vadjkeee folded before Flop (didn't bet)



PokerStars Hand #254536419953:  Hold'em No Limit ($0.50/$1.00 USD) - 2025/01/24 21:49:40 WET [2025/01/24 16:49:40 ET]
Table 'Anteros IV' 6-max Seat #4 is the button
Seat 1: Pippa83 ($112.84 in chips) 
Seat 2: kars0n ($114.15 in chips) 
Seat 3: maver200981 ($98.90 in chips) 
Seat 4: michasia ($108 in chips) 
Seat 5: XneferX ($108.95 in chips) 
Seat 6: vadjkeee ($108.27 in chips) 
XneferX: posts small blind $0.50
vadjkeee: posts big blind $1
*** HOLE CARDS ***
Pippa83: raises $1.20 to $2.20
kars0n: folds 
maver200981: folds 
michasia: folds 
XneferX: folds 
vadjkeee: folds 
Uncalled bet ($1.20) returned to Pippa83
Pippa83 collected $2.50 from pot
Pippa83: doesn't show hand 
*** SUMMARY ***
Total pot $2.50 | Rake $0 
Seat 1: Pippa83 collected ($2.50)
Seat 2: kars0n folded before Flop (didn't bet)
Seat 3: maver200981 folded before Flop (didn't bet)
Seat 4: michasia (button) folded before Flop (didn't bet)
Seat 5: XneferX (small blind) folded before Flop
Seat 6: vadjkeee (big blind) folded before Flop



PokerStars Hand #254536426352:  Hold'em No Limit ($0.50/$1.00 USD) - 2025/01/24 21:50:01 WET [2025/01/24 16:50:01 ET]
Table 'Anteros IV' 6-max Seat #5 is the button
Seat 1: Pippa83 ($114.34 in chips) 
Seat 2: kars0n ($114.15 in chips) 
Seat 3: maver200981 ($98.90 in chips) 
Seat 4: michasia ($108 in chips) 
Seat 5: XneferX ($108.45 in chips) 
Seat 6: vadjkeee ($107.27 in chips) 
vadjkeee: posts small blind $0.50
Pippa83: posts big blind $1
*** HOLE CARDS ***
kars0n: folds 
maver200981: folds 
michasia: folds 
XneferX: folds 
vadjkeee: raises $2 to $3
Pippa83: folds 
Uncalled bet ($2) returned to vadjkeee
vadjkeee collected $2 from pot
vadjkeee: doesn't show hand 
*** SUMMARY ***
Total pot $2 | Rake $0 
Seat 1: Pippa83 (big blind) folded before Flop
Seat 2: kars0n folded before Flop (didn't bet)
Seat 3: maver200981 folded before Flop (didn't bet)
Seat 4: michasia folded before Flop (didn't bet)
Seat 5: XneferX (button) folded before Flop (didn't bet)
Seat 6: vadjkeee (small blind) collected ($2)



PokerStars Hand #254536432283:  Hold'em No Limit ($0.50/$1.00 USD) - 2025/01/24 21:50:20 WET [2025/01/24 16:50:20 ET]
Table 'Anteros IV' 6-max Seat #6 is the button
Seat 1: Pippa83 ($113.34 in chips) 
Seat 2: kars0n ($114.15 in chips) 
Seat 3: maver200981 ($98.90 in chips) 
Seat 4: michasia ($108 in chips) 
Seat 5: XneferX ($108.45 in chips) 
Seat 6: vadjkeee ($108.27 in chips) 
Pippa83: posts small blind $0.50
kars0n: posts big blind $1
*** HOLE CARDS ***
maver200981: raises $1 to $2
michasia: folds 
XneferX: folds 
vadjkeee: raises $7 to $9
Pippa83: folds 
kars0n: folds 
maver200981: calls $7
*** FLOP *** [3h Ah Qd]
maver200981: checks 
vadjkeee: checks 
*** TURN *** [3h Ah Qd] [Kc]
maver200981: checks 
vadjkeee: bets $19
maver200981: folds 
Uncalled bet ($19) returned to vadjkeee
vadjkeee collected $18.52 from pot
vadjkeee: doesn't show hand 
*** SUMMARY ***
Total pot $19.50 | Rake $0.98 
Board [3h Ah Qd Kc]
Seat 1: Pippa83 (small blind) folded before Flop
Seat 2: kars0n (big blind) folded before Flop
Seat 3: maver200981 folded on the Turn
Seat 4: michasia folded before Flop (didn't bet)
Seat 5: XneferX folded before Flop (didn't bet)
Seat 6: vadjkeee (button) collected ($18.52)



PokerStars Hand #254536450727:  Hold'em No Limit ($0.50/$1.00 USD) - 2025/01/24 21:51:21 WET [2025/01/24 16:51:21 ET]
Table 'Anteros IV' 6-max Seat #1 is the button
Seat 1: Pippa83 ($112.84 in chips) 
Seat 2: kars0n ($113.15 in chips) 
Seat 3: maver200981 ($89.90 in chips) 
Seat 4: michasia ($108 in chips) 
Seat 5: XneferX ($108.45 in chips) 
Seat 6: vadjkeee ($117.79 in chips) 
kars0n: posts small blind $0.50
maver200981: posts big blind $1
*** HOLE CARDS ***
michasia: raises $1.60 to $2.60
XneferX: folds 
vadjkeee: folds 
Pippa83: folds 
kars0n: folds 
maver200981: folds 
Uncalled bet ($1.60) returned to michasia
michasia collected $2.50 from pot
michasia: doesn't show hand 
*** SUMMARY ***
Total pot $2.50 | Rake $0 
Seat 1: Pippa83 (button) folded before Flop (didn't bet)
Seat 2: kars0n (small blind) folded before Flop
Seat 3: maver200981 (big blind) folded before Flop
Seat 4: michasia collected ($2.50)
Seat 5: XneferX folded before Flop (didn't bet)
Seat 6: vadjkeee folded before Flop (didn't bet)



PokerStars Hand #254536455532:  Hold'em No Limit ($0.50/$1.00 USD) - 2025/01/24 21:51:36 WET [2025/01/24 16:51:36 ET]
Table 'Anteros IV' 6-max Seat #2 is the button
Seat 1: Pippa83 ($112.84 in chips) 
Seat 2: kars0n ($112.65 in chips) 
Seat 3: maver200981 ($88.90 in chips) 
Seat 4: michasia ($109.50 in chips) 
Seat 5: XneferX ($108.45 in chips) 
Seat 6: vadjkeee ($117.79 in chips) 
maver200981: posts small blind $0.50
michasia: posts big blind $1
*** HOLE CARDS ***
XneferX: folds 
vadjkeee: folds 
Pippa83: folds 
kars0n: folds 
maver200981: folds 
Uncalled bet ($0.50) returned to michasia
michasia collected $1 from pot
michasia: doesn't show hand 
*** SUMMARY ***
Total pot $1 | Rake $0 
Seat 1: Pippa83 folded before Flop (didn't bet)
Seat 2: kars0n (button) folded before Flop (didn't bet)
Seat 3: maver200981 (small blind) folded before Flop
Seat 4: michasia (big blind) collected ($1)
Seat 5: XneferX folded before Flop (didn't bet)
Seat 6: vadjkeee folded before Flop (didn't bet)



PokerStars Hand #254536460222:  Hold'em No Limit ($0.50/$1.00 USD) - 2025/01/24 21:51:52 WET [2025/01/24 16:51:52 ET]
Table 'Anteros IV' 6-max Seat #3 is the button
Seat 1: Pippa83 ($112.84 in chips) 
Seat 2: kars0n ($112.65 in chips) 
Seat 3: maver200981 ($88.40 in chips) 
Seat 4: michasia ($110 in chips) 
Seat 5: XneferX ($108.45 in chips) 
Seat 6: vadjkeee ($117.79 in chips) 
michasia: posts small blind $0.50
XneferX: posts big blind $1
*** HOLE CARDS ***
vadjkeee: folds 
Pippa83: folds 
kars0n: folds 
maver200981: raises $1 to $2
michasia: folds 
XneferX: folds 
Uncalled bet ($1) returned to maver200981
maver200981 collected $2.50 from pot
maver200981: doesn't show hand 
*** SUMMARY ***
Total pot $2.50 | Rake $0 
Seat 1: Pippa83 folded before Flop (didn't bet)
Seat 2: kars0n folded before Flop (didn't bet)
Seat 3: maver200981 (button) collected ($2.50)
Seat 4: michasia (small blind) folded before Flop
Seat 5: XneferX (big blind) folded before Flop
Seat 6: vadjkeee folded before Flop (didn't bet)



PokerStars Hand #254536466481:  Hold'em No Limit ($0.50/$1.00 USD) - 2025/01/24 21:52:12 WET [2025/01/24 16:52:12 ET]
Table 'Anteros IV' 6-max Seat #4 is the button
Seat 1: Pippa83 ($112.84 in chips) 
Seat 2: kars0n ($112.65 in chips) 
Seat 3: maver200981 ($89.90 in chips) 
Seat 4: michasia ($109.50 in chips) 
Seat 5: XneferX ($107.45 in chips) 
Seat 6: vadjkeee ($117.79 in chips) 
XneferX: posts small blind $0.50
vadjkeee: posts big blind $1
*** HOLE CARDS ***
Pippa83: folds 
kars0n: folds 
maver200981: raises $2 to $3
michasia: folds 
XneferX: folds 
vadjkeee: folds 
Uncalled bet ($2) returned to maver200981
maver200981 collected $2.50 from pot
maver200981: doesn't show hand 
*** SUMMARY ***
Total pot $2.50 | Rake $0 
Seat 1: Pippa83 folded before Flop (didn't bet)
Seat 2: kars0n folded before Flop (didn't bet)
Seat 3: maver200981 collected ($2.50)
Seat 4: michasia (button) folded before Flop (didn't bet)
Seat 5: XneferX (small blind) folded before Flop
Seat 6: vadjkeee (big blind) folded before Flop



PokerStars Hand #254536471409:  Hold'em No Limit ($0.50/$1.00 USD) - 2025/01/24 21:52:29 WET [2025/01/24 16:52:29 ET]
Table 'Anteros IV' 6-max Seat #5 is the button
Seat 1: Pippa83 ($112.84 in chips) 
Seat 2: kars0n ($112.65 in chips) 
Seat 3: maver200981 ($91.40 in chips) 
Seat 4: michasia ($109.50 in chips) 
Seat 5: XneferX ($106.95 in chips) 
Seat 6: vadjkeee ($116.79 in chips) 
vadjkeee: posts small blind $0.50
Pippa83: posts big blind $1
*** HOLE CARDS ***
kars0n: folds 
maver200981: folds 
michasia: folds 
XneferX: folds 
vadjkeee: folds 
Uncalled bet ($0.50) returned to Pippa83
Pippa83 collected $1 from pot
Pippa83: doesn't show hand 
*** SUMMARY ***
Total pot $1 | Rake $0 
Seat 1: Pippa83 (big blind) collected ($1)
Seat 2: kars0n folded before Flop (didn't bet)
Seat 3: maver200981 folded before Flop (didn't bet)
Seat 4: michasia folded before Flop (didn't bet)
Seat 5: XneferX (button) folded before Flop (didn't bet)
Seat 6: vadjkeee (small blind) folded before Flop



PokerStars Hand #254536476002:  Hold'em No Limit ($0.50/$1.00 USD) - 2025/01/24 21:52:43 WET [2025/01/24 16:52:43 ET]
Table 'Anteros IV' 6-max Seat #6 is the button
Seat 1: Pippa83 ($113.34 in chips) 
Seat 2: kars0n ($112.65 in chips) 
Seat 3: maver200981 ($91.40 in chips) 
Seat 4: michasia ($109.50 in chips) 
Seat 5: XneferX ($106.95 in chips) 
Seat 6: vadjkeee ($116.29 in chips) 
Pippa83: posts small blind $0.50
kars0n: posts big blind $1
*** HOLE CARDS ***
maver200981: folds 
michasia: folds 
XneferX: folds 
vadjkeee: raises $1.50 to $2.50
Pippa83: folds 
kars0n: calls $1.50
*** FLOP *** [9s Th 7s]
kars0n: checks 
vadjkeee: checks 
*** TURN *** [9s Th 7s] [9c]
kars0n: bets $7.83
vadjkeee: folds 
Uncalled bet ($7.83) returned to kars0n
kars0n collected $5.22 from pot
kars0n: doesn't show hand 
*** SUMMARY ***
Total pot $5.50 | Rake $0.28 
Board [9s Th 7s 9c]
Seat 1: Pippa83 (small blind) folded before Flop
Seat 2: kars0n (big blind) collected ($5.22)
Seat 3: maver200981 folded before Flop (didn't bet)
Seat 4: michasia folded before Flop (didn't bet)
Seat 5: XneferX folded before Flop (didn't bet)
Seat 6: vadjkeee (button) folded on the Turn



PokerStars Hand #254536486339:  Hold'em No Limit ($0.50/$1.00 USD) - 2025/01/24 21:53:17 WET [2025/01/24 16:53:17 ET]
Table 'Anteros IV' 6-max Seat #1 is the button
Seat 1: Pippa83 ($112.84 in chips) 
Seat 2: kars0n ($115.37 in chips) 
Seat 3: maver200981 ($91.40 in chips) 
Seat 4: michasia ($109.50 in chips) 
Seat 5: XneferX ($106.95 in chips) 
Seat 6: vadjkeee ($113.79 in chips) 
kars0n: posts small blind $0.50
maver200981: posts big blind $1
*** HOLE CARDS ***
michasia: folds 
XneferX: folds 
vadjkeee: folds 
Pippa83: folds 
kars0n: raises $2 to $3
maver200981: calls $2
*** FLOP *** [7d 9s Td]
kars0n: checks 
maver200981: bets $3.85
kars0n: calls $3.85
*** TURN *** [7d 9s Td] [6s]
kars0n: checks 
maver200981: bets $13.02
kars0n: calls $13.02
*** RIVER *** [7d 9s Td 6s] [9d]
kars0n: checks 
maver200981: checks 
*** SHOW DOWN ***
kars0n: shows [4s 7s] (two pair, Nines and Sevens)
maver200981: mucks hand 
kars0n collected $37.75 from pot
*** SUMMARY ***
Total pot $39.74 | Rake $1.99 
Board [7d 9s Td 6s 9d]
Seat 1: Pippa83 (button) folded before Flop (didn't bet)
Seat 2: kars0n (small blind) showed [4s 7s] and won ($37.75) with two pair, Nines and Sevens
Seat 3: maver200981 (big blind) mucked
Seat 4: michasia folded before Flop (didn't bet)
Seat 5: XneferX folded before Flop (didn't bet)
Seat 6: vadjkeee folded before Flop (didn't bet)



PokerStars Hand #254536508620:  Hold'em No Limit ($0.50/$1.00 USD) - 2025/01/24 21:54:30 WET [2025/01/24 16:54:30 ET]
Table 'Anteros IV' 6-max Seat #2 is the button
Seat 1: Pippa83 ($112.84 in chips) 
Seat 2: kars0n ($133.25 in chips) 
Seat 3: maver200981 ($71.53 in chips) 
Seat 4: michasia ($109.50 in chips) 
Seat 5: XneferX ($106.95 in chips) 
Seat 6: vadjkeee ($113.79 in chips) 
maver200981: posts small blind $0.50
michasia: posts big blind $1
*** HOLE CARDS ***
XneferX: folds 
vadjkeee: folds 
Pippa83: folds 
kars0n: raises $1.50 to $2.50
maver200981: calls $2
michasia: folds 
*** FLOP *** [Kd Js 3s]
maver200981: checks 
kars0n: checks 
*** TURN *** [Kd Js 3s] [4c]
maver200981: bets $2.85
kars0n: raises $4.65 to $7.50
maver200981: calls $4.65
*** RIVER *** [Kd Js 3s 4c] [Kc]
maver200981: checks 
kars0n: checks 
*** SHOW DOWN ***
maver200981: shows [Ah Jc] (two pair, Kings and Jacks)
kars0n: mucks hand 
maver200981 collected $19.95 from pot
*** SUMMARY ***
Total pot $21 | Rake $1.05 
Board [Kd Js 3s 4c Kc]
Seat 1: Pippa83 folded before Flop (didn't bet)
Seat 2: kars0n (button) mucked
Seat 3: maver200981 (small blind) showed [Ah Jc] and won ($19.95) with two pair, Kings and Jacks
Seat 4: michasia (big blind) folded before Flop
Seat 5: XneferX folded before Flop (didn't bet)
Seat 6: vadjkeee folded before Flop (didn't bet)



PokerStars Hand #254536527802:  Hold'em No Limit ($0.50/$1.00 USD) - 2025/01/24 21:55:39 WET [2025/01/24 16:55:39 ET]
Table 'Anteros IV' 6-max Seat #3 is the button
Seat 1: Pippa83 ($112.84 in chips) 
Seat 2: kars0n ($123.25 in chips) 
Seat 3: maver200981 ($81.48 in chips) 
Seat 4: michasia ($108.50 in chips) 
Seat 5: XneferX ($106.95 in chips) 
Seat 6: vadjkeee ($113.79 in chips) 
michasia: posts small blind $0.50
XneferX: posts big blind $1
*** HOLE CARDS ***
vadjkeee: raises $1.50 to $2.50
Pippa83: folds 
kars0n: folds 
maver200981: folds 
michasia: folds 
XneferX: folds 
Uncalled bet ($1.50) returned to vadjkeee
vadjkeee collected $2.50 from pot
vadjkeee: doesn't show hand 
*** SUMMARY ***
Total pot $2.50 | Rake $0 
Seat 1: Pippa83 folded before Flop (didn't bet)
Seat 2: kars0n folded before Flop (didn't bet)
Seat 3: maver200981 (button) folded before Flop (didn't bet)
Seat 4: michasia (small blind) folded before Flop
Seat 5: XneferX (big blind) folded before Flop
Seat 6: vadjkeee collected ($2.50)



PokerStars Hand #254536534973:  Hold'em No Limit ($0.50/$1.00 USD) - 2025/01/24 21:56:11 WET [2025/01/24 16:56:11 ET]
Table 'Anteros IV' 6-max Seat #4 is the button
Seat 1: Pippa83 ($112.84 in chips) 
Seat 2: kars0n ($123.25 in chips) 
Seat 3: maver200981 ($81.48 in chips) 
Seat 4: michasia ($108 in chips) 
Seat 5: XneferX ($105.95 in chips) 
Seat 6: vadjkeee ($115.29 in chips) 
XneferX: posts small blind $0.50
vadjkeee: posts big blind $1
*** HOLE CARDS ***
Pippa83: folds 
kars0n: folds 
maver200981: folds 
michasia: folds 
XneferX: raises $2 to $3
vadjkeee: folds 
Uncalled bet ($2) returned to XneferX
XneferX collected $2 from pot
XneferX: doesn't show hand 
*** SUMMARY ***
Total pot $2 | Rake $0 
Seat 1: Pippa83 folded before Flop (didn't bet)
Seat 2: kars0n folded before Flop (didn't bet)
Seat 3: maver200981 folded before Flop (didn't bet)
Seat 4: michasia (button) folded before Flop (didn't bet)
Seat 5: XneferX (small blind) collected ($2)
Seat 6: vadjkeee (big blind) folded before Flop



PokerStars Hand #254536539911:  Hold'em No Limit ($0.50/$1.00 USD) - 2025/01/24 21:56:32 WET [2025/01/24 16:56:32 ET]
Table 'Anteros IV' 6-max Seat #5 is the button
Seat 1: Pippa83 ($112.84 in chips) 
Seat 2: kars0n ($123.25 in chips) 
Seat 3: maver200981 ($81.48 in chips) 
Seat 4: michasia ($108 in chips) 
Seat 5: XneferX ($106.95 in chips) 
Seat 6: vadjkeee ($114.29 in chips) 
vadjkeee: posts small blind $0.50
Pippa83: posts big blind $1
*** HOLE CARDS ***
kars0n: folds 
maver200981: raises $1 to $2
michasia: folds 
XneferX: calls $2
vadjkeee: folds 
Pippa83: calls $1
*** FLOP *** [4h 4s 5d]
Pippa83: checks 
maver200981: checks 
XneferX: bets $3.15
Pippa83: folds 
maver200981: folds 
Uncalled bet ($3.15) returned to XneferX
XneferX collected $6.18 from pot
XneferX: doesn't show hand 
*** SUMMARY ***
Total pot $6.50 | Rake $0.32 
Board [4h 4s 5d]
Seat 1: Pippa83 (big blind) folded on the Flop
Seat 2: kars0n folded before Flop (didn't bet)
Seat 3: maver200981 folded on the Flop
Seat 4: michasia folded before Flop (didn't bet)
Seat 5: XneferX (button) collected ($6.18)
Seat 6: vadjkeee (small blind) folded before Flop



PokerStars Hand #254536554967:  Hold'em No Limit ($0.50/$1.00 USD) - 2025/01/24 21:57:38 WET [2025/01/24 16:57:38 ET]
Table 'Anteros IV' 6-max Seat #6 is the button
Seat 1: Pippa83 ($110.84 in chips) 
Seat 2: kars0n ($123.25 in chips) 
Seat 3: maver200981 ($79.48 in chips) 
Seat 4: michasia ($108 in chips) 
Seat 5: XneferX ($111.13 in chips) 
Seat 6: vadjkeee ($113.79 in chips) 
Pippa83: posts small blind $0.50
kars0n: posts big blind $1
*** HOLE CARDS ***
maver200981: folds 
michasia: folds 
XneferX: folds 
vadjkeee: folds 
Pippa83: raises $2 to $3
kars0n: calls $2
*** FLOP *** [5h Qd 8h]
Pippa83: bets $2.50
kars0n: raises $8.75 to $11.25
Pippa83: folds 
Uncalled bet ($8.75) returned to kars0n
kars0n collected $10.45 from pot
kars0n: doesn't show hand 
*** SUMMARY ***
Total pot $11 | Rake $0.55 
Board [5h Qd 8h]
Seat 1: Pippa83 (small blind) folded on the Flop
Seat 2: kars0n (big blind) collected ($10.45)
Seat 3: maver200981 folded before Flop (didn't bet)
Seat 4: michasia folded before Flop (didn't bet)
Seat 5: XneferX folded before Flop (didn't bet)
Seat 6: vadjkeee (button) folded before Flop (didn't bet)



PokerStars Hand #254536565483:  Hold'em No Limit ($0.50/$1.00 USD) - 2025/01/24 21:58:24 WET [2025/01/24 16:58:24 ET]
Table 'Anteros IV' 6-max Seat #1 is the button
Seat 1: Pippa83 ($105.34 in chips) 
Seat 2: kars0n ($128.20 in chips) 
Seat 3: maver200981 ($79.48 in chips) 
Seat 4: michasia ($108 in chips) 
Seat 5: XneferX ($111.13 in chips) 
Seat 6: vadjkeee ($113.79 in chips) 
kars0n: posts small blind $0.50
maver200981: posts big blind $1
*** HOLE CARDS ***
michasia: raises $1.60 to $2.60
XneferX: folds 
vadjkeee: folds 
Pippa83: folds 
kars0n: folds 
maver200981: calls $1.60
*** FLOP *** [4h 8d 7c]
maver200981: checks 
michasia: bets $1.79
maver200981: calls $1.79
*** TURN *** [4h 8d 7c] [7d]
maver200981: checks 
michasia: checks 
*** RIVER *** [4h 8d 7c 7d] [Jc]
maver200981: bets $8.82
michasia: folds 
Uncalled bet ($8.82) returned to maver200981
maver200981 collected $8.82 from pot
maver200981: doesn't show hand 
*** SUMMARY ***
Total pot $9.28 | Rake $0.46 
Board [4h 8d 7c 7d Jc]
Seat 1: Pippa83 (button) folded before Flop (didn't bet)
Seat 2: kars0n (small blind) folded before Flop
Seat 3: maver200981 (big blind) collected ($8.82)
Seat 4: michasia folded on the River
Seat 5: XneferX folded before Flop (didn't bet)
Seat 6: vadjkeee folded before Flop (didn't bet)



PokerStars Hand #254536576353:  Hold'em No Limit ($0.50/$1.00 USD) - 2025/01/24 21:59:11 WET [2025/01/24 16:59:11 ET]
Table 'Anteros IV' 6-max Seat #2 is the button
Seat 4: michasia ($103.61 in chips) is sitting out
Seat 1: Pippa83 ($105.34 in chips) 
Seat 2: kars0n ($127.70 in chips) 
Seat 3: maver200981 ($83.91 in chips) 
Seat 5: XneferX ($111.13 in chips) 
Seat 6: vadjkeee ($113.79 in chips) 
maver200981: posts small blind $0.50
michasia: is sitting out 
XneferX: posts big blind $1
*** HOLE CARDS ***
vadjkeee: raises $2 to $3
Pippa83: folds 
kars0n: folds 
maver200981: folds 
michasia leaves the table
XneferX: calls $2
*** FLOP *** [Kc 4d 8s]
XneferX: checks 
vadjkeee: bets $2.04
Unipoker11 joins the table at seat #4 
XneferX: folds 
Uncalled bet ($2.04) returned to vadjkeee
vadjkeee collected $6.18 from pot
vadjkeee: doesn't show hand 
*** SUMMARY ***
Total pot $6.50 | Rake $0.32 
Board [Kc 4d 8s]
Seat 4: michasia
Seat 1: Pippa83 folded before Flop (didn't bet)
Seat 2: kars0n (button) folded before Flop (didn't bet)
Seat 3: maver200981 (small blind) folded before Flop
Seat 5: XneferX (big blind) folded on the Flop
Seat 6: vadjkeee collected ($6.18)



PokerStars Hand #254536586999:  Hold'em No Limit ($0.50/$1.00 USD) - 2025/01/24 21:59:57 WET [2025/01/24 16:59:57 ET]
Table 'Anteros IV' 6-max Seat #3 is the button
Seat 4: Unipoker11 ($100 in chips) is sitting out
Seat 1: Pippa83 ($105.34 in chips) 
Seat 2: kars0n ($127.70 in chips) 
Seat 3: maver200981 ($83.41 in chips) 
Seat 5: XneferX ($108.13 in chips) 
Seat 6: vadjkeee ($116.97 in chips) 
XneferX: posts small blind $0.50
vadjkeee: posts big blind $1
*** HOLE CARDS ***
Pippa83: raises $1.20 to $2.20
kars0n: folds 
maver200981: calls $2.20
XneferX: folds 
vadjkeee: raises $11.80 to $14
Pippa83: folds 
maver200981: calls $11.80
*** FLOP *** [7h 6c 5s]
vadjkeee: bets $9.62
maver200981: calls $9.62
*** TURN *** [7h 6c 5s] [9s]
vadjkeee: checks 
maver200981: bets $23.72
vadjkeee: calls $23.72
*** RIVER *** [7h 6c 5s 9s] [Kd]
vadjkeee: checks 
maver200981: bets $36.07 and is all-in
vadjkeee: folds 
Uncalled bet ($36.07) returned to maver200981
maver200981 collected $94.88 from pot
maver200981: doesn't show hand 
*** SUMMARY ***
Total pot $97.38 | Rake $2.50 
Board [7h 6c 5s 9s Kd]
Seat 4: Unipoker11
Seat 1: Pippa83 folded before Flop
Seat 2: kars0n folded before Flop (didn't bet)
Seat 3: maver200981 (button) collected ($94.88)
Seat 5: XneferX (small blind) folded before Flop
Seat 6: vadjkeee (big blind) folded on the River



PokerStars Hand #254536604287:  Hold'em No Limit ($0.50/$1.00 USD) - 2025/01/24 22:01:08 WET [2025/01/24 17:01:08 ET]
Table 'Anteros IV' 6-max Seat #5 is the button
Seat 1: Pippa83 ($103.14 in chips) is sitting out
Seat 4: Unipoker11 ($100 in chips) is sitting out
Seat 2: kars0n ($127.70 in chips) 
Seat 3: maver200981 ($130.95 in chips) 
Seat 5: XneferX ($107.63 in chips) 
Seat 6: vadjkeee ($100 in chips) 
vadjkeee: posts small blind $0.50
Pippa83: is sitting out 
kars0n: posts big blind $1
Unipoker11: sits out 
*** HOLE CARDS ***
Pippa83 leaves the table
maver200981: folds 
XneferX: raises $1.77 to $2.77
vadjkeee: folds 
kars0n: folds 
Uncalled bet ($1.77) returned to XneferX
XneferX collected $2.50 from pot
XneferX: doesn't show hand 
*** SUMMARY ***
Total pot $2.50 | Rake $0 
Seat 1: Pippa83
Seat 4: Unipoker11
Seat 2: kars0n (big blind) folded before Flop
Seat 3: maver200981 folded before Flop (didn't bet)
Seat 5: XneferX (button) collected ($2.50)
Seat 6: vadjkeee (small blind) folded before Flop



PokerStars Hand #254536607977:  Hold'em No Limit ($0.50/$1.00 USD) - 2025/01/24 22:01:21 WET [2025/01/24 17:01:21 ET]
Table 'Anteros IV' 6-max Seat #6 is the button
Seat 4: Unipoker11 ($100 in chips) is sitting out
Seat 2: kars0n ($126.70 in chips) 
Seat 3: maver200981 ($130.95 in chips) 
Seat 5: XneferX ($109.13 in chips) 
Seat 6: vadjkeee ($100 in chips) 
kars0n: posts small blind $0.50
maver200981: posts big blind $1
Unipoker11: sits out 
*** HOLE CARDS ***
XneferX: folds 
vadjkeee: raises $2 to $3
kars0n: folds 
maver200981: calls $2
*** FLOP *** [9d Ks 3s]
maver200981: checks 
vadjkeee: bets $4.63
maver200981: folds 
Uncalled bet ($4.63) returned to vadjkeee
vadjkeee collected $6.18 from pot
vadjkeee: doesn't show hand 
*** SUMMARY ***
Total pot $6.50 | Rake $0.32 
Board [9d Ks 3s]
Seat 4: Unipoker11
Seat 2: kars0n (small blind) folded before Flop
Seat 3: maver200981 (big blind) folded on the Flop
Seat 5: XneferX folded before Flop (didn't bet)
Seat 6: vadjkeee (button) collected ($6.18)



PokerStars Hand #254536614927:  Hold'em No Limit ($0.50/$1.00 USD) - 2025/01/24 22:01:47 WET [2025/01/24 17:01:47 ET]
Table 'Anteros IV' 6-max Seat #2 is the button
Seat 2: kars0n ($126.20 in chips) 
Seat 3: maver200981 ($127.95 in chips) 
Seat 4: Unipoker11 ($100 in chips) 
Seat 5: XneferX ($109.13 in chips) 
Seat 6: vadjkeee ($103.18 in chips) 
maver200981: posts small blind $0.50
Unipoker11: posts big blind $1
*** HOLE CARDS ***
XneferX: folds 
vadjkeee: folds 
kars0n: raises $1.50 to $2.50
Maks Bavenko joins the table at seat #1 
maver200981: raises $4.50 to $7
Unipoker11: folds 
kars0n: calls $4.50
*** FLOP *** [Js Qs 5s]
maver200981: bets $5.13
kars0n: folds 
Uncalled bet ($5.13) returned to maver200981
maver200981 collected $14.25 from pot
maver200981: doesn't show hand 
*** SUMMARY ***
Total pot $15 | Rake $0.75 
Board [Js Qs 5s]
Seat 2: kars0n (button) folded on the Flop
Seat 3: maver200981 (small blind) collected ($14.25)
Seat 4: Unipoker11 (big blind) folded before Flop
Seat 5: XneferX folded before Flop (didn't bet)
Seat 6: vadjkeee folded before Flop (didn't bet)



PokerStars Hand #254536626179:  Hold'em No Limit ($0.50/$1.00 USD) - 2025/01/24 22:02:25 WET [2025/01/24 17:02:25 ET]
Table 'Anteros IV' 6-max Seat #3 is the button
Seat 1: Maks Bavenko ($100 in chips) is sitting out
Seat 2: kars0n ($119.20 in chips) 
Seat 3: maver200981 ($135.20 in chips) 
Seat 4: Unipoker11 ($100 in chips) 
Seat 5: XneferX ($109.13 in chips) 
Seat 6: vadjkeee ($103.18 in chips) 
Unipoker11: posts small blind $0.50
XneferX: posts big blind $1
Maks Bavenko: sits out 
*** HOLE CARDS ***
vadjkeee: folds 
kars0n: folds 
maver200981: folds 
Unipoker11: raises $2 to $3
XneferX: folds 
Uncalled bet ($2) returned to Unipoker11
Unipoker11 collected $2 from pot
Unipoker11: doesn't show hand 
*** SUMMARY ***
Total pot $2 | Rake $0 
Seat 1: Maks Bavenko
Seat 2: kars0n folded before Flop (didn't bet)
Seat 3: maver200981 (button) folded before Flop (didn't bet)
Seat 4: Unipoker11 (small blind) collected ($2)
Seat 5: XneferX (big blind) folded before Flop
Seat 6: vadjkeee folded before Flop (didn't bet)



PokerStars Hand #254536631714:  Hold'em No Limit ($0.50/$1.00 USD) - 2025/01/24 22:02:44 WET [2025/01/24 17:02:44 ET]
Table 'Anteros IV' 6-max Seat #4 is the button
Seat 1: Maks Bavenko ($100 in chips) is sitting out
Seat 2: kars0n ($119.20 in chips) 
Seat 3: maver200981 ($135.20 in chips) 
Seat 4: Unipoker11 ($101 in chips) 
Seat 5: XneferX ($108.13 in chips) 
Seat 6: vadjkeee ($103.18 in chips) 
XneferX: posts small blind $0.50
vadjkeee: posts big blind $1
Maks Bavenko: sits out 
*** HOLE CARDS ***
kars0n: raises $1 to $2
maver200981: calls $2
Unipoker11: folds 
XneferX: folds 
vadjkeee: folds 
*** FLOP *** [6c Qs 5h]
kars0n: checks 
maver200981: checks 
*** TURN *** [6c Qs 5h] [9s]
kars0n: checks 
maver200981: checks 
*** RIVER *** [6c Qs 5h 9s] [Js]
kars0n: checks 
maver200981: bets $2.61
kars0n: folds 
Uncalled bet ($2.61) returned to maver200981
maver200981 collected $5.22 from pot
maver200981: doesn't show hand 
*** SUMMARY ***
Total pot $5.50 | Rake $0.28 
Board [6c Qs 5h 9s Js]
Seat 1: Maks Bavenko
Seat 2: kars0n folded on the River
Seat 3: maver200981 collected ($5.22)
Seat 4: Unipoker11 (button) folded before Flop (didn't bet)
Seat 5: XneferX (small blind) folded before Flop
Seat 6: vadjkeee (big blind) folded before Flop



PokerStars Hand #254536646493:  Hold'em No Limit ($0.50/$1.00 USD) - 2025/01/24 22:03:33 WET [2025/01/24 17:03:33 ET]
Table 'Anteros IV' 6-max Seat #5 is the button
Seat 1: Maks Bavenko ($100 in chips) 
Seat 2: kars0n ($117.20 in chips) 
Seat 3: maver200981 ($138.42 in chips) 
Seat 4: Unipoker11 ($101 in chips) 
Seat 5: XneferX ($107.63 in chips) 
Seat 6: vadjkeee ($102.18 in chips) 
vadjkeee: posts small blind $0.50
Maks Bavenko: posts big blind $1
*** HOLE CARDS ***
kars0n: folds 
maver200981: folds 
Unipoker11: folds 
XneferX: raises $1.77 to $2.77
vadjkeee: folds 
Maks Bavenko: folds 
Uncalled bet ($1.77) returned to XneferX
XneferX collected $2.50 from pot
XneferX: doesn't show hand 
*** SUMMARY ***
Total pot $2.50 | Rake $0 
Seat 1: Maks Bavenko (big blind) folded before Flop
Seat 2: kars0n folded before Flop (didn't bet)
Seat 3: maver200981 folded before Flop (didn't bet)
Seat 4: Unipoker11 folded before Flop (didn't bet)
Seat 5: XneferX (button) collected ($2.50)
Seat 6: vadjkeee (small blind) folded before Flop



PokerStars Hand #254536650670:  Hold'em No Limit ($0.50/$1.00 USD) - 2025/01/24 22:03:47 WET [2025/01/24 17:03:47 ET]
Table 'Anteros IV' 6-max Seat #6 is the button
Seat 1: Maks Bavenko ($100 in chips) 
Seat 2: kars0n ($117.20 in chips) 
Seat 3: maver200981 ($138.42 in chips) 
Seat 4: Unipoker11 ($101 in chips) 
Seat 5: XneferX ($109.13 in chips) 
Seat 6: vadjkeee ($101.68 in chips) 
Maks Bavenko: posts small blind $0.50
kars0n: posts big blind $1
*** HOLE CARDS ***
maver200981: folds 
Unipoker11: folds 
XneferX: raises $1.30 to $2.30
vadjkeee: raises $5.20 to $7.50
Maks Bavenko: folds 
kars0n: folds 
XneferX: folds 
Uncalled bet ($5.20) returned to vadjkeee
vadjkeee collected $6.10 from pot
vadjkeee: doesn't show hand 
*** SUMMARY ***
Total pot $6.10 | Rake $0 
Seat 1: Maks Bavenko (small blind) folded before Flop
Seat 2: kars0n (big blind) folded before Flop
Seat 3: maver200981 folded before Flop (didn't bet)
Seat 4: Unipoker11 folded before Flop (didn't bet)
Seat 5: XneferX folded before Flop
Seat 6: vadjkeee (button) collected ($6.10)



PokerStars Hand #254536661833:  Hold'em No Limit ($0.50/$1.00 USD) - 2025/01/24 22:04:24 WET [2025/01/24 17:04:24 ET]
Table 'Anteros IV' 6-max Seat #1 is the button
Seat 1: Maks Bavenko ($100 in chips) 
Seat 2: kars0n ($116.20 in chips) 
Seat 3: maver200981 ($138.42 in chips) 
Seat 4: Unipoker11 ($101 in chips) 
Seat 5: XneferX ($106.83 in chips) 
Seat 6: vadjkeee ($105.48 in chips) 
kars0n: posts small blind $0.50
maver200981: posts big blind $1
*** HOLE CARDS ***
Unipoker11: raises $1 to $2
XneferX: folds 
vadjkeee: folds 
Maks Bavenko: folds 
kars0n: folds 
maver200981: folds 
Uncalled bet ($1) returned to Unipoker11
Unipoker11 collected $2.50 from pot
Unipoker11: doesn't show hand 
*** SUMMARY ***
Total pot $2.50 | Rake $0 
Seat 1: Maks Bavenko (button) folded before Flop (didn't bet)
Seat 2: kars0n (small blind) folded before Flop
Seat 3: maver200981 (big blind) folded before Flop
Seat 4: Unipoker11 collected ($2.50)
Seat 5: XneferX folded before Flop (didn't bet)
Seat 6: vadjkeee folded before Flop (didn't bet)



PokerStars Hand #254536667613:  Hold'em No Limit ($0.50/$1.00 USD) - 2025/01/24 22:04:43 WET [2025/01/24 17:04:43 ET]
Table 'Anteros IV' 6-max Seat #2 is the button
Seat 1: Maks Bavenko ($100 in chips) 
Seat 2: kars0n ($115.70 in chips) 
Seat 3: maver200981 ($137.42 in chips) 
Seat 4: Unipoker11 ($102.50 in chips) 
Seat 5: XneferX ($106.83 in chips) 
Seat 6: vadjkeee ($105.48 in chips) 
maver200981: posts small blind $0.50
Unipoker11: posts big blind $1
*** HOLE CARDS ***
XneferX: folds 
vadjkeee: folds 
Maks Bavenko: folds 
kars0n: folds 
maver200981: folds 
Uncalled bet ($0.50) returned to Unipoker11
Unipoker11 collected $1 from pot
Unipoker11: doesn't show hand 
*** SUMMARY ***
Total pot $1 | Rake $0 
Seat 1: Maks Bavenko folded before Flop (didn't bet)
Seat 2: kars0n (button) folded before Flop (didn't bet)
Seat 3: maver200981 (small blind) folded before Flop
Seat 4: Unipoker11 (big blind) collected ($1)
Seat 5: XneferX folded before Flop (didn't bet)
Seat 6: vadjkeee folded before Flop (didn't bet)



PokerStars Hand #254536671517:  Hold'em No Limit ($0.50/$1.00 USD) - 2025/01/24 22:04:56 WET [2025/01/24 17:04:56 ET]
Table 'Anteros IV' 6-max Seat #3 is the button
Seat 1: Maks Bavenko ($100 in chips) 
Seat 2: kars0n ($115.70 in chips) 
Seat 3: maver200981 ($136.92 in chips) 
Seat 4: Unipoker11 ($103 in chips) 
Seat 5: XneferX ($106.83 in chips) 
Seat 6: vadjkeee ($105.48 in chips) 
Unipoker11: posts small blind $0.50
XneferX: posts big blind $1
*** HOLE CARDS ***
vadjkeee: folds 
Maks Bavenko: folds 
kars0n: folds 
maver200981: folds 
Unipoker11: raises $2 to $3
XneferX: calls $2
*** FLOP *** [Qc 8c 9d]
Unipoker11: checks 
XneferX: checks 
*** TURN *** [Qc 8c 9d] [Jc]
Unipoker11: checks 
XneferX: checks 
*** RIVER *** [Qc 8c 9d Jc] [Kh]
Unipoker11: bets $4.27
XneferX: folds 
Uncalled bet ($4.27) returned to Unipoker11
Unipoker11 collected $5.70 from pot
Unipoker11: doesn't show hand 
*** SUMMARY ***
Total pot $6 | Rake $0.30 
Board [Qc 8c 9d Jc Kh]
Seat 1: Maks Bavenko folded before Flop (didn't bet)
Seat 2: kars0n folded before Flop (didn't bet)
Seat 3: maver200981 (button) folded before Flop (didn't bet)
Seat 4: Unipoker11 (small blind) collected ($5.70)
Seat 5: XneferX (big blind) folded on the River
Seat 6: vadjkeee folded before Flop (didn't bet)



PokerStars Hand #254536697775:  Hold'em No Limit ($0.50/$1.00 USD) - 2025/01/24 22:06:22 WET [2025/01/24 17:06:22 ET]
Table 'Anteros IV' 6-max Seat #4 is the button
Seat 1: Maks Bavenko ($100 in chips) 
Seat 2: kars0n ($115.70 in chips) 
Seat 3: maver200981 ($136.92 in chips) 
Seat 4: Unipoker11 ($105.70 in chips) 
Seat 5: XneferX ($103.83 in chips) 
Seat 6: vadjkeee ($105.48 in chips) 
XneferX: posts small blind $0.50
vadjkeee: posts big blind $1
*** HOLE CARDS ***
Maks Bavenko: folds 
kars0n: folds 
maver200981: raises $1 to $2
Unipoker11: raises $5.50 to $7.50
XneferX: folds 
vadjkeee: folds 
maver200981: calls $5.50
*** FLOP *** [4h Ks 2d]
maver200981: checks 
Unipoker11: bets $3.92
maver200981: calls $3.92
*** TURN *** [4h Ks 2d] [6c]
maver200981: checks 
Unipoker11: bets $15.49
maver200981: folds 
Uncalled bet ($15.49) returned to Unipoker11
Unipoker11 collected $23.12 from pot
Unipoker11: doesn't show hand 
*** SUMMARY ***
Total pot $24.34 | Rake $1.22 
Board [4h Ks 2d 6c]
Seat 1: Maks Bavenko folded before Flop (didn't bet)
Seat 2: kars0n folded before Flop (didn't bet)
Seat 3: maver200981 folded on the Turn
Seat 4: Unipoker11 (button) collected ($23.12)
Seat 5: XneferX (small blind) folded before Flop
Seat 6: vadjkeee (big blind) folded before Flop



PokerStars Hand #254536728041:  Hold'em No Limit ($0.50/$1.00 USD) - 2025/01/24 22:08:02 WET [2025/01/24 17:08:02 ET]
Table 'Anteros IV' 6-max Seat #5 is the button
Seat 1: Maks Bavenko ($100 in chips) 
Seat 2: kars0n ($115.70 in chips) 
Seat 3: maver200981 ($125.50 in chips) 
Seat 4: Unipoker11 ($117.40 in chips) 
Seat 5: XneferX ($103.33 in chips) 
Seat 6: vadjkeee ($104.48 in chips) 
vadjkeee: posts small blind $0.50
Maks Bavenko: posts big blind $1
*** HOLE CARDS ***
kars0n: raises $1 to $2
maver200981: folds 
Unipoker11: raises $4.50 to $6.50
XneferX: folds 
vadjkeee: folds 
Maks Bavenko: folds 
kars0n: folds 
Uncalled bet ($4.50) returned to Unipoker11
Unipoker11 collected $5.50 from pot
Unipoker11: doesn't show hand 
*** SUMMARY ***
Total pot $5.50 | Rake $0 
Seat 1: Maks Bavenko (big blind) folded before Flop
Seat 2: kars0n folded before Flop
Seat 3: maver200981 folded before Flop (didn't bet)
Seat 4: Unipoker11 collected ($5.50)
Seat 5: XneferX (button) folded before Flop (didn't bet)
Seat 6: vadjkeee (small blind) folded before Flop



PokerStars Hand #254536737420:  Hold'em No Limit ($0.50/$1.00 USD) - 2025/01/24 22:08:34 WET [2025/01/24 17:08:34 ET]
Table 'Anteros IV' 6-max Seat #6 is the button
Seat 1: Maks Bavenko ($100 in chips) 
Seat 2: kars0n ($113.70 in chips) 
Seat 3: maver200981 ($125.50 in chips) 
Seat 4: Unipoker11 ($120.90 in chips) 
Seat 5: XneferX ($103.33 in chips) 
Seat 6: vadjkeee ($103.98 in chips) 
Maks Bavenko: posts small blind $0.50
kars0n: posts big blind $1
*** HOLE CARDS ***
maver200981: folds 
Unipoker11: raises $1 to $2
XneferX: folds 
vadjkeee: folds 
Maks Bavenko: folds 
kars0n: folds 
Uncalled bet ($1) returned to Unipoker11
Unipoker11 collected $2.50 from pot
Unipoker11: doesn't show hand 
*** SUMMARY ***
Total pot $2.50 | Rake $0 
Seat 1: Maks Bavenko (small blind) folded before Flop
Seat 2: kars0n (big blind) folded before Flop
Seat 3: maver200981 folded before Flop (didn't bet)
Seat 4: Unipoker11 collected ($2.50)
Seat 5: XneferX folded before Flop (didn't bet)
Seat 6: vadjkeee (button) folded before Flop (didn't bet)



PokerStars Hand #254536748594:  Hold'em No Limit ($0.50/$1.00 USD) - 2025/01/24 22:09:10 WET [2025/01/24 17:09:10 ET]
Table 'Anteros IV' 6-max Seat #1 is the button
Seat 1: Maks Bavenko ($100 in chips) 
Seat 2: kars0n ($112.70 in chips) 
Seat 3: maver200981 ($125.50 in chips) 
Seat 4: Unipoker11 ($122.40 in chips) 
Seat 5: XneferX ($103.33 in chips) 
Seat 6: vadjkeee ($103.98 in chips) 
kars0n: posts small blind $0.50
maver200981: posts big blind $1
*** HOLE CARDS ***
Unipoker11: raises $1 to $2
XneferX: folds 
vadjkeee: calls $2
Maks Bavenko: folds 
kars0n: folds 
maver200981: calls $1
*** FLOP *** [6d Ts 9d]
maver200981: checks 
Unipoker11: checks 
vadjkeee: checks 
*** TURN *** [6d Ts 9d] [8c]
maver200981: checks 
Unipoker11: checks 
vadjkeee: checks 
*** RIVER *** [6d Ts 9d 8c] [Qh]
maver200981: checks 
Unipoker11: checks 
vadjkeee: checks 
*** SHOW DOWN ***
maver200981: shows [6c Ad] (a pair of Sixes)
Unipoker11: shows [9s Js] (a straight, Eight to Queen)
vadjkeee: mucks hand 
Unipoker11 collected $6.18 from pot
*** SUMMARY ***
Total pot $6.50 | Rake $0.32 
Board [6d Ts 9d 8c Qh]
Seat 1: Maks Bavenko (button) folded before Flop (didn't bet)
Seat 2: kars0n (small blind) folded before Flop
Seat 3: maver200981 (big blind) showed [6c Ad] and lost with a pair of Sixes
Seat 4: Unipoker11 showed [9s Js] and won ($6.18) with a straight, Eight to Queen
Seat 5: XneferX folded before Flop (didn't bet)
Seat 6: vadjkeee mucked



PokerStars Hand #254536769578:  Hold'em No Limit ($0.50/$1.00 USD) - 2025/01/24 22:10:19 WET [2025/01/24 17:10:19 ET]
Table 'Anteros IV' 6-max Seat #2 is the button
Seat 1: Maks Bavenko ($100 in chips) 
Seat 2: kars0n ($112.20 in chips) 
Seat 3: maver200981 ($123.50 in chips) 
Seat 4: Unipoker11 ($126.58 in chips) 
Seat 5: XneferX ($103.33 in chips) 
Seat 6: vadjkeee ($101.98 in chips) 
maver200981: posts small blind $0.50
Unipoker11: posts big blind $1
*** HOLE CARDS ***
XneferX: raises $1.10 to $2.10
vadjkeee: folds 
Maks Bavenko: folds 
kars0n: folds 
maver200981: calls $1.60
Unipoker11: raises $7.90 to $10
XneferX: folds 
maver200981: calls $7.90
*** FLOP *** [Qc 7c 8d]
maver200981: checks 
Unipoker11: bets $6.93
maver200981: folds 
Uncalled bet ($6.93) returned to Unipoker11
Unipoker11 collected $21 from pot
Unipoker11: doesn't show hand 
*** SUMMARY ***
Total pot $22.10 | Rake $1.10 
Board [Qc 7c 8d]
Seat 1: Maks Bavenko folded before Flop (didn't bet)
Seat 2: kars0n (button) folded before Flop (didn't bet)
Seat 3: maver200981 (small blind) folded on the Flop
Seat 4: Unipoker11 (big blind) collected ($21)
Seat 5: XneferX folded before Flop
Seat 6: vadjkeee folded before Flop (didn't bet)



PokerStars Hand #254536794201:  Hold'em No Limit ($0.50/$1.00 USD) - 2025/01/24 22:11:41 WET [2025/01/24 17:11:41 ET]
Table 'Anteros IV' 6-max Seat #3 is the button
Seat 1: Maks Bavenko ($100 in chips) 
Seat 2: kars0n ($112.20 in chips) 
Seat 3: maver200981 ($113.50 in chips) 
Seat 4: Unipoker11 ($137.58 in chips) 
Seat 5: XneferX ($101.23 in chips) 
Seat 6: vadjkeee ($101.98 in chips) 
Unipoker11: posts small blind $0.50
XneferX: posts big blind $1
*** HOLE CARDS ***
vadjkeee: folds 
Maks Bavenko: folds 
kars0n: raises $1.50 to $2.50
maver200981: raises $5.50 to $8
Unipoker11: folds 
XneferX: folds 
kars0n: calls $5.50
*** FLOP *** [4s Td 4c]
kars0n: checks 
maver200981: bets $16.62
kars0n: folds 
Uncalled bet ($16.62) returned to maver200981
maver200981 collected $16.62 from pot
maver200981: doesn't show hand 
*** SUMMARY ***
Total pot $17.50 | Rake $0.88 
Board [4s Td 4c]
Seat 1: Maks Bavenko folded before Flop (didn't bet)
Seat 2: kars0n folded on the Flop
Seat 3: maver200981 (button) collected ($16.62)
Seat 4: Unipoker11 (small blind) folded before Flop
Seat 5: XneferX (big blind) folded before Flop
Seat 6: vadjkeee folded before Flop (didn't bet)



PokerStars Hand #254536808529:  Hold'em No Limit ($0.50/$1.00 USD) - 2025/01/24 22:12:28 WET [2025/01/24 17:12:28 ET]
Table 'Anteros IV' 6-max Seat #4 is the button
Seat 1: Maks Bavenko ($100 in chips) 
Seat 2: kars0n ($104.20 in chips) 
Seat 3: maver200981 ($122.12 in chips) 
Seat 4: Unipoker11 ($137.08 in chips) 
Seat 5: XneferX ($100.23 in chips) 
Seat 6: vadjkeee ($101.98 in chips) 
XneferX: posts small blind $0.50
vadjkeee: posts big blind $1
*** HOLE CARDS ***
Maks Bavenko: raises $1.50 to $2.50
kars0n: folds 
maver200981: folds 
Unipoker11: folds 
XneferX: folds 
vadjkeee: folds 
Uncalled bet ($1.50) returned to Maks Bavenko
Maks Bavenko collected $2.50 from pot
Maks Bavenko: doesn't show hand 
*** SUMMARY ***
Total pot $2.50 | Rake $0 
Seat 1: Maks Bavenko collected ($2.50)
Seat 2: kars0n folded before Flop (didn't bet)
Seat 3: maver200981 folded before Flop (didn't bet)
Seat 4: Unipoker11 (button) folded before Flop (didn't bet)
Seat 5: XneferX (small blind) folded before Flop
Seat 6: vadjkeee (big blind) folded before Flop



PokerStars Hand #254536815069:  Hold'em No Limit ($0.50/$1.00 USD) - 2025/01/24 22:12:49 WET [2025/01/24 17:12:49 ET]
Table 'Anteros IV' 6-max Seat #5 is the button
Seat 1: Maks Bavenko ($101.50 in chips) 
Seat 2: kars0n ($104.20 in chips) 
Seat 3: maver200981 ($122.12 in chips) 
Seat 4: Unipoker11 ($137.08 in chips) 
Seat 5: XneferX ($100 in chips) 
Seat 6: vadjkeee ($100.98 in chips) 
vadjkeee: posts small blind $0.50
Maks Bavenko: posts big blind $1
*** HOLE CARDS ***
kars0n: folds 
maver200981: folds 
Unipoker11: folds 
XneferX: folds 
vadjkeee: folds 
Uncalled bet ($0.50) returned to Maks Bavenko
Maks Bavenko collected $1 from pot
Maks Bavenko: doesn't show hand 
*** SUMMARY ***
Total pot $1 | Rake $0 
Seat 1: Maks Bavenko (big blind) collected ($1)
Seat 2: kars0n folded before Flop (didn't bet)
Seat 3: maver200981 folded before Flop (didn't bet)
Seat 4: Unipoker11 folded before Flop (didn't bet)
Seat 5: XneferX (button) folded before Flop (didn't bet)
Seat 6: vadjkeee (small blind) folded before Flop



PokerStars Hand #254536819468:  Hold'em No Limit ($0.50/$1.00 USD) - 2025/01/24 22:13:04 WET [2025/01/24 17:13:04 ET]
Table 'Anteros IV' 6-max Seat #6 is the button
Seat 1: Maks Bavenko ($102 in chips) 
Seat 2: kars0n ($104.20 in chips) 
Seat 3: maver200981 ($122.12 in chips) 
Seat 4: Unipoker11 ($137.08 in chips) 
Seat 5: XneferX ($100 in chips) 
Seat 6: vadjkeee ($100.48 in chips) 
Maks Bavenko: posts small blind $0.50
kars0n: posts big blind $1
*** HOLE CARDS ***
maver200981: folds 
Unipoker11: raises $1 to $2
XneferX: folds 
vadjkeee: folds 
Maks Bavenko: folds 
kars0n: raises $10 to $12
Unipoker11: folds 
Uncalled bet ($10) returned to kars0n
kars0n collected $4.50 from pot
kars0n: doesn't show hand 
*** SUMMARY ***
Total pot $4.50 | Rake $0 
Seat 1: Maks Bavenko (small blind) folded before Flop
Seat 2: kars0n (big blind) collected ($4.50)
Seat 3: maver200981 folded before Flop (didn't bet)
Seat 4: Unipoker11 folded before Flop
Seat 5: XneferX folded before Flop (didn't bet)
Seat 6: vadjkeee (button) folded before Flop (didn't bet)



PokerStars Hand #254537712647:  Hold'em No Limit ($0.50/$1.00 USD) - 2025/01/24 23:05:39 WET [2025/01/24 18:05:39 ET]
Table 'Anteros IV' 6-max Seat #4 is the button
Seat 1: p0pa4poker ($100.23 in chips) 
Seat 2: kars0n ($136.32 in chips) 
Seat 3: maver200981 ($39.27 in chips) 
Seat 4: tintin641 ($121.78 in chips) 
Seat 5: XneferX ($127.90 in chips) 
Seat 6: Xenicide ($105.01 in chips) 
XneferX: posts small blind $0.50
Xenicide: posts big blind $1
*** HOLE CARDS ***
p0pa4poker: raises $1 to $2
kars0n: folds 
maver200981: folds 
tintin641: folds 
XneferX: calls $1.50
Xenicide: folds 
*** FLOP *** [8h 4c 8c]
XneferX: checks 
p0pa4poker: checks 
*** TURN *** [8h 4c 8c] [Ts]
XneferX: bets $3.66
p0pa4poker: folds 
Uncalled bet ($3.66) returned to XneferX
XneferX collected $4.75 from pot
XneferX: doesn't show hand 
*** SUMMARY ***
Total pot $5 | Rake $0.25 
Board [8h 4c 8c Ts]
Seat 1: p0pa4poker folded on the Turn
Seat 2: kars0n folded before Flop (didn't bet)
Seat 3: maver200981 folded before Flop (didn't bet)
Seat 4: tintin641 (button) folded before Flop (didn't bet)
Seat 5: XneferX (small blind) collected ($4.75)
Seat 6: Xenicide (big blind) folded before Flop



PokerStars Hand #254537736292:  Hold'em No Limit ($0.50/$1.00 USD) - 2025/01/24 23:07:04 WET [2025/01/24 18:07:04 ET]
Table 'Anteros IV' 6-max Seat #5 is the button
Seat 1: p0pa4poker ($100 in chips) 
Seat 2: kars0n ($136.32 in chips) 
Seat 3: maver200981 ($39.27 in chips) 
Seat 4: tintin641 ($121.78 in chips) 
Seat 5: XneferX ($130.65 in chips) 
Seat 6: Xenicide ($104.01 in chips) 
Xenicide: posts small blind $0.50
p0pa4poker: posts big blind $1
*** HOLE CARDS ***
kars0n: folds 
maver200981: folds 
tintin641: folds 
XneferX: folds 
Xenicide: raises $2.50 to $3.50
p0pa4poker: folds 
Uncalled bet ($2.50) returned to Xenicide
Xenicide collected $2 from pot
*** SUMMARY ***
Total pot $2 | Rake $0 
Seat 1: p0pa4poker (big blind) folded before Flop
Seat 2: kars0n folded before Flop (didn't bet)
Seat 3: maver200981 folded before Flop (didn't bet)
Seat 4: tintin641 folded before Flop (didn't bet)
Seat 5: XneferX (button) folded before Flop (didn't bet)
Seat 6: Xenicide (small blind) collected ($2)



PokerStars Hand #254537740726:  Hold'em No Limit ($0.50/$1.00 USD) - 2025/01/24 23:07:19 WET [2025/01/24 18:07:19 ET]
Table 'Anteros IV' 6-max Seat #6 is the button
Seat 1: p0pa4poker ($100 in chips) 
Seat 2: kars0n ($136.32 in chips) 
Seat 3: maver200981 ($39.27 in chips) 
Seat 4: tintin641 ($121.78 in chips) 
Seat 5: XneferX ($130.65 in chips) 
Seat 6: Xenicide ($105.01 in chips) 
p0pa4poker: posts small blind $0.50
kars0n: posts big blind $1
*** HOLE CARDS ***
maver200981: raises $2 to $3
tintin641: folds 
XneferX: folds 
Xenicide: folds 
p0pa4poker: folds 
kars0n: raises $9 to $12
maver200981: folds 
Uncalled bet ($9) returned to kars0n
kars0n collected $6.50 from pot
kars0n: doesn't show hand 
*** SUMMARY ***
Total pot $6.50 | Rake $0 
Seat 1: p0pa4poker (small blind) folded before Flop
Seat 2: kars0n (big blind) collected ($6.50)
Seat 3: maver200981 folded before Flop
Seat 4: tintin641 folded before Flop (didn't bet)
Seat 5: XneferX folded before Flop (didn't bet)
Seat 6: Xenicide (button) folded before Flop (didn't bet)



PokerStars Hand #254537748100:  Hold'em No Limit ($0.50/$1.00 USD) - 2025/01/24 23:07:46 WET [2025/01/24 18:07:46 ET]
Table 'Anteros IV' 6-max Seat #1 is the button
Seat 1: p0pa4poker ($99.50 in chips) 
Seat 2: kars0n ($139.82 in chips) 
Seat 3: maver200981 ($36.27 in chips) 
Seat 4: tintin641 ($121.78 in chips) 
Seat 5: XneferX ($130.65 in chips) 
Seat 6: Xenicide ($105.01 in chips) 
kars0n: posts small blind $0.50
maver200981: posts big blind $1
*** HOLE CARDS ***
tintin641: folds 
XneferX: folds 
Xenicide: folds 
p0pa4poker: raises $1.50 to $2.50
kars0n: folds 
maver200981: raises $5.50 to $8
p0pa4poker: folds 
Uncalled bet ($5.50) returned to maver200981
maver200981 collected $5.50 from pot
maver200981: doesn't show hand 
*** SUMMARY ***
Total pot $5.50 | Rake $0 
Seat 1: p0pa4poker (button) folded before Flop
Seat 2: kars0n (small blind) folded before Flop
Seat 3: maver200981 (big blind) collected ($5.50)
Seat 4: tintin641 folded before Flop (didn't bet)
Seat 5: XneferX folded before Flop (didn't bet)
Seat 6: Xenicide folded before Flop (didn't bet)



PokerStars Hand #254537757649:  Hold'em No Limit ($0.50/$1.00 USD) - 2025/01/24 23:08:20 WET [2025/01/24 18:08:20 ET]
Table 'Anteros IV' 6-max Seat #2 is the button
Seat 4: tintin641 ($121.78 in chips) is sitting out
Seat 1: p0pa4poker ($100 in chips) 
Seat 2: kars0n ($139.32 in chips) 
Seat 3: maver200981 ($39.27 in chips) 
Seat 5: XneferX ($130.65 in chips) 
Seat 6: Xenicide ($105.01 in chips) 
maver200981: posts small blind $0.50
tintin641: is sitting out 
XneferX: posts big blind $1
*** HOLE CARDS ***
tintin641 leaves the table
Xenicide: folds 
p0pa4poker: raises $1.30 to $2.30
kars0n: folds 
maver200981: folds 
JUANS2 joins the table at seat #4 
XneferX: calls $1.30
*** FLOP *** [7h Kd 2h]
XneferX: checks 
p0pa4poker: bets $1.60
XneferX: folds 
Uncalled bet ($1.60) returned to p0pa4poker
p0pa4poker collected $4.84 from pot
p0pa4poker: doesn't show hand 
*** SUMMARY ***
Total pot $5.10 | Rake $0.26 
Board [7h Kd 2h]
Seat 4: tintin641
Seat 1: p0pa4poker collected ($4.84)
Seat 2: kars0n (button) folded before Flop (didn't bet)
Seat 3: maver200981 (small blind) folded before Flop
Seat 5: XneferX (big blind) folded on the Flop
Seat 6: Xenicide folded before Flop (didn't bet)



PokerStars Hand #254537782311:  Hold'em No Limit ($0.50/$1.00 USD) - 2025/01/24 23:09:49 WET [2025/01/24 18:09:49 ET]
Table 'Anteros IV' 6-max Seat #3 is the button
Seat 4: JUANS2 ($100 in chips) is sitting out
Seat 6: Xenicide ($105.01 in chips) is sitting out
Seat 1: p0pa4poker ($102.54 in chips) 
Seat 2: kars0n ($139.32 in chips) 
Seat 3: maver200981 ($38.77 in chips) 
Seat 5: XneferX ($128.35 in chips) 
XneferX: posts small blind $0.50
Xenicide: is sitting out 
p0pa4poker: posts big blind $1
*** HOLE CARDS ***
kars0n: folds 
Xenicide leaves the table
maver200981: raises $1 to $2
XneferX: folds 
p0pa4poker: folds 
Uncalled bet ($1) returned to maver200981
maver200981 collected $2.50 from pot
maver200981: doesn't show hand 
*** SUMMARY ***
Total pot $2.50 | Rake $0 
Seat 4: JUANS2
Seat 6: Xenicide
Seat 1: p0pa4poker (big blind) folded before Flop
Seat 2: kars0n folded before Flop (didn't bet)
Seat 3: maver200981 (button) collected ($2.50)
Seat 5: XneferX (small blind) folded before Flop



PokerStars Hand #254537788083:  Hold'em No Limit ($0.50/$1.00 USD) - 2025/01/24 23:10:10 WET [2025/01/24 18:10:10 ET]
Table 'Anteros IV' 6-max Seat #5 is the button
Seat 4: JUANS2 ($100 in chips) is sitting out
Seat 1: p0pa4poker ($101.54 in chips) 
Seat 2: kars0n ($139.32 in chips) 
Seat 3: maver200981 ($40.27 in chips) 
Seat 5: XneferX ($127.85 in chips) 
p0pa4poker: posts small blind $0.50
kars0n: posts big blind $1
JUANS2: sits out 
*** HOLE CARDS ***
maver200981: folds 
XneferX: folds 
p0pa4poker: folds 
Uncalled bet ($0.50) returned to kars0n
kars0n collected $1 from pot
kars0n: doesn't show hand 
*** SUMMARY ***
Total pot $1 | Rake $0 
Seat 4: JUANS2
Seat 1: p0pa4poker (small blind) folded before Flop
Seat 2: kars0n (big blind) collected ($1)
Seat 3: maver200981 folded before Flop (didn't bet)
Seat 5: XneferX (button) folded before Flop (didn't bet)



PokerStars Hand #254537790870:  Hold'em No Limit ($0.50/$1.00 USD) - 2025/01/24 23:10:20 WET [2025/01/24 18:10:20 ET]
Table 'Anteros IV' 6-max Seat #1 is the button
Seat 4: JUANS2 ($100 in chips) is sitting out
Seat 1: p0pa4poker ($101.04 in chips) 
Seat 2: kars0n ($139.82 in chips) 
Seat 3: maver200981 ($40.27 in chips) 
Seat 5: XneferX ($127.85 in chips) 
kars0n: posts small blind $0.50
maver200981: posts big blind $1
JUANS2: sits out 
*** HOLE CARDS ***
XneferX: folds 
p0pa4poker: folds 
kars0n: folds 
Uncalled bet ($0.50) returned to maver200981
maver200981 collected $1 from pot
maver200981: doesn't show hand 
*** SUMMARY ***
Total pot $1 | Rake $0 
Seat 4: JUANS2
Seat 1: p0pa4poker (button) folded before Flop (didn't bet)
Seat 2: kars0n (small blind) folded before Flop
Seat 3: maver200981 (big blind) collected ($1)
Seat 5: XneferX folded before Flop (didn't bet)



PokerStars Hand #254537793431:  Hold'em No Limit ($0.50/$1.00 USD) - 2025/01/24 23:10:29 WET [2025/01/24 18:10:29 ET]
Table 'Anteros IV' 6-max Seat #2 is the button
Seat 1: p0pa4poker ($101.04 in chips) 
Seat 2: kars0n ($139.32 in chips) 
Seat 3: maver200981 ($40.77 in chips) 
Seat 4: JUANS2 ($100 in chips) 
Seat 5: XneferX ($127.85 in chips) 
maver200981: posts small blind $0.50
JUANS2: posts big blind $1
*** HOLE CARDS ***
XneferX: folds 
p0pa4poker: folds 
kars0n: folds 
maver200981: raises $1 to $2
JUANS2: calls $1
*** FLOP *** [Js 9c 3h]
maver200981: bets $1.90
JUANS2: calls $1.90
*** TURN *** [Js 9c 3h] [7s]
maver200981: bets $7.41
JUANS2: folds 
Uncalled bet ($7.41) returned to maver200981
maver200981 collected $7.41 from pot
maver200981: doesn't show hand 
*** SUMMARY ***
Total pot $7.80 | Rake $0.39 
Board [Js 9c 3h 7s]
Seat 1: p0pa4poker folded before Flop (didn't bet)
Seat 2: kars0n (button) folded before Flop (didn't bet)
Seat 3: maver200981 (small blind) collected ($7.41)
Seat 4: JUANS2 (big blind) folded on the Turn
Seat 5: XneferX folded before Flop (didn't bet)



PokerStars Hand #254537803708:  Hold'em No Limit ($0.50/$1.00 USD) - 2025/01/24 23:11:07 WET [2025/01/24 18:11:07 ET]
Table 'Anteros IV' 6-max Seat #3 is the button
Seat 1: p0pa4poker ($101.04 in chips) 
Seat 2: kars0n ($139.32 in chips) 
Seat 3: maver200981 ($44.28 in chips) 
Seat 4: JUANS2 ($100 in chips) 
Seat 5: XneferX ($127.85 in chips) 
JUANS2: posts small blind $0.50
XneferX: posts big blind $1
*** HOLE CARDS ***
p0pa4poker: folds 
kars0n: folds 
maver200981: folds 
JUANS2: raises $2 to $3
Dante21b joins the table at seat #6 
XneferX: folds 
Uncalled bet ($2) returned to JUANS2
JUANS2 collected $2 from pot
JUANS2: doesn't show hand 
*** SUMMARY ***
Total pot $2 | Rake $0 
Seat 1: p0pa4poker folded before Flop (didn't bet)
Seat 2: kars0n folded before Flop (didn't bet)
Seat 3: maver200981 (button) folded before Flop (didn't bet)
Seat 4: JUANS2 (small blind) collected ($2)
Seat 5: XneferX (big blind) folded before Flop



PokerStars Hand #254537810555:  Hold'em No Limit ($0.50/$1.00 USD) - 2025/01/24 23:11:32 WET [2025/01/24 18:11:32 ET]
Table 'Anteros IV' 6-max Seat #4 is the button
Seat 1: p0pa4poker ($101.04 in chips) 
Seat 2: kars0n ($139.32 in chips) 
Seat 3: maver200981 ($44.28 in chips) 
Seat 4: JUANS2 ($101 in chips) 
Seat 5: XneferX ($126.85 in chips) 
Seat 6: Dante21b ($100 in chips) 
XneferX: posts small blind $0.50
Dante21b: posts big blind $1
*** HOLE CARDS ***
p0pa4poker: folds 
kars0n: raises $1 to $2
maver200981: folds 
JUANS2: folds 
XneferX: folds 
Dante21b: folds 
Uncalled bet ($1) returned to kars0n
kars0n collected $2.50 from pot
kars0n: doesn't show hand 
*** SUMMARY ***
Total pot $2.50 | Rake $0 
Seat 1: p0pa4poker folded before Flop (didn't bet)
Seat 2: kars0n collected ($2.50)
Seat 3: maver200981 folded before Flop (didn't bet)
Seat 4: JUANS2 (button) folded before Flop (didn't bet)
Seat 5: XneferX (small blind) folded before Flop
Seat 6: Dante21b (big blind) folded before Flop



PokerStars Hand #254537817081:  Hold'em No Limit ($0.50/$1.00 USD) - 2025/01/24 23:11:56 WET [2025/01/24 18:11:56 ET]
Table 'Anteros IV' 6-max Seat #5 is the button
Seat 1: p0pa4poker ($101.04 in chips) 
Seat 2: kars0n ($140.82 in chips) 
Seat 3: maver200981 ($44.28 in chips) 
Seat 4: JUANS2 ($101 in chips) 
Seat 5: XneferX ($126.35 in chips) 
Seat 6: Dante21b ($99 in chips) 
Dante21b: posts small blind $0.50
p0pa4poker: posts big blind $1
*** HOLE CARDS ***
kars0n: folds 
maver200981: raises $2 to $3
JUANS2: folds 
XneferX: folds 
Dante21b: folds 
p0pa4poker: folds 
Uncalled bet ($2) returned to maver200981
maver200981 collected $2.50 from pot
maver200981: doesn't show hand 
*** SUMMARY ***
Total pot $2.50 | Rake $0 
Seat 1: p0pa4poker (big blind) folded before Flop
Seat 2: kars0n folded before Flop (didn't bet)
Seat 3: maver200981 collected ($2.50)
Seat 4: JUANS2 folded before Flop (didn't bet)
Seat 5: XneferX (button) folded before Flop (didn't bet)
Seat 6: Dante21b (small blind) folded before Flop



PokerStars Hand #254537824673:  Hold'em No Limit ($0.50/$1.00 USD) - 2025/01/24 23:12:24 WET [2025/01/24 18:12:24 ET]
Table 'Anteros IV' 6-max Seat #6 is the button
Seat 1: p0pa4poker ($100.04 in chips) 
Seat 2: kars0n ($140.82 in chips) 
Seat 3: maver200981 ($45.78 in chips) 
Seat 4: JUANS2 ($101 in chips) 
Seat 5: XneferX ($126.35 in chips) 
Seat 6: Dante21b ($98.50 in chips) 
p0pa4poker: posts small blind $0.50
kars0n: posts big blind $1
*** HOLE CARDS ***
maver200981: folds 
JUANS2: raises $1.50 to $2.50
XneferX: folds 
Dante21b: folds 
p0pa4poker: folds 
kars0n: folds 
Uncalled bet ($1.50) returned to JUANS2
JUANS2 collected $2.50 from pot
JUANS2: doesn't show hand 
*** SUMMARY ***
Total pot $2.50 | Rake $0 
Seat 1: p0pa4poker (small blind) folded before Flop
Seat 2: kars0n (big blind) folded before Flop
Seat 3: maver200981 folded before Flop (didn't bet)
Seat 4: JUANS2 collected ($2.50)
Seat 5: XneferX folded before Flop (didn't bet)
Seat 6: Dante21b (button) folded before Flop (didn't bet)



PokerStars Hand #254537833229:  Hold'em No Limit ($0.50/$1.00 USD) - 2025/01/24 23:12:55 WET [2025/01/24 18:12:55 ET]
Table 'Anteros IV' 6-max Seat #1 is the button
Seat 1: p0pa4poker ($99.54 in chips) 
Seat 2: kars0n ($139.82 in chips) 
Seat 3: maver200981 ($45.78 in chips) 
Seat 4: JUANS2 ($102.50 in chips) 
Seat 5: XneferX ($126.35 in chips) 
Seat 6: Dante21b ($98.50 in chips) 
kars0n: posts small blind $0.50
maver200981: posts big blind $1
*** HOLE CARDS ***
JUANS2: folds 
XneferX: raises $1.10 to $2.10
Dante21b: folds 
p0pa4poker: folds 
kars0n: folds 
maver200981: calls $1.10
*** FLOP *** [5d Th Kh]
maver200981: checks 
XneferX: bets $3.43
maver200981: calls $3.43
*** TURN *** [5d Th Kh] [9s]
maver200981: checks 
XneferX: bets $5.60
maver200981: calls $5.60
*** RIVER *** [5d Th Kh 9s] [4s]
maver200981: checks 
XneferX: bets $7.35
maver200981: raises $12.35 to $19.70
XneferX: calls $12.35
*** SHOW DOWN ***
maver200981: shows [Qc Jc] (a straight, Nine to King)
XneferX: mucks hand 
maver200981 collected $59.66 from pot
*** SUMMARY ***
Total pot $62.16 | Rake $2.50 
Board [5d Th Kh 9s 4s]
Seat 1: p0pa4poker (button) folded before Flop (didn't bet)
Seat 2: kars0n (small blind) folded before Flop
Seat 3: maver200981 (big blind) showed [Qc Jc] and won ($59.66) with a straight, Nine to King
Seat 4: JUANS2 folded before Flop (didn't bet)
Seat 5: XneferX mucked
Seat 6: Dante21b folded before Flop (didn't bet)



PokerStars Hand #254537871601:  Hold'em No Limit ($0.50/$1.00 USD) - 2025/01/24 23:15:15 WET [2025/01/24 18:15:15 ET]
Table 'Anteros IV' 6-max Seat #2 is the button
Seat 1: p0pa4poker ($99.54 in chips) 
Seat 2: kars0n ($139.32 in chips) 
Seat 3: maver200981 ($74.61 in chips) 
Seat 4: JUANS2 ($102.50 in chips) 
Seat 5: XneferX ($100 in chips) 
Seat 6: Dante21b ($98.50 in chips) 
maver200981: posts small blind $0.50
JUANS2: posts big blind $1
*** HOLE CARDS ***
XneferX: folds 
Dante21b: folds 
p0pa4poker: folds 
kars0n: folds 
maver200981: folds 
Uncalled bet ($0.50) returned to JUANS2
JUANS2 collected $1 from pot
JUANS2: doesn't show hand 
*** SUMMARY ***
Total pot $1 | Rake $0 
Seat 1: p0pa4poker folded before Flop (didn't bet)
Seat 2: kars0n (button) folded before Flop (didn't bet)
Seat 3: maver200981 (small blind) folded before Flop
Seat 4: JUANS2 (big blind) collected ($1)
Seat 5: XneferX folded before Flop (didn't bet)
Seat 6: Dante21b folded before Flop (didn't bet)



PokerStars Hand #254537997977:  Hold'em No Limit ($0.50/$1.00 USD) - 2025/01/24 23:22:58 WET [2025/01/24 18:22:58 ET]
Table 'Anteros IV' 6-max Seat #3 is the button
Seat 1: p0pa4poker ($101.50 in chips) 
Seat 2: kars0n ($163.94 in chips) 
Seat 3: maver200981 ($82.61 in chips) 
Seat 4: JUANS2 ($100 in chips) 
Seat 5: XneferX ($125.50 in chips) 
Seat 6: Dante21b ($99.77 in chips) 
JUANS2: posts small blind $0.50
XneferX: posts big blind $1
*** HOLE CARDS ***
Dante21b: folds 
p0pa4poker: folds 
kars0n: raises $1.50 to $2.50
maver200981: folds 
JUANS2: raises $8 to $10.50
XneferX: raises $13.50 to $24
kars0n: folds 
JUANS2: folds 
Uncalled bet ($13.50) returned to XneferX
XneferX collected $23.50 from pot
XneferX: doesn't show hand 
*** SUMMARY ***
Total pot $23.50 | Rake $0 
Seat 1: p0pa4poker folded before Flop (didn't bet)
Seat 2: kars0n folded before Flop
Seat 3: maver200981 (button) folded before Flop (didn't bet)
Seat 4: JUANS2 (small blind) folded before Flop
Seat 5: XneferX (big blind) collected ($23.50)
Seat 6: Dante21b folded before Flop (didn't bet)



PokerStars Hand #254538008740:  Hold'em No Limit ($0.50/$1.00 USD) - 2025/01/24 23:23:37 WET [2025/01/24 18:23:37 ET]
Table 'Anteros IV' 6-max Seat #4 is the button
Seat 1: p0pa4poker ($101.50 in chips) 
Seat 2: kars0n ($161.44 in chips) 
Seat 3: maver200981 ($82.61 in chips) 
Seat 4: JUANS2 ($100 in chips) 
Seat 5: XneferX ($138.50 in chips) 
Seat 6: Dante21b ($99.77 in chips) 
XneferX: posts small blind $0.50
Dante21b: posts big blind $1
*** HOLE CARDS ***
p0pa4poker: folds 
kars0n: raises $1 to $2
maver200981: raises $5.50 to $7.50
JUANS2: raises $12.50 to $20
XneferX: folds 
Dante21b: folds 
kars0n: folds 
maver200981: folds 
Uncalled bet ($12.50) returned to JUANS2
JUANS2 collected $18.50 from pot
JUANS2: doesn't show hand 
*** SUMMARY ***
Total pot $18.50 | Rake $0 
Seat 1: p0pa4poker folded before Flop (didn't bet)
Seat 2: kars0n folded before Flop
Seat 3: maver200981 folded before Flop
Seat 4: JUANS2 (button) collected ($18.50)
Seat 5: XneferX (small blind) folded before Flop
Seat 6: Dante21b (big blind) folded before Flop



PokerStars Hand #254538025000:  Hold'em No Limit ($0.50/$1.00 USD) - 2025/01/24 23:24:36 WET [2025/01/24 18:24:36 ET]
Table 'Anteros IV' 6-max Seat #5 is the button
Seat 1: p0pa4poker ($101.50 in chips) 
Seat 2: kars0n ($159.44 in chips) 
Seat 3: maver200981 ($75.11 in chips) 
Seat 4: JUANS2 ($111 in chips) 
Seat 5: XneferX ($138 in chips) 
Seat 6: Dante21b ($98.77 in chips) 
Dante21b: posts small blind $0.50
p0pa4poker: posts big blind $1
*** HOLE CARDS ***
kars0n: raises $1 to $2
maver200981: folds 
JUANS2: folds 
XneferX: folds 
Dante21b: folds 
p0pa4poker: folds 
Uncalled bet ($1) returned to kars0n
kars0n collected $2.50 from pot
kars0n: doesn't show hand 
*** SUMMARY ***
Total pot $2.50 | Rake $0 
Seat 1: p0pa4poker (big blind) folded before Flop
Seat 2: kars0n collected ($2.50)
Seat 3: maver200981 folded before Flop (didn't bet)
Seat 4: JUANS2 folded before Flop (didn't bet)
Seat 5: XneferX (button) folded before Flop (didn't bet)
Seat 6: Dante21b (small blind) folded before Flop



PokerStars Hand #254538033287:  Hold'em No Limit ($0.50/$1.00 USD) - 2025/01/24 23:25:05 WET [2025/01/24 18:25:05 ET]
Table 'Anteros IV' 6-max Seat #6 is the button
Seat 1: p0pa4poker ($100.50 in chips) 
Seat 2: kars0n ($160.94 in chips) 
Seat 3: maver200981 ($75.11 in chips) 
Seat 4: JUANS2 ($111 in chips) 
Seat 5: XneferX ($138 in chips) 
Seat 6: Dante21b ($98.27 in chips) 
p0pa4poker: posts small blind $0.50
kars0n: posts big blind $1
*** HOLE CARDS ***
maver200981: raises $1 to $2
JUANS2: folds 
XneferX: folds 
Dante21b: folds 
p0pa4poker: folds 
kars0n: calls $1
*** FLOP *** [3d 8c 8d]
kars0n: checks 
maver200981: checks 
*** TURN *** [3d 8c 8d] [2h]
kars0n: checks 
maver200981: checks 
*** RIVER *** [3d 8c 8d 2h] [Td]
kars0n: bets $3.50
maver200981: calls $3.50
*** SHOW DOWN ***
kars0n: shows [7s Jc] (a pair of Eights)
maver200981: shows [Ts Jd] (two pair, Tens and Eights)
maver200981 collected $10.92 from pot
*** SUMMARY ***
Total pot $11.50 | Rake $0.58 
Board [3d 8c 8d 2h Td]
Seat 1: p0pa4poker (small blind) folded before Flop
Seat 2: kars0n (big blind) showed [7s Jc] and lost with a pair of Eights
Seat 3: maver200981 showed [Ts Jd] and won ($10.92) with two pair, Tens and Eights
Seat 4: JUANS2 folded before Flop (didn't bet)
Seat 5: XneferX folded before Flop (didn't bet)
Seat 6: Dante21b (button) folded before Flop (didn't bet)



PokerStars Hand #254538046919:  Hold'em No Limit ($0.50/$1.00 USD) - 2025/01/24 23:25:55 WET [2025/01/24 18:25:55 ET]
Table 'Anteros IV' 6-max Seat #1 is the button
Seat 1: p0pa4poker ($100 in chips) 
Seat 2: kars0n ($155.44 in chips) 
Seat 3: maver200981 ($80.53 in chips) 
Seat 4: JUANS2 ($111 in chips) 
Seat 5: XneferX ($138 in chips) 
Seat 6: Dante21b ($98.27 in chips) 
kars0n: posts small blind $0.50
maver200981: posts big blind $1
*** HOLE CARDS ***
JUANS2: folds 
XneferX: raises $1.10 to $2.10
Dante21b: folds 
p0pa4poker: folds 
kars0n: folds 
maver200981: raises $9.10 to $11.20
XneferX: calls $9.10
*** FLOP *** [5c As 5h]
maver200981: checks 
XneferX: bets $5.66
maver200981: folds 
Uncalled bet ($5.66) returned to XneferX
XneferX collected $21.76 from pot
XneferX: doesn't show hand 
*** SUMMARY ***
Total pot $22.90 | Rake $1.14 
Board [5c As 5h]
Seat 1: p0pa4poker (button) folded before Flop (didn't bet)
Seat 2: kars0n (small blind) folded before Flop
Seat 3: maver200981 (big blind) folded on the Flop
Seat 4: JUANS2 folded before Flop (didn't bet)
Seat 5: XneferX collected ($21.76)
Seat 6: Dante21b folded before Flop (didn't bet)



PokerStars Hand #254538071033:  Hold'em No Limit ($0.50/$1.00 USD) - 2025/01/24 23:27:23 WET [2025/01/24 18:27:23 ET]
Table 'Anteros IV' 6-max Seat #2 is the button
Seat 1: p0pa4poker ($100 in chips) 
Seat 2: kars0n ($154.94 in chips) 
Seat 3: maver200981 ($69.33 in chips) 
Seat 4: JUANS2 ($111 in chips) 
Seat 5: XneferX ($148.56 in chips) 
Seat 6: Dante21b ($98.27 in chips) 
maver200981: posts small blind $0.50
JUANS2: posts big blind $1
*** HOLE CARDS ***
XneferX: folds 
Dante21b: folds 
p0pa4poker: folds 
kars0n: raises $1.50 to $2.50
maver200981: folds 
JUANS2: folds 
Uncalled bet ($1.50) returned to kars0n
kars0n collected $2.50 from pot
kars0n: doesn't show hand 
*** SUMMARY ***
Total pot $2.50 | Rake $0 
Seat 1: p0pa4poker folded before Flop (didn't bet)
Seat 2: kars0n (button) collected ($2.50)
Seat 3: maver200981 (small blind) folded before Flop
Seat 4: JUANS2 (big blind) folded before Flop
Seat 5: XneferX folded before Flop (didn't bet)
Seat 6: Dante21b folded before Flop (didn't bet)



PokerStars Hand #254538077292:  Hold'em No Limit ($0.50/$1.00 USD) - 2025/01/24 23:27:45 WET [2025/01/24 18:27:45 ET]
Table 'Anteros IV' 6-max Seat #3 is the button
Seat 1: p0pa4poker ($100 in chips) 
Seat 2: kars0n ($156.44 in chips) 
Seat 3: maver200981 ($68.83 in chips) 
Seat 4: JUANS2 ($110 in chips) 
Seat 5: XneferX ($148.56 in chips) 
Seat 6: Dante21b ($98.27 in chips) 
JUANS2: posts small blind $0.50
XneferX: posts big blind $1
*** HOLE CARDS ***
Dante21b: folds 
p0pa4poker: folds 
kars0n: folds 
maver200981: folds 
JUANS2: raises $2 to $3
XneferX: raises $6 to $9
JUANS2: folds 
Uncalled bet ($6) returned to XneferX
XneferX collected $6 from pot
XneferX: doesn't show hand 
*** SUMMARY ***
Total pot $6 | Rake $0 
Seat 1: p0pa4poker folded before Flop (didn't bet)
Seat 2: kars0n folded before Flop (didn't bet)
Seat 3: maver200981 (button) folded before Flop (didn't bet)
Seat 4: JUANS2 (small blind) folded before Flop
Seat 5: XneferX (big blind) collected ($6)
Seat 6: Dante21b folded before Flop (didn't bet)



PokerStars Hand #254538086502:  Hold'em No Limit ($0.50/$1.00 USD) - 2025/01/24 23:28:19 WET [2025/01/24 18:28:19 ET]
Table 'Anteros IV' 6-max Seat #4 is the button
Seat 1: p0pa4poker ($100 in chips) 
Seat 2: kars0n ($156.44 in chips) 
Seat 3: maver200981 ($68.83 in chips) 
Seat 4: JUANS2 ($107 in chips) 
Seat 5: XneferX ($151.56 in chips) 
Seat 6: Dante21b ($98.27 in chips) 
XneferX: posts small blind $0.50
Dante21b: posts big blind $1
*** HOLE CARDS ***
p0pa4poker: raises $1 to $2
kars0n: folds 
maver200981: folds 
JUANS2: folds 
XneferX: folds 
Dante21b: folds 
Uncalled bet ($1) returned to p0pa4poker
p0pa4poker collected $2.50 from pot
p0pa4poker: doesn't show hand 
*** SUMMARY ***
Total pot $2.50 | Rake $0 
Seat 1: p0pa4poker collected ($2.50)
Seat 2: kars0n folded before Flop (didn't bet)
Seat 3: maver200981 folded before Flop (didn't bet)
Seat 4: JUANS2 (button) folded before Flop (didn't bet)
Seat 5: XneferX (small blind) folded before Flop
Seat 6: Dante21b (big blind) folded before Flop



PokerStars Hand #254538093836:  Hold'em No Limit ($0.50/$1.00 USD) - 2025/01/24 23:28:45 WET [2025/01/24 18:28:45 ET]
Table 'Anteros IV' 6-max Seat #5 is the button
Seat 1: p0pa4poker ($101.50 in chips) 
Seat 2: kars0n ($156.44 in chips) 
Seat 3: maver200981 ($68.83 in chips) 
Seat 4: JUANS2 ($107 in chips) 
Seat 5: XneferX ($151.06 in chips) 
Seat 6: Dante21b ($97.27 in chips) 
Dante21b: posts small blind $0.50
p0pa4poker: posts big blind $1
*** HOLE CARDS ***
kars0n: folds 
maver200981: raises $2 to $3
JUANS2: raises $10 to $13
XneferX: folds 
Dante21b: folds 
p0pa4poker: folds 
maver200981: calls $10
*** FLOP *** [Kd 3c Jc]
maver200981: checks 
JUANS2: checks 
*** TURN *** [Kd 3c Jc] [3s]
maver200981: bets $55.83 and is all-in
JUANS2: folds 
Uncalled bet ($55.83) returned to maver200981
maver200981 collected $26.12 from pot
maver200981: doesn't show hand 
*** SUMMARY ***
Total pot $27.50 | Rake $1.38 
Board [Kd 3c Jc 3s]
Seat 1: p0pa4poker (big blind) folded before Flop
Seat 2: kars0n folded before Flop (didn't bet)
Seat 3: maver200981 collected ($26.12)
Seat 4: JUANS2 folded on the Turn
Seat 5: XneferX (button) folded before Flop (didn't bet)
Seat 6: Dante21b (small blind) folded before Flop



PokerStars Hand #254538113588:  Hold'em No Limit ($0.50/$1.00 USD) - 2025/01/24 23:29:58 WET [2025/01/24 18:29:58 ET]
Table 'Anteros IV' 6-max Seat #6 is the button
Seat 1: p0pa4poker ($100.50 in chips) 
Seat 2: kars0n ($156.44 in chips) 
Seat 3: maver200981 ($81.95 in chips) 
Seat 4: JUANS2 ($100 in chips) 
Seat 5: XneferX ($151.06 in chips) 
Seat 6: Dante21b ($96.77 in chips) 
p0pa4poker: posts small blind $0.50
kars0n: posts big blind $1
*** HOLE CARDS ***
maver200981: folds 
JUANS2: folds 
XneferX: folds 
Dante21b: folds 
p0pa4poker: folds 
Uncalled bet ($0.50) returned to kars0n
kars0n collected $1 from pot
kars0n: doesn't show hand 
maver200981 leaves the table
*** SUMMARY ***
Total pot $1 | Rake $0 
Seat 1: p0pa4poker (small blind) folded before Flop
Seat 2: kars0n (big blind) collected ($1)
Seat 3: maver200981 folded before Flop (didn't bet)
Seat 4: JUANS2 folded before Flop (didn't bet)
Seat 5: XneferX folded before Flop (didn't bet)
Seat 6: Dante21b (button) folded before Flop (didn't bet)



PokerStars Hand #254538117567:  Hold'em No Limit ($0.50/$1.00 USD) - 2025/01/24 23:30:12 WET [2025/01/24 18:30:12 ET]
Table 'Anteros IV' 6-max Seat #1 is the button
Seat 1: p0pa4poker ($100 in chips) 
Seat 2: kars0n ($156.94 in chips) 
Seat 4: JUANS2 ($100 in chips) 
Seat 5: XneferX ($151.06 in chips) 
Seat 6: Dante21b ($96.77 in chips) 
kars0n: posts small blind $0.50
JUANS2: posts big blind $1
*** HOLE CARDS ***
XneferX: folds 
Dante21b: raises $1.50 to $2.50
XneferX leaves the table
p0pa4poker: folds 
kars0n: folds 
JUANS2: folds 
Uncalled bet ($1.50) returned to Dante21b
Dante21b collected $2.50 from pot
Dante21b: doesn't show hand 
*** SUMMARY ***
Total pot $2.50 | Rake $0 
Seat 1: p0pa4poker (button) folded before Flop (didn't bet)
Seat 2: kars0n (small blind) folded before Flop
Seat 4: JUANS2 (big blind) folded before Flop
Seat 5: XneferX folded before Flop (didn't bet)
Seat 6: Dante21b collected ($2.50)



PokerStars Hand #254538122501:  Hold'em No Limit ($0.50/$1.00 USD) - 2025/01/24 23:30:30 WET [2025/01/24 18:30:30 ET]
Table 'Anteros IV' 6-max Seat #2 is the button
Seat 1: p0pa4poker ($100 in chips) 
Seat 2: kars0n ($156.44 in chips) 
Seat 4: JUANS2 ($100 in chips) 
Seat 6: Dante21b ($98.27 in chips) 
JUANS2: posts small blind $0.50
Dante21b: posts big blind $1
*** HOLE CARDS ***
p0pa4poker: raises $1.30 to $2.30
kars0n: raises $5.20 to $7.50
JUANS2: raises $13 to $20.50
Dante21b: folds 
p0pa4poker: folds 
kars0n: folds 
Uncalled bet ($13) returned to JUANS2
JUANS2 collected $18.30 from pot
JUANS2: doesn't show hand 
*** SUMMARY ***
Total pot $18.30 | Rake $0 
Seat 1: p0pa4poker folded before Flop
Seat 2: kars0n (button) folded before Flop
Seat 4: JUANS2 (small blind) collected ($18.30)
Seat 6: Dante21b (big blind) folded before Flop



PokerStars Hand #254538130664:  Hold'em No Limit ($0.50/$1.00 USD) - 2025/01/24 23:31:00 WET [2025/01/24 18:31:00 ET]
Table 'Anteros IV' 6-max Seat #4 is the button
Seat 1: p0pa4poker ($100 in chips) is sitting out
Seat 2: kars0n ($148.94 in chips) 
Seat 4: JUANS2 ($110.80 in chips) 
Seat 6: Dante21b ($97.27 in chips) 
Dante21b: posts small blind $0.50
p0pa4poker: is sitting out 
kars0n: posts big blind $1
*** HOLE CARDS ***
JUANS2: raises $1.50 to $2.50
p0pa4poker leaves the table
Dante21b: folds 
kars0n: folds 
Uncalled bet ($1.50) returned to JUANS2
Dante21b leaves the table
JUANS2 collected $2.50 from pot
JUANS2: doesn't show hand 
*** SUMMARY ***
Total pot $2.50 | Rake $0 
Seat 1: p0pa4poker
Seat 2: kars0n (big blind) folded before Flop
Seat 4: JUANS2 (button) collected ($2.50)
Seat 6: Dante21b (small blind) folded before Flop



PokerStars Hand #254538140052:  Hold'em No Limit ($0.50/$1.00 USD) - 2025/01/24 23:31:34 WET [2025/01/24 18:31:34 ET]
Table 'Anteros IV' 6-max Seat #5 is the button
Seat 2: kars0n ($147.94 in chips) 
Seat 4: XneferX ($151.06 in chips) 
Seat 5: equilibrium_tv ($10 in chips) 
kars0n: posts small blind $0.50
XneferX: posts big blind $1
*** HOLE CARDS ***
equilibrium_tv: folds 
kars0n: raises $2 to $3
XneferX: folds 
Uncalled bet ($2) returned to kars0n
kars0n collected $2 from pot
kars0n: doesn't show hand 
*** SUMMARY ***
Total pot $2 | Rake $0 
Seat 2: kars0n (small blind) collected ($2)
Seat 4: XneferX (big blind) folded before Flop
Seat 5: equilibrium_tv (button) folded before Flop (didn't bet)



PokerStars Hand #254538144846:  Hold'em No Limit ($0.50/$1.00 USD) - 2025/01/24 23:31:51 WET [2025/01/24 18:31:51 ET]
Table 'Anteros IV' 6-max Seat #2 is the button
Seat 2: kars0n ($148.94 in chips) 
Seat 4: XneferX ($150.06 in chips) 
Seat 5: equilibrium_tv ($10 in chips) 
XneferX: posts small blind $0.50
equilibrium_tv: posts big blind $1
*** HOLE CARDS ***
kars0n: raises $1.50 to $2.50
XneferX: folds 
equilibrium_tv: folds 
Uncalled bet ($1.50) returned to kars0n
kars0n collected $2.50 from pot
kars0n: doesn't show hand 
*** SUMMARY ***
Total pot $2.50 | Rake $0 
Seat 2: kars0n (button) collected ($2.50)
Seat 4: XneferX (small blind) folded before Flop
Seat 5: equilibrium_tv (big blind) folded before Flop



PokerStars Hand #254538151507:  Hold'em No Limit ($0.50/$1.00 USD) - 2025/01/24 23:32:16 WET [2025/01/24 18:32:16 ET]
Table 'Anteros IV' 6-max Seat #4 is the button
Seat 2: kars0n ($150.44 in chips) 
Seat 4: XneferX ($149.56 in chips) 
Seat 5: equilibrium_tv ($9 in chips) 
equilibrium_tv: posts small blind $0.50
kars0n: posts big blind $1
*** HOLE CARDS ***
XneferX: folds 
equilibrium_tv: folds 
Uncalled bet ($0.50) returned to kars0n
kars0n collected $1 from pot
kars0n: doesn't show hand 
*** SUMMARY ***
Total pot $1 | Rake $0 
Seat 2: kars0n (big blind) collected ($1)
Seat 4: XneferX (button) folded before Flop (didn't bet)
Seat 5: equilibrium_tv (small blind) folded before Flop



PokerStars Hand #254538156159:  Hold'em No Limit ($0.50/$1.00 USD) - 2025/01/24 23:32:33 WET [2025/01/24 18:32:33 ET]
Table 'Anteros IV' 6-max Seat #5 is the button
Seat 2: kars0n ($150.94 in chips) 
Seat 4: XneferX ($149.56 in chips) 
Seat 5: equilibrium_tv ($8.50 in chips) 
kars0n: posts small blind $0.50
XneferX: posts big blind $1
*** HOLE CARDS ***
equilibrium_tv: raises $7.50 to $8.50 and is all-in
kars0n: calls $8
XneferX: folds 
*** FLOP *** [8d Js 7s]
*** TURN *** [8d Js 7s] [Td]
*** RIVER *** [8d Js 7s Td] [6h]
*** SHOW DOWN ***
kars0n: shows [Ks Ad] (high card Ace)
equilibrium_tv: shows [Qh Kh] (high card King)
kars0n collected $17.10 from pot
*** SUMMARY ***
Total pot $18 | Rake $0.90 
Board [8d Js 7s Td 6h]
Seat 2: kars0n (small blind) showed [Ks Ad] and won ($17.10) with high card Ace
Seat 4: XneferX (big blind) folded before Flop
Seat 5: equilibrium_tv (button) showed [Qh Kh] and lost with high card King



PokerStars Hand #254538165689:  Hold'em No Limit ($0.50/$1.00 USD) - 2025/01/24 23:33:07 WET [2025/01/24 18:33:07 ET]
Table 'Anteros IV' 6-max Seat #2 is the button
Seat 2: kars0n ($159.54 in chips) 
Seat 4: XneferX ($148.56 in chips) 
Seat 5: equilibrium_tv ($10 in chips) 
XneferX: posts small blind $0.50
equilibrium_tv: posts big blind $1
*** HOLE CARDS ***
kars0n: folds 
XneferX: folds 
Uncalled bet ($0.50) returned to equilibrium_tv
equilibrium_tv collected $1 from pot
*** SUMMARY ***
Total pot $1 | Rake $0 
Seat 2: kars0n (button) folded before Flop (didn't bet)
Seat 4: XneferX (small blind) folded before Flop
Seat 5: equilibrium_tv (big blind) collected ($1)



PokerStars Hand #254538167814:  Hold'em No Limit ($0.50/$1.00 USD) - 2025/01/24 23:33:15 WET [2025/01/24 18:33:15 ET]
Table 'Anteros IV' 6-max Seat #4 is the button
Seat 2: kars0n ($159.54 in chips) 
Seat 4: XneferX ($148.06 in chips) 
Seat 5: equilibrium_tv ($10.50 in chips) 
equilibrium_tv: posts small blind $0.50
kars0n: posts big blind $1
*** HOLE CARDS ***
XneferX: folds 
equilibrium_tv: folds 
Uncalled bet ($0.50) returned to kars0n
kars0n collected $1 from pot
kars0n: doesn't show hand 
*** SUMMARY ***
Total pot $1 | Rake $0 
Seat 2: kars0n (big blind) collected ($1)
Seat 4: XneferX (button) folded before Flop (didn't bet)
Seat 5: equilibrium_tv (small blind) folded before Flop



PokerStars Hand #254538173133:  Hold'em No Limit ($0.50/$1.00 USD) - 2025/01/24 23:33:35 WET [2025/01/24 18:33:35 ET]
Table 'Anteros IV' 6-max Seat #5 is the button
Seat 2: kars0n ($160.04 in chips) 
Seat 4: XneferX ($148.06 in chips) 
Seat 5: equilibrium_tv ($10 in chips) 
kars0n: posts small blind $0.50
XneferX: posts big blind $1
*** HOLE CARDS ***
equilibrium_tv: raises $9 to $10 and is all-in
kars0n: folds 
XneferX: folds 
Uncalled bet ($9) returned to equilibrium_tv
equilibrium_tv collected $2.50 from pot
*** SUMMARY ***
Total pot $2.50 | Rake $0 
Seat 2: kars0n (small blind) folded before Flop
Seat 4: XneferX (big blind) folded before Flop
Seat 5: equilibrium_tv (button) collected ($2.50)



PokerStars Hand #254538181228:  Hold'em No Limit ($0.50/$1.00 USD) - 2025/01/24 23:34:04 WET [2025/01/24 18:34:04 ET]
Table 'Anteros IV' 6-max Seat #2 is the button
Seat 2: kars0n ($159.54 in chips) 
Seat 4: XneferX ($147.06 in chips) 
Seat 5: equilibrium_tv ($11.50 in chips) 
XneferX: posts small blind $0.50
equilibrium_tv: posts big blind $1
*** HOLE CARDS ***
kars0n: folds 
XneferX: folds 
Uncalled bet ($0.50) returned to equilibrium_tv
equilibrium_tv collected $1 from pot
*** SUMMARY ***
Total pot $1 | Rake $0 
Seat 2: kars0n (button) folded before Flop (didn't bet)
Seat 4: XneferX (small blind) folded before Flop
Seat 5: equilibrium_tv (big blind) collected ($1)



PokerStars Hand #254538185595:  Hold'em No Limit ($0.50/$1.00 USD) - 2025/01/24 23:34:20 WET [2025/01/24 18:34:20 ET]
Table 'Anteros IV' 6-max Seat #4 is the button
Seat 2: kars0n ($159.54 in chips) 
Seat 4: XneferX ($146.56 in chips) 
Seat 5: equilibrium_tv ($12 in chips) 
equilibrium_tv: posts small blind $0.50
kars0n: posts big blind $1
*** HOLE CARDS ***
XneferX: folds 
equilibrium_tv: folds 
Uncalled bet ($0.50) returned to kars0n
kars0n collected $1 from pot
kars0n: doesn't show hand 
*** SUMMARY ***
Total pot $1 | Rake $0 
Seat 2: kars0n (big blind) collected ($1)
Seat 4: XneferX (button) folded before Flop (didn't bet)
Seat 5: equilibrium_tv (small blind) folded before Flop



PokerStars Hand #254538192003:  Hold'em No Limit ($0.50/$1.00 USD) - 2025/01/24 23:34:44 WET [2025/01/24 18:34:44 ET]
Table 'Anteros IV' 6-max Seat #5 is the button
Seat 2: kars0n ($160.04 in chips) 
Seat 4: XneferX ($146.56 in chips) 
Seat 5: equilibrium_tv ($11.50 in chips) 
kars0n: posts small blind $0.50
XneferX: posts big blind $1
*** HOLE CARDS ***
equilibrium_tv: folds 
kars0n: folds 
Uncalled bet ($0.50) returned to XneferX
XneferX collected $1 from pot
XneferX: doesn't show hand 
*** SUMMARY ***
Total pot $1 | Rake $0 
Seat 2: kars0n (small blind) folded before Flop
Seat 4: XneferX (big blind) collected ($1)
Seat 5: equilibrium_tv (button) folded before Flop (didn't bet)



PokerStars Hand #254538196209:  Hold'em No Limit ($0.50/$1.00 USD) - 2025/01/24 23:34:59 WET [2025/01/24 18:34:59 ET]
Table 'Anteros IV' 6-max Seat #2 is the button
Seat 2: kars0n ($159.54 in chips) 
Seat 4: XneferX ($147.06 in chips) 
Seat 5: equilibrium_tv ($11.50 in chips) 
XneferX: posts small blind $0.50
equilibrium_tv: posts big blind $1
*** HOLE CARDS ***
kars0n: raises $1.50 to $2.50
XneferX: folds 
equilibrium_tv: folds 
Uncalled bet ($1.50) returned to kars0n
kars0n collected $2.50 from pot
kars0n: doesn't show hand 
*** SUMMARY ***
Total pot $2.50 | Rake $0 
Seat 2: kars0n (button) collected ($2.50)
Seat 4: XneferX (small blind) folded before Flop
Seat 5: equilibrium_tv (big blind) folded before Flop



PokerStars Hand #254538202891:  Hold'em No Limit ($0.50/$1.00 USD) - 2025/01/24 23:35:24 WET [2025/01/24 18:35:24 ET]
Table 'Anteros IV' 6-max Seat #4 is the button
Seat 2: kars0n ($161.04 in chips) 
Seat 4: XneferX ($146.56 in chips) 
Seat 5: equilibrium_tv ($10.50 in chips) 
equilibrium_tv: posts small blind $0.50
kars0n: posts big blind $1
*** HOLE CARDS ***
XneferX: folds 
XneferX leaves the table
equilibrium_tv: folds 
Uncalled bet ($0.50) returned to kars0n
kars0n collected $1 from pot
kars0n: doesn't show hand 
*** SUMMARY ***
Total pot $1 | Rake $0 
Seat 2: kars0n (big blind) collected ($1)
Seat 4: XneferX (button) folded before Flop (didn't bet)
Seat 5: equilibrium_tv (small blind) folded before Flop



