PokerStars Hand #254499334130:  Hold'em No Limit ($0.50/$1.00 USD) - 2025/01/22 15:14:53 WET [2025/01/22 10:14:53 ET]
Table 'Luce IV' 6-max Seat #5 is the button
Seat 2: BrilliantDawn84 ($100 in chips) is sitting out
Seat 3: Gfoer ($100 in chips) is sitting out
Seat 1: PayTaxOrDie ($102 in chips) 
Seat 5: lukeaaaa101 ($100 in chips) 
Seat 6: sta$igk ($100 in chips) 
sta$igk: posts small blind $0.50
PayTaxOrDie: posts big blind $1
BrilliantDawn84: sits out 
Gfoer: sits out 
*** HOLE CARDS ***
lukeaaaa101: raises $1.50 to $2.50
sta$igk: folds 
PayTaxOrDie: folds 
Uncalled bet ($1.50) returned to lukeaaaa101
lukeaaaa101 collected $2.50 from pot
lukeaaaa101: doesn't show hand 
*** SUMMARY ***
Total pot $2.50 | Rake $0 
Seat 2: BrilliantDawn84
Seat 3: Gfoer
Seat 1: PayTaxOrDie (big blind) folded before Flop
Seat 5: lukeaaaa101 (button) collected ($2.50)
Seat 6: sta$igk (small blind) folded before Flop



PokerStars Hand #254499335912:  Hold'em No Limit ($0.50/$1.00 USD) - 2025/01/22 15:15:02 WET [2025/01/22 10:15:02 ET]
Table 'Luce IV' 6-max Seat #6 is the button
Seat 3: Gfoer ($100 in chips) is sitting out
Seat 1: PayTaxOrDie ($101 in chips) 
Seat 2: BrilliantDawn84 ($100 in chips) 
Seat 5: lukeaaaa101 ($101.50 in chips) 
Seat 6: sta$igk ($100 in chips) 
PayTaxOrDie: posts small blind $0.50
BrilliantDawn84: posts big blind $1
Gfoer: sits out 
*** HOLE CARDS ***
lukeaaaa101: folds 
sta$igk: folds 
PayTaxOrDie: folds 
Uncalled bet ($0.50) returned to BrilliantDawn84
BrilliantDawn84 collected $1 from pot
BrilliantDawn84: doesn't show hand 
*** SUMMARY ***
Total pot $1 | Rake $0 
Seat 3: Gfoer
Seat 1: PayTaxOrDie (small blind) folded before Flop
Seat 2: BrilliantDawn84 (big blind) collected ($1)
Seat 5: lukeaaaa101 folded before Flop (didn't bet)
Seat 6: sta$igk (button) folded before Flop (didn't bet)



PokerStars Hand #254499337703:  Hold'em No Limit ($0.50/$1.00 USD) - 2025/01/22 15:15:11 WET [2025/01/22 10:15:11 ET]
Table 'Luce IV' 6-max Seat #1 is the button
Seat 1: PayTaxOrDie ($100.50 in chips) 
Seat 2: BrilliantDawn84 ($100.50 in chips) 
Seat 3: Gfoer ($100 in chips) 
Seat 5: lukeaaaa101 ($101.50 in chips) 
Seat 6: sta$igk ($100 in chips) 
BrilliantDawn84: posts small blind $0.50
Gfoer: posts big blind $1
*** HOLE CARDS ***
lukeaaaa101: raises $1.50 to $2.50
sta$igk: folds 
PayTaxOrDie: folds 
BrilliantDawn84: folds 
Gfoer: folds 
Uncalled bet ($1.50) returned to lukeaaaa101
lukeaaaa101 collected $2.50 from pot
lukeaaaa101: doesn't show hand 
*** SUMMARY ***
Total pot $2.50 | Rake $0 
Seat 1: PayTaxOrDie (button) folded before Flop (didn't bet)
Seat 2: BrilliantDawn84 (small blind) folded before Flop
Seat 3: Gfoer (big blind) folded before Flop
Seat 5: lukeaaaa101 collected ($2.50)
Seat 6: sta$igk folded before Flop (didn't bet)



PokerStars Hand #254499340841:  Hold'em No Limit ($0.50/$1.00 USD) - 2025/01/22 15:15:27 WET [2025/01/22 10:15:27 ET]
Table 'Luce IV' 6-max Seat #2 is the button
Seat 1: PayTaxOrDie ($100.50 in chips) 
Seat 2: BrilliantDawn84 ($100 in chips) 
Seat 3: Gfoer ($100 in chips) 
Seat 5: lukeaaaa101 ($103 in chips) 
Seat 6: sta$igk ($100 in chips) 
Gfoer: posts small blind $0.50
lukeaaaa101: posts big blind $1
*** HOLE CARDS ***
sta$igk: raises $1.50 to $2.50
PayTaxOrDie: folds 
BrilliantDawn84: folds 
Gfoer: folds 
lukeaaaa101: folds 
Uncalled bet ($1.50) returned to sta$igk
sta$igk collected $2.50 from pot
sta$igk: doesn't show hand 
*** SUMMARY ***
Total pot $2.50 | Rake $0 
Seat 1: PayTaxOrDie folded before Flop (didn't bet)
Seat 2: BrilliantDawn84 (button) folded before Flop (didn't bet)
Seat 3: Gfoer (small blind) folded before Flop
Seat 5: lukeaaaa101 (big blind) folded before Flop
Seat 6: sta$igk collected ($2.50)



PokerStars Hand #254499342691:  Hold'em No Limit ($0.50/$1.00 USD) - 2025/01/22 15:15:36 WET [2025/01/22 10:15:36 ET]
Table 'Luce IV' 6-max Seat #3 is the button
Seat 1: PayTaxOrDie ($100.50 in chips) 
Seat 2: BrilliantDawn84 ($100 in chips) 
Seat 3: Gfoer ($100 in chips) 
Seat 5: lukeaaaa101 ($102 in chips) 
Seat 6: sta$igk ($101.50 in chips) 
lukeaaaa101: posts small blind $0.50
sta$igk: posts big blind $1
*** HOLE CARDS ***
PayTaxOrDie: folds 
BrilliantDawn84: folds 
Gfoer: folds 
lukeaaaa101: folds 
Uncalled bet ($0.50) returned to sta$igk
sta$igk collected $1 from pot
sta$igk: doesn't show hand 
*** SUMMARY ***
Total pot $1 | Rake $0 
Seat 1: PayTaxOrDie folded before Flop (didn't bet)
Seat 2: BrilliantDawn84 folded before Flop (didn't bet)
Seat 3: Gfoer (button) folded before Flop (didn't bet)
Seat 5: lukeaaaa101 (small blind) folded before Flop
Seat 6: sta$igk (big blind) collected ($1)



PokerStars Hand #254499344063:  Hold'em No Limit ($0.50/$1.00 USD) - 2025/01/22 15:15:44 WET [2025/01/22 10:15:44 ET]
Table 'Luce IV' 6-max Seat #5 is the button
Seat 1: PayTaxOrDie ($100.50 in chips) 
Seat 2: BrilliantDawn84 ($100 in chips) 
Seat 3: Gfoer ($100 in chips) 
Seat 5: lukeaaaa101 ($101.50 in chips) 
Seat 6: sta$igk ($102 in chips) 
sta$igk: posts small blind $0.50
PayTaxOrDie: posts big blind $1
*** HOLE CARDS ***
BrilliantDawn84: folds 
Gfoer: folds 
lukeaaaa101: folds 
sta$igk: raises $2 to $3
PayTaxOrDie: folds 
Uncalled bet ($2) returned to sta$igk
sta$igk collected $2 from pot
sta$igk: doesn't show hand 
*** SUMMARY ***
Total pot $2 | Rake $0 
Seat 1: PayTaxOrDie (big blind) folded before Flop
Seat 2: BrilliantDawn84 folded before Flop (didn't bet)
Seat 3: Gfoer folded before Flop (didn't bet)
Seat 5: lukeaaaa101 (button) folded before Flop (didn't bet)
Seat 6: sta$igk (small blind) collected ($2)



PokerStars Hand #254499346425:  Hold'em No Limit ($0.50/$1.00 USD) - 2025/01/22 15:15:55 WET [2025/01/22 10:15:55 ET]
Table 'Luce IV' 6-max Seat #6 is the button
Seat 1: PayTaxOrDie ($100 in chips) 
Seat 2: BrilliantDawn84 ($100 in chips) 
Seat 3: Gfoer ($100 in chips) 
Seat 5: lukeaaaa101 ($101.50 in chips) 
Seat 6: sta$igk ($103 in chips) 
PayTaxOrDie: posts small blind $0.50
BrilliantDawn84: posts big blind $1
*** HOLE CARDS ***
Gfoer: folds 
lukeaaaa101: raises $1.50 to $2.50
sta$igk: folds 
PayTaxOrDie: folds 
BrilliantDawn84: calls $1.50
*** FLOP *** [8h 2h 9c]
BrilliantDawn84: checks 
lukeaaaa101: checks 
*** TURN *** [8h 2h 9c] [5s]
BrilliantDawn84: bets $2.61
lukeaaaa101: calls $2.61
*** RIVER *** [8h 2h 9c 5s] [Qd]
BrilliantDawn84: checks 
Gfoer leaves the table
lukeaaaa101: checks 
*** SHOW DOWN ***
BrilliantDawn84: shows [4s As] (high card Ace)
lukeaaaa101: shows [7h 7d] (a pair of Sevens)
lukeaaaa101 collected $10.18 from pot
*** SUMMARY ***
Total pot $10.72 | Rake $0.54 
Board [8h 2h 9c 5s Qd]
Seat 1: PayTaxOrDie (small blind) folded before Flop
Seat 2: BrilliantDawn84 (big blind) showed [4s As] and lost with high card Ace
Seat 3: Gfoer folded before Flop (didn't bet)
Seat 5: lukeaaaa101 showed [7h 7d] and won ($10.18) with a pair of Sevens
Seat 6: sta$igk (button) folded before Flop (didn't bet)



PokerStars Hand #254499360872:  Hold'em No Limit ($0.50/$1.00 USD) - 2025/01/22 15:17:07 WET [2025/01/22 10:17:07 ET]
Table 'Luce IV' 6-max Seat #1 is the button
Seat 1: PayTaxOrDie ($100 in chips) 
Seat 2: BrilliantDawn84 ($94.89 in chips) 
Seat 5: lukeaaaa101 ($106.57 in chips) 
Seat 6: sta$igk ($103 in chips) 
BrilliantDawn84: posts small blind $0.50
lukeaaaa101: posts big blind $1
*** HOLE CARDS ***
sta$igk: folds 
PayTaxOrDie: folds 
BrilliantDawn84: raises $1.50 to $2.50
lukeaaaa101: calls $1.50
*** FLOP *** [8d As 3h]
BrilliantDawn84: bets $2.38
lukeaaaa101: calls $2.38
*** TURN *** [8d As 3h] [2c]
BrilliantDawn84: checks 
lukeaaaa101: bets $11.69
BrilliantDawn84: folds 
Uncalled bet ($11.69) returned to lukeaaaa101
lukeaaaa101 collected $9.27 from pot
lukeaaaa101: doesn't show hand 
*** SUMMARY ***
Total pot $9.76 | Rake $0.49 
Board [8d As 3h 2c]
Seat 1: PayTaxOrDie (button) folded before Flop (didn't bet)
Seat 2: BrilliantDawn84 (small blind) folded on the Turn
Seat 5: lukeaaaa101 (big blind) collected ($9.27)
Seat 6: sta$igk folded before Flop (didn't bet)



PokerStars Hand #254499372830:  Hold'em No Limit ($0.50/$1.00 USD) - 2025/01/22 15:18:05 WET [2025/01/22 10:18:05 ET]
Table 'Luce IV' 6-max Seat #2 is the button
Seat 1: PayTaxOrDie ($100 in chips) 
Seat 2: BrilliantDawn84 ($90.01 in chips) 
Seat 5: lukeaaaa101 ($110.96 in chips) 
Seat 6: sta$igk ($103 in chips) 
lukeaaaa101: posts small blind $0.50
sta$igk: posts big blind $1
*** HOLE CARDS ***
PayTaxOrDie: folds 
BrilliantDawn84 has timed out
BrilliantDawn84: folds 
lukeaaaa101: raises $2 to $3
sta$igk: calls $2
*** FLOP *** [6c Jh 3h]
lukeaaaa101: checks 
sta$igk: checks 
*** TURN *** [6c Jh 3h] [7d]
lukeaaaa101: checks 
nastja336 joins the table at seat #4 
sta$igk: bets $4.28
lukeaaaa101: folds 
Uncalled bet ($4.28) returned to sta$igk
sta$igk collected $5.70 from pot
sta$igk: doesn't show hand 
*** SUMMARY ***
Total pot $6 | Rake $0.30 
Board [6c Jh 3h 7d]
Seat 1: PayTaxOrDie folded before Flop (didn't bet)
Seat 2: BrilliantDawn84 (button) folded before Flop (didn't bet)
Seat 5: lukeaaaa101 (small blind) folded on the Turn
Seat 6: sta$igk (big blind) collected ($5.70)



PokerStars Hand #254499385528:  Hold'em No Limit ($0.50/$1.00 USD) - 2025/01/22 15:19:07 WET [2025/01/22 10:19:07 ET]
Table 'Luce IV' 6-max Seat #5 is the button
Seat 4: nastja336 ($100 in chips) is sitting out
Seat 1: PayTaxOrDie ($100 in chips) 
Seat 2: BrilliantDawn84 ($90.01 in chips) 
Seat 5: lukeaaaa101 ($107.96 in chips) 
Seat 6: sta$igk ($105.70 in chips) 
sta$igk: posts small blind $0.50
PayTaxOrDie: posts big blind $1
nastja336: sits out 
*** HOLE CARDS ***
BrilliantDawn84: raises $1.50 to $2.50
lukeaaaa101: folds 
sta$igk: folds 
PayTaxOrDie: folds 
Uncalled bet ($1.50) returned to BrilliantDawn84
BrilliantDawn84 collected $2.50 from pot
BrilliantDawn84: doesn't show hand 
*** SUMMARY ***
Total pot $2.50 | Rake $0 
Seat 4: nastja336
Seat 1: PayTaxOrDie (big blind) folded before Flop
Seat 2: BrilliantDawn84 collected ($2.50)
Seat 5: lukeaaaa101 (button) folded before Flop (didn't bet)
Seat 6: sta$igk (small blind) folded before Flop



PokerStars Hand #254499388304:  Hold'em No Limit ($0.50/$1.00 USD) - 2025/01/22 15:19:20 WET [2025/01/22 10:19:20 ET]
Table 'Luce IV' 6-max Seat #6 is the button
Seat 4: nastja336 ($100 in chips) is sitting out
Seat 1: PayTaxOrDie ($100 in chips) 
Seat 2: BrilliantDawn84 ($91.51 in chips) 
Seat 5: lukeaaaa101 ($107.96 in chips) 
Seat 6: sta$igk ($105.20 in chips) 
PayTaxOrDie: posts small blind $0.50
BrilliantDawn84: posts big blind $1
nastja336: sits out 
*** HOLE CARDS ***
lukeaaaa101: folds 
gig.gyty joins the table at seat #3 
sta$igk: raises $1.50 to $2.50
PayTaxOrDie: raises $9.50 to $12
BrilliantDawn84: raises $13 to $25
sta$igk: folds 
PayTaxOrDie: folds 
Uncalled bet ($13) returned to BrilliantDawn84
BrilliantDawn84 collected $26.50 from pot
BrilliantDawn84: doesn't show hand 
*** SUMMARY ***
Total pot $26.50 | Rake $0 
Seat 4: nastja336
Seat 1: PayTaxOrDie (small blind) folded before Flop
Seat 2: BrilliantDawn84 (big blind) collected ($26.50)
Seat 5: lukeaaaa101 folded before Flop (didn't bet)
Seat 6: sta$igk (button) folded before Flop



PokerStars Hand #254499395017:  Hold'em No Limit ($0.50/$1.00 USD) - 2025/01/22 15:19:53 WET [2025/01/22 10:19:53 ET]
Table 'Luce IV' 6-max Seat #1 is the button
Seat 4: nastja336 ($100 in chips) is sitting out
Seat 1: PayTaxOrDie ($100 in chips) 
Seat 2: BrilliantDawn84 ($106.01 in chips) 
Seat 3: gig.gyty ($100 in chips) 
Seat 5: lukeaaaa101 ($107.96 in chips) 
Seat 6: sta$igk ($102.70 in chips) 
BrilliantDawn84: posts small blind $0.50
gig.gyty: posts big blind $1
nastja336: sits out 
*** HOLE CARDS ***
lukeaaaa101: folds 
sta$igk: folds 
PayTaxOrDie: raises $1.50 to $2.50
BrilliantDawn84: folds 
gig.gyty: calls $1.50
*** FLOP *** [2d 8c 4s]
gig.gyty: checks 
PayTaxOrDie: bets $2.09
gig.gyty: calls $2.09
*** TURN *** [2d 8c 4s] [3d]
gig.gyty: checks 
PayTaxOrDie: checks 
*** RIVER *** [2d 8c 4s 3d] [9c]
gig.gyty: checks 
PayTaxOrDie: bets $6.07
gig.gyty: folds 
Uncalled bet ($6.07) returned to PayTaxOrDie
PayTaxOrDie collected $9.20 from pot
PayTaxOrDie: doesn't show hand 
*** SUMMARY ***
Total pot $9.68 | Rake $0.48 
Board [2d 8c 4s 3d 9c]
Seat 4: nastja336
Seat 1: PayTaxOrDie (button) collected ($9.20)
Seat 2: BrilliantDawn84 (small blind) folded before Flop
Seat 3: gig.gyty (big blind) folded on the River
Seat 5: lukeaaaa101 folded before Flop (didn't bet)
Seat 6: sta$igk folded before Flop (didn't bet)



PokerStars Hand #254499414121:  Hold'em No Limit ($0.50/$1.00 USD) - 2025/01/22 15:21:25 WET [2025/01/22 10:21:25 ET]
Table 'Luce IV' 6-max Seat #2 is the button
Seat 1: PayTaxOrDie ($104.61 in chips) 
Seat 2: BrilliantDawn84 ($105.51 in chips) 
Seat 3: gig.gyty ($100 in chips) 
Seat 4: nastja336 ($100 in chips) 
Seat 5: lukeaaaa101 ($107.96 in chips) 
Seat 6: sta$igk ($102.70 in chips) 
gig.gyty: posts small blind $0.50
nastja336: posts big blind $1
*** HOLE CARDS ***
lukeaaaa101: folds 
sta$igk: folds 
PayTaxOrDie: folds 
BrilliantDawn84: folds 
gig.gyty: raises $2 to $3
nastja336: calls $2
*** FLOP *** [Kd 8s 4d]
gig.gyty: bets $1.43
nastja336: calls $1.43
*** TURN *** [Kd 8s 4d] [7h]
gig.gyty: checks 
nastja336: bets $2.78
gig.gyty: calls $2.78
*** RIVER *** [Kd 8s 4d 7h] [4s]
gig.gyty: checks 
nastja336: checks 
*** SHOW DOWN ***
gig.gyty: shows [6h 6d] (two pair, Sixes and Fours)
nastja336: shows [8h Jh] (two pair, Eights and Fours)
nastja336 collected $13.70 from pot
*** SUMMARY ***
Total pot $14.42 | Rake $0.72 
Board [Kd 8s 4d 7h 4s]
Seat 1: PayTaxOrDie folded before Flop (didn't bet)
Seat 2: BrilliantDawn84 (button) folded before Flop (didn't bet)
Seat 3: gig.gyty (small blind) showed [6h 6d] and lost with two pair, Sixes and Fours
Seat 4: nastja336 (big blind) showed [8h Jh] and won ($13.70) with two pair, Eights and Fours
Seat 5: lukeaaaa101 folded before Flop (didn't bet)
Seat 6: sta$igk folded before Flop (didn't bet)



PokerStars Hand #254499427594:  Hold'em No Limit ($0.50/$1.00 USD) - 2025/01/22 15:22:30 WET [2025/01/22 10:22:30 ET]
Table 'Luce IV' 6-max Seat #3 is the button
Seat 1: PayTaxOrDie ($104.61 in chips) 
Seat 2: BrilliantDawn84 ($105.51 in chips) 
Seat 3: gig.gyty ($100 in chips) 
Seat 4: nastja336 ($106.49 in chips) 
Seat 5: lukeaaaa101 ($107.96 in chips) 
Seat 6: sta$igk ($102.70 in chips) 
nastja336: posts small blind $0.50
lukeaaaa101: posts big blind $1
*** HOLE CARDS ***
sta$igk: folds 
PayTaxOrDie: folds 
BrilliantDawn84: folds 
gig.gyty: raises $1.50 to $2.50
nastja336: folds 
lukeaaaa101: folds 
Uncalled bet ($1.50) returned to gig.gyty
gig.gyty collected $2.50 from pot
gig.gyty: doesn't show hand 
*** SUMMARY ***
Total pot $2.50 | Rake $0 
Seat 1: PayTaxOrDie folded before Flop (didn't bet)
Seat 2: BrilliantDawn84 folded before Flop (didn't bet)
Seat 3: gig.gyty (button) collected ($2.50)
Seat 4: nastja336 (small blind) folded before Flop
Seat 5: lukeaaaa101 (big blind) folded before Flop
Seat 6: sta$igk folded before Flop (didn't bet)



PokerStars Hand #254499431688:  Hold'em No Limit ($0.50/$1.00 USD) - 2025/01/22 15:22:49 WET [2025/01/22 10:22:49 ET]
Table 'Luce IV' 6-max Seat #4 is the button
Seat 1: PayTaxOrDie ($104.61 in chips) 
Seat 2: BrilliantDawn84 ($105.51 in chips) 
Seat 3: gig.gyty ($101.50 in chips) 
Seat 4: nastja336 ($105.99 in chips) 
Seat 5: lukeaaaa101 ($106.96 in chips) 
Seat 6: sta$igk ($102.70 in chips) 
lukeaaaa101: posts small blind $0.50
sta$igk: posts big blind $1
*** HOLE CARDS ***
PayTaxOrDie: folds 
BrilliantDawn84: folds 
gig.gyty: folds 
nastja336: raises $1.50 to $2.50
lukeaaaa101: folds 
sta$igk: calls $1.50
*** FLOP *** [5d 9c 4c]
sta$igk: checks 
nastja336: bets $1.72
sta$igk: folds 
Uncalled bet ($1.72) returned to nastja336
nastja336 collected $5.22 from pot
nastja336: doesn't show hand 
*** SUMMARY ***
Total pot $5.50 | Rake $0.28 
Board [5d 9c 4c]
Seat 1: PayTaxOrDie folded before Flop (didn't bet)
Seat 2: BrilliantDawn84 folded before Flop (didn't bet)
Seat 3: gig.gyty folded before Flop (didn't bet)
Seat 4: nastja336 (button) collected ($5.22)
Seat 5: lukeaaaa101 (small blind) folded before Flop
Seat 6: sta$igk (big blind) folded on the Flop



PokerStars Hand #254499437784:  Hold'em No Limit ($0.50/$1.00 USD) - 2025/01/22 15:23:19 WET [2025/01/22 10:23:19 ET]
Table 'Luce IV' 6-max Seat #5 is the button
Seat 1: PayTaxOrDie ($104.61 in chips) 
Seat 2: BrilliantDawn84 ($105.51 in chips) 
Seat 3: gig.gyty ($101.50 in chips) 
Seat 4: nastja336 ($108.71 in chips) 
Seat 5: lukeaaaa101 ($106.46 in chips) 
Seat 6: sta$igk ($100.20 in chips) 
sta$igk: posts small blind $0.50
PayTaxOrDie: posts big blind $1
*** HOLE CARDS ***
BrilliantDawn84: folds 
gig.gyty: folds 
nastja336: folds 
lukeaaaa101: folds 
sta$igk: folds 
Uncalled bet ($0.50) returned to PayTaxOrDie
PayTaxOrDie collected $1 from pot
PayTaxOrDie: doesn't show hand 
*** SUMMARY ***
Total pot $1 | Rake $0 
Seat 1: PayTaxOrDie (big blind) collected ($1)
Seat 2: BrilliantDawn84 folded before Flop (didn't bet)
Seat 3: gig.gyty folded before Flop (didn't bet)
Seat 4: nastja336 folded before Flop (didn't bet)
Seat 5: lukeaaaa101 (button) folded before Flop (didn't bet)
Seat 6: sta$igk (small blind) folded before Flop



PokerStars Hand #254499439929:  Hold'em No Limit ($0.50/$1.00 USD) - 2025/01/22 15:23:29 WET [2025/01/22 10:23:29 ET]
Table 'Luce IV' 6-max Seat #6 is the button
Seat 1: PayTaxOrDie ($105.11 in chips) 
Seat 2: BrilliantDawn84 ($105.51 in chips) 
Seat 3: gig.gyty ($101.50 in chips) 
Seat 4: nastja336 ($108.71 in chips) 
Seat 5: lukeaaaa101 ($106.46 in chips) 
Seat 6: sta$igk ($100 in chips) 
PayTaxOrDie: posts small blind $0.50
BrilliantDawn84: posts big blind $1
*** HOLE CARDS ***
gig.gyty: folds 
nastja336: folds 
lukeaaaa101: raises $1.50 to $2.50
sta$igk: folds 
PayTaxOrDie: folds 
BrilliantDawn84: calls $1.50
*** FLOP *** [Kh 5c Ac]
BrilliantDawn84: checks 
lukeaaaa101: bets $1.31
BrilliantDawn84: folds 
Uncalled bet ($1.31) returned to lukeaaaa101
lukeaaaa101 collected $5.22 from pot
lukeaaaa101: doesn't show hand 
*** SUMMARY ***
Total pot $5.50 | Rake $0.28 
Board [Kh 5c Ac]
Seat 1: PayTaxOrDie (small blind) folded before Flop
Seat 2: BrilliantDawn84 (big blind) folded on the Flop
Seat 3: gig.gyty folded before Flop (didn't bet)
Seat 4: nastja336 folded before Flop (didn't bet)
Seat 5: lukeaaaa101 collected ($5.22)
Seat 6: sta$igk (button) folded before Flop (didn't bet)



PokerStars Hand #254499445031:  Hold'em No Limit ($0.50/$1.00 USD) - 2025/01/22 15:23:54 WET [2025/01/22 10:23:54 ET]
Table 'Luce IV' 6-max Seat #1 is the button
Seat 1: PayTaxOrDie ($104.61 in chips) 
Seat 2: BrilliantDawn84 ($103.01 in chips) 
Seat 3: gig.gyty ($101.50 in chips) 
Seat 4: nastja336 ($108.71 in chips) 
Seat 5: lukeaaaa101 ($109.18 in chips) 
Seat 6: sta$igk ($100 in chips) 
BrilliantDawn84: posts small blind $0.50
gig.gyty: posts big blind $1
*** HOLE CARDS ***
nastja336: folds 
lukeaaaa101: raises $1.50 to $2.50
sta$igk: raises $5.50 to $8
PayTaxOrDie: folds 
BrilliantDawn84: folds 
gig.gyty: folds 
lukeaaaa101: raises $13.50 to $21.50
sta$igk: folds 
Uncalled bet ($13.50) returned to lukeaaaa101
lukeaaaa101 collected $17.50 from pot
lukeaaaa101: doesn't show hand 
*** SUMMARY ***
Total pot $17.50 | Rake $0 
Seat 1: PayTaxOrDie (button) folded before Flop (didn't bet)
Seat 2: BrilliantDawn84 (small blind) folded before Flop
Seat 3: gig.gyty (big blind) folded before Flop
Seat 4: nastja336 folded before Flop (didn't bet)
Seat 5: lukeaaaa101 collected ($17.50)
Seat 6: sta$igk folded before Flop



PokerStars Hand #254499453220:  Hold'em No Limit ($0.50/$1.00 USD) - 2025/01/22 15:24:33 WET [2025/01/22 10:24:33 ET]
Table 'Luce IV' 6-max Seat #2 is the button
Seat 4: nastja336 ($108.71 in chips) is sitting out
Seat 1: PayTaxOrDie ($104.61 in chips) 
Seat 2: BrilliantDawn84 ($102.51 in chips) 
Seat 3: gig.gyty ($100.50 in chips) 
Seat 5: lukeaaaa101 ($118.68 in chips) 
Seat 6: sta$igk ($100 in chips) 
gig.gyty: posts small blind $0.50
nastja336: is sitting out 
lukeaaaa101: posts big blind $1
*** HOLE CARDS ***
sta$igk: folds 
nastja336 leaves the table
PayTaxOrDie: folds 
BrilliantDawn84: folds 
gig.gyty: raises $2 to $3
sta$igk leaves the table
lukeaaaa101: folds 
Uncalled bet ($2) returned to gig.gyty
gig.gyty collected $2 from pot
*** SUMMARY ***
Total pot $2 | Rake $0 
Seat 4: nastja336
Seat 1: PayTaxOrDie folded before Flop (didn't bet)
Seat 2: BrilliantDawn84 (button) folded before Flop (didn't bet)
Seat 3: gig.gyty (small blind) collected ($2)
Seat 5: lukeaaaa101 (big blind) folded before Flop
Seat 6: sta$igk folded before Flop (didn't bet)



PokerStars Hand #254499459274:  Hold'em No Limit ($0.50/$1.00 USD) - 2025/01/22 15:25:02 WET [2025/01/22 10:25:02 ET]
Table 'Luce IV' 6-max Seat #3 is the button
Seat 1: PayTaxOrDie ($104.61 in chips) is sitting out
Seat 2: BrilliantDawn84 ($102.51 in chips) 
Seat 3: gig.gyty ($101.50 in chips) 
Seat 5: lukeaaaa101 ($117.68 in chips) 
lukeaaaa101: posts small blind $0.50
PayTaxOrDie: is sitting out 
BrilliantDawn84: posts big blind $1
*** HOLE CARDS ***
perketti joins the table at seat #6 
perketti is disconnected 
sta$igk joins the table at seat #4 
gig.gyty has timed out
gig.gyty: folds 
lukeaaaa101: folds 
Uncalled bet ($0.50) returned to BrilliantDawn84
BrilliantDawn84 collected $1 from pot
BrilliantDawn84: doesn't show hand 
*** SUMMARY ***
Total pot $1 | Rake $0 
Seat 1: PayTaxOrDie
Seat 2: BrilliantDawn84 (big blind) collected ($1)
Seat 3: gig.gyty (button) folded before Flop (didn't bet)
Seat 5: lukeaaaa101 (small blind) folded before Flop



PokerStars Hand #254499467825:  Hold'em No Limit ($0.50/$1.00 USD) - 2025/01/22 15:25:43 WET [2025/01/22 10:25:43 ET]
Table 'Luce IV' 6-max Seat #5 is the button
Seat 1: PayTaxOrDie ($104.61 in chips) is sitting out
Seat 3: gig.gyty ($101.50 in chips) is sitting out
Seat 6: perketti ($100 in chips) is sitting out
Seat 2: BrilliantDawn84 ($103.01 in chips) 
Seat 4: sta$igk ($100 in chips) 
Seat 5: lukeaaaa101 ($117.18 in chips) 
BrilliantDawn84: posts small blind $0.50
sta$igk: posts big blind $1
*** HOLE CARDS ***
lukeaaaa101: raises $1.50 to $2.50
BrilliantDawn84: folds 
sta$igk: folds 
Uncalled bet ($1.50) returned to lukeaaaa101
lukeaaaa101 collected $2.50 from pot
lukeaaaa101: doesn't show hand 
*** SUMMARY ***
Total pot $2.50 | Rake $0 
Seat 1: PayTaxOrDie
Seat 3: gig.gyty
Seat 6: perketti
Seat 2: BrilliantDawn84 (small blind) folded before Flop
Seat 4: sta$igk (big blind) folded before Flop
Seat 5: lukeaaaa101 (button) collected ($2.50)



PokerStars Hand #254499470539:  Hold'em No Limit ($0.50/$1.00 USD) - 2025/01/22 15:25:56 WET [2025/01/22 10:25:56 ET]
Table 'Luce IV' 6-max Seat #2 is the button
Seat 1: PayTaxOrDie ($104.61 in chips) is sitting out
Seat 3: gig.gyty ($101.50 in chips) is sitting out
Seat 2: BrilliantDawn84 ($102.51 in chips) 
Seat 4: sta$igk ($100 in chips) 
Seat 5: lukeaaaa101 ($118.68 in chips) 
Seat 6: perketti ($100 in chips) 
sta$igk: posts small blind $0.50
lukeaaaa101: posts big blind $1
perketti: posts big blind $1
PayTaxOrDie: sits out 
*** HOLE CARDS ***
perketti: raises $2 to $3
BrilliantDawn84: folds 
sta$igk: folds 
lukeaaaa101: folds 
Uncalled bet ($2) returned to perketti
perketti collected $2.50 from pot
perketti: doesn't show hand 
*** SUMMARY ***
Total pot $2.50 | Rake $0 
Seat 1: PayTaxOrDie
Seat 3: gig.gyty
Seat 2: BrilliantDawn84 (button) folded before Flop (didn't bet)
Seat 4: sta$igk (small blind) folded before Flop
Seat 5: lukeaaaa101 (big blind) folded before Flop
Seat 6: perketti collected ($2.50)



PokerStars Hand #254499473383:  Hold'em No Limit ($0.50/$1.00 USD) - 2025/01/22 15:26:09 WET [2025/01/22 10:26:09 ET]
Table 'Luce IV' 6-max Seat #4 is the button
Seat 1: PayTaxOrDie ($104.61 in chips) is sitting out
Seat 3: gig.gyty ($101.50 in chips) is sitting out
Seat 2: BrilliantDawn84 ($102.51 in chips) 
Seat 4: sta$igk ($100 in chips) 
Seat 5: lukeaaaa101 ($117.68 in chips) 
Seat 6: perketti ($101.50 in chips) 
lukeaaaa101: posts small blind $0.50
perketti: posts big blind $1
PayTaxOrDie: sits out 
gig.gyty: sits out 
*** HOLE CARDS ***
BrilliantDawn84: folds 
sta$igk: raises $1.50 to $2.50
lukeaaaa101: folds 
perketti: calls $1.50
*** FLOP *** [Jd Js 3s]
perketti: checks 
sta$igk: bets $1.72
perketti: folds 
Uncalled bet ($1.72) returned to sta$igk
sta$igk collected $5.22 from pot
sta$igk: doesn't show hand 
*** SUMMARY ***
Total pot $5.50 | Rake $0.28 
Board [Jd Js 3s]
Seat 1: PayTaxOrDie
Seat 3: gig.gyty
Seat 2: BrilliantDawn84 folded before Flop (didn't bet)
Seat 4: sta$igk (button) collected ($5.22)
Seat 5: lukeaaaa101 (small blind) folded before Flop
Seat 6: perketti (big blind) folded on the Flop



PokerStars Hand #254499476994:  Hold'em No Limit ($0.50/$1.00 USD) - 2025/01/22 15:26:27 WET [2025/01/22 10:26:27 ET]
Table 'Luce IV' 6-max Seat #5 is the button
Seat 3: gig.gyty ($101.50 in chips) is sitting out
Seat 1: PayTaxOrDie ($104.61 in chips) 
Seat 2: BrilliantDawn84 ($102.51 in chips) 
Seat 4: sta$igk ($102.72 in chips) 
Seat 5: lukeaaaa101 ($117.18 in chips) 
Seat 6: perketti ($99 in chips) 
perketti: posts small blind $0.50
PayTaxOrDie: posts big blind $1
gig.gyty: sits out 
*** HOLE CARDS ***
BrilliantDawn84 has timed out
BrilliantDawn84: folds 
sta$igk: raises $1.50 to $2.50
lukeaaaa101: folds 
perketti: folds 
PayTaxOrDie: folds 
Uncalled bet ($1.50) returned to sta$igk
sta$igk collected $2.50 from pot
sta$igk: doesn't show hand 
*** SUMMARY ***
Total pot $2.50 | Rake $0 
Seat 3: gig.gyty
Seat 1: PayTaxOrDie (big blind) folded before Flop
Seat 2: BrilliantDawn84 folded before Flop (didn't bet)
Seat 4: sta$igk collected ($2.50)
Seat 5: lukeaaaa101 (button) folded before Flop (didn't bet)
Seat 6: perketti (small blind) folded before Flop



PokerStars Hand #254499480800:  Hold'em No Limit ($0.50/$1.00 USD) - 2025/01/22 15:26:45 WET [2025/01/22 10:26:45 ET]
Table 'Luce IV' 6-max Seat #6 is the button
Seat 3: gig.gyty ($101.50 in chips) is sitting out
Seat 1: PayTaxOrDie ($103.61 in chips) 
Seat 2: BrilliantDawn84 ($102.51 in chips) 
Seat 4: sta$igk ($104.22 in chips) 
Seat 5: lukeaaaa101 ($117.18 in chips) 
Seat 6: perketti ($98.50 in chips) 
PayTaxOrDie: posts small blind $0.50
BrilliantDawn84: posts big blind $1
gig.gyty: sits out 
*** HOLE CARDS ***
sta$igk: folds 
lukeaaaa101: raises $1.50 to $2.50
perketti: folds 
PayTaxOrDie: folds 
BrilliantDawn84: folds 
Uncalled bet ($1.50) returned to lukeaaaa101
lukeaaaa101 collected $2.50 from pot
lukeaaaa101: doesn't show hand 
*** SUMMARY ***
Total pot $2.50 | Rake $0 
Seat 3: gig.gyty
Seat 1: PayTaxOrDie (small blind) folded before Flop
Seat 2: BrilliantDawn84 (big blind) folded before Flop
Seat 4: sta$igk folded before Flop (didn't bet)
Seat 5: lukeaaaa101 collected ($2.50)
Seat 6: perketti (button) folded before Flop (didn't bet)



PokerStars Hand #254499485491:  Hold'em No Limit ($0.50/$1.00 USD) - 2025/01/22 15:27:08 WET [2025/01/22 10:27:08 ET]
Table 'Luce IV' 6-max Seat #1 is the button
Seat 1: PayTaxOrDie ($103.11 in chips) 
Seat 2: BrilliantDawn84 ($101.51 in chips) 
Seat 3: gig.gyty ($101.50 in chips) 
Seat 4: sta$igk ($104.22 in chips) 
Seat 5: lukeaaaa101 ($118.68 in chips) 
Seat 6: perketti ($98.50 in chips) 
BrilliantDawn84: posts small blind $0.50
gig.gyty: posts big blind $1
*** HOLE CARDS ***
sta$igk: folds 
lukeaaaa101: folds 
perketti: folds 
PayTaxOrDie: folds 
BrilliantDawn84: raises $1.50 to $2.50
gig.gyty: folds 
Uncalled bet ($1.50) returned to BrilliantDawn84
BrilliantDawn84 collected $2 from pot
BrilliantDawn84: doesn't show hand 
*** SUMMARY ***
Total pot $2 | Rake $0 
Seat 1: PayTaxOrDie (button) folded before Flop (didn't bet)
Seat 2: BrilliantDawn84 (small blind) collected ($2)
Seat 3: gig.gyty (big blind) folded before Flop
Seat 4: sta$igk folded before Flop (didn't bet)
Seat 5: lukeaaaa101 folded before Flop (didn't bet)
Seat 6: perketti folded before Flop (didn't bet)



PokerStars Hand #254499488024:  Hold'em No Limit ($0.50/$1.00 USD) - 2025/01/22 15:27:20 WET [2025/01/22 10:27:20 ET]
Table 'Luce IV' 6-max Seat #2 is the button
Seat 1: PayTaxOrDie ($103.11 in chips) 
Seat 2: BrilliantDawn84 ($102.51 in chips) 
Seat 3: gig.gyty ($100.50 in chips) 
Seat 4: sta$igk ($104.22 in chips) 
Seat 5: lukeaaaa101 ($118.68 in chips) 
Seat 6: perketti ($98.50 in chips) 
gig.gyty: posts small blind $0.50
sta$igk: posts big blind $1
*** HOLE CARDS ***
lukeaaaa101: folds 
perketti: raises $2 to $3
PayTaxOrDie: folds 
BrilliantDawn84: folds 
gig.gyty: folds 
sta$igk: folds 
Uncalled bet ($2) returned to perketti
perketti collected $2.50 from pot
perketti: doesn't show hand 
*** SUMMARY ***
Total pot $2.50 | Rake $0 
Seat 1: PayTaxOrDie folded before Flop (didn't bet)
Seat 2: BrilliantDawn84 (button) folded before Flop (didn't bet)
Seat 3: gig.gyty (small blind) folded before Flop
Seat 4: sta$igk (big blind) folded before Flop
Seat 5: lukeaaaa101 folded before Flop (didn't bet)
Seat 6: perketti collected ($2.50)



PokerStars Hand #254499491019:  Hold'em No Limit ($0.50/$1.00 USD) - 2025/01/22 15:27:35 WET [2025/01/22 10:27:35 ET]
Table 'Luce IV' 6-max Seat #3 is the button
Seat 1: PayTaxOrDie ($103.11 in chips) 
Seat 2: BrilliantDawn84 ($102.51 in chips) 
Seat 3: gig.gyty ($100 in chips) 
Seat 4: sta$igk ($103.22 in chips) 
Seat 5: lukeaaaa101 ($118.68 in chips) 
Seat 6: perketti ($100 in chips) 
sta$igk: posts small blind $0.50
lukeaaaa101: posts big blind $1
*** HOLE CARDS ***
perketti: folds 
perketti leaves the table
PayTaxOrDie: folds 
BrilliantDawn84: folds 
gig.gyty: raises $1.50 to $2.50
sta$igk: folds 
lukeaaaa101: folds 
Uncalled bet ($1.50) returned to gig.gyty
gig.gyty collected $2.50 from pot
gig.gyty: doesn't show hand 
*** SUMMARY ***
Total pot $2.50 | Rake $0 
Seat 1: PayTaxOrDie folded before Flop (didn't bet)
Seat 2: BrilliantDawn84 folded before Flop (didn't bet)
Seat 3: gig.gyty (button) collected ($2.50)
Seat 4: sta$igk (small blind) folded before Flop
Seat 5: lukeaaaa101 (big blind) folded before Flop
Seat 6: perketti folded before Flop (didn't bet)



PokerStars Hand #254499494856:  Hold'em No Limit ($0.50/$1.00 USD) - 2025/01/22 15:27:53 WET [2025/01/22 10:27:53 ET]
Table 'Luce IV' 6-max Seat #4 is the button
Seat 1: PayTaxOrDie ($103.11 in chips) is sitting out
Seat 2: BrilliantDawn84 ($102.51 in chips) 
Seat 3: gig.gyty ($101.50 in chips) 
Seat 4: sta$igk ($102.72 in chips) 
Seat 5: lukeaaaa101 ($117.68 in chips) 
lukeaaaa101: posts small blind $0.50
PayTaxOrDie: is sitting out 
BrilliantDawn84: posts big blind $1
*** HOLE CARDS ***
gig.gyty: folds 
sta$igk: raises $1.50 to $2.50
lukeaaaa101: folds 
BrilliantDawn84: folds 
Uncalled bet ($1.50) returned to sta$igk
sta$igk collected $2.50 from pot
sta$igk: doesn't show hand 
*** SUMMARY ***
Total pot $2.50 | Rake $0 
Seat 1: PayTaxOrDie
Seat 2: BrilliantDawn84 (big blind) folded before Flop
Seat 3: gig.gyty folded before Flop (didn't bet)
Seat 4: sta$igk (button) collected ($2.50)
Seat 5: lukeaaaa101 (small blind) folded before Flop



PokerStars Hand #254499497084:  Hold'em No Limit ($0.50/$1.00 USD) - 2025/01/22 15:28:04 WET [2025/01/22 10:28:04 ET]
Table 'Luce IV' 6-max Seat #5 is the button
Seat 1: PayTaxOrDie ($103.11 in chips) is sitting out
Seat 2: BrilliantDawn84 ($101.51 in chips) 
Seat 3: gig.gyty ($101.50 in chips) 
Seat 4: sta$igk ($104.22 in chips) 
Seat 5: lukeaaaa101 ($117.18 in chips) 
BrilliantDawn84: posts small blind $0.50
gig.gyty: posts big blind $1
*** HOLE CARDS ***
sta$igk: folds 
lukeaaaa101: raises $1.50 to $2.50
BrilliantDawn84: folds 
gig.gyty: folds 
Uncalled bet ($1.50) returned to lukeaaaa101
lukeaaaa101 collected $2.50 from pot
lukeaaaa101: doesn't show hand 
*** SUMMARY ***
Total pot $2.50 | Rake $0 
Seat 1: PayTaxOrDie
Seat 2: BrilliantDawn84 (small blind) folded before Flop
Seat 3: gig.gyty (big blind) folded before Flop
Seat 4: sta$igk folded before Flop (didn't bet)
Seat 5: lukeaaaa101 (button) collected ($2.50)



PokerStars Hand #254499499848:  Hold'em No Limit ($0.50/$1.00 USD) - 2025/01/22 15:28:17 WET [2025/01/22 10:28:17 ET]
Table 'Luce IV' 6-max Seat #2 is the button
Seat 1: PayTaxOrDie ($103.11 in chips) is sitting out
Seat 4: sta$igk ($104.22 in chips) is sitting out
Seat 2: BrilliantDawn84 ($101.01 in chips) 
Seat 3: gig.gyty ($100.50 in chips) 
Seat 5: lukeaaaa101 ($118.68 in chips) 
gig.gyty: posts small blind $0.50
sta$igk: is sitting out 
lukeaaaa101: posts big blind $1
PayTaxOrDie: sits out 
*** HOLE CARDS ***
BrilliantDawn84: folds 
gig.gyty: folds 
Uncalled bet ($0.50) returned to lukeaaaa101
sta$igk leaves the table
lukeaaaa101 collected $1 from pot
lukeaaaa101: doesn't show hand 
*** SUMMARY ***
Total pot $1 | Rake $0 
Seat 1: PayTaxOrDie
Seat 4: sta$igk
Seat 2: BrilliantDawn84 (button) folded before Flop (didn't bet)
Seat 3: gig.gyty (small blind) folded before Flop
Seat 5: lukeaaaa101 (big blind) collected ($1)



PokerStars Hand #254499501194:  Hold'em No Limit ($0.50/$1.00 USD) - 2025/01/22 15:28:24 WET [2025/01/22 10:28:24 ET]
Table 'Luce IV' 6-max Seat #3 is the button
Seat 1: PayTaxOrDie ($103.11 in chips) 
Seat 2: BrilliantDawn84 ($101.01 in chips) 
Seat 3: gig.gyty ($100 in chips) 
Seat 5: lukeaaaa101 ($119.18 in chips) 
lukeaaaa101: posts small blind $0.50
PayTaxOrDie: posts big blind $1
*** HOLE CARDS ***
BrilliantDawn84: raises $1.50 to $2.50
gig.gyty: folds 
lukeaaaa101: folds 
PayTaxOrDie: folds 
Uncalled bet ($1.50) returned to BrilliantDawn84
BrilliantDawn84 collected $2.50 from pot
BrilliantDawn84: doesn't show hand 
*** SUMMARY ***
Total pot $2.50 | Rake $0 
Seat 1: PayTaxOrDie (big blind) folded before Flop
Seat 2: BrilliantDawn84 collected ($2.50)
Seat 3: gig.gyty (button) folded before Flop (didn't bet)
Seat 5: lukeaaaa101 (small blind) folded before Flop



PokerStars Hand #254499505388:  Hold'em No Limit ($0.50/$1.00 USD) - 2025/01/22 15:28:44 WET [2025/01/22 10:28:44 ET]
Table 'Luce IV' 6-max Seat #5 is the button
Seat 1: PayTaxOrDie ($102.11 in chips) 
Seat 2: BrilliantDawn84 ($102.51 in chips) 
Seat 3: gig.gyty ($100 in chips) 
Seat 5: lukeaaaa101 ($118.68 in chips) 
PayTaxOrDie: posts small blind $0.50
BrilliantDawn84: posts big blind $1
*** HOLE CARDS ***
gig.gyty: folds 
lukeaaaa101: raises $1.50 to $2.50
PayTaxOrDie: folds 
BrilliantDawn84: calls $1.50
*** FLOP *** [Jd Jh As]
BrilliantDawn84: checks 
lukeaaaa101: bets $1.31
BrilliantDawn84: folds 
Uncalled bet ($1.31) returned to lukeaaaa101
lukeaaaa101 collected $5.22 from pot
lukeaaaa101: doesn't show hand 
*** SUMMARY ***
Total pot $5.50 | Rake $0.28 
Board [Jd Jh As]
Seat 1: PayTaxOrDie (small blind) folded before Flop
Seat 2: BrilliantDawn84 (big blind) folded on the Flop
Seat 3: gig.gyty folded before Flop (didn't bet)
Seat 5: lukeaaaa101 (button) collected ($5.22)



PokerStars Hand #254499510800:  Hold'em No Limit ($0.50/$1.00 USD) - 2025/01/22 15:29:10 WET [2025/01/22 10:29:10 ET]
Table 'Luce IV' 6-max Seat #1 is the button
Seat 3: gig.gyty ($100 in chips) is sitting out
Seat 1: PayTaxOrDie ($101.61 in chips) 
Seat 2: BrilliantDawn84 ($100.01 in chips) 
Seat 5: lukeaaaa101 ($121.40 in chips) 
BrilliantDawn84: posts small blind $0.50
gig.gyty: is sitting out 
lukeaaaa101: posts big blind $1
*** HOLE CARDS ***
gig.gyty leaves the table
PayTaxOrDie: raises $1.50 to $2.50
BrilliantDawn84: folds 
lukeaaaa101: folds 
Uncalled bet ($1.50) returned to PayTaxOrDie
PayTaxOrDie collected $2.50 from pot
PayTaxOrDie: doesn't show hand 
*** SUMMARY ***
Total pot $2.50 | Rake $0 
Seat 3: gig.gyty
Seat 1: PayTaxOrDie (button) collected ($2.50)
Seat 2: BrilliantDawn84 (small blind) folded before Flop
Seat 5: lukeaaaa101 (big blind) folded before Flop



PokerStars Hand #254499513865:  Hold'em No Limit ($0.50/$1.00 USD) - 2025/01/22 15:29:24 WET [2025/01/22 10:29:24 ET]
Table 'Luce IV' 6-max Seat #2 is the button
Seat 1: PayTaxOrDie ($103.11 in chips) 
Seat 2: BrilliantDawn84 ($99.51 in chips) 
Seat 5: lukeaaaa101 ($120.40 in chips) 
lukeaaaa101: posts small blind $0.50
PayTaxOrDie: posts big blind $1
*** HOLE CARDS ***
BrilliantDawn84: raises $1.50 to $2.50
lukeaaaa101: folds 
PayTaxOrDie: folds 
Uncalled bet ($1.50) returned to BrilliantDawn84
Trente666 joins the table at seat #3 
Trente666 is disconnected 
BrilliantDawn84 collected $2.50 from pot
BrilliantDawn84: doesn't show hand 
*** SUMMARY ***
Total pot $2.50 | Rake $0 
Seat 1: PayTaxOrDie (big blind) folded before Flop
Seat 2: BrilliantDawn84 (button) collected ($2.50)
Seat 5: lukeaaaa101 (small blind) folded before Flop



PokerStars Hand #254499516075:  Hold'em No Limit ($0.50/$1.00 USD) - 2025/01/22 15:29:35 WET [2025/01/22 10:29:35 ET]
Table 'Luce IV' 6-max Seat #5 is the button
Seat 3: Trente666 ($59.56 in chips) is sitting out
Seat 1: PayTaxOrDie ($102.11 in chips) 
Seat 2: BrilliantDawn84 ($101.01 in chips) 
Seat 5: lukeaaaa101 ($119.90 in chips) 
PayTaxOrDie: posts small blind $0.50
BrilliantDawn84: posts big blind $1
Trente666: sits out 
*** HOLE CARDS ***
lukeaaaa101: folds 
PayTaxOrDie: folds 
Uncalled bet ($0.50) returned to BrilliantDawn84
BrilliantDawn84 collected $1 from pot
BrilliantDawn84: doesn't show hand 
*** SUMMARY ***
Total pot $1 | Rake $0 
Seat 3: Trente666
Seat 1: PayTaxOrDie (small blind) folded before Flop
Seat 2: BrilliantDawn84 (big blind) collected ($1)
Seat 5: lukeaaaa101 (button) folded before Flop (didn't bet)



PokerStars Hand #254499517404:  Hold'em No Limit ($0.50/$1.00 USD) - 2025/01/22 15:29:41 WET [2025/01/22 10:29:41 ET]
Table 'Luce IV' 6-max Seat #1 is the button
Seat 1: PayTaxOrDie ($101.61 in chips) 
Seat 2: BrilliantDawn84 ($101.51 in chips) 
Seat 3: Trente666 ($59.56 in chips) 
Seat 5: lukeaaaa101 ($119.90 in chips) 
BrilliantDawn84: posts small blind $0.50
Trente666: posts big blind $1
*** HOLE CARDS ***
lukeaaaa101: folds 
PayTaxOrDie: folds 
BrilliantDawn84: folds 
Uncalled bet ($0.50) returned to Trente666
Trente666 collected $1 from pot
*** SUMMARY ***
Total pot $1 | Rake $0 
Seat 1: PayTaxOrDie (button) folded before Flop (didn't bet)
Seat 2: BrilliantDawn84 (small blind) folded before Flop
Seat 3: Trente666 (big blind) collected ($1)
Seat 5: lukeaaaa101 folded before Flop (didn't bet)



PokerStars Hand #254499519699:  Hold'em No Limit ($0.50/$1.00 USD) - 2025/01/22 15:29:52 WET [2025/01/22 10:29:52 ET]
Table 'Luce IV' 6-max Seat #2 is the button
Seat 1: PayTaxOrDie ($101.61 in chips) 
Seat 2: BrilliantDawn84 ($101.01 in chips) 
Seat 3: Trente666 ($60.06 in chips) 
Seat 5: lukeaaaa101 ($119.90 in chips) 
Trente666: posts small blind $0.50
lukeaaaa101: posts big blind $1
*** HOLE CARDS ***
PayTaxOrDie: folds 
BrilliantDawn84: raises $1.50 to $2.50
Trente666: folds 
lukeaaaa101: calls $1.50
*** FLOP *** [7h Ts 2c]
lukeaaaa101: checks 
BrilliantDawn84: bets $2.61
lukeaaaa101: folds 
Uncalled bet ($2.61) returned to BrilliantDawn84
Joe_Li7 joins the table at seat #4 
BrilliantDawn84 collected $5.22 from pot
BrilliantDawn84: doesn't show hand 
*** SUMMARY ***
Total pot $5.50 | Rake $0.28 
Board [7h Ts 2c]
Seat 1: PayTaxOrDie folded before Flop (didn't bet)
Seat 2: BrilliantDawn84 (button) collected ($5.22)
Seat 3: Trente666 (small blind) folded before Flop
Seat 5: lukeaaaa101 (big blind) folded on the Flop



PokerStars Hand #254499527940:  Hold'em No Limit ($0.50/$1.00 USD) - 2025/01/22 15:30:31 WET [2025/01/22 10:30:31 ET]
Table 'Luce IV' 6-max Seat #3 is the button
Seat 4: Joe_Li7 ($100 in chips) is sitting out
Seat 1: PayTaxOrDie ($101.61 in chips) 
Seat 2: BrilliantDawn84 ($103.73 in chips) 
Seat 3: Trente666 ($59.56 in chips) 
Seat 5: lukeaaaa101 ($117.40 in chips) 
lukeaaaa101: posts small blind $0.50
PayTaxOrDie: posts big blind $1
*** HOLE CARDS ***
BrilliantDawn84: folds 
franbasualdo10 joins the table at seat #6 
Trente666: folds 
franbasualdo10 is disconnected 
lukeaaaa101: folds 
Uncalled bet ($0.50) returned to PayTaxOrDie
PayTaxOrDie collected $1 from pot
PayTaxOrDie: doesn't show hand 
*** SUMMARY ***
Total pot $1 | Rake $0 
Seat 4: Joe_Li7
Seat 1: PayTaxOrDie (big blind) collected ($1)
Seat 2: BrilliantDawn84 folded before Flop (didn't bet)
Seat 3: Trente666 (button) folded before Flop (didn't bet)
Seat 5: lukeaaaa101 (small blind) folded before Flop



PokerStars Hand #254499530408:  Hold'em No Limit ($0.50/$1.00 USD) - 2025/01/22 15:30:43 WET [2025/01/22 10:30:43 ET]
Table 'Luce IV' 6-max Seat #5 is the button
Seat 4: Joe_Li7 ($100 in chips) is sitting out
Seat 6: franbasualdo10 ($40.41 in chips) is sitting out
Seat 1: PayTaxOrDie ($102.11 in chips) 
Seat 2: BrilliantDawn84 ($103.73 in chips) 
Seat 3: Trente666 ($59.56 in chips) 
Seat 5: lukeaaaa101 ($116.90 in chips) 
PayTaxOrDie: posts small blind $0.50
BrilliantDawn84: posts big blind $1
Joe_Li7: sits out 
*** HOLE CARDS ***
Trente666: folds 
lukeaaaa101: folds 
PayTaxOrDie: folds 
Uncalled bet ($0.50) returned to BrilliantDawn84
BrilliantDawn84 collected $1 from pot
BrilliantDawn84: doesn't show hand 
*** SUMMARY ***
Total pot $1 | Rake $0 
Seat 4: Joe_Li7
Seat 6: franbasualdo10
Seat 1: PayTaxOrDie (small blind) folded before Flop
Seat 2: BrilliantDawn84 (big blind) collected ($1)
Seat 3: Trente666 folded before Flop (didn't bet)
Seat 5: lukeaaaa101 (button) folded before Flop (didn't bet)



PokerStars Hand #254499532370:  Hold'em No Limit ($0.50/$1.00 USD) - 2025/01/22 15:30:52 WET [2025/01/22 10:30:52 ET]
Table 'Luce IV' 6-max Seat #1 is the button
Seat 4: Joe_Li7 ($100 in chips) is sitting out
Seat 1: PayTaxOrDie ($101.61 in chips) 
Seat 2: BrilliantDawn84 ($104.23 in chips) 
Seat 3: Trente666 ($59.56 in chips) 
Seat 5: lukeaaaa101 ($116.90 in chips) 
Seat 6: franbasualdo10 ($40.41 in chips) 
BrilliantDawn84: posts small blind $0.50
Trente666: posts big blind $1
Joe_Li7: sits out 
franbasualdo10: posts big blind $1
*** HOLE CARDS ***
lukeaaaa101: folds 
franbasualdo10: checks 
PayTaxOrDie: folds 
BrilliantDawn84: folds 
Trente666: checks 
*** FLOP *** [3c 8d 3d]
Trente666: checks 
franbasualdo10: checks 
*** TURN *** [3c 8d 3d] [As]
Trente666: checks 
franbasualdo10: checks 
*** RIVER *** [3c 8d 3d As] [9h]
Trente666: checks 
franbasualdo10: checks 
*** SHOW DOWN ***
Trente666: shows [6d Ks] (a pair of Threes)
franbasualdo10: mucks hand 
Trente666 collected $2.38 from pot
*** SUMMARY ***
Total pot $2.50 | Rake $0.12 
Board [3c 8d 3d As 9h]
Seat 4: Joe_Li7
Seat 1: PayTaxOrDie (button) folded before Flop (didn't bet)
Seat 2: BrilliantDawn84 (small blind) folded before Flop
Seat 3: Trente666 (big blind) showed [6d Ks] and won ($2.38) with a pair of Threes
Seat 5: lukeaaaa101 folded before Flop (didn't bet)
Seat 6: franbasualdo10 mucked



PokerStars Hand #254499539893:  Hold'em No Limit ($0.50/$1.00 USD) - 2025/01/22 15:31:27 WET [2025/01/22 10:31:27 ET]
Table 'Luce IV' 6-max Seat #2 is the button
Seat 1: PayTaxOrDie ($101.61 in chips) 
Seat 2: BrilliantDawn84 ($103.73 in chips) 
Seat 3: Trente666 ($60.94 in chips) 
Seat 4: Joe_Li7 ($100 in chips) 
Seat 5: lukeaaaa101 ($116.90 in chips) 
Seat 6: franbasualdo10 ($39.41 in chips) 
Trente666: posts small blind $0.50
Joe_Li7: posts big blind $1
*** HOLE CARDS ***
lukeaaaa101: raises $1.50 to $2.50
franbasualdo10: folds 
PayTaxOrDie: folds 
BrilliantDawn84: folds 
Trente666: calls $2
Joe_Li7: folds 
*** FLOP *** [9s 4h 2d]
Trente666: checks 
lukeaaaa101: bets $1.88
Trente666: calls $1.88
*** TURN *** [9s 4h 2d] [6s]
Trente666: checks 
lukeaaaa101: checks 
*** RIVER *** [9s 4h 2d 6s] [5h]
Trente666: checks 
lukeaaaa101: bets $6.95
Trente666: folds 
Uncalled bet ($6.95) returned to lukeaaaa101
lukeaaaa101 collected $9.27 from pot
lukeaaaa101: doesn't show hand 
*** SUMMARY ***
Total pot $9.76 | Rake $0.49 
Board [9s 4h 2d 6s 5h]
Seat 1: PayTaxOrDie folded before Flop (didn't bet)
Seat 2: BrilliantDawn84 (button) folded before Flop (didn't bet)
Seat 3: Trente666 (small blind) folded on the River
Seat 4: Joe_Li7 (big blind) folded before Flop
Seat 5: lukeaaaa101 collected ($9.27)
Seat 6: franbasualdo10 folded before Flop (didn't bet)



PokerStars Hand #254499556930:  Hold'em No Limit ($0.50/$1.00 USD) - 2025/01/22 15:32:49 WET [2025/01/22 10:32:49 ET]
Table 'Luce IV' 6-max Seat #3 is the button
Seat 1: PayTaxOrDie ($101.61 in chips) 
Seat 2: BrilliantDawn84 ($103.73 in chips) 
Seat 3: Trente666 ($56.56 in chips) 
Seat 4: Joe_Li7 ($100 in chips) 
Seat 5: lukeaaaa101 ($121.79 in chips) 
Seat 6: franbasualdo10 ($39.41 in chips) 
Joe_Li7: posts small blind $0.50
lukeaaaa101: posts big blind $1
*** HOLE CARDS ***
franbasualdo10: folds 
PayTaxOrDie: folds 
BrilliantDawn84: folds 
Trente666: folds 
Joe_Li7: raises $2 to $3
lukeaaaa101: folds 
Uncalled bet ($2) returned to Joe_Li7
Joe_Li7 collected $2 from pot
*** SUMMARY ***
Total pot $2 | Rake $0 
Seat 1: PayTaxOrDie folded before Flop (didn't bet)
Seat 2: BrilliantDawn84 folded before Flop (didn't bet)
Seat 3: Trente666 (button) folded before Flop (didn't bet)
Seat 4: Joe_Li7 (small blind) collected ($2)
Seat 5: lukeaaaa101 (big blind) folded before Flop
Seat 6: franbasualdo10 folded before Flop (didn't bet)



PokerStars Hand #254499560632:  Hold'em No Limit ($0.50/$1.00 USD) - 2025/01/22 15:33:06 WET [2025/01/22 10:33:06 ET]
Table 'Luce IV' 6-max Seat #4 is the button
Seat 1: PayTaxOrDie ($101.61 in chips) 
Seat 2: BrilliantDawn84 ($103.73 in chips) 
Seat 3: Trente666 ($56.56 in chips) 
Seat 4: Joe_Li7 ($101 in chips) 
Seat 5: lukeaaaa101 ($120.79 in chips) 
Seat 6: franbasualdo10 ($39.41 in chips) 
lukeaaaa101: posts small blind $0.50
franbasualdo10: posts big blind $1
*** HOLE CARDS ***
PayTaxOrDie: folds 
BrilliantDawn84: folds 
Trente666: raises $2 to $3
Joe_Li7: folds 
lukeaaaa101: raises $9 to $12
franbasualdo10: folds 
Trente666: calls $9
*** FLOP *** [2c Td Ac]
lukeaaaa101: bets $6.69
Trente666: calls $6.69
*** TURN *** [2c Td Ac] [Jc]
lukeaaaa101: checks 
Trente666: bets $36.46
lukeaaaa101: raises $36.46 to $72.92
Trente666: calls $1.41 and is all-in
Uncalled bet ($35.05) returned to lukeaaaa101
*** RIVER *** [2c Td Ac Jc] [5s]
*** SHOW DOWN ***
lukeaaaa101: shows [Ks Kc] (a pair of Kings)
Trente666: shows [Kd Qh] (a straight, Ten to Ace)
Trente666 collected $111.62 from pot
*** SUMMARY ***
Total pot $114.12 | Rake $2.50 
Board [2c Td Ac Jc 5s]
Seat 1: PayTaxOrDie folded before Flop (didn't bet)
Seat 2: BrilliantDawn84 folded before Flop (didn't bet)
Seat 3: Trente666 showed [Kd Qh] and won ($111.62) with a straight, Ten to Ace
Seat 4: Joe_Li7 (button) folded before Flop (didn't bet)
Seat 5: lukeaaaa101 (small blind) showed [Ks Kc] and lost with a pair of Kings
Seat 6: franbasualdo10 (big blind) folded before Flop



PokerStars Hand #254499579038:  Hold'em No Limit ($0.50/$1.00 USD) - 2025/01/22 15:34:32 WET [2025/01/22 10:34:32 ET]
Table 'Luce IV' 6-max Seat #5 is the button
Seat 1: PayTaxOrDie ($101.61 in chips) 
Seat 2: BrilliantDawn84 ($103.73 in chips) 
Seat 3: Trente666 ($111.62 in chips) 
Seat 4: Joe_Li7 ($101 in chips) 
Seat 5: lukeaaaa101 ($100 in chips) 
Seat 6: franbasualdo10 ($38.41 in chips) 
franbasualdo10: posts small blind $0.50
PayTaxOrDie: posts big blind $1
*** HOLE CARDS ***
BrilliantDawn84: folds 
Trente666: folds 
Joe_Li7: folds 
lukeaaaa101: folds 
franbasualdo10: folds 
Uncalled bet ($0.50) returned to PayTaxOrDie
PayTaxOrDie collected $1 from pot
PayTaxOrDie: doesn't show hand 
*** SUMMARY ***
Total pot $1 | Rake $0 
Seat 1: PayTaxOrDie (big blind) collected ($1)
Seat 2: BrilliantDawn84 folded before Flop (didn't bet)
Seat 3: Trente666 folded before Flop (didn't bet)
Seat 4: Joe_Li7 folded before Flop (didn't bet)
Seat 5: lukeaaaa101 (button) folded before Flop (didn't bet)
Seat 6: franbasualdo10 (small blind) folded before Flop



PokerStars Hand #254499581940:  Hold'em No Limit ($0.50/$1.00 USD) - 2025/01/22 15:34:45 WET [2025/01/22 10:34:45 ET]
Table 'Luce IV' 6-max Seat #6 is the button
Seat 1: PayTaxOrDie ($102.11 in chips) 
Seat 2: BrilliantDawn84 ($103.73 in chips) 
Seat 3: Trente666 ($111.62 in chips) 
Seat 4: Joe_Li7 ($101 in chips) 
Seat 5: lukeaaaa101 ($100 in chips) 
Seat 6: franbasualdo10 ($37.91 in chips) 
PayTaxOrDie: posts small blind $0.50
BrilliantDawn84: posts big blind $1
*** HOLE CARDS ***
Trente666: folds 
Joe_Li7: raises $1.20 to $2.20
lukeaaaa101: folds 
franbasualdo10: folds 
PayTaxOrDie: folds 
BrilliantDawn84: folds 
Uncalled bet ($1.20) returned to Joe_Li7
Joe_Li7 collected $2.50 from pot
*** SUMMARY ***
Total pot $2.50 | Rake $0 
Seat 1: PayTaxOrDie (small blind) folded before Flop
Seat 2: BrilliantDawn84 (big blind) folded before Flop
Seat 3: Trente666 folded before Flop (didn't bet)
Seat 4: Joe_Li7 collected ($2.50)
Seat 5: lukeaaaa101 folded before Flop (didn't bet)
Seat 6: franbasualdo10 (button) folded before Flop (didn't bet)



PokerStars Hand #254499584545:  Hold'em No Limit ($0.50/$1.00 USD) - 2025/01/22 15:34:58 WET [2025/01/22 10:34:58 ET]
Table 'Luce IV' 6-max Seat #1 is the button
Seat 1: PayTaxOrDie ($101.61 in chips) 
Seat 2: BrilliantDawn84 ($102.73 in chips) 
Seat 3: Trente666 ($111.62 in chips) 
Seat 4: Joe_Li7 ($102.50 in chips) 
Seat 5: lukeaaaa101 ($100 in chips) 
Seat 6: franbasualdo10 ($37.91 in chips) 
BrilliantDawn84: posts small blind $0.50
Trente666: posts big blind $1
*** HOLE CARDS ***
Joe_Li7: raises $1.20 to $2.20
lukeaaaa101: folds 
franbasualdo10: folds 
PayTaxOrDie: folds 
BrilliantDawn84: folds 
Trente666: folds 
Uncalled bet ($1.20) returned to Joe_Li7
Joe_Li7 collected $2.50 from pot
*** SUMMARY ***
Total pot $2.50 | Rake $0 
Seat 1: PayTaxOrDie (button) folded before Flop (didn't bet)
Seat 2: BrilliantDawn84 (small blind) folded before Flop
Seat 3: Trente666 (big blind) folded before Flop
Seat 4: Joe_Li7 collected ($2.50)
Seat 5: lukeaaaa101 folded before Flop (didn't bet)
Seat 6: franbasualdo10 folded before Flop (didn't bet)



PokerStars Hand #254499588288:  Hold'em No Limit ($0.50/$1.00 USD) - 2025/01/22 15:35:16 WET [2025/01/22 10:35:16 ET]
Table 'Luce IV' 6-max Seat #2 is the button
Seat 1: PayTaxOrDie ($101.61 in chips) 
Seat 2: BrilliantDawn84 ($102.23 in chips) 
Seat 3: Trente666 ($110.62 in chips) 
Seat 4: Joe_Li7 ($104 in chips) 
Seat 5: lukeaaaa101 ($100 in chips) 
Seat 6: franbasualdo10 ($37.91 in chips) 
Trente666: posts small blind $0.50
Joe_Li7: posts big blind $1
*** HOLE CARDS ***
lukeaaaa101: folds 
franbasualdo10: raises $1 to $2
PayTaxOrDie: folds 
BrilliantDawn84: raises $4.50 to $6.50
Trente666: calls $6
Joe_Li7: folds 
franbasualdo10: calls $4.50
*** FLOP *** [4c 2h Qh]
Trente666: checks 
franbasualdo10: checks 
BrilliantDawn84: checks 
*** TURN *** [4c 2h Qh] [Jc]
Trente666: checks 
franbasualdo10: bets $3
BrilliantDawn84: calls $3
Trente666: calls $3
*** RIVER *** [4c 2h Qh Jc] [5s]
Trente666: checks 
franbasualdo10: bets $5
BrilliantDawn84: folds 
Trente666: calls $5
*** SHOW DOWN ***
franbasualdo10: shows [Ad Jh] (a pair of Jacks)
Trente666: mucks hand 
franbasualdo10 collected $37.52 from pot
*** SUMMARY ***
Total pot $39.50 | Rake $1.98 
Board [4c 2h Qh Jc 5s]
Seat 1: PayTaxOrDie folded before Flop (didn't bet)
Seat 2: BrilliantDawn84 (button) folded on the River
Seat 3: Trente666 (small blind) mucked
Seat 4: Joe_Li7 (big blind) folded before Flop
Seat 5: lukeaaaa101 folded before Flop (didn't bet)
Seat 6: franbasualdo10 showed [Ad Jh] and won ($37.52) with a pair of Jacks



PokerStars Hand #254499602111:  Hold'em No Limit ($0.50/$1.00 USD) - 2025/01/22 15:36:21 WET [2025/01/22 10:36:21 ET]
Table 'Luce IV' 6-max Seat #3 is the button
Seat 1: PayTaxOrDie ($101.61 in chips) 
Seat 2: BrilliantDawn84 ($92.73 in chips) 
Seat 3: Trente666 ($96.12 in chips) 
Seat 4: Joe_Li7 ($103 in chips) 
Seat 5: lukeaaaa101 ($100 in chips) 
Seat 6: franbasualdo10 ($60.93 in chips) 
Joe_Li7: posts small blind $0.50
lukeaaaa101: posts big blind $1
*** HOLE CARDS ***
franbasualdo10: folds 
PayTaxOrDie: raises $1 to $2
BrilliantDawn84: folds 
Trente666: calls $2
Joe_Li7: raises $11 to $13
lukeaaaa101: folds 
PayTaxOrDie: folds 
Trente666: folds 
Uncalled bet ($11) returned to Joe_Li7
Joe_Li7 collected $7 from pot
*** SUMMARY ***
Total pot $7 | Rake $0 
Seat 1: PayTaxOrDie folded before Flop
Seat 2: BrilliantDawn84 folded before Flop (didn't bet)
Seat 3: Trente666 (button) folded before Flop
Seat 4: Joe_Li7 (small blind) collected ($7)
Seat 5: lukeaaaa101 (big blind) folded before Flop
Seat 6: franbasualdo10 folded before Flop (didn't bet)



PokerStars Hand #254499608356:  Hold'em No Limit ($0.50/$1.00 USD) - 2025/01/22 15:36:50 WET [2025/01/22 10:36:50 ET]
Table 'Luce IV' 6-max Seat #4 is the button
Seat 1: PayTaxOrDie ($100 in chips) 
Seat 2: BrilliantDawn84 ($92.73 in chips) 
Seat 3: Trente666 ($94.12 in chips) 
Seat 4: Joe_Li7 ($108 in chips) 
Seat 5: lukeaaaa101 ($100 in chips) 
Seat 6: franbasualdo10 ($60.93 in chips) 
lukeaaaa101: posts small blind $0.50
franbasualdo10: posts big blind $1
*** HOLE CARDS ***
PayTaxOrDie: folds 
BrilliantDawn84: folds 
PayTaxOrDie leaves the table
Trente666: folds 
Joe_Li7: raises $1.50 to $2.50
lukeaaaa101: folds 
franbasualdo10: folds 
Uncalled bet ($1.50) returned to Joe_Li7
Joe_Li7 collected $2.50 from pot
*** SUMMARY ***
Total pot $2.50 | Rake $0 
Seat 1: PayTaxOrDie folded before Flop (didn't bet)
Seat 2: BrilliantDawn84 folded before Flop (didn't bet)
Seat 3: Trente666 folded before Flop (didn't bet)
Seat 4: Joe_Li7 (button) collected ($2.50)
Seat 5: lukeaaaa101 (small blind) folded before Flop
Seat 6: franbasualdo10 (big blind) folded before Flop



PokerStars Hand #254499610840:  Hold'em No Limit ($0.50/$1.00 USD) - 2025/01/22 15:37:02 WET [2025/01/22 10:37:02 ET]
Table 'Luce IV' 6-max Seat #5 is the button
Seat 2: BrilliantDawn84 ($92.73 in chips) 
Seat 3: Trente666 ($94.12 in chips) 
Seat 4: Joe_Li7 ($109.50 in chips) 
Seat 5: lukeaaaa101 ($100 in chips) 
Seat 6: franbasualdo10 ($59.93 in chips) 
franbasualdo10: posts small blind $0.50
BrilliantDawn84: posts big blind $1
*** HOLE CARDS ***
Trente666: calls $1
Joe_Li7: folds 
lukeaaaa101: folds 
franbasualdo10: folds 
BrilliantDawn84: checks 
*** FLOP *** [8s Kh 4c]
BrilliantDawn84: checks 
Trente666: bets $2.38
BrilliantDawn84: folds 
Uncalled bet ($2.38) returned to Trente666
Trente666 collected $2.38 from pot
*** SUMMARY ***
Total pot $2.50 | Rake $0.12 
Board [8s Kh 4c]
Seat 2: BrilliantDawn84 (big blind) folded on the Flop
Seat 3: Trente666 collected ($2.38)
Seat 4: Joe_Li7 folded before Flop (didn't bet)
Seat 5: lukeaaaa101 (button) folded before Flop (didn't bet)
Seat 6: franbasualdo10 (small blind) folded before Flop



PokerStars Hand #254499617117:  Hold'em No Limit ($0.50/$1.00 USD) - 2025/01/22 15:37:32 WET [2025/01/22 10:37:32 ET]
Table 'Luce IV' 6-max Seat #6 is the button
Seat 3: Trente666 ($95.50 in chips) is sitting out
Seat 2: BrilliantDawn84 ($91.73 in chips) 
Seat 4: Joe_Li7 ($109.50 in chips) 
Seat 5: lukeaaaa101 ($100 in chips) 
Seat 6: franbasualdo10 ($59.43 in chips) 
BrilliantDawn84: posts small blind $0.50
Trente666 has timed out
Trente666: is sitting out 
Joe_Li7: posts big blind $1
*** HOLE CARDS ***
lukeaaaa101: raises $1.50 to $2.50
franbasualdo10: folds 
BrilliantDawn84: folds 
Joe_Li7: folds 
Uncalled bet ($1.50) returned to lukeaaaa101
lukeaaaa101 collected $2.50 from pot
lukeaaaa101: doesn't show hand 
*** SUMMARY ***
Total pot $2.50 | Rake $0 
Seat 3: Trente666
Seat 2: BrilliantDawn84 (small blind) folded before Flop
Seat 4: Joe_Li7 (big blind) folded before Flop
Seat 5: lukeaaaa101 collected ($2.50)
Seat 6: franbasualdo10 (button) folded before Flop (didn't bet)



PokerStars Hand #254499621280:  Hold'em No Limit ($0.50/$1.00 USD) - 2025/01/22 15:37:51 WET [2025/01/22 10:37:51 ET]
Table 'Luce IV' 6-max Seat #2 is the button
Seat 3: Trente666 ($95.50 in chips) is sitting out
Seat 2: BrilliantDawn84 ($91.23 in chips) 
Seat 4: Joe_Li7 ($108.50 in chips) 
Seat 5: lukeaaaa101 ($101.50 in chips) 
Seat 6: franbasualdo10 ($59.43 in chips) 
Joe_Li7: posts small blind $0.50
lukeaaaa101: posts big blind $1
*** HOLE CARDS ***
Trente666 is disconnected 
franbasualdo10: folds 
BrilliantDawn84: raises $1.50 to $2.50
Joe_Li7: folds 
tintin641 joins the table at seat #1 
lukeaaaa101: raises $8.50 to $11
BrilliantDawn84: folds 
Uncalled bet ($8.50) returned to lukeaaaa101
lukeaaaa101 collected $5.50 from pot
lukeaaaa101: doesn't show hand 
*** SUMMARY ***
Total pot $5.50 | Rake $0 
Seat 3: Trente666
Seat 2: BrilliantDawn84 (button) folded before Flop
Seat 4: Joe_Li7 (small blind) folded before Flop
Seat 5: lukeaaaa101 (big blind) collected ($5.50)
Seat 6: franbasualdo10 folded before Flop (didn't bet)



PokerStars Hand #254499626451:  Hold'em No Limit ($0.50/$1.00 USD) - 2025/01/22 15:38:15 WET [2025/01/22 10:38:15 ET]
Table 'Luce IV' 6-max Seat #4 is the button
Seat 1: tintin641 ($100 in chips) is sitting out
Seat 2: BrilliantDawn84 ($88.73 in chips) 
Seat 3: Trente666 ($95.50 in chips) 
Seat 4: Joe_Li7 ($108 in chips) 
Seat 5: lukeaaaa101 ($104.50 in chips) 
Seat 6: franbasualdo10 ($59.43 in chips) 
lukeaaaa101: posts small blind $0.50
franbasualdo10: posts big blind $1
tintin641: sits out 
Trente666: posts small & big blinds $1.50
*** HOLE CARDS ***
BrilliantDawn84: raises $1.50 to $2.50
Trente666: calls $1.50
Joe_Li7: folds 
lukeaaaa101: raises $12 to $14.50
franbasualdo10: folds 
BrilliantDawn84: calls $12
Trente666: folds 
*** FLOP *** [9s 5h 9c]
lukeaaaa101: bets $13.37
BrilliantDawn84: calls $13.37
*** TURN *** [9s 5h 9c] [Kd]
lukeaaaa101: bets $13.37
BrilliantDawn84: folds 
Uncalled bet ($13.37) returned to lukeaaaa101
lukeaaaa101 collected $57.24 from pot
lukeaaaa101: doesn't show hand 
*** SUMMARY ***
Total pot $59.74 | Rake $2.50 
Board [9s 5h 9c Kd]
Seat 1: tintin641
Seat 2: BrilliantDawn84 folded on the Turn
Seat 3: Trente666 folded before Flop
Seat 4: Joe_Li7 (button) folded before Flop (didn't bet)
Seat 5: lukeaaaa101 (small blind) collected ($57.24)
Seat 6: franbasualdo10 (big blind) folded before Flop



PokerStars Hand #254499636778:  Hold'em No Limit ($0.50/$1.00 USD) - 2025/01/22 15:39:04 WET [2025/01/22 10:39:04 ET]
Table 'Luce IV' 6-max Seat #5 is the button
Seat 1: tintin641 ($100 in chips) 
Seat 2: BrilliantDawn84 ($74.63 in chips) 
Seat 3: Trente666 ($92.50 in chips) 
Seat 4: Joe_Li7 ($108 in chips) 
Seat 5: lukeaaaa101 ($133.87 in chips) 
Seat 6: franbasualdo10 ($58.43 in chips) 
franbasualdo10: posts small blind $0.50
tintin641: posts big blind $1
*** HOLE CARDS ***
BrilliantDawn84: raises $1.50 to $2.50
Trente666: calls $2.50
Joe_Li7: folds 
lukeaaaa101: folds 
franbasualdo10: folds 
tintin641: folds 
*** FLOP *** [Qd 2h 8h]
BrilliantDawn84: bets $3.09
Trente666: calls $3.09
*** TURN *** [Qd 2h 8h] [5c]
BrilliantDawn84: checks 
Trente666: checks 
*** RIVER *** [Qd 2h 8h 5c] [9s]
BrilliantDawn84: checks 
Trente666: bets $6.03
BrilliantDawn84: calls $6.03
*** SHOW DOWN ***
Trente666: shows [9h As] (a pair of Nines)
BrilliantDawn84: mucks hand 
Trente666 collected $23.50 from pot
*** SUMMARY ***
Total pot $24.74 | Rake $1.24 
Board [Qd 2h 8h 5c 9s]
Seat 1: tintin641 (big blind) folded before Flop
Seat 2: BrilliantDawn84 mucked
Seat 3: Trente666 showed [9h As] and won ($23.50) with a pair of Nines
Seat 4: Joe_Li7 folded before Flop (didn't bet)
Seat 5: lukeaaaa101 (button) folded before Flop (didn't bet)
Seat 6: franbasualdo10 (small blind) folded before Flop



PokerStars Hand #254499646354:  Hold'em No Limit ($0.50/$1.00 USD) - 2025/01/22 15:39:49 WET [2025/01/22 10:39:49 ET]
Table 'Luce IV' 6-max Seat #6 is the button
Seat 1: tintin641 ($100 in chips) 
Seat 2: BrilliantDawn84 ($88.38 in chips) 
Seat 3: Trente666 ($104.38 in chips) 
Seat 4: Joe_Li7 ($108 in chips) 
Seat 5: lukeaaaa101 ($133.87 in chips) 
Seat 6: franbasualdo10 ($57.93 in chips) 
tintin641: posts small blind $0.50
BrilliantDawn84: posts big blind $1
*** HOLE CARDS ***
Trente666: calls $1
Joe_Li7: raises $3.50 to $4.50
lukeaaaa101: folds 
franbasualdo10: folds 
tintin641: folds 
BrilliantDawn84: folds 
Trente666: calls $3.50
*** FLOP *** [3c 6d Kc]
Trente666: checks 
Joe_Li7: bets $3.29
Trente666: calls $3.29
*** TURN *** [3c 6d Kc] [7s]
Trente666: checks 
Joe_Li7: checks 
*** RIVER *** [3c 6d Kc 7s] [3d]
Trente666: bets $8.12
Joe_Li7: calls $8.12
*** SHOW DOWN ***
Trente666: shows [Ks Jh] (two pair, Kings and Threes)
Joe_Li7: mucks hand 
Trente666 collected $31.65 from pot
*** SUMMARY ***
Total pot $33.32 | Rake $1.67 
Board [3c 6d Kc 7s 3d]
Seat 1: tintin641 (small blind) folded before Flop
Seat 2: BrilliantDawn84 (big blind) folded before Flop
Seat 3: Trente666 showed [Ks Jh] and won ($31.65) with two pair, Kings and Threes
Seat 4: Joe_Li7 mucked
Seat 5: lukeaaaa101 folded before Flop (didn't bet)
Seat 6: franbasualdo10 (button) folded before Flop (didn't bet)



PokerStars Hand #254499660009:  Hold'em No Limit ($0.50/$1.00 USD) - 2025/01/22 15:40:52 WET [2025/01/22 10:40:52 ET]
Table 'Luce IV' 6-max Seat #1 is the button
Seat 1: tintin641 ($100 in chips) 
Seat 2: BrilliantDawn84 ($100 in chips) 
Seat 3: Trente666 ($120.12 in chips) 
Seat 4: Joe_Li7 ($100 in chips) 
Seat 5: lukeaaaa101 ($133.87 in chips) 
Seat 6: franbasualdo10 ($57.93 in chips) 
BrilliantDawn84: posts small blind $0.50
Trente666: posts big blind $1
*** HOLE CARDS ***
Joe_Li7: raises $1.50 to $2.50
lukeaaaa101: folds 
franbasualdo10: folds 
franbasualdo10 leaves the table
tintin641: folds 
coeeeelho joins the table at seat #6 
BrilliantDawn84: calls $2
Trente666: folds 
*** FLOP *** [Td Qh 5s]
BrilliantDawn84: checks 
Trente666 leaves the table
Joe_Li7: bets $1.88
BrilliantDawn84: calls $1.88
*** TURN *** [Td Qh 5s] [2c]
BrilliantDawn84: checks 
Joe_Li7: bets $13.91
BrilliantDawn84: folds 
Uncalled bet ($13.91) returned to Joe_Li7
Joe_Li7 collected $9.27 from pot
*** SUMMARY ***
Total pot $9.76 | Rake $0.49 
Board [Td Qh 5s 2c]
Seat 1: tintin641 (button) folded before Flop (didn't bet)
Seat 2: BrilliantDawn84 (small blind) folded on the Turn
Seat 3: Trente666 (big blind) folded before Flop
Seat 4: Joe_Li7 collected ($9.27)
Seat 5: lukeaaaa101 folded before Flop (didn't bet)
Seat 6: franbasualdo10 folded before Flop (didn't bet)



PokerStars Hand #254499671121:  Hold'em No Limit ($0.50/$1.00 USD) - 2025/01/22 15:41:44 WET [2025/01/22 10:41:44 ET]
Table 'Luce IV' 6-max Seat #2 is the button
Seat 5: lukeaaaa101 ($133.87 in chips) is sitting out
Seat 1: tintin641 ($100 in chips) 
Seat 2: BrilliantDawn84 ($95.62 in chips) 
Seat 4: Joe_Li7 ($104.89 in chips) 
Seat 6: coeeeelho ($100 in chips) 
Joe_Li7: posts small blind $0.50
lukeaaaa101: is sitting out 
coeeeelho: posts big blind $1
*** HOLE CARDS ***
tintin641: folds 
BrilliantDawn84: folds 
Joe_Li7: folds 
Uncalled bet ($0.50) returned to coeeeelho
coeeeelho collected $1 from pot
*** SUMMARY ***
Total pot $1 | Rake $0 
Seat 5: lukeaaaa101
Seat 1: tintin641 folded before Flop (didn't bet)
Seat 2: BrilliantDawn84 (button) folded before Flop (didn't bet)
Seat 4: Joe_Li7 (small blind) folded before Flop
Seat 6: coeeeelho (big blind) collected ($1)



PokerStars Hand #254499672462:  Hold'em No Limit ($0.50/$1.00 USD) - 2025/01/22 15:41:50 WET [2025/01/22 10:41:50 ET]
Table 'Luce IV' 6-max Seat #4 is the button
Seat 5: lukeaaaa101 ($133.87 in chips) is sitting out
Seat 1: tintin641 ($100 in chips) 
Seat 2: BrilliantDawn84 ($95.62 in chips) 
Seat 4: Joe_Li7 ($104.39 in chips) 
Seat 6: coeeeelho ($100.50 in chips) 
coeeeelho: posts small blind $0.50
tintin641: posts big blind $1
*** HOLE CARDS ***
BrilliantDawn84: folds 
Joe_Li7: raises $1.50 to $2.50
coeeeelho: folds 
tintin641: calls $1.50
*** FLOP *** [9h 4d Kh]
tintin641: checks 
Joe_Li7: checks 
*** TURN *** [9h 4d Kh] [2s]
tintin641: checks 
Joe_Li7: bets $3.92
tintin641: folds 
Uncalled bet ($3.92) returned to Joe_Li7
Joe_Li7 collected $5.22 from pot
*** SUMMARY ***
Total pot $5.50 | Rake $0.28 
Board [9h 4d Kh 2s]
Seat 5: lukeaaaa101
Seat 1: tintin641 (big blind) folded on the Turn
Seat 2: BrilliantDawn84 folded before Flop (didn't bet)
Seat 4: Joe_Li7 (button) collected ($5.22)
Seat 6: coeeeelho (small blind) folded before Flop



PokerStars Hand #254499687707:  Hold'em No Limit ($0.50/$1.00 USD) - 2025/01/22 15:43:02 WET [2025/01/22 10:43:02 ET]
Table 'Luce IV' 6-max Seat #6 is the button
Seat 5: lukeaaaa101 ($133.87 in chips) is sitting out
Seat 1: tintin641 ($100 in chips) 
Seat 2: BrilliantDawn84 ($95.62 in chips) 
Seat 4: Joe_Li7 ($107.11 in chips) 
Seat 6: coeeeelho ($100 in chips) 
tintin641: posts small blind $0.50
BrilliantDawn84: posts big blind $1
*** HOLE CARDS ***
Joe_Li7: folds 
coeeeelho: folds 
tintin641: raises $2 to $3
BrilliantDawn84: calls $2
*** FLOP *** [2s 7h 3c]
tintin641: checks 
BrilliantDawn84: bets $2.85
tintin641: calls $2.85
*** TURN *** [2s 7h 3c] [9s]
tintin641: checks 
BrilliantDawn84: bets $7.56
tintin641: folds 
Uncalled bet ($7.56) returned to BrilliantDawn84
BrilliantDawn84 collected $11.12 from pot
BrilliantDawn84: doesn't show hand 
*** SUMMARY ***
Total pot $11.70 | Rake $0.58 
Board [2s 7h 3c 9s]
Seat 5: lukeaaaa101
Seat 1: tintin641 (small blind) folded on the Turn
Seat 2: BrilliantDawn84 (big blind) collected ($11.12)
Seat 4: Joe_Li7 folded before Flop (didn't bet)
Seat 6: coeeeelho (button) folded before Flop (didn't bet)



PokerStars Hand #254499698089:  Hold'em No Limit ($0.50/$1.00 USD) - 2025/01/22 15:43:50 WET [2025/01/22 10:43:50 ET]
Table 'Luce IV' 6-max Seat #1 is the button
Seat 4: Joe_Li7 ($107.11 in chips) is sitting out
Seat 5: lukeaaaa101 ($133.87 in chips) is sitting out
Seat 1: tintin641 ($100 in chips) 
Seat 2: BrilliantDawn84 ($100.89 in chips) 
Seat 6: coeeeelho ($100 in chips) 
BrilliantDawn84: posts small blind $0.50
Joe_Li7: is sitting out 
coeeeelho: posts big blind $1
*** HOLE CARDS ***
tintin641: raises $1.50 to $2.50
BrilliantDawn84: folds 
coeeeelho: folds 
Uncalled bet ($1.50) returned to tintin641
tintin641 collected $2.50 from pot
tintin641: doesn't show hand 
*** SUMMARY ***
Total pot $2.50 | Rake $0 
Seat 4: Joe_Li7
Seat 5: lukeaaaa101
Seat 1: tintin641 (button) collected ($2.50)
Seat 2: BrilliantDawn84 (small blind) folded before Flop
Seat 6: coeeeelho (big blind) folded before Flop



PokerStars Hand #254499700568:  Hold'em No Limit ($0.50/$1.00 USD) - 2025/01/22 15:44:01 WET [2025/01/22 10:44:01 ET]
Table 'Luce IV' 6-max Seat #6 is the button
Seat 1: tintin641 ($101.50 in chips) is sitting out
Seat 4: Joe_Li7 ($107.11 in chips) is sitting out
Seat 5: lukeaaaa101 ($133.87 in chips) is sitting out
Seat 2: BrilliantDawn84 ($100.39 in chips) 
Seat 6: coeeeelho ($100 in chips) 
coeeeelho: posts small blind $0.50
tintin641: is sitting out 
BrilliantDawn84: posts big blind $1
*** HOLE CARDS ***
tintin641 leaves the table
coeeeelho: folds 
Uncalled bet ($0.50) returned to BrilliantDawn84
Joe_Li7 leaves the table
BrilliantDawn84 collected $1 from pot
BrilliantDawn84: doesn't show hand 
*** SUMMARY ***
Total pot $1 | Rake $0 
Seat 1: tintin641
Seat 4: Joe_Li7
Seat 5: lukeaaaa101
Seat 2: BrilliantDawn84 (big blind) collected ($1)
Seat 6: coeeeelho (button) (small blind) folded before Flop



PokerStars Hand #254499702010:  Hold'em No Limit ($0.50/$1.00 USD) - 2025/01/22 15:44:08 WET [2025/01/22 10:44:08 ET]
Table 'Luce IV' 6-max Seat #2 is the button
Seat 5: lukeaaaa101 ($133.87 in chips) is sitting out
Seat 2: BrilliantDawn84 ($100.89 in chips) 
Seat 6: coeeeelho ($100 in chips) 
BrilliantDawn84: posts small blind $0.50
coeeeelho: posts big blind $1
*** HOLE CARDS ***
BrilliantDawn84: raises $1.50 to $2.50
coeeeelho: calls $1.50
*** FLOP *** [Td 8h 6c]
coeeeelho: checks 
BrilliantDawn84: bets $2.38
coeeeelho: folds 
Uncalled bet ($2.38) returned to BrilliantDawn84
BrilliantDawn84 collected $4.75 from pot
BrilliantDawn84: doesn't show hand 
*** SUMMARY ***
Total pot $5 | Rake $0.25 
Board [Td 8h 6c]
Seat 5: lukeaaaa101
Seat 2: BrilliantDawn84 (button) (small blind) collected ($4.75)
Seat 6: coeeeelho (big blind) folded on the Flop



PokerStars Hand #254499710336:  Hold'em No Limit ($0.50/$1.00 USD) - 2025/01/22 15:44:47 WET [2025/01/22 10:44:47 ET]
Table 'Luce IV' 6-max Seat #6 is the button
Seat 5: lukeaaaa101 ($133.87 in chips) is sitting out
Seat 2: BrilliantDawn84 ($103.14 in chips) 
Seat 6: coeeeelho ($100 in chips) 
coeeeelho: posts small blind $0.50
BrilliantDawn84: posts big blind $1
*** HOLE CARDS ***
coeeeelho: folds 
Uncalled bet ($0.50) returned to BrilliantDawn84
BrilliantDawn84 collected $1 from pot
BrilliantDawn84: doesn't show hand 
*** SUMMARY ***
Total pot $1 | Rake $0 
Seat 5: lukeaaaa101
Seat 2: BrilliantDawn84 (big blind) collected ($1)
Seat 6: coeeeelho (button) (small blind) folded before Flop



PokerStars Hand #254499712007:  Hold'em No Limit ($0.50/$1.00 USD) - 2025/01/22 15:44:55 WET [2025/01/22 10:44:55 ET]
Table 'Luce IV' 6-max Seat #2 is the button
Seat 5: lukeaaaa101 ($133.87 in chips) is sitting out
Seat 2: BrilliantDawn84 ($103.64 in chips) 
Seat 6: coeeeelho ($100 in chips) 
BrilliantDawn84: posts small blind $0.50
coeeeelho: posts big blind $1
*** HOLE CARDS ***
BrilliantDawn84: folds 
Uncalled bet ($0.50) returned to coeeeelho
coeeeelho collected $1 from pot
*** SUMMARY ***
Total pot $1 | Rake $0 
Seat 5: lukeaaaa101
Seat 2: BrilliantDawn84 (button) (small blind) folded before Flop
Seat 6: coeeeelho (big blind) collected ($1)



PokerStars Hand #254499713464:  Hold'em No Limit ($0.50/$1.00 USD) - 2025/01/22 15:45:01 WET [2025/01/22 10:45:01 ET]
Table 'Luce IV' 6-max Seat #6 is the button
Seat 5: lukeaaaa101 ($133.87 in chips) is sitting out
Seat 2: BrilliantDawn84 ($103.14 in chips) 
Seat 6: coeeeelho ($100.50 in chips) 
coeeeelho: posts small blind $0.50
BrilliantDawn84: posts big blind $1
*** HOLE CARDS ***
coeeeelho: raises $1.50 to $2.50
BrilliantDawn84: calls $1.50
*** FLOP *** [6c Kh 4d]
BrilliantDawn84: checks 
coeeeelho: bets $1.57
BrilliantDawn84: folds 
Uncalled bet ($1.57) returned to coeeeelho
coeeeelho collected $4.75 from pot
BrilliantDawn84 leaves the table
*** SUMMARY ***
Total pot $5 | Rake $0.25 
Board [6c Kh 4d]
Seat 5: lukeaaaa101
Seat 2: BrilliantDawn84 (big blind) folded on the Flop
Seat 6: coeeeelho (button) (small blind) collected ($4.75)



