PokerStars Hand #254495504351:  Hold'em No Limit ($0.50/$1.00 USD) - 2025/01/22 5:55:22 WET [2025/01/22 0:55:22 ET]
Table 'Richilde III' 6-max Seat #3 is the button
Seat 1: MaRKiToScoK ($110.42 in chips) 
Seat 2: ptolejmus ($10 in chips) 
Seat 3: Fold Your Cats ($100 in chips) 
Seat 4: maasss ($20.87 in chips) 
Seat 5: AlexEliseev7 ($103 in chips) 
Seat 6: Melenya ($100 in chips) 
maasss: posts small blind $0.50
AlexEliseev7: posts big blind $1
*** HOLE CARDS ***
Melenya: folds 
MaRKiToScoK: folds 
ptolejmus: folds 
Fold Your Cats: folds 
maasss: calls $0.50
AlexEliseev7: checks 
*** FLOP *** [Kh Jd 4s]
maasss: checks 
AlexEliseev7: checks 
*** TURN *** [Kh Jd 4s] [Jh]
maasss: checks 
AlexEliseev7: bets $1.48
maasss: folds 
Uncalled bet ($1.48) returned to AlexEliseev7
AlexEliseev7 collected $1.90 from pot
AlexEliseev7: doesn't show hand 
*** SUMMARY ***
Total pot $2 | Rake $0.10 
Board [Kh Jd 4s Jh]
Seat 1: MaRKiToScoK folded before Flop (didn't bet)
Seat 2: ptolejmus folded before Flop (didn't bet)
Seat 3: Fold Your Cats (button) folded before Flop (didn't bet)
Seat 4: maasss (small blind) folded on the Turn
Seat 5: AlexEliseev7 (big blind) collected ($1.90)
Seat 6: Melenya folded before Flop (didn't bet)



PokerStars Hand #254495506939:  Hold'em No Limit ($0.50/$1.00 USD) - 2025/01/22 5:56:04 WET [2025/01/22 0:56:04 ET]
Table 'Richilde III' 6-max Seat #4 is the button
Seat 1: MaRKiToScoK ($110.42 in chips) 
Seat 2: ptolejmus ($10 in chips) 
Seat 3: Fold Your Cats ($100 in chips) 
Seat 4: maasss ($19.87 in chips) 
Seat 5: AlexEliseev7 ($103.90 in chips) 
Seat 6: Melenya ($100 in chips) 
AlexEliseev7: posts small blind $0.50
Melenya: posts big blind $1
*** HOLE CARDS ***
MaRKiToScoK: raises $1 to $2
ptolejmus: folds 
Fold Your Cats: folds 
maasss: folds 
AlexEliseev7: folds 
Melenya: calls $1
*** FLOP *** [9c Jd 9s]
Melenya: checks 
MaRKiToScoK: bets $1.41
Melenya: calls $1.41
*** TURN *** [9c Jd 9s] [2c]
Melenya: checks 
MaRKiToScoK: bets $5.21
Melenya: calls $5.21
*** RIVER *** [9c Jd 9s 2c] [Th]
Melenya: checks 
MaRKiToScoK: checks 
*** SHOW DOWN ***
Melenya: shows [Qs Jh] (two pair, Jacks and Nines)
MaRKiToScoK: mucks hand 
Melenya collected $16.85 from pot
*** SUMMARY ***
Total pot $17.74 | Rake $0.89 
Board [9c Jd 9s 2c Th]
Seat 1: MaRKiToScoK mucked
Seat 2: ptolejmus folded before Flop (didn't bet)
Seat 3: Fold Your Cats folded before Flop (didn't bet)
Seat 4: maasss (button) folded before Flop (didn't bet)
Seat 5: AlexEliseev7 (small blind) folded before Flop
Seat 6: Melenya (big blind) showed [Qs Jh] and won ($16.85) with two pair, Jacks and Nines



PokerStars Hand #254495510811:  Hold'em No Limit ($0.50/$1.00 USD) - 2025/01/22 5:57:05 WET [2025/01/22 0:57:05 ET]
Table 'Richilde III' 6-max Seat #5 is the button
Seat 1: MaRKiToScoK ($101.80 in chips) 
Seat 2: ptolejmus ($10 in chips) 
Seat 3: Fold Your Cats ($100 in chips) 
Seat 4: maasss ($19.87 in chips) 
Seat 5: AlexEliseev7 ($103.40 in chips) 
Seat 6: Melenya ($108.23 in chips) 
Melenya: posts small blind $0.50
MaRKiToScoK: posts big blind $1
*** HOLE CARDS ***
ptolejmus: raises $1 to $2
Fold Your Cats: folds 
maasss: folds 
AlexEliseev7: folds 
Melenya: folds 
MaRKiToScoK: calls $1
*** FLOP *** [Kh 6d Th]
MaRKiToScoK: checks 
ptolejmus: bets $1.16
MaRKiToScoK: raises $8.25 to $9.41
ptolejmus: folds 
Uncalled bet ($8.25) returned to MaRKiToScoK
MaRKiToScoK collected $6.48 from pot
*** SUMMARY ***
Total pot $6.82 | Rake $0.34 
Board [Kh 6d Th]
Seat 1: MaRKiToScoK (big blind) collected ($6.48)
Seat 2: ptolejmus folded on the Flop
Seat 3: Fold Your Cats folded before Flop (didn't bet)
Seat 4: maasss folded before Flop (didn't bet)
Seat 5: AlexEliseev7 (button) folded before Flop (didn't bet)
Seat 6: Melenya (small blind) folded before Flop



PokerStars Hand #254495513499:  Hold'em No Limit ($0.50/$1.00 USD) - 2025/01/22 5:57:48 WET [2025/01/22 0:57:48 ET]
Table 'Richilde III' 6-max Seat #6 is the button
Seat 1: MaRKiToScoK ($105.12 in chips) 
Seat 2: ptolejmus ($10 in chips) 
Seat 3: Fold Your Cats ($100 in chips) 
Seat 4: maasss ($19.87 in chips) 
Seat 5: AlexEliseev7 ($103.40 in chips) 
Seat 6: Melenya ($107.73 in chips) 
MaRKiToScoK: posts small blind $0.50
ptolejmus: posts big blind $1
*** HOLE CARDS ***
Fold Your Cats: folds 
maasss: folds 
AlexEliseev7: folds 
Melenya: folds 
MaRKiToScoK: raises $12.50 to $13.50
ptolejmus: calls $9 and is all-in
Uncalled bet ($3.50) returned to MaRKiToScoK
*** FLOP *** [5s Qd 3d]
*** TURN *** [5s Qd 3d] [Ts]
*** RIVER *** [5s Qd 3d Ts] [4h]
*** SHOW DOWN ***
MaRKiToScoK: shows [2s 2d] (a pair of Deuces)
ptolejmus: shows [As 5d] (a pair of Fives)
ptolejmus collected $19 from pot
*** SUMMARY ***
Total pot $20 | Rake $1 
Board [5s Qd 3d Ts 4h]
Seat 1: MaRKiToScoK (small blind) showed [2s 2d] and lost with a pair of Deuces
Seat 2: ptolejmus (big blind) showed [As 5d] and won ($19) with a pair of Fives
Seat 3: Fold Your Cats folded before Flop (didn't bet)
Seat 4: maasss folded before Flop (didn't bet)
Seat 5: AlexEliseev7 folded before Flop (didn't bet)
Seat 6: Melenya (button) folded before Flop (didn't bet)



PokerStars Hand #254495515377:  Hold'em No Limit ($0.50/$1.00 USD) - 2025/01/22 5:58:18 WET [2025/01/22 0:58:18 ET]
Table 'Richilde III' 6-max Seat #1 is the button
Seat 1: MaRKiToScoK ($100 in chips) 
Seat 2: ptolejmus ($19 in chips) 
Seat 3: Fold Your Cats ($100 in chips) 
Seat 4: maasss ($19.87 in chips) 
Seat 5: AlexEliseev7 ($103.40 in chips) 
Seat 6: Melenya ($107.73 in chips) 
ptolejmus: posts small blind $0.50
Fold Your Cats: posts big blind $1
*** HOLE CARDS ***
maasss: folds 
AlexEliseev7: folds 
Melenya: folds 
MaRKiToScoK: folds 
ptolejmus: raises $1.50 to $2.50
Fold Your Cats: raises $5.50 to $8
ptolejmus: folds 
Uncalled bet ($5.50) returned to Fold Your Cats
Fold Your Cats collected $5 from pot
Fold Your Cats: doesn't show hand 
*** SUMMARY ***
Total pot $5 | Rake $0 
Seat 1: MaRKiToScoK (button) folded before Flop (didn't bet)
Seat 2: ptolejmus (small blind) folded before Flop
Seat 3: Fold Your Cats (big blind) collected ($5)
Seat 4: maasss folded before Flop (didn't bet)
Seat 5: AlexEliseev7 folded before Flop (didn't bet)
Seat 6: Melenya folded before Flop (didn't bet)



PokerStars Hand #254495517529:  Hold'em No Limit ($0.50/$1.00 USD) - 2025/01/22 5:58:53 WET [2025/01/22 0:58:53 ET]
Table 'Richilde III' 6-max Seat #2 is the button
Seat 1: MaRKiToScoK ($100 in chips) 
Seat 2: ptolejmus ($16.50 in chips) 
Seat 3: Fold Your Cats ($102.50 in chips) 
Seat 4: maasss ($19.87 in chips) 
Seat 5: AlexEliseev7 ($103.40 in chips) 
Seat 6: Melenya ($107.73 in chips) 
Fold Your Cats: posts small blind $0.50
maasss: posts big blind $1
*** HOLE CARDS ***
AlexEliseev7: raises $1.50 to $2.50
Melenya: folds 
MaRKiToScoK: folds 
ptolejmus: folds 
Fold Your Cats: folds 
maasss: calls $1.50
*** FLOP *** [Ac As Qh]
maasss: checks 
AlexEliseev7: checks 
*** TURN *** [Ac As Qh] [6c]
maasss: bets $2.61
AlexEliseev7: folds 
Uncalled bet ($2.61) returned to maasss
maasss collected $5.22 from pot
*** SUMMARY ***
Total pot $5.50 | Rake $0.28 
Board [Ac As Qh 6c]
Seat 1: MaRKiToScoK folded before Flop (didn't bet)
Seat 2: ptolejmus (button) folded before Flop (didn't bet)
Seat 3: Fold Your Cats (small blind) folded before Flop
Seat 4: maasss (big blind) collected ($5.22)
Seat 5: AlexEliseev7 folded on the Turn
Seat 6: Melenya folded before Flop (didn't bet)



PokerStars Hand #254495520135:  Hold'em No Limit ($0.50/$1.00 USD) - 2025/01/22 5:59:35 WET [2025/01/22 0:59:35 ET]
Table 'Richilde III' 6-max Seat #3 is the button
Seat 1: MaRKiToScoK ($100 in chips) 
Seat 2: ptolejmus ($16.50 in chips) 
Seat 3: Fold Your Cats ($102 in chips) 
Seat 4: maasss ($22.59 in chips) 
Seat 5: AlexEliseev7 ($100.90 in chips) 
Seat 6: Melenya ($107.73 in chips) 
maasss: posts small blind $0.50
AlexEliseev7: posts big blind $1
*** HOLE CARDS ***
Melenya: raises $1 to $2
MaRKiToScoK: folds 
ptolejmus: folds 
Fold Your Cats: folds 
maasss: calls $1.50
AlexEliseev7: calls $1
*** FLOP *** [Js 4s 2d]
maasss: bets $5.70
AlexEliseev7: raises $8.38 to $14.08
Melenya: raises $8.38 to $22.46
maasss: calls $14.89 and is all-in
AlexEliseev7: calls $8.38
*** TURN *** [Js 4s 2d] [4c]
AlexEliseev7: checks 
Melenya: checks 
*** RIVER *** [Js 4s 2d 4c] [Ad]
AlexEliseev7: checks 
Melenya: checks 
*** SHOW DOWN ***
AlexEliseev7: shows [Qs Jd] (two pair, Jacks and Fours)
Melenya: shows [Jc Ks] (two pair, Jacks and Fours)
AlexEliseev7 collected $1.87 from side pot
Melenya collected $1.87 from side pot
maasss: shows [3s 5s] (a straight, Ace to Five)
maasss collected $65.27 from main pot
*** SUMMARY ***
Total pot $71.51 Main pot $65.27. Side pot $3.74. | Rake $2.50 
Board [Js 4s 2d 4c Ad]
Seat 1: MaRKiToScoK folded before Flop (didn't bet)
Seat 2: ptolejmus folded before Flop (didn't bet)
Seat 3: Fold Your Cats (button) folded before Flop (didn't bet)
Seat 4: maasss (small blind) showed [3s 5s] and won ($65.27) with a straight, Ace to Five
Seat 5: AlexEliseev7 (big blind) showed [Qs Jd] and won ($1.87) with two pair, Jacks and Fours
Seat 6: Melenya showed [Jc Ks] and won ($1.87) with two pair, Jacks and Fours



PokerStars Hand #254495528015:  Hold'em No Limit ($0.50/$1.00 USD) - 2025/01/22 6:01:34 WET [2025/01/22 1:01:34 ET]
Table 'Richilde III' 6-max Seat #4 is the button
Seat 1: MaRKiToScoK ($100 in chips) 
Seat 2: ptolejmus ($16.50 in chips) 
Seat 3: Fold Your Cats ($102 in chips) 
Seat 4: maasss ($65.27 in chips) 
Seat 5: AlexEliseev7 ($100 in chips) 
Seat 6: Melenya ($100 in chips) 
AlexEliseev7: posts small blind $0.50
Melenya: posts big blind $1
*** HOLE CARDS ***
MaRKiToScoK: folds 
MaRKiToScoK leaves the table
ptolejmus: raises $1 to $2
Fold Your Cats: folds 
maasss: calls $2
AlexEliseev7: folds 
Melenya: folds 
*** FLOP *** [9h 4s Kh]
Pon4uk.ua joins the table at seat #1 
ptolejmus: bets $1.41
maasss: folds 
Uncalled bet ($1.41) returned to ptolejmus
ptolejmus collected $5.22 from pot
*** SUMMARY ***
Total pot $5.50 | Rake $0.28 
Board [9h 4s Kh]
Seat 1: MaRKiToScoK folded before Flop (didn't bet)
Seat 2: ptolejmus collected ($5.22)
Seat 3: Fold Your Cats folded before Flop (didn't bet)
Seat 4: maasss (button) folded on the Flop
Seat 5: AlexEliseev7 (small blind) folded before Flop
Seat 6: Melenya (big blind) folded before Flop



PokerStars Hand #254495530901:  Hold'em No Limit ($0.50/$1.00 USD) - 2025/01/22 6:02:15 WET [2025/01/22 1:02:15 ET]
Table 'Richilde III' 6-max Seat #5 is the button
Seat 1: Pon4uk.ua ($100 in chips) 
Seat 2: ptolejmus ($19.72 in chips) 
Seat 3: Fold Your Cats ($102 in chips) 
Seat 4: maasss ($63.27 in chips) 
Seat 5: AlexEliseev7 ($100 in chips) 
Seat 6: Melenya ($100 in chips) 
Melenya: posts small blind $0.50
Pon4uk.ua: posts big blind $1
*** HOLE CARDS ***
ptolejmus: folds 
Fold Your Cats: folds 
maasss: folds 
AlexEliseev7: folds 
Melenya: raises $2 to $3
Pon4uk.ua: calls $2
*** FLOP *** [3s Tc 7s]
Melenya: bets $1.90
Pon4uk.ua: calls $1.90
*** TURN *** [3s Tc 7s] [6h]
Melenya: checks 
Pon4uk.ua: bets $6.98
Melenya: calls $6.98
*** RIVER *** [3s Tc 7s 6h] [Ad]
Melenya: checks 
Pon4uk.ua: bets $16.93
Melenya: folds 
Uncalled bet ($16.93) returned to Pon4uk.ua
Pon4uk.ua collected $22.57 from pot
Pon4uk.ua: doesn't show hand 
*** SUMMARY ***
Total pot $23.76 | Rake $1.19 
Board [3s Tc 7s 6h Ad]
Seat 1: Pon4uk.ua (big blind) collected ($22.57)
Seat 2: ptolejmus folded before Flop (didn't bet)
Seat 3: Fold Your Cats folded before Flop (didn't bet)
Seat 4: maasss folded before Flop (didn't bet)
Seat 5: AlexEliseev7 (button) folded before Flop (didn't bet)
Seat 6: Melenya (small blind) folded on the River



PokerStars Hand #254495538285:  Hold'em No Limit ($0.50/$1.00 USD) - 2025/01/22 6:03:56 WET [2025/01/22 1:03:56 ET]
Table 'Richilde III' 6-max Seat #6 is the button
Seat 1: Pon4uk.ua ($110.69 in chips) 
Seat 2: ptolejmus ($19.72 in chips) 
Seat 3: Fold Your Cats ($102 in chips) 
Seat 4: maasss ($63.27 in chips) 
Seat 5: AlexEliseev7 ($100 in chips) 
Seat 6: Melenya ($100 in chips) 
Pon4uk.ua: posts small blind $0.50
ptolejmus: posts big blind $1
*** HOLE CARDS ***
Fold Your Cats: folds 
maasss: raises $2.50 to $3.50
AlexEliseev7: calls $3.50
Melenya: folds 
Pon4uk.ua: folds 
ptolejmus: folds 
*** FLOP *** [8d 7c Td]
maasss: bets $4.04
AlexEliseev7: calls $4.04
*** TURN *** [8d 7c Td] [Kh]
maasss: bets $15.75
AlexEliseev7: folds 
Uncalled bet ($15.75) returned to maasss
maasss collected $15.75 from pot
*** SUMMARY ***
Total pot $16.58 | Rake $0.83 
Board [8d 7c Td Kh]
Seat 1: Pon4uk.ua (small blind) folded before Flop
Seat 2: ptolejmus (big blind) folded before Flop
Seat 3: Fold Your Cats folded before Flop (didn't bet)
Seat 4: maasss collected ($15.75)
Seat 5: AlexEliseev7 folded on the Turn
Seat 6: Melenya (button) folded before Flop (didn't bet)



PokerStars Hand #254495541471:  Hold'em No Limit ($0.50/$1.00 USD) - 2025/01/22 6:04:40 WET [2025/01/22 1:04:40 ET]
Table 'Richilde III' 6-max Seat #1 is the button
Seat 1: Pon4uk.ua ($110.19 in chips) 
Seat 2: ptolejmus ($18.72 in chips) 
Seat 3: Fold Your Cats ($102 in chips) 
Seat 4: maasss ($71.48 in chips) 
Seat 5: AlexEliseev7 ($100 in chips) 
Seat 6: Melenya ($100 in chips) 
ptolejmus: posts small blind $0.50
Fold Your Cats: posts big blind $1
*** HOLE CARDS ***
maasss: calls $1
AlexEliseev7: folds 
Melenya: folds 
Pon4uk.ua: folds 
ptolejmus: raises $17.72 to $18.72 and is all-in
Fold Your Cats: folds 
maasss: folds 
Uncalled bet ($17.72) returned to ptolejmus
ptolejmus collected $3 from pot
*** SUMMARY ***
Total pot $3 | Rake $0 
Seat 1: Pon4uk.ua (button) folded before Flop (didn't bet)
Seat 2: ptolejmus (small blind) collected ($3)
Seat 3: Fold Your Cats (big blind) folded before Flop
Seat 4: maasss folded before Flop
Seat 5: AlexEliseev7 folded before Flop (didn't bet)
Seat 6: Melenya folded before Flop (didn't bet)



PokerStars Hand #254495543807:  Hold'em No Limit ($0.50/$1.00 USD) - 2025/01/22 6:05:13 WET [2025/01/22 1:05:13 ET]
Table 'Richilde III' 6-max Seat #2 is the button
Seat 1: Pon4uk.ua ($110.19 in chips) 
Seat 2: ptolejmus ($20.72 in chips) 
Seat 3: Fold Your Cats ($101 in chips) 
Seat 4: maasss ($70.48 in chips) 
Seat 5: AlexEliseev7 ($100 in chips) 
Seat 6: Melenya ($100 in chips) 
Fold Your Cats: posts small blind $0.50
maasss: posts big blind $1
*** HOLE CARDS ***
AlexEliseev7: folds 
Melenya: raises $1 to $2
Pon4uk.ua: calls $2
ptolejmus: folds 
Fold Your Cats: folds 
maasss: calls $1
*** FLOP *** [Js 9s 2c]
maasss: checks 
Melenya: checks 
Pon4uk.ua: checks 
*** TURN *** [Js 9s 2c] [Jd]
maasss: checks 
Melenya: bets $4.64
Pon4uk.ua: folds 
maasss: calls $4.64
*** RIVER *** [Js 9s 2c Jd] [Ac]
maasss: bets $7.50
Melenya: folds 
Uncalled bet ($7.50) returned to maasss
maasss collected $14.99 from pot
*** SUMMARY ***
Total pot $15.78 | Rake $0.79 
Board [Js 9s 2c Jd Ac]
Seat 1: Pon4uk.ua folded on the Turn
Seat 2: ptolejmus (button) folded before Flop (didn't bet)
Seat 3: Fold Your Cats (small blind) folded before Flop
Seat 4: maasss (big blind) collected ($14.99)
Seat 5: AlexEliseev7 folded before Flop (didn't bet)
Seat 6: Melenya folded on the River



PokerStars Hand #254495548527:  Hold'em No Limit ($0.50/$1.00 USD) - 2025/01/22 6:06:19 WET [2025/01/22 1:06:19 ET]
Table 'Richilde III' 6-max Seat #3 is the button
Seat 1: Pon4uk.ua ($108.19 in chips) 
Seat 2: ptolejmus ($20.72 in chips) 
Seat 3: Fold Your Cats ($100.50 in chips) 
Seat 4: maasss ($78.83 in chips) 
Seat 5: AlexEliseev7 ($100 in chips) 
Seat 6: Melenya ($100 in chips) 
maasss: posts small blind $0.50
AlexEliseev7: posts big blind $1
*** HOLE CARDS ***
Melenya: folds 
Pon4uk.ua: raises $1 to $2
ptolejmus: folds 
Fold Your Cats: folds 
maasss: calls $1.50
AlexEliseev7: folds 
*** FLOP *** [9s 6h 8h]
maasss: checks 
Pon4uk.ua: checks 
*** TURN *** [9s 6h 8h] [Js]
maasss: bets $4.75
Pon4uk.ua: folds 
Uncalled bet ($4.75) returned to maasss
maasss collected $4.75 from pot
*** SUMMARY ***
Total pot $5 | Rake $0.25 
Board [9s 6h 8h Js]
Seat 1: Pon4uk.ua folded on the Turn
Seat 2: ptolejmus folded before Flop (didn't bet)
Seat 3: Fold Your Cats (button) folded before Flop (didn't bet)
Seat 4: maasss (small blind) collected ($4.75)
Seat 5: AlexEliseev7 (big blind) folded before Flop
Seat 6: Melenya folded before Flop (didn't bet)



PokerStars Hand #254495551333:  Hold'em No Limit ($0.50/$1.00 USD) - 2025/01/22 6:06:59 WET [2025/01/22 1:06:59 ET]
Table 'Richilde III' 6-max Seat #4 is the button
Seat 1: Pon4uk.ua ($106.19 in chips) 
Seat 2: ptolejmus ($20.72 in chips) 
Seat 3: Fold Your Cats ($100.50 in chips) 
Seat 4: maasss ($81.58 in chips) 
Seat 5: AlexEliseev7 ($100 in chips) 
Seat 6: Melenya ($100 in chips) 
AlexEliseev7: posts small blind $0.50
Melenya: posts big blind $1
*** HOLE CARDS ***
Pon4uk.ua: folds 
ptolejmus: folds 
Fold Your Cats: folds 
maasss: raises $2 to $3
AlexEliseev7: folds 
Melenya: calls $2
*** FLOP *** [7h 7d 6c]
Melenya: checks 
maasss: checks 
*** TURN *** [7h 7d 6c] [Js]
Melenya: checks 
maasss: checks 
*** RIVER *** [7h 7d 6c Js] [5s]
Melenya: checks 
maasss: checks 
*** SHOW DOWN ***
Melenya: shows [6h 4h] (two pair, Sevens and Sixes)
maasss: mucks hand 
Melenya collected $6.18 from pot
*** SUMMARY ***
Total pot $6.50 | Rake $0.32 
Board [7h 7d 6c Js 5s]
Seat 1: Pon4uk.ua folded before Flop (didn't bet)
Seat 2: ptolejmus folded before Flop (didn't bet)
Seat 3: Fold Your Cats folded before Flop (didn't bet)
Seat 4: maasss (button) mucked
Seat 5: AlexEliseev7 (small blind) folded before Flop
Seat 6: Melenya (big blind) showed [6h 4h] and won ($6.18) with two pair, Sevens and Sixes



PokerStars Hand #254495642706:  Hold'em No Limit ($0.50/$1.00 USD) - 2025/01/22 6:28:31 WET [2025/01/22 1:28:31 ET]
Table 'Richilde III' 6-max Seat #2 is the button
Seat 1: Pon4uk.ua ($100 in chips) 
Seat 2: p0pa4poker ($100 in chips) 
Seat 3: Fold Your Cats ($100 in chips) 
Seat 4: maasss ($102.76 in chips) 
Seat 5: AlexEliseev7 ($134.66 in chips) 
Seat 6: Melenya ($100 in chips) 
Fold Your Cats: posts small blind $0.50
maasss: posts big blind $1
*** HOLE CARDS ***
AlexEliseev7: folds 
Melenya: folds 
Pon4uk.ua: raises $1.50 to $2.50
p0pa4poker: folds 
Fold Your Cats: folds 
maasss: calls $1.50
*** FLOP *** [9c 4h 7h]
maasss: bets $2.61
Pon4uk.ua: calls $2.61
*** TURN *** [9c 4h 7h] [Kc]
maasss: bets $5.09
Pon4uk.ua: calls $5.09
*** RIVER *** [9c 4h 7h Kc] [Ks]
maasss: bets $9.93
Pon4uk.ua: folds 
Uncalled bet ($9.93) returned to maasss
maasss collected $19.86 from pot
*** SUMMARY ***
Total pot $20.90 | Rake $1.04 
Board [9c 4h 7h Kc Ks]
Seat 1: Pon4uk.ua folded on the River
Seat 2: p0pa4poker (button) folded before Flop (didn't bet)
Seat 3: Fold Your Cats (small blind) folded before Flop
Seat 4: maasss (big blind) collected ($19.86)
Seat 5: AlexEliseev7 folded before Flop (didn't bet)
Seat 6: Melenya folded before Flop (didn't bet)



PokerStars Hand #254495646402:  Hold'em No Limit ($0.50/$1.00 USD) - 2025/01/22 6:29:25 WET [2025/01/22 1:29:25 ET]
Table 'Richilde III' 6-max Seat #3 is the button
Seat 1: Pon4uk.ua ($100 in chips) 
Seat 2: p0pa4poker ($100 in chips) 
Seat 3: Fold Your Cats ($100 in chips) 
Seat 4: maasss ($112.42 in chips) 
Seat 5: AlexEliseev7 ($134.66 in chips) 
Seat 6: Melenya ($100 in chips) 
maasss: posts small blind $0.50
AlexEliseev7: posts big blind $1
*** HOLE CARDS ***
Melenya: folds 
Pon4uk.ua: folds 
p0pa4poker: raises $1.30 to $2.30
Fold Your Cats: folds 
maasss: calls $1.80
AlexEliseev7: folds 
*** FLOP *** [7c Ts Qc]
maasss: checks 
p0pa4poker: checks 
*** TURN *** [7c Ts Qc] [Jd]
maasss: checks 
p0pa4poker: checks 
*** RIVER *** [7c Ts Qc Jd] [8s]
maasss: checks 
p0pa4poker: checks 
*** SHOW DOWN ***
maasss: shows [6c 3h] (high card Queen)
p0pa4poker: shows [4s 4c] (a pair of Fours)
p0pa4poker collected $5.32 from pot
*** SUMMARY ***
Total pot $5.60 | Rake $0.28 
Board [7c Ts Qc Jd 8s]
Seat 1: Pon4uk.ua folded before Flop (didn't bet)
Seat 2: p0pa4poker showed [4s 4c] and won ($5.32) with a pair of Fours
Seat 3: Fold Your Cats (button) folded before Flop (didn't bet)
Seat 4: maasss (small blind) showed [6c 3h] and lost with high card Queen
Seat 5: AlexEliseev7 (big blind) folded before Flop
Seat 6: Melenya folded before Flop (didn't bet)



PokerStars Hand #254495650120:  Hold'em No Limit ($0.50/$1.00 USD) - 2025/01/22 6:30:19 WET [2025/01/22 1:30:19 ET]
Table 'Richilde III' 6-max Seat #4 is the button
Seat 1: Pon4uk.ua ($100 in chips) 
Seat 2: p0pa4poker ($103.02 in chips) 
Seat 3: Fold Your Cats ($100 in chips) 
Seat 4: maasss ($110.12 in chips) 
Seat 5: AlexEliseev7 ($133.66 in chips) 
Seat 6: Melenya ($100 in chips) 
AlexEliseev7: posts small blind $0.50
Melenya: posts big blind $1
*** HOLE CARDS ***
Pon4uk.ua: raises $1 to $2
p0pa4poker: folds 
Fold Your Cats: folds 
maasss: folds 
AlexEliseev7: raises $9 to $11
Melenya: folds 
Pon4uk.ua: folds 
Uncalled bet ($9) returned to AlexEliseev7
AlexEliseev7 collected $5 from pot
AlexEliseev7: doesn't show hand 
*** SUMMARY ***
Total pot $5 | Rake $0 
Seat 1: Pon4uk.ua folded before Flop
Seat 2: p0pa4poker folded before Flop (didn't bet)
Seat 3: Fold Your Cats folded before Flop (didn't bet)
Seat 4: maasss (button) folded before Flop (didn't bet)
Seat 5: AlexEliseev7 (small blind) collected ($5)
Seat 6: Melenya (big blind) folded before Flop



PokerStars Hand #254495651735:  Hold'em No Limit ($0.50/$1.00 USD) - 2025/01/22 6:30:43 WET [2025/01/22 1:30:43 ET]
Table 'Richilde III' 6-max Seat #5 is the button
Seat 1: Pon4uk.ua ($100 in chips) 
Seat 2: p0pa4poker ($103.02 in chips) 
Seat 3: Fold Your Cats ($100 in chips) 
Seat 4: maasss ($110.12 in chips) 
Seat 5: AlexEliseev7 ($136.66 in chips) 
Seat 6: Melenya ($100 in chips) 
Melenya: posts small blind $0.50
Pon4uk.ua: posts big blind $1
*** HOLE CARDS ***
p0pa4poker: folds 
Fold Your Cats: folds 
maasss: calls $1
AlexEliseev7: folds 
Melenya: raises $4 to $5
Pon4uk.ua: folds 
maasss: folds 
Uncalled bet ($4) returned to Melenya
Melenya collected $3 from pot
Melenya: doesn't show hand 
*** SUMMARY ***
Total pot $3 | Rake $0 
Seat 1: Pon4uk.ua (big blind) folded before Flop
Seat 2: p0pa4poker folded before Flop (didn't bet)
Seat 3: Fold Your Cats folded before Flop (didn't bet)
Seat 4: maasss folded before Flop
Seat 5: AlexEliseev7 (button) folded before Flop (didn't bet)
Seat 6: Melenya (small blind) collected ($3)



PokerStars Hand #254495653396:  Hold'em No Limit ($0.50/$1.00 USD) - 2025/01/22 6:31:07 WET [2025/01/22 1:31:07 ET]
Table 'Richilde III' 6-max Seat #6 is the button
Seat 1: Pon4uk.ua ($100 in chips) 
Seat 2: p0pa4poker ($103.02 in chips) 
Seat 3: Fold Your Cats ($100 in chips) 
Seat 4: maasss ($109.12 in chips) 
Seat 5: AlexEliseev7 ($136.66 in chips) 
Seat 6: Melenya ($102 in chips) 
Pon4uk.ua: posts small blind $0.50
p0pa4poker: posts big blind $1
*** HOLE CARDS ***
Fold Your Cats: folds 
maasss: raises $2 to $3
AlexEliseev7: raises $6 to $9
Melenya: folds 
Pon4uk.ua: folds 
p0pa4poker: raises $15 to $24
maasss: folds 
AlexEliseev7: folds 
Uncalled bet ($15) returned to p0pa4poker
p0pa4poker collected $21.50 from pot
p0pa4poker: doesn't show hand 
*** SUMMARY ***
Total pot $21.50 | Rake $0 
Seat 1: Pon4uk.ua (small blind) folded before Flop
Seat 2: p0pa4poker (big blind) collected ($21.50)
Seat 3: Fold Your Cats folded before Flop (didn't bet)
Seat 4: maasss folded before Flop
Seat 5: AlexEliseev7 folded before Flop
Seat 6: Melenya (button) folded before Flop (didn't bet)



PokerStars Hand #254495656973:  Hold'em No Limit ($0.50/$1.00 USD) - 2025/01/22 6:32:00 WET [2025/01/22 1:32:00 ET]
Table 'Richilde III' 6-max Seat #1 is the button
Seat 1: Pon4uk.ua ($100 in chips) 
Seat 2: p0pa4poker ($115.52 in chips) 
Seat 3: Fold Your Cats ($100 in chips) 
Seat 4: maasss ($106.12 in chips) 
Seat 5: AlexEliseev7 ($127.66 in chips) 
Seat 6: Melenya ($102 in chips) 
p0pa4poker: posts small blind $0.50
Fold Your Cats: posts big blind $1
*** HOLE CARDS ***
maasss: folds 
AlexEliseev7: raises $1.50 to $2.50
Melenya: folds 
Pon4uk.ua: folds 
p0pa4poker: folds 
Fold Your Cats: folds 
Uncalled bet ($1.50) returned to AlexEliseev7
AlexEliseev7 collected $2.50 from pot
AlexEliseev7: doesn't show hand 
*** SUMMARY ***
Total pot $2.50 | Rake $0 
Seat 1: Pon4uk.ua (button) folded before Flop (didn't bet)
Seat 2: p0pa4poker (small blind) folded before Flop
Seat 3: Fold Your Cats (big blind) folded before Flop
Seat 4: maasss folded before Flop (didn't bet)
Seat 5: AlexEliseev7 collected ($2.50)
Seat 6: Melenya folded before Flop (didn't bet)



PokerStars Hand #254495657962:  Hold'em No Limit ($0.50/$1.00 USD) - 2025/01/22 6:32:15 WET [2025/01/22 1:32:15 ET]
Table 'Richilde III' 6-max Seat #2 is the button
Seat 1: Pon4uk.ua ($100 in chips) 
Seat 2: p0pa4poker ($115.02 in chips) 
Seat 3: Fold Your Cats ($100 in chips) 
Seat 4: maasss ($106.12 in chips) 
Seat 5: AlexEliseev7 ($129.16 in chips) 
Seat 6: Melenya ($102 in chips) 
Fold Your Cats: posts small blind $0.50
maasss: posts big blind $1
*** HOLE CARDS ***
AlexEliseev7: folds 
Melenya: folds 
Pon4uk.ua: folds 
p0pa4poker: raises $1.50 to $2.50
Fold Your Cats: raises $7.50 to $10
maasss: folds 
p0pa4poker: folds 
Uncalled bet ($7.50) returned to Fold Your Cats
Fold Your Cats collected $6 from pot
Fold Your Cats: doesn't show hand 
*** SUMMARY ***
Total pot $6 | Rake $0 
Seat 1: Pon4uk.ua folded before Flop (didn't bet)
Seat 2: p0pa4poker (button) folded before Flop
Seat 3: Fold Your Cats (small blind) collected ($6)
Seat 4: maasss (big blind) folded before Flop
Seat 5: AlexEliseev7 folded before Flop (didn't bet)
Seat 6: Melenya folded before Flop (didn't bet)



PokerStars Hand #254495659314:  Hold'em No Limit ($0.50/$1.00 USD) - 2025/01/22 6:32:34 WET [2025/01/22 1:32:34 ET]
Table 'Richilde III' 6-max Seat #3 is the button
Seat 1: Pon4uk.ua ($100 in chips) 
Seat 2: p0pa4poker ($112.52 in chips) 
Seat 3: Fold Your Cats ($103.50 in chips) 
Seat 4: maasss ($105.12 in chips) 
Seat 5: AlexEliseev7 ($129.16 in chips) 
Seat 6: Melenya ($102 in chips) 
maasss: posts small blind $0.50
AlexEliseev7: posts big blind $1
*** HOLE CARDS ***
Melenya: folds 
Pon4uk.ua: folds 
p0pa4poker: folds 
Fold Your Cats: raises $1.50 to $2.50
maasss: folds 
AlexEliseev7: raises $10.50 to $13
Fold Your Cats: folds 
Uncalled bet ($10.50) returned to AlexEliseev7
AlexEliseev7 collected $5.50 from pot
AlexEliseev7: doesn't show hand 
*** SUMMARY ***
Total pot $5.50 | Rake $0 
Seat 1: Pon4uk.ua folded before Flop (didn't bet)
Seat 2: p0pa4poker folded before Flop (didn't bet)
Seat 3: Fold Your Cats (button) folded before Flop
Seat 4: maasss (small blind) folded before Flop
Seat 5: AlexEliseev7 (big blind) collected ($5.50)
Seat 6: Melenya folded before Flop (didn't bet)



PokerStars Hand #254495661391:  Hold'em No Limit ($0.50/$1.00 USD) - 2025/01/22 6:33:04 WET [2025/01/22 1:33:04 ET]
Table 'Richilde III' 6-max Seat #4 is the button
Seat 1: Pon4uk.ua ($100 in chips) 
Seat 2: p0pa4poker ($112.52 in chips) 
Seat 3: Fold Your Cats ($101 in chips) 
Seat 4: maasss ($104.62 in chips) 
Seat 5: AlexEliseev7 ($132.16 in chips) 
Seat 6: Melenya ($102 in chips) 
AlexEliseev7: posts small blind $0.50
Melenya: posts big blind $1
*** HOLE CARDS ***
Pon4uk.ua: folds 
p0pa4poker: folds 
Fold Your Cats: folds 
maasss: raises $2.50 to $3.50
AlexEliseev7: folds 
Melenya: calls $2.50
*** FLOP *** [Kc 5h Qc]
Melenya: checks 
maasss: bets $7.12
Melenya: calls $7.12
*** TURN *** [Kc 5h Qc] [4s]
Melenya: checks 
maasss: bets $10.33
Melenya: calls $10.33
*** RIVER *** [Kc 5h Qc 4s] [4c]
Melenya: bets $38
maasss: folds 
Uncalled bet ($38) returned to Melenya
Melenya collected $40.28 from pot
Melenya: doesn't show hand 
*** SUMMARY ***
Total pot $42.40 | Rake $2.12 
Board [Kc 5h Qc 4s 4c]
Seat 1: Pon4uk.ua folded before Flop (didn't bet)
Seat 2: p0pa4poker folded before Flop (didn't bet)
Seat 3: Fold Your Cats folded before Flop (didn't bet)
Seat 4: maasss (button) folded on the River
Seat 5: AlexEliseev7 (small blind) folded before Flop
Seat 6: Melenya (big blind) collected ($40.28)



PokerStars Hand #254495667605:  Hold'em No Limit ($0.50/$1.00 USD) - 2025/01/22 6:34:35 WET [2025/01/22 1:34:35 ET]
Table 'Richilde III' 6-max Seat #5 is the button
Seat 1: Pon4uk.ua ($100 in chips) 
Seat 2: p0pa4poker ($112.52 in chips) 
Seat 3: Fold Your Cats ($101 in chips) 
Seat 4: maasss ($83.67 in chips) 
Seat 5: AlexEliseev7 ($131.66 in chips) 
Seat 6: Melenya ($121.33 in chips) 
Melenya: posts small blind $0.50
Pon4uk.ua: posts big blind $1
*** HOLE CARDS ***
p0pa4poker: folds 
Fold Your Cats: folds 
maasss: raises $2.50 to $3.50
AlexEliseev7: folds 
Melenya: folds 
Pon4uk.ua: folds 
Uncalled bet ($2.50) returned to maasss
maasss collected $2.50 from pot
*** SUMMARY ***
Total pot $2.50 | Rake $0 
Seat 1: Pon4uk.ua (big blind) folded before Flop
Seat 2: p0pa4poker folded before Flop (didn't bet)
Seat 3: Fold Your Cats folded before Flop (didn't bet)
Seat 4: maasss collected ($2.50)
Seat 5: AlexEliseev7 (button) folded before Flop (didn't bet)
Seat 6: Melenya (small blind) folded before Flop



PokerStars Hand #254495668611:  Hold'em No Limit ($0.50/$1.00 USD) - 2025/01/22 6:34:50 WET [2025/01/22 1:34:50 ET]
Table 'Richilde III' 6-max Seat #6 is the button
Seat 1: Pon4uk.ua ($100 in chips) 
Seat 2: p0pa4poker ($112.52 in chips) 
Seat 3: Fold Your Cats ($101 in chips) 
Seat 4: maasss ($85.17 in chips) 
Seat 5: AlexEliseev7 ($131.66 in chips) 
Seat 6: Melenya ($120.83 in chips) 
Pon4uk.ua: posts small blind $0.50
p0pa4poker: posts big blind $1
*** HOLE CARDS ***
Fold Your Cats: folds 
maasss: raises $2.50 to $3.50
AlexEliseev7: folds 
Melenya: folds 
Pon4uk.ua: folds 
p0pa4poker: folds 
Uncalled bet ($2.50) returned to maasss
maasss collected $2.50 from pot
*** SUMMARY ***
Total pot $2.50 | Rake $0 
Seat 1: Pon4uk.ua (small blind) folded before Flop
Seat 2: p0pa4poker (big blind) folded before Flop
Seat 3: Fold Your Cats folded before Flop (didn't bet)
Seat 4: maasss collected ($2.50)
Seat 5: AlexEliseev7 folded before Flop (didn't bet)
Seat 6: Melenya (button) folded before Flop (didn't bet)



PokerStars Hand #254495669602:  Hold'em No Limit ($0.50/$1.00 USD) - 2025/01/22 6:35:04 WET [2025/01/22 1:35:04 ET]
Table 'Richilde III' 6-max Seat #1 is the button
Seat 1: Pon4uk.ua ($100 in chips) 
Seat 2: p0pa4poker ($111.52 in chips) 
Seat 3: Fold Your Cats ($101 in chips) 
Seat 4: maasss ($86.67 in chips) 
Seat 5: AlexEliseev7 ($131.66 in chips) 
Seat 6: Melenya ($120.83 in chips) 
p0pa4poker: posts small blind $0.50
Fold Your Cats: posts big blind $1
*** HOLE CARDS ***
maasss: raises $2.50 to $3.50
AlexEliseev7: folds 
Melenya: folds 
Pon4uk.ua: folds 
p0pa4poker: folds 
Fold Your Cats: folds 
Uncalled bet ($2.50) returned to maasss
maasss collected $2.50 from pot
*** SUMMARY ***
Total pot $2.50 | Rake $0 
Seat 1: Pon4uk.ua (button) folded before Flop (didn't bet)
Seat 2: p0pa4poker (small blind) folded before Flop
Seat 3: Fold Your Cats (big blind) folded before Flop
Seat 4: maasss collected ($2.50)
Seat 5: AlexEliseev7 folded before Flop (didn't bet)
Seat 6: Melenya folded before Flop (didn't bet)



PokerStars Hand #254495670934:  Hold'em No Limit ($0.50/$1.00 USD) - 2025/01/22 6:35:23 WET [2025/01/22 1:35:23 ET]
Table 'Richilde III' 6-max Seat #2 is the button
Seat 1: Pon4uk.ua ($100 in chips) 
Seat 2: p0pa4poker ($111.02 in chips) 
Seat 3: Fold Your Cats ($100 in chips) 
Seat 4: maasss ($88.17 in chips) 
Seat 5: AlexEliseev7 ($131.66 in chips) 
Seat 6: Melenya ($120.83 in chips) 
Fold Your Cats: posts small blind $0.50
maasss: posts big blind $1
*** HOLE CARDS ***
AlexEliseev7: folds 
Melenya: folds 
Pon4uk.ua: raises $1.50 to $2.50
p0pa4poker: folds 
Fold Your Cats: folds 
maasss: calls $1.50
*** FLOP *** [As 6d 9s]
maasss: checks 
Pon4uk.ua: bets $1.72
maasss: calls $1.72
*** TURN *** [As 6d 9s] [Jh]
maasss: checks 
Pon4uk.ua: checks 
*** RIVER *** [As 6d 9s Jh] [6c]
maasss: bets $19
Pon4uk.ua: folds 
Uncalled bet ($19) returned to maasss
maasss collected $8.49 from pot
*** SUMMARY ***
Total pot $8.94 | Rake $0.45 
Board [As 6d 9s Jh 6c]
Seat 1: Pon4uk.ua folded on the River
Seat 2: p0pa4poker (button) folded before Flop (didn't bet)
Seat 3: Fold Your Cats (small blind) folded before Flop
Seat 4: maasss (big blind) collected ($8.49)
Seat 5: AlexEliseev7 folded before Flop (didn't bet)
Seat 6: Melenya folded before Flop (didn't bet)



PokerStars Hand #254495674343:  Hold'em No Limit ($0.50/$1.00 USD) - 2025/01/22 6:36:13 WET [2025/01/22 1:36:13 ET]
Table 'Richilde III' 6-max Seat #3 is the button
Seat 1: Pon4uk.ua ($100 in chips) 
Seat 2: p0pa4poker ($111.02 in chips) 
Seat 3: Fold Your Cats ($100 in chips) 
Seat 4: maasss ($92.44 in chips) 
Seat 5: AlexEliseev7 ($131.66 in chips) 
Seat 6: Melenya ($120.83 in chips) 
maasss: posts small blind $0.50
AlexEliseev7: posts big blind $1
*** HOLE CARDS ***
Melenya: folds 
Pon4uk.ua: raises $1 to $2
p0pa4poker: folds 
Fold Your Cats: folds 
maasss: calls $1.50
AlexEliseev7: folds 
*** FLOP *** [7s Kh Ac]
maasss: checks 
Pon4uk.ua: bets $2.38
maasss: folds 
Uncalled bet ($2.38) returned to Pon4uk.ua
Pon4uk.ua collected $4.75 from pot
Pon4uk.ua: doesn't show hand 
*** SUMMARY ***
Total pot $5 | Rake $0.25 
Board [7s Kh Ac]
Seat 1: Pon4uk.ua collected ($4.75)
Seat 2: p0pa4poker folded before Flop (didn't bet)
Seat 3: Fold Your Cats (button) folded before Flop (didn't bet)
Seat 4: maasss (small blind) folded on the Flop
Seat 5: AlexEliseev7 (big blind) folded before Flop
Seat 6: Melenya folded before Flop (didn't bet)



PokerStars Hand #254495676911:  Hold'em No Limit ($0.50/$1.00 USD) - 2025/01/22 6:36:50 WET [2025/01/22 1:36:50 ET]
Table 'Richilde III' 6-max Seat #4 is the button
Seat 1: Pon4uk.ua ($102.75 in chips) 
Seat 2: p0pa4poker ($111.02 in chips) 
Seat 3: Fold Your Cats ($100 in chips) 
Seat 4: maasss ($90.44 in chips) 
Seat 5: AlexEliseev7 ($130.66 in chips) 
Seat 6: Melenya ($120.83 in chips) 
AlexEliseev7: posts small blind $0.50
Melenya: posts big blind $1
*** HOLE CARDS ***
Pon4uk.ua: folds 
p0pa4poker: folds 
Fold Your Cats: folds 
maasss: raises $2.50 to $3.50
AlexEliseev7: folds 
Melenya: folds 
Uncalled bet ($2.50) returned to maasss
maasss collected $2.50 from pot
*** SUMMARY ***
Total pot $2.50 | Rake $0 
Seat 1: Pon4uk.ua folded before Flop (didn't bet)
Seat 2: p0pa4poker folded before Flop (didn't bet)
Seat 3: Fold Your Cats folded before Flop (didn't bet)
Seat 4: maasss (button) collected ($2.50)
Seat 5: AlexEliseev7 (small blind) folded before Flop
Seat 6: Melenya (big blind) folded before Flop



PokerStars Hand #254495677918:  Hold'em No Limit ($0.50/$1.00 USD) - 2025/01/22 6:37:04 WET [2025/01/22 1:37:04 ET]
Table 'Richilde III' 6-max Seat #5 is the button
Seat 1: Pon4uk.ua ($102.75 in chips) 
Seat 2: p0pa4poker ($111.02 in chips) 
Seat 3: Fold Your Cats ($100 in chips) 
Seat 4: maasss ($91.94 in chips) 
Seat 5: AlexEliseev7 ($130.16 in chips) 
Seat 6: Melenya ($119.83 in chips) 
Melenya: posts small blind $0.50
Pon4uk.ua: posts big blind $1
*** HOLE CARDS ***
p0pa4poker: folds 
Fold Your Cats: raises $1.50 to $2.50
maasss: calls $2.50
AlexEliseev7: folds 
Melenya: folds 
Pon4uk.ua: calls $1.50
*** FLOP *** [2d Kd 3s]
Pon4uk.ua: checks 
Fold Your Cats: checks 
maasss: checks 
*** TURN *** [2d Kd 3s] [Qc]
Pon4uk.ua: checks 
Fold Your Cats: checks 
maasss: bets $7.60
Pon4uk.ua: folds 
Fold Your Cats: folds 
Uncalled bet ($7.60) returned to maasss
maasss collected $7.60 from pot
*** SUMMARY ***
Total pot $8 | Rake $0.40 
Board [2d Kd 3s Qc]
Seat 1: Pon4uk.ua (big blind) folded on the Turn
Seat 2: p0pa4poker folded before Flop (didn't bet)
Seat 3: Fold Your Cats folded on the Turn
Seat 4: maasss collected ($7.60)
Seat 5: AlexEliseev7 (button) folded before Flop (didn't bet)
Seat 6: Melenya (small blind) folded before Flop



PokerStars Hand #254495681732:  Hold'em No Limit ($0.50/$1.00 USD) - 2025/01/22 6:37:59 WET [2025/01/22 1:37:59 ET]
Table 'Richilde III' 6-max Seat #6 is the button
Seat 2: p0pa4poker ($111.02 in chips) is sitting out
Seat 1: Pon4uk.ua ($100.25 in chips) 
Seat 3: Fold Your Cats ($100 in chips) 
Seat 4: maasss ($97.04 in chips) 
Seat 5: AlexEliseev7 ($130.16 in chips) 
Seat 6: Melenya ($119.33 in chips) 
Pon4uk.ua: posts small blind $0.50
p0pa4poker: is sitting out 
Fold Your Cats: posts big blind $1
*** HOLE CARDS ***
maasss: folds 
AlexEliseev7: folds 
Melenya: raises $1.50 to $2.50
Pon4uk.ua: folds 
Fold Your Cats: calls $1.50
*** FLOP *** [Qc 7c 3s]
Fold Your Cats: checks 
Melenya: bets $1.74
Fold Your Cats: calls $1.74
*** TURN *** [Qc 7c 3s] [Qs]
Fold Your Cats: checks 
Melenya: bets $6.40
Fold Your Cats: calls $6.40
*** RIVER *** [Qc 7c 3s Qs] [Ac]
Fold Your Cats: checks 
Melenya: bets $25.86
Fold Your Cats: calls $25.86
p0pa4poker leaves the table
*** SHOW DOWN ***
Melenya: shows [9h Tc] (a pair of Queens)
Fold Your Cats: shows [2c Kc] (a flush, Ace high)
Fold Your Cats collected $71 from pot
*** SUMMARY ***
Total pot $73.50 | Rake $2.50 
Board [Qc 7c 3s Qs Ac]
Seat 2: p0pa4poker
Seat 1: Pon4uk.ua (small blind) folded before Flop
Seat 3: Fold Your Cats (big blind) showed [2c Kc] and won ($71) with a flush, Ace high
Seat 4: maasss folded before Flop (didn't bet)
Seat 5: AlexEliseev7 folded before Flop (didn't bet)
Seat 6: Melenya (button) showed [9h Tc] and lost with a pair of Queens



PokerStars Hand #254495688624:  Hold'em No Limit ($0.50/$1.00 USD) - 2025/01/22 6:39:40 WET [2025/01/22 1:39:40 ET]
Table 'Richilde III' 6-max Seat #1 is the button
Seat 1: Pon4uk.ua ($100 in chips) 
Seat 3: Fold Your Cats ($134.50 in chips) 
Seat 4: maasss ($97.04 in chips) 
Seat 5: AlexEliseev7 ($130.16 in chips) 
Seat 6: Melenya ($100 in chips) 
Fold Your Cats: posts small blind $0.50
maasss: posts big blind $1
*** HOLE CARDS ***
AlexEliseev7: folds 
Melenya: folds 
Pon4uk.ua: folds 
Fold Your Cats: raises $2 to $3
maasss: calls $2
*** FLOP *** [Th 5d Jh]
Fold Your Cats: checks 
luludd660 joins the table at seat #2 
luludd660 is disconnected 
maasss: bets $5.70
Fold Your Cats: calls $5.70
*** TURN *** [Th 5d Jh] [Ac]
Fold Your Cats: checks 
maasss: checks 
*** RIVER *** [Th 5d Jh Ac] [9c]
Fold Your Cats: checks 
maasss: bets $16.53
Fold Your Cats: folds 
Uncalled bet ($16.53) returned to maasss
maasss collected $16.53 from pot
*** SUMMARY ***
Total pot $17.40 | Rake $0.87 
Board [Th 5d Jh Ac 9c]
Seat 1: Pon4uk.ua (button) folded before Flop (didn't bet)
Seat 3: Fold Your Cats (small blind) folded on the River
Seat 4: maasss (big blind) collected ($16.53)
Seat 5: AlexEliseev7 folded before Flop (didn't bet)
Seat 6: Melenya folded before Flop (didn't bet)



PokerStars Hand #254495692689:  Hold'em No Limit ($0.50/$1.00 USD) - 2025/01/22 6:40:40 WET [2025/01/22 1:40:40 ET]
Table 'Richilde III' 6-max Seat #3 is the button
Seat 2: luludd660 ($50.50 in chips) is sitting out
Seat 1: Pon4uk.ua ($100 in chips) 
Seat 3: Fold Your Cats ($125.80 in chips) 
Seat 4: maasss ($104.87 in chips) 
Seat 5: AlexEliseev7 ($130.16 in chips) 
Seat 6: Melenya ($100 in chips) 
maasss: posts small blind $0.50
AlexEliseev7: posts big blind $1
luludd660: sits out 
*** HOLE CARDS ***
Melenya: folds 
Pon4uk.ua: raises $1.50 to $2.50
Fold Your Cats: folds 
maasss: calls $2
AlexEliseev7: calls $1.50
*** FLOP *** [Kh 8c 9c]
maasss: checks 
AlexEliseev7: checks 
Pon4uk.ua: bets $3.56
maasss: calls $3.56
AlexEliseev7: folds 
*** TURN *** [Kh 8c 9c] [Qs]
maasss: checks 
Pon4uk.ua: checks 
*** RIVER *** [Kh 8c 9c Qs] [Qc]
maasss: checks 
Pon4uk.ua: bets $10.42
maasss: calls $10.42
*** SHOW DOWN ***
Pon4uk.ua: shows [6c 7c] (a flush, Queen high)
maasss: mucks hand 
Pon4uk.ua collected $33.69 from pot
*** SUMMARY ***
Total pot $35.46 | Rake $1.77 
Board [Kh 8c 9c Qs Qc]
Seat 2: luludd660
Seat 1: Pon4uk.ua showed [6c 7c] and won ($33.69) with a flush, Queen high
Seat 3: Fold Your Cats (button) folded before Flop (didn't bet)
Seat 4: maasss (small blind) mucked
Seat 5: AlexEliseev7 (big blind) folded on the Flop
Seat 6: Melenya folded before Flop (didn't bet)



PokerStars Hand #254495697332:  Hold'em No Limit ($0.50/$1.00 USD) - 2025/01/22 6:41:48 WET [2025/01/22 1:41:48 ET]
Table 'Richilde III' 6-max Seat #4 is the button
Seat 2: luludd660 ($50.50 in chips) is sitting out
Seat 1: Pon4uk.ua ($117.21 in chips) 
Seat 3: Fold Your Cats ($125.80 in chips) 
Seat 4: maasss ($88.39 in chips) 
Seat 5: AlexEliseev7 ($127.66 in chips) 
Seat 6: Melenya ($100 in chips) 
AlexEliseev7: posts small blind $0.50
Melenya: posts big blind $1
luludd660: sits out 
*** HOLE CARDS ***
Pon4uk.ua: folds 
Fold Your Cats: folds 
maasss: calls $1
AlexEliseev7: folds 
Melenya: raises $4 to $5
maasss: folds 
Uncalled bet ($4) returned to Melenya
Melenya collected $2.50 from pot
Melenya: doesn't show hand 
*** SUMMARY ***
Total pot $2.50 | Rake $0 
Seat 2: luludd660
Seat 1: Pon4uk.ua folded before Flop (didn't bet)
Seat 3: Fold Your Cats folded before Flop (didn't bet)
Seat 4: maasss (button) folded before Flop
Seat 5: AlexEliseev7 (small blind) folded before Flop
Seat 6: Melenya (big blind) collected ($2.50)



PokerStars Hand #254495699167:  Hold'em No Limit ($0.50/$1.00 USD) - 2025/01/22 6:42:14 WET [2025/01/22 1:42:14 ET]
Table 'Richilde III' 6-max Seat #5 is the button
Seat 2: luludd660 ($50.50 in chips) is sitting out
Seat 1: Pon4uk.ua ($117.21 in chips) 
Seat 3: Fold Your Cats ($125.80 in chips) 
Seat 4: maasss ($87.39 in chips) 
Seat 5: AlexEliseev7 ($127.16 in chips) 
Seat 6: Melenya ($101.50 in chips) 
Melenya: posts small blind $0.50
Pon4uk.ua: posts big blind $1
luludd660: sits out 
*** HOLE CARDS ***
Fold Your Cats: folds 
maasss: folds 
AlexEliseev7: folds 
Melenya: raises $2 to $3
Pon4uk.ua: raises $6 to $9
Melenya: folds 
Uncalled bet ($6) returned to Pon4uk.ua
Pon4uk.ua collected $6 from pot
Pon4uk.ua: doesn't show hand 
*** SUMMARY ***
Total pot $6 | Rake $0 
Seat 2: luludd660
Seat 1: Pon4uk.ua (big blind) collected ($6)
Seat 3: Fold Your Cats folded before Flop (didn't bet)
Seat 4: maasss folded before Flop (didn't bet)
Seat 5: AlexEliseev7 (button) folded before Flop (didn't bet)
Seat 6: Melenya (small blind) folded before Flop



PokerStars Hand #254495700255:  Hold'em No Limit ($0.50/$1.00 USD) - 2025/01/22 6:42:30 WET [2025/01/22 1:42:30 ET]
Table 'Richilde III' 6-max Seat #6 is the button
Seat 1: Pon4uk.ua ($120.21 in chips) 
Seat 2: luludd660 ($50.50 in chips) 
Seat 3: Fold Your Cats ($125.80 in chips) 
Seat 4: maasss ($87.39 in chips) 
Seat 5: AlexEliseev7 ($127.16 in chips) 
Seat 6: Melenya ($100 in chips) 
Pon4uk.ua: posts small blind $0.50
luludd660: posts big blind $1
*** HOLE CARDS ***
Fold Your Cats: folds 
maasss: calls $1
AlexEliseev7: raises $3 to $4
Melenya: folds 
Pon4uk.ua: folds 
luludd660: folds 
maasss: calls $3
*** FLOP *** [2c Qs 7d]
maasss: checks 
AlexEliseev7: checks 
*** TURN *** [2c Qs 7d] [Js]
maasss: bets $4.51
AlexEliseev7: calls $4.51
*** RIVER *** [2c Qs 7d Js] [5h]
maasss: bets $8.80
AlexEliseev7: folds 
Uncalled bet ($8.80) returned to maasss
maasss collected $17.59 from pot
*** SUMMARY ***
Total pot $18.52 | Rake $0.93 
Board [2c Qs 7d Js 5h]
Seat 1: Pon4uk.ua (small blind) folded before Flop
Seat 2: luludd660 (big blind) folded before Flop
Seat 3: Fold Your Cats folded before Flop (didn't bet)
Seat 4: maasss collected ($17.59)
Seat 5: AlexEliseev7 folded on the River
Seat 6: Melenya (button) folded before Flop (didn't bet)



PokerStars Hand #254495706067:  Hold'em No Limit ($0.50/$1.00 USD) - 2025/01/22 6:43:55 WET [2025/01/22 1:43:55 ET]
Table 'Richilde III' 6-max Seat #1 is the button
Seat 1: Pon4uk.ua ($119.71 in chips) 
Seat 2: luludd660 ($49.50 in chips) 
Seat 3: Fold Your Cats ($125.80 in chips) 
Seat 4: maasss ($96.47 in chips) 
Seat 5: AlexEliseev7 ($118.65 in chips) 
Seat 6: Melenya ($100 in chips) 
luludd660: posts small blind $0.50
Fold Your Cats: posts big blind $1
*** HOLE CARDS ***
maasss: calls $1
AlexEliseev7: folds 
Melenya: raises $2.50 to $3.50
Pon4uk.ua: folds 
luludd660: calls $3
Fold Your Cats: folds 
maasss: calls $2.50
*** FLOP *** [9c 5c 9d]
luludd660: checks 
maasss: checks 
Melenya: checks 
*** TURN *** [9c 5c 9d] [8s]
luludd660: checks 
maasss: checks 
Melenya: checks 
*** RIVER *** [9c 5c 9d 8s] [9s]
luludd660: checks 
maasss: bets $10.92
Melenya: folds 
luludd660: folds 
Uncalled bet ($10.92) returned to maasss
maasss collected $10.92 from pot
*** SUMMARY ***
Total pot $11.50 | Rake $0.58 
Board [9c 5c 9d 8s 9s]
Seat 1: Pon4uk.ua (button) folded before Flop (didn't bet)
Seat 2: luludd660 (small blind) folded on the River
Seat 3: Fold Your Cats (big blind) folded before Flop
Seat 4: maasss collected ($10.92)
Seat 5: AlexEliseev7 folded before Flop (didn't bet)
Seat 6: Melenya folded on the River



PokerStars Hand #254495711729:  Hold'em No Limit ($0.50/$1.00 USD) - 2025/01/22 6:45:16 WET [2025/01/22 1:45:16 ET]
Table 'Richilde III' 6-max Seat #2 is the button
Seat 1: Pon4uk.ua ($119.71 in chips) 
Seat 2: luludd660 ($46 in chips) 
Seat 3: Fold Your Cats ($124.80 in chips) 
Seat 4: maasss ($103.89 in chips) 
Seat 5: AlexEliseev7 ($118.65 in chips) 
Seat 6: Melenya ($100 in chips) 
Fold Your Cats: posts small blind $0.50
maasss: posts big blind $1
*** HOLE CARDS ***
AlexEliseev7: folds 
Melenya: raises $1 to $2
Pon4uk.ua: folds 
luludd660: folds 
Fold Your Cats: folds 
maasss: calls $1
*** FLOP *** [Tc 5h Ks]
maasss: checks 
Melenya: bets $3.21
maasss: folds 
Uncalled bet ($3.21) returned to Melenya
Melenya collected $4.28 from pot
Melenya: doesn't show hand 
*** SUMMARY ***
Total pot $4.50 | Rake $0.22 
Board [Tc 5h Ks]
Seat 1: Pon4uk.ua folded before Flop (didn't bet)
Seat 2: luludd660 (button) folded before Flop (didn't bet)
Seat 3: Fold Your Cats (small blind) folded before Flop
Seat 4: maasss (big blind) folded on the Flop
Seat 5: AlexEliseev7 folded before Flop (didn't bet)
Seat 6: Melenya collected ($4.28)



PokerStars Hand #254495714401:  Hold'em No Limit ($0.50/$1.00 USD) - 2025/01/22 6:45:56 WET [2025/01/22 1:45:56 ET]
Table 'Richilde III' 6-max Seat #3 is the button
Seat 1: Pon4uk.ua ($119.71 in chips) 
Seat 2: luludd660 ($46 in chips) 
Seat 3: Fold Your Cats ($124.30 in chips) 
Seat 4: maasss ($101.89 in chips) 
Seat 5: AlexEliseev7 ($118.65 in chips) 
Seat 6: Melenya ($102.28 in chips) 
maasss: posts small blind $0.50
AlexEliseev7: posts big blind $1
*** HOLE CARDS ***
Melenya: raises $1 to $2
Pon4uk.ua: folds 
luludd660: folds 
Fold Your Cats: folds 
maasss: calls $1.50
AlexEliseev7: folds 
*** FLOP *** [Tc 6s 5d]
maasss: checks 
Melenya: bets $1.19
maasss: calls $1.19
*** TURN *** [Tc 6s 5d] [6c]
maasss: checks 
Melenya: checks 
*** RIVER *** [Tc 6s 5d 6c] [3h]
maasss: bets $7.01
Melenya: folds 
Uncalled bet ($7.01) returned to maasss
maasss collected $7.01 from pot
*** SUMMARY ***
Total pot $7.38 | Rake $0.37 
Board [Tc 6s 5d 6c 3h]
Seat 1: Pon4uk.ua folded before Flop (didn't bet)
Seat 2: luludd660 folded before Flop (didn't bet)
Seat 3: Fold Your Cats (button) folded before Flop (didn't bet)
Seat 4: maasss (small blind) collected ($7.01)
Seat 5: AlexEliseev7 (big blind) folded before Flop
Seat 6: Melenya folded on the River



PokerStars Hand #254495718044:  Hold'em No Limit ($0.50/$1.00 USD) - 2025/01/22 6:46:49 WET [2025/01/22 1:46:49 ET]
Table 'Richilde III' 6-max Seat #4 is the button
Seat 1: Pon4uk.ua ($119.71 in chips) 
Seat 2: luludd660 ($46 in chips) 
Seat 3: Fold Your Cats ($124.30 in chips) 
Seat 4: maasss ($105.71 in chips) 
Seat 5: AlexEliseev7 ($117.65 in chips) 
Seat 6: Melenya ($100 in chips) 
AlexEliseev7: posts small blind $0.50
Melenya: posts big blind $1
*** HOLE CARDS ***
Pon4uk.ua: folds 
luludd660: raises $1 to $2
Fold Your Cats: folds 
maasss: raises $5.50 to $7.50
AlexEliseev7: folds 
Melenya: folds 
luludd660: calls $5.50
*** FLOP *** [3h Kc 4d]
luludd660: checks 
maasss: checks 
*** TURN *** [3h Kc 4d] [8c]
luludd660: bets $7.84
maasss: folds 
Uncalled bet ($7.84) returned to luludd660
luludd660 collected $15.68 from pot
*** SUMMARY ***
Total pot $16.50 | Rake $0.82 
Board [3h Kc 4d 8c]
Seat 1: Pon4uk.ua folded before Flop (didn't bet)
Seat 2: luludd660 collected ($15.68)
Seat 3: Fold Your Cats folded before Flop (didn't bet)
Seat 4: maasss (button) folded on the Turn
Seat 5: AlexEliseev7 (small blind) folded before Flop
Seat 6: Melenya (big blind) folded before Flop



PokerStars Hand #254495721958:  Hold'em No Limit ($0.50/$1.00 USD) - 2025/01/22 6:47:45 WET [2025/01/22 1:47:45 ET]
Table 'Richilde III' 6-max Seat #5 is the button
Seat 1: Pon4uk.ua ($119.71 in chips) 
Seat 2: luludd660 ($54.18 in chips) 
Seat 3: Fold Your Cats ($124.30 in chips) 
Seat 4: maasss ($98.21 in chips) 
Seat 5: AlexEliseev7 ($117.15 in chips) 
Seat 6: Melenya ($100 in chips) 
Melenya: posts small blind $0.50
Pon4uk.ua: posts big blind $1
*** HOLE CARDS ***
luludd660: folds 
Fold Your Cats: folds 
maasss: calls $1
AlexEliseev7: folds 
Melenya: folds 
Pon4uk.ua: checks 
*** FLOP *** [2c 8c 2s]
Pon4uk.ua: checks 
maasss: checks 
*** TURN *** [2c 8c 2s] [Tc]
Pon4uk.ua: bets $1.79
maasss: calls $1.79
*** RIVER *** [2c 8c 2s Tc] [Qh]
Pon4uk.ua: bets $2.89
maasss: folds 
Uncalled bet ($2.89) returned to Pon4uk.ua
Pon4uk.ua collected $5.78 from pot
Pon4uk.ua: doesn't show hand 
*** SUMMARY ***
Total pot $6.08 | Rake $0.30 
Board [2c 8c 2s Tc Qh]
Seat 1: Pon4uk.ua (big blind) collected ($5.78)
Seat 2: luludd660 folded before Flop (didn't bet)
Seat 3: Fold Your Cats folded before Flop (didn't bet)
Seat 4: maasss folded on the River
Seat 5: AlexEliseev7 (button) folded before Flop (didn't bet)
Seat 6: Melenya (small blind) folded before Flop



PokerStars Hand #254495725632:  Hold'em No Limit ($0.50/$1.00 USD) - 2025/01/22 6:48:39 WET [2025/01/22 1:48:39 ET]
Table 'Richilde III' 6-max Seat #6 is the button
Seat 1: Pon4uk.ua ($122.70 in chips) 
Seat 2: luludd660 ($54.18 in chips) 
Seat 3: Fold Your Cats ($124.30 in chips) 
Seat 4: maasss ($95.42 in chips) 
Seat 5: AlexEliseev7 ($117.15 in chips) 
Seat 6: Melenya ($100 in chips) 
Pon4uk.ua: posts small blind $0.50
luludd660: posts big blind $1
*** HOLE CARDS ***
Fold Your Cats: raises $1.50 to $2.50
maasss: folds 
AlexEliseev7: folds 
Melenya: folds 
Pon4uk.ua: folds 
luludd660: folds 
Uncalled bet ($1.50) returned to Fold Your Cats
maasss leaves the table
Fold Your Cats collected $2.50 from pot
Fold Your Cats: doesn't show hand 
*** SUMMARY ***
Total pot $2.50 | Rake $0 
Seat 1: Pon4uk.ua (small blind) folded before Flop
Seat 2: luludd660 (big blind) folded before Flop
Seat 3: Fold Your Cats collected ($2.50)
Seat 4: maasss folded before Flop (didn't bet)
Seat 5: AlexEliseev7 folded before Flop (didn't bet)
Seat 6: Melenya (button) folded before Flop (didn't bet)



PokerStars Hand #254495726550:  Hold'em No Limit ($0.50/$1.00 USD) - 2025/01/22 6:48:51 WET [2025/01/22 1:48:51 ET]
Table 'Richilde III' 6-max Seat #1 is the button
Seat 1: Pon4uk.ua ($122.20 in chips) 
Seat 2: luludd660 ($53.18 in chips) 
Seat 3: Fold Your Cats ($125.80 in chips) 
Seat 5: AlexEliseev7 ($117.15 in chips) 
Seat 6: Melenya ($100 in chips) 
luludd660: posts small blind $0.50
Fold Your Cats: posts big blind $1
*** HOLE CARDS ***
AlexEliseev7: folds 
Melenya: folds 
Pon4uk.ua: raises $1.50 to $2.50
peak joker33 joins the table at seat #4 
luludd660: raises $3.50 to $6
Fold Your Cats: folds 
Pon4uk.ua: calls $3.50
*** FLOP *** [Tc Ks Ac]
luludd660: bets $6.18
Pon4uk.ua: folds 
Uncalled bet ($6.18) returned to luludd660
luludd660 collected $12.35 from pot
Pon4uk.ua leaves the table
*** SUMMARY ***
Total pot $13 | Rake $0.65 
Board [Tc Ks Ac]
Seat 1: Pon4uk.ua (button) folded on the Flop
Seat 2: luludd660 (small blind) collected ($12.35)
Seat 3: Fold Your Cats (big blind) folded before Flop
Seat 5: AlexEliseev7 folded before Flop (didn't bet)
Seat 6: Melenya folded before Flop (didn't bet)



PokerStars Hand #254495728731:  Hold'em No Limit ($0.50/$1.00 USD) - 2025/01/22 6:49:23 WET [2025/01/22 1:49:23 ET]
Table 'Richilde III' 6-max Seat #2 is the button
Seat 2: luludd660 ($59.53 in chips) 
Seat 3: Fold Your Cats ($124.80 in chips) 
Seat 4: peak joker33 ($100 in chips) 
Seat 5: AlexEliseev7 ($117.15 in chips) 
Seat 6: Melenya ($100 in chips) 
Fold Your Cats: posts small blind $0.50
peak joker33: posts big blind $1
*** HOLE CARDS ***
AlexEliseev7: raises $1.50 to $2.50
Melenya: folds 
luludd660: folds 
jeffy27dt1 joins the table at seat #1 
Fold Your Cats: folds 
peak joker33: folds 
Uncalled bet ($1.50) returned to AlexEliseev7
AlexEliseev7 collected $2.50 from pot
AlexEliseev7: doesn't show hand 
*** SUMMARY ***
Total pot $2.50 | Rake $0 
Seat 2: luludd660 (button) folded before Flop (didn't bet)
Seat 3: Fold Your Cats (small blind) folded before Flop
Seat 4: peak joker33 (big blind) folded before Flop
Seat 5: AlexEliseev7 collected ($2.50)
Seat 6: Melenya folded before Flop (didn't bet)



PokerStars Hand #254495729609:  Hold'em No Limit ($0.50/$1.00 USD) - 2025/01/22 6:49:36 WET [2025/01/22 1:49:36 ET]
Table 'Richilde III' 6-max Seat #3 is the button
Seat 1: jeffy27dt1 ($100 in chips) is sitting out
Seat 2: luludd660 ($59.53 in chips) 
Seat 3: Fold Your Cats ($124.30 in chips) 
Seat 4: peak joker33 ($100 in chips) 
Seat 5: AlexEliseev7 ($118.65 in chips) 
Seat 6: Melenya ($100 in chips) 
peak joker33: posts small blind $0.50
AlexEliseev7: posts big blind $1
jeffy27dt1: sits out 
*** HOLE CARDS ***
Melenya: folds 
luludd660: calls $1
Fold Your Cats: folds 
peak joker33: raises $4 to $5
AlexEliseev7: folds 
luludd660: folds 
Uncalled bet ($4) returned to peak joker33
peak joker33 collected $3 from pot
peak joker33: doesn't show hand 
*** SUMMARY ***
Total pot $3 | Rake $0 
Seat 1: jeffy27dt1
Seat 2: luludd660 folded before Flop
Seat 3: Fold Your Cats (button) folded before Flop (didn't bet)
Seat 4: peak joker33 (small blind) collected ($3)
Seat 5: AlexEliseev7 (big blind) folded before Flop
Seat 6: Melenya folded before Flop (didn't bet)



PokerStars Hand #254495739224:  Hold'em No Limit ($0.50/$1.00 USD) - 2025/01/22 6:51:58 WET [2025/01/22 1:51:58 ET]
Table 'Richilde III' 6-max Seat #2 is the button
Seat 3: janarr5 ($100 in chips) is sitting out
Seat 1: jeffy27dt1 ($109.50 in chips) 
Seat 2: luludd660 ($55.03 in chips) 
Seat 4: peak joker33 ($101 in chips) 
Seat 5: AlexEliseev7 ($114.65 in chips) 
Seat 6: Melenya ($100 in chips) 
peak joker33: posts small blind $0.50
AlexEliseev7: posts big blind $1
*** HOLE CARDS ***
Melenya: folds 
jeffy27dt1: folds 
luludd660: folds 
peak joker33: folds 
Uncalled bet ($0.50) returned to AlexEliseev7
AlexEliseev7 collected $1 from pot
AlexEliseev7: doesn't show hand 
*** SUMMARY ***
Total pot $1 | Rake $0 
Seat 3: janarr5
Seat 1: jeffy27dt1 folded before Flop (didn't bet)
Seat 2: luludd660 (button) folded before Flop (didn't bet)
Seat 4: peak joker33 (small blind) folded before Flop
Seat 5: AlexEliseev7 (big blind) collected ($1)
Seat 6: Melenya folded before Flop (didn't bet)



PokerStars Hand #254495739863:  Hold'em No Limit ($0.50/$1.00 USD) - 2025/01/22 6:52:07 WET [2025/01/22 1:52:07 ET]
Table 'Richilde III' 6-max Seat #4 is the button
Seat 3: janarr5 ($100 in chips) is sitting out
Seat 1: jeffy27dt1 ($109.50 in chips) 
Seat 2: luludd660 ($55.03 in chips) 
Seat 4: peak joker33 ($100.50 in chips) 
Seat 5: AlexEliseev7 ($115.15 in chips) 
Seat 6: Melenya ($100 in chips) 
AlexEliseev7: posts small blind $0.50
Melenya: posts big blind $1
janarr5: sits out 
*** HOLE CARDS ***
jeffy27dt1: folds 
luludd660: folds 
peak joker33: folds 
AlexEliseev7: folds 
Uncalled bet ($0.50) returned to Melenya
Melenya collected $1 from pot
Melenya: doesn't show hand 
*** SUMMARY ***
Total pot $1 | Rake $0 
Seat 3: janarr5
Seat 1: jeffy27dt1 folded before Flop (didn't bet)
Seat 2: luludd660 folded before Flop (didn't bet)
Seat 4: peak joker33 (button) folded before Flop (didn't bet)
Seat 5: AlexEliseev7 (small blind) folded before Flop
Seat 6: Melenya (big blind) collected ($1)



PokerStars Hand #254495740630:  Hold'em No Limit ($0.50/$1.00 USD) - 2025/01/22 6:52:18 WET [2025/01/22 1:52:18 ET]
Table 'Richilde III' 6-max Seat #5 is the button
Seat 3: janarr5 ($100 in chips) is sitting out
Seat 1: jeffy27dt1 ($109.50 in chips) 
Seat 2: luludd660 ($55.03 in chips) 
Seat 4: peak joker33 ($100.50 in chips) 
Seat 5: AlexEliseev7 ($114.65 in chips) 
Seat 6: Melenya ($100.50 in chips) 
Melenya: posts small blind $0.50
jeffy27dt1: posts big blind $1
janarr5: sits out 
*** HOLE CARDS ***
luludd660: calls $1
peak joker33: folds 
AlexEliseev7: folds 
Melenya: folds 
jeffy27dt1: checks 
*** FLOP *** [3s 5s 2d]
jeffy27dt1: checks 
luludd660: bets $1.19
jeffy27dt1: folds 
Uncalled bet ($1.19) returned to luludd660
luludd660 collected $2.38 from pot
*** SUMMARY ***
Total pot $2.50 | Rake $0.12 
Board [3s 5s 2d]
Seat 3: janarr5
Seat 1: jeffy27dt1 (big blind) folded on the Flop
Seat 2: luludd660 collected ($2.38)
Seat 4: peak joker33 folded before Flop (didn't bet)
Seat 5: AlexEliseev7 (button) folded before Flop (didn't bet)
Seat 6: Melenya (small blind) folded before Flop



PokerStars Hand #254495742179:  Hold'em No Limit ($0.50/$1.00 USD) - 2025/01/22 6:52:42 WET [2025/01/22 1:52:42 ET]
Table 'Richilde III' 6-max Seat #6 is the button
Seat 3: janarr5 ($100 in chips) is sitting out
Seat 1: jeffy27dt1 ($108.50 in chips) 
Seat 2: luludd660 ($56.41 in chips) 
Seat 4: peak joker33 ($100.50 in chips) 
Seat 5: AlexEliseev7 ($114.65 in chips) 
Seat 6: Melenya ($100 in chips) 
jeffy27dt1: posts small blind $0.50
luludd660: posts big blind $1
janarr5: sits out 
*** HOLE CARDS ***
peak joker33: folds 
AlexEliseev7: raises $1.50 to $2.50
Melenya: folds 
jeffy27dt1: folds 
luludd660: folds 
Uncalled bet ($1.50) returned to AlexEliseev7
AlexEliseev7 collected $2.50 from pot
AlexEliseev7: doesn't show hand 
*** SUMMARY ***
Total pot $2.50 | Rake $0 
Seat 3: janarr5
Seat 1: jeffy27dt1 (small blind) folded before Flop
Seat 2: luludd660 (big blind) folded before Flop
Seat 4: peak joker33 folded before Flop (didn't bet)
Seat 5: AlexEliseev7 collected ($2.50)
Seat 6: Melenya (button) folded before Flop (didn't bet)



PokerStars Hand #254495743523:  Hold'em No Limit ($0.50/$1.00 USD) - 2025/01/22 6:53:02 WET [2025/01/22 1:53:02 ET]
Table 'Richilde III' 6-max Seat #1 is the button
Seat 1: jeffy27dt1 ($108 in chips) 
Seat 2: luludd660 ($55.41 in chips) 
Seat 3: janarr5 ($100 in chips) 
Seat 4: peak joker33 ($100.50 in chips) 
Seat 5: AlexEliseev7 ($116.15 in chips) 
Seat 6: Melenya ($100 in chips) 
luludd660: posts small blind $0.50
janarr5: posts big blind $1
*** HOLE CARDS ***
peak joker33: folds 
AlexEliseev7: folds 
Melenya: folds 
jeffy27dt1: raises $1.50 to $2.50
luludd660: folds 
janarr5: calls $1.50
*** FLOP *** [Jc Jd 5c]
janarr5: checks 
jeffy27dt1: bets $1.72
janarr5: calls $1.72
*** TURN *** [Jc Jd 5c] [9c]
janarr5: checks 
jeffy27dt1: bets $6.37
janarr5: folds 
Uncalled bet ($6.37) returned to jeffy27dt1
jeffy27dt1 collected $8.49 from pot
jeffy27dt1: doesn't show hand 
*** SUMMARY ***
Total pot $8.94 | Rake $0.45 
Board [Jc Jd 5c 9c]
Seat 1: jeffy27dt1 (button) collected ($8.49)
Seat 2: luludd660 (small blind) folded before Flop
Seat 3: janarr5 (big blind) folded on the Turn
Seat 4: peak joker33 folded before Flop (didn't bet)
Seat 5: AlexEliseev7 folded before Flop (didn't bet)
Seat 6: Melenya folded before Flop (didn't bet)



PokerStars Hand #254495747123:  Hold'em No Limit ($0.50/$1.00 USD) - 2025/01/22 6:53:55 WET [2025/01/22 1:53:55 ET]
Table 'Richilde III' 6-max Seat #2 is the button
Seat 1: jeffy27dt1 ($112.27 in chips) 
Seat 2: luludd660 ($54.91 in chips) 
Seat 3: janarr5 ($100 in chips) 
Seat 4: peak joker33 ($100.50 in chips) 
Seat 5: AlexEliseev7 ($116.15 in chips) 
Seat 6: Melenya ($100 in chips) 
janarr5: posts small blind $0.50
peak joker33: posts big blind $1
*** HOLE CARDS ***
AlexEliseev7: folds 
Melenya: raises $1 to $2
jeffy27dt1: folds 
luludd660: calls $2
janarr5: folds 
peak joker33: calls $1
*** FLOP *** [8d 6c 7s]
peak joker33: checks 
Melenya: checks 
luludd660: bets $3.09
peak joker33: calls $3.09
Melenya: folds 
*** TURN *** [8d 6c 7s] [2d]
peak joker33: checks 
luludd660: bets $5
peak joker33: calls $5
*** RIVER *** [8d 6c 7s 2d] [7h]
peak joker33: checks 
luludd660: checks 
*** SHOW DOWN ***
peak joker33: shows [6s 5s] (two pair, Sevens and Sixes)
luludd660: mucks hand 
peak joker33 collected $21.55 from pot
*** SUMMARY ***
Total pot $22.68 | Rake $1.13 
Board [8d 6c 7s 2d 7h]
Seat 1: jeffy27dt1 folded before Flop (didn't bet)
Seat 2: luludd660 (button) mucked
Seat 3: janarr5 (small blind) folded before Flop
Seat 4: peak joker33 (big blind) showed [6s 5s] and won ($21.55) with two pair, Sevens and Sixes
Seat 5: AlexEliseev7 folded before Flop (didn't bet)
Seat 6: Melenya folded on the Flop



PokerStars Hand #254495751225:  Hold'em No Limit ($0.50/$1.00 USD) - 2025/01/22 6:54:55 WET [2025/01/22 1:54:55 ET]
Table 'Richilde III' 6-max Seat #3 is the button
Seat 1: jeffy27dt1 ($112.27 in chips) 
Seat 2: luludd660 ($44.82 in chips) 
Seat 3: janarr5 ($100 in chips) 
Seat 4: peak joker33 ($111.96 in chips) 
Seat 5: AlexEliseev7 ($116.15 in chips) 
Seat 6: Melenya ($100 in chips) 
peak joker33: posts small blind $0.50
AlexEliseev7: posts big blind $1
*** HOLE CARDS ***
Melenya: raises $1 to $2
jeffy27dt1: folds 
luludd660: calls $2
janarr5: folds 
peak joker33: folds 
AlexEliseev7: folds 
*** FLOP *** [7c Kc As]
Melenya: checks 
luludd660: checks 
*** TURN *** [7c Kc As] [Qc]
Melenya: checks 
luludd660: bets $2.61
Melenya: calls $2.61
*** RIVER *** [7c Kc As Qc] [2h]
Melenya: checks 
luludd660: checks 
*** SHOW DOWN ***
Melenya: shows [9h 9c] (a pair of Nines)
luludd660: shows [9s Qh] (a pair of Queens)
luludd660 collected $10.18 from pot
*** SUMMARY ***
Total pot $10.72 | Rake $0.54 
Board [7c Kc As Qc 2h]
Seat 1: jeffy27dt1 folded before Flop (didn't bet)
Seat 2: luludd660 showed [9s Qh] and won ($10.18) with a pair of Queens
Seat 3: janarr5 (button) folded before Flop (didn't bet)
Seat 4: peak joker33 (small blind) folded before Flop
Seat 5: AlexEliseev7 (big blind) folded before Flop
Seat 6: Melenya showed [9h 9c] and lost with a pair of Nines



PokerStars Hand #254495755139:  Hold'em No Limit ($0.50/$1.00 USD) - 2025/01/22 6:56:00 WET [2025/01/22 1:56:00 ET]
Table 'Richilde III' 6-max Seat #4 is the button
Seat 1: jeffy27dt1 ($112.27 in chips) 
Seat 2: luludd660 ($50.39 in chips) 
Seat 3: janarr5 ($100 in chips) 
Seat 4: peak joker33 ($111.46 in chips) 
Seat 5: AlexEliseev7 ($115.15 in chips) 
Seat 6: Melenya ($100 in chips) 
AlexEliseev7: posts small blind $0.50
Melenya: posts big blind $1
*** HOLE CARDS ***
jeffy27dt1: raises $1.50 to $2.50
luludd660: folds 
janarr5: folds 
peak joker33: folds 
AlexEliseev7: folds 
Melenya: raises $10.50 to $13
jeffy27dt1: folds 
Uncalled bet ($10.50) returned to Melenya
Melenya collected $5.50 from pot
Melenya: doesn't show hand 
*** SUMMARY ***
Total pot $5.50 | Rake $0 
Seat 1: jeffy27dt1 folded before Flop
Seat 2: luludd660 folded before Flop (didn't bet)
Seat 3: janarr5 folded before Flop (didn't bet)
Seat 4: peak joker33 (button) folded before Flop (didn't bet)
Seat 5: AlexEliseev7 (small blind) folded before Flop
Seat 6: Melenya (big blind) collected ($5.50)



PokerStars Hand #254495757658:  Hold'em No Limit ($0.50/$1.00 USD) - 2025/01/22 6:56:44 WET [2025/01/22 1:56:44 ET]
Table 'Richilde III' 6-max Seat #5 is the button
Seat 1: jeffy27dt1 ($109.77 in chips) 
Seat 2: luludd660 ($50.39 in chips) 
Seat 3: janarr5 ($100 in chips) 
Seat 4: peak joker33 ($111.46 in chips) 
Seat 5: AlexEliseev7 ($114.65 in chips) 
Seat 6: Melenya ($103 in chips) 
Melenya: posts small blind $0.50
jeffy27dt1: posts big blind $1
*** HOLE CARDS ***
luludd660: folds 
janarr5: folds 
peak joker33: folds 
AlexEliseev7: folds 
Melenya: folds 
Uncalled bet ($0.50) returned to jeffy27dt1
jeffy27dt1 collected $1 from pot
jeffy27dt1: doesn't show hand 
*** SUMMARY ***
Total pot $1 | Rake $0 
Seat 1: jeffy27dt1 (big blind) collected ($1)
Seat 2: luludd660 folded before Flop (didn't bet)
Seat 3: janarr5 folded before Flop (didn't bet)
Seat 4: peak joker33 folded before Flop (didn't bet)
Seat 5: AlexEliseev7 (button) folded before Flop (didn't bet)
Seat 6: Melenya (small blind) folded before Flop



PokerStars Hand #254495758372:  Hold'em No Limit ($0.50/$1.00 USD) - 2025/01/22 6:56:56 WET [2025/01/22 1:56:56 ET]
Table 'Richilde III' 6-max Seat #6 is the button
Seat 1: jeffy27dt1 ($110.27 in chips) 
Seat 2: luludd660 ($50.39 in chips) 
Seat 3: janarr5 ($100 in chips) 
Seat 4: peak joker33 ($111.46 in chips) 
Seat 5: AlexEliseev7 ($114.65 in chips) 
Seat 6: Melenya ($102.50 in chips) 
jeffy27dt1: posts small blind $0.50
luludd660: posts big blind $1
*** HOLE CARDS ***
janarr5: folds 
peak joker33: raises $1.50 to $2.50
AlexEliseev7: raises $5 to $7.50
Melenya: folds 
jeffy27dt1: folds 
luludd660: calls $6.50
peak joker33: calls $5
*** FLOP *** [8c Qh 5c]
luludd660: checks 
peak joker33: checks 
AlexEliseev7: checks 
*** TURN *** [8c Qh 5c] [5s]
luludd660: checks 
peak joker33: bets $10.93
AlexEliseev7: folds 
luludd660: folds 
Uncalled bet ($10.93) returned to peak joker33
peak joker33 collected $21.85 from pot
peak joker33: doesn't show hand 
*** SUMMARY ***
Total pot $23 | Rake $1.15 
Board [8c Qh 5c 5s]
Seat 1: jeffy27dt1 (small blind) folded before Flop
Seat 2: luludd660 (big blind) folded on the Turn
Seat 3: janarr5 folded before Flop (didn't bet)
Seat 4: peak joker33 collected ($21.85)
Seat 5: AlexEliseev7 folded on the Turn
Seat 6: Melenya (button) folded before Flop (didn't bet)



PokerStars Hand #254495762566:  Hold'em No Limit ($0.50/$1.00 USD) - 2025/01/22 6:58:07 WET [2025/01/22 1:58:07 ET]
Table 'Richilde III' 6-max Seat #1 is the button
Seat 1: jeffy27dt1 ($109.77 in chips) 
Seat 2: luludd660 ($42.89 in chips) 
Seat 3: janarr5 ($100 in chips) 
Seat 4: peak joker33 ($125.81 in chips) 
Seat 5: AlexEliseev7 ($107.15 in chips) 
Seat 6: Melenya ($102.50 in chips) 
luludd660: posts small blind $0.50
janarr5: posts big blind $1
*** HOLE CARDS ***
peak joker33: folds 
AlexEliseev7: folds 
Melenya: folds 
jeffy27dt1: raises $1.50 to $2.50
luludd660: calls $2
janarr5: folds 
*** FLOP *** [Kd Ad 8d]
luludd660: checks 
jeffy27dt1: checks 
*** TURN *** [Kd Ad 8d] [Qd]
luludd660: checks 
jeffy27dt1: checks 
*** RIVER *** [Kd Ad 8d Qd] [Kc]
luludd660: checks 
jeffy27dt1: bets $1.88
luludd660: calls $1.88
*** SHOW DOWN ***
jeffy27dt1: shows [Ts 9c] (a pair of Kings)
luludd660: shows [8s 9s] (two pair, Kings and Eights)
luludd660 collected $9.27 from pot
*** SUMMARY ***
Total pot $9.76 | Rake $0.49 
Board [Kd Ad 8d Qd Kc]
Seat 1: jeffy27dt1 (button) showed [Ts 9c] and lost with a pair of Kings
Seat 2: luludd660 (small blind) showed [8s 9s] and won ($9.27) with two pair, Kings and Eights
Seat 3: janarr5 (big blind) folded before Flop
Seat 4: peak joker33 folded before Flop (didn't bet)
Seat 5: AlexEliseev7 folded before Flop (didn't bet)
Seat 6: Melenya folded before Flop (didn't bet)



PokerStars Hand #254495766006:  Hold'em No Limit ($0.50/$1.00 USD) - 2025/01/22 6:59:07 WET [2025/01/22 1:59:07 ET]
Table 'Richilde III' 6-max Seat #2 is the button
Seat 1: jeffy27dt1 ($105.39 in chips) 
Seat 2: luludd660 ($47.78 in chips) 
Seat 3: janarr5 ($100 in chips) 
Seat 4: peak joker33 ($125.81 in chips) 
Seat 5: AlexEliseev7 ($107.15 in chips) 
Seat 6: Melenya ($102.50 in chips) 
janarr5: posts small blind $0.50
peak joker33: posts big blind $1
*** HOLE CARDS ***
AlexEliseev7: folds 
Melenya: folds 
jeffy27dt1: folds 
luludd660: folds 
janarr5: folds 
Uncalled bet ($0.50) returned to peak joker33
peak joker33 collected $1 from pot
peak joker33: doesn't show hand 
*** SUMMARY ***
Total pot $1 | Rake $0 
Seat 1: jeffy27dt1 folded before Flop (didn't bet)
Seat 2: luludd660 (button) folded before Flop (didn't bet)
Seat 3: janarr5 (small blind) folded before Flop
Seat 4: peak joker33 (big blind) collected ($1)
Seat 5: AlexEliseev7 folded before Flop (didn't bet)
Seat 6: Melenya folded before Flop (didn't bet)



PokerStars Hand #254495766744:  Hold'em No Limit ($0.50/$1.00 USD) - 2025/01/22 6:59:19 WET [2025/01/22 1:59:19 ET]
Table 'Richilde III' 6-max Seat #3 is the button
Seat 1: jeffy27dt1 ($105.39 in chips) 
Seat 2: luludd660 ($47.78 in chips) 
Seat 3: janarr5 ($100 in chips) 
Seat 4: peak joker33 ($126.31 in chips) 
Seat 5: AlexEliseev7 ($107.15 in chips) 
Seat 6: Melenya ($102.50 in chips) 
peak joker33: posts small blind $0.50
AlexEliseev7: posts big blind $1
*** HOLE CARDS ***
Melenya: folds 
jeffy27dt1: folds 
luludd660: folds 
janarr5: folds 
peak joker33: raises $2 to $3
AlexEliseev7: raises $7 to $10
peak joker33: folds 
Uncalled bet ($7) returned to AlexEliseev7
AlexEliseev7 collected $6 from pot
AlexEliseev7: doesn't show hand 
*** SUMMARY ***
Total pot $6 | Rake $0 
Seat 1: jeffy27dt1 folded before Flop (didn't bet)
Seat 2: luludd660 folded before Flop (didn't bet)
Seat 3: janarr5 (button) folded before Flop (didn't bet)
Seat 4: peak joker33 (small blind) folded before Flop
Seat 5: AlexEliseev7 (big blind) collected ($6)
Seat 6: Melenya folded before Flop (didn't bet)



PokerStars Hand #254495768023:  Hold'em No Limit ($0.50/$1.00 USD) - 2025/01/22 6:59:42 WET [2025/01/22 1:59:42 ET]
Table 'Richilde III' 6-max Seat #4 is the button
Seat 1: jeffy27dt1 ($105.39 in chips) 
Seat 2: luludd660 ($47.78 in chips) 
Seat 3: janarr5 ($100 in chips) 
Seat 4: peak joker33 ($123.31 in chips) 
Seat 5: AlexEliseev7 ($110.15 in chips) 
Seat 6: Melenya ($102.50 in chips) 
AlexEliseev7: posts small blind $0.50
Melenya: posts big blind $1
*** HOLE CARDS ***
jeffy27dt1: raises $1.50 to $2.50
luludd660: folds 
janarr5: folds 
peak joker33: folds 
AlexEliseev7: folds 
Melenya: folds 
Uncalled bet ($1.50) returned to jeffy27dt1
jeffy27dt1 collected $2.50 from pot
jeffy27dt1: doesn't show hand 
*** SUMMARY ***
Total pot $2.50 | Rake $0 
Seat 1: jeffy27dt1 collected ($2.50)
Seat 2: luludd660 folded before Flop (didn't bet)
Seat 3: janarr5 folded before Flop (didn't bet)
Seat 4: peak joker33 (button) folded before Flop (didn't bet)
Seat 5: AlexEliseev7 (small blind) folded before Flop
Seat 6: Melenya (big blind) folded before Flop



PokerStars Hand #254495769051:  Hold'em No Limit ($0.50/$1.00 USD) - 2025/01/22 7:00:00 WET [2025/01/22 2:00:00 ET]
Table 'Richilde III' 6-max Seat #5 is the button
Seat 1: jeffy27dt1 ($106.89 in chips) 
Seat 2: luludd660 ($47.78 in chips) 
Seat 3: janarr5 ($100 in chips) 
Seat 4: peak joker33 ($123.31 in chips) 
Seat 5: AlexEliseev7 ($109.65 in chips) 
Seat 6: Melenya ($101.50 in chips) 
Melenya: posts small blind $0.50
jeffy27dt1: posts big blind $1
*** HOLE CARDS ***
luludd660: folds 
janarr5: folds 
peak joker33: folds 
AlexEliseev7: folds 
Melenya: raises $2 to $3
jeffy27dt1: calls $2
*** FLOP *** [8d Ad 3h]
Melenya: checks 
jeffy27dt1: bets $1.88
Melenya: calls $1.88
*** TURN *** [8d Ad 3h] [3c]
Melenya: checks 
jeffy27dt1: checks 
*** RIVER *** [8d Ad 3h 3c] [3s]
Melenya: bets $3.09
jeffy27dt1: raises $8.91 to $12
Melenya: calls $8.91
*** SHOW DOWN ***
jeffy27dt1: shows [9s Ah] (a full house, Threes full of Aces)
Melenya: shows [As Td] (a full house, Threes full of Aces)
Melenya collected $16.04 from pot
jeffy27dt1 collected $16.03 from pot
*** SUMMARY ***
Total pot $33.76 | Rake $1.69 
Board [8d Ad 3h 3c 3s]
Seat 1: jeffy27dt1 (big blind) showed [9s Ah] and won ($16.03) with a full house, Threes full of Aces
Seat 2: luludd660 folded before Flop (didn't bet)
Seat 3: janarr5 folded before Flop (didn't bet)
Seat 4: peak joker33 folded before Flop (didn't bet)
Seat 5: AlexEliseev7 (button) folded before Flop (didn't bet)
Seat 6: Melenya (small blind) showed [As Td] and won ($16.04) with a full house, Threes full of Aces



PokerStars Hand #254495775445:  Hold'em No Limit ($0.50/$1.00 USD) - 2025/01/22 7:01:42 WET [2025/01/22 2:01:42 ET]
Table 'Richilde III' 6-max Seat #6 is the button
Seat 1: jeffy27dt1 ($106.04 in chips) 
Seat 2: luludd660 ($47.78 in chips) 
Seat 3: janarr5 ($100 in chips) 
Seat 4: peak joker33 ($123.31 in chips) 
Seat 5: AlexEliseev7 ($109.65 in chips) 
Seat 6: Melenya ($100.66 in chips) 
jeffy27dt1: posts small blind $0.50
luludd660: posts big blind $1
*** HOLE CARDS ***
janarr5: folds 
peak joker33: folds 
AlexEliseev7: raises $1.50 to $2.50
Melenya: folds 
jeffy27dt1: folds 
luludd660: folds 
Uncalled bet ($1.50) returned to AlexEliseev7
AlexEliseev7 collected $2.50 from pot
AlexEliseev7: doesn't show hand 
*** SUMMARY ***
Total pot $2.50 | Rake $0 
Seat 1: jeffy27dt1 (small blind) folded before Flop
Seat 2: luludd660 (big blind) folded before Flop
Seat 3: janarr5 folded before Flop (didn't bet)
Seat 4: peak joker33 folded before Flop (didn't bet)
Seat 5: AlexEliseev7 collected ($2.50)
Seat 6: Melenya (button) folded before Flop (didn't bet)



PokerStars Hand #254495777114:  Hold'em No Limit ($0.50/$1.00 USD) - 2025/01/22 7:02:07 WET [2025/01/22 2:02:07 ET]
Table 'Richilde III' 6-max Seat #1 is the button
Seat 1: jeffy27dt1 ($105.54 in chips) 
Seat 2: luludd660 ($46.78 in chips) 
Seat 3: janarr5 ($100 in chips) 
Seat 4: peak joker33 ($123.31 in chips) 
Seat 5: AlexEliseev7 ($111.15 in chips) 
Seat 6: Melenya ($100.66 in chips) 
luludd660: posts small blind $0.50
janarr5: posts big blind $1
*** HOLE CARDS ***
peak joker33: folds 
AlexEliseev7: folds 
Melenya: folds 
jeffy27dt1: raises $1.50 to $2.50
luludd660: folds 
janarr5: folds 
Uncalled bet ($1.50) returned to jeffy27dt1
jeffy27dt1 collected $2.50 from pot
jeffy27dt1: doesn't show hand 
*** SUMMARY ***
Total pot $2.50 | Rake $0 
Seat 1: jeffy27dt1 (button) collected ($2.50)
Seat 2: luludd660 (small blind) folded before Flop
Seat 3: janarr5 (big blind) folded before Flop
Seat 4: peak joker33 folded before Flop (didn't bet)
Seat 5: AlexEliseev7 folded before Flop (didn't bet)
Seat 6: Melenya folded before Flop (didn't bet)



PokerStars Hand #254495778782:  Hold'em No Limit ($0.50/$1.00 USD) - 2025/01/22 7:02:32 WET [2025/01/22 2:02:32 ET]
Table 'Richilde III' 6-max Seat #2 is the button
Seat 1: jeffy27dt1 ($107.04 in chips) 
Seat 2: luludd660 ($46.28 in chips) 
Seat 3: janarr5 ($100 in chips) 
Seat 4: peak joker33 ($123.31 in chips) 
Seat 5: AlexEliseev7 ($111.15 in chips) 
Seat 6: Melenya ($100.66 in chips) 
janarr5: posts small blind $0.50
peak joker33: posts big blind $1
*** HOLE CARDS ***
AlexEliseev7: raises $1.50 to $2.50
Melenya: folds 
jeffy27dt1: folds 
luludd660: folds 
janarr5: folds 
peak joker33: folds 
Uncalled bet ($1.50) returned to AlexEliseev7
AlexEliseev7 collected $2.50 from pot
AlexEliseev7: doesn't show hand 
*** SUMMARY ***
Total pot $2.50 | Rake $0 
Seat 1: jeffy27dt1 folded before Flop (didn't bet)
Seat 2: luludd660 (button) folded before Flop (didn't bet)
Seat 3: janarr5 (small blind) folded before Flop
Seat 4: peak joker33 (big blind) folded before Flop
Seat 5: AlexEliseev7 collected ($2.50)
Seat 6: Melenya folded before Flop (didn't bet)



PokerStars Hand #254495780061:  Hold'em No Limit ($0.50/$1.00 USD) - 2025/01/22 7:02:50 WET [2025/01/22 2:02:50 ET]
Table 'Richilde III' 6-max Seat #3 is the button
Seat 1: jeffy27dt1 ($107.04 in chips) 
Seat 2: luludd660 ($46.28 in chips) 
Seat 3: janarr5 ($100 in chips) 
Seat 4: peak joker33 ($122.31 in chips) 
Seat 5: AlexEliseev7 ($112.65 in chips) 
Seat 6: Melenya ($100.66 in chips) 
peak joker33: posts small blind $0.50
AlexEliseev7: posts big blind $1
*** HOLE CARDS ***
Melenya: raises $1 to $2
jeffy27dt1: folds 
luludd660: folds 
janarr5: folds 
peak joker33: folds 
AlexEliseev7: folds 
Uncalled bet ($1) returned to Melenya
Melenya collected $2.50 from pot
Melenya: doesn't show hand 
*** SUMMARY ***
Total pot $2.50 | Rake $0 
Seat 1: jeffy27dt1 folded before Flop (didn't bet)
Seat 2: luludd660 folded before Flop (didn't bet)
Seat 3: janarr5 (button) folded before Flop (didn't bet)
Seat 4: peak joker33 (small blind) folded before Flop
Seat 5: AlexEliseev7 (big blind) folded before Flop
Seat 6: Melenya collected ($2.50)



PokerStars Hand #254495782138:  Hold'em No Limit ($0.50/$1.00 USD) - 2025/01/22 7:03:20 WET [2025/01/22 2:03:20 ET]
Table 'Richilde III' 6-max Seat #4 is the button
Seat 1: jeffy27dt1 ($107.04 in chips) 
Seat 2: luludd660 ($46.28 in chips) 
Seat 3: janarr5 ($100 in chips) 
Seat 4: peak joker33 ($121.81 in chips) 
Seat 5: AlexEliseev7 ($111.65 in chips) 
Seat 6: Melenya ($102.16 in chips) 
AlexEliseev7: posts small blind $0.50
Melenya: posts big blind $1
*** HOLE CARDS ***
jeffy27dt1: raises $1.50 to $2.50
luludd660: folds 
janarr5: folds 
peak joker33: folds 
AlexEliseev7: folds 
Melenya: folds 
Uncalled bet ($1.50) returned to jeffy27dt1
jeffy27dt1 collected $2.50 from pot
jeffy27dt1: doesn't show hand 
*** SUMMARY ***
Total pot $2.50 | Rake $0 
Seat 1: jeffy27dt1 collected ($2.50)
Seat 2: luludd660 folded before Flop (didn't bet)
Seat 3: janarr5 folded before Flop (didn't bet)
Seat 4: peak joker33 (button) folded before Flop (didn't bet)
Seat 5: AlexEliseev7 (small blind) folded before Flop
Seat 6: Melenya (big blind) folded before Flop



PokerStars Hand #254495783550:  Hold'em No Limit ($0.50/$1.00 USD) - 2025/01/22 7:03:41 WET [2025/01/22 2:03:41 ET]
Table 'Richilde III' 6-max Seat #5 is the button
Seat 1: jeffy27dt1 ($108.54 in chips) 
Seat 2: luludd660 ($46.28 in chips) 
Seat 3: janarr5 ($100 in chips) 
Seat 4: peak joker33 ($121.81 in chips) 
Seat 5: AlexEliseev7 ($111.15 in chips) 
Seat 6: Melenya ($101.16 in chips) 
Melenya: posts small blind $0.50
jeffy27dt1: posts big blind $1
*** HOLE CARDS ***
luludd660: raises $1 to $2
janarr5: folds 
peak joker33: raises $5 to $7
AlexEliseev7: folds 
Melenya: folds 
jeffy27dt1: folds 
luludd660: calls $5
*** FLOP *** [4d Jc Js]
luludd660: checks 
peak joker33: bets $3.68
luludd660: calls $3.68
*** TURN *** [4d Jc Js] [7s]
luludd660: checks 
peak joker33: checks 
*** RIVER *** [4d Jc Js 7s] [2s]
luludd660: bets $10.86
peak joker33: calls $10.86
*** SHOW DOWN ***
luludd660: shows [Jd Ks] (three of a kind, Jacks)
peak joker33: mucks hand 
luludd660 collected $42.35 from pot
*** SUMMARY ***
Total pot $44.58 | Rake $2.23 
Board [4d Jc Js 7s 2s]
Seat 1: jeffy27dt1 (big blind) folded before Flop
Seat 2: luludd660 showed [Jd Ks] and won ($42.35) with three of a kind, Jacks
Seat 3: janarr5 folded before Flop (didn't bet)
Seat 4: peak joker33 mucked
Seat 5: AlexEliseev7 (button) folded before Flop (didn't bet)
Seat 6: Melenya (small blind) folded before Flop



PokerStars Hand #254495787735:  Hold'em No Limit ($0.50/$1.00 USD) - 2025/01/22 7:04:43 WET [2025/01/22 2:04:43 ET]
Table 'Richilde III' 6-max Seat #6 is the button
Seat 1: jeffy27dt1 ($107.54 in chips) 
Seat 2: luludd660 ($67.09 in chips) 
Seat 3: janarr5 ($100 in chips) 
Seat 4: peak joker33 ($100.27 in chips) 
Seat 5: AlexEliseev7 ($111.15 in chips) 
Seat 6: Melenya ($100.66 in chips) 
jeffy27dt1: posts small blind $0.50
luludd660: posts big blind $1
*** HOLE CARDS ***
janarr5: folds 
peak joker33: folds 
AlexEliseev7: raises $1.50 to $2.50
Melenya: folds 
jeffy27dt1: calls $2
luludd660: folds 
*** FLOP *** [Ah 9d Th]
jeffy27dt1: checks 
AlexEliseev7: bets $1.88
jeffy27dt1: folds 
Uncalled bet ($1.88) returned to AlexEliseev7
AlexEliseev7 collected $5.70 from pot
AlexEliseev7: doesn't show hand 
*** SUMMARY ***
Total pot $6 | Rake $0.30 
Board [Ah 9d Th]
Seat 1: jeffy27dt1 (small blind) folded on the Flop
Seat 2: luludd660 (big blind) folded before Flop
Seat 3: janarr5 folded before Flop (didn't bet)
Seat 4: peak joker33 folded before Flop (didn't bet)
Seat 5: AlexEliseev7 collected ($5.70)
Seat 6: Melenya (button) folded before Flop (didn't bet)



PokerStars Hand #254495791255:  Hold'em No Limit ($0.50/$1.00 USD) - 2025/01/22 7:05:34 WET [2025/01/22 2:05:34 ET]
Table 'Richilde III' 6-max Seat #1 is the button
Seat 1: jeffy27dt1 ($105.04 in chips) 
Seat 2: luludd660 ($66.09 in chips) 
Seat 3: janarr5 ($100 in chips) 
Seat 4: peak joker33 ($100.27 in chips) 
Seat 5: AlexEliseev7 ($114.35 in chips) 
Seat 6: Melenya ($100.66 in chips) 
luludd660: posts small blind $0.50
janarr5: posts big blind $1
*** HOLE CARDS ***
peak joker33: folds 
AlexEliseev7: folds 
Melenya: raises $1.50 to $2.50
jeffy27dt1: folds 
luludd660: calls $2
janarr5: folds 
*** FLOP *** [2d Jd 4d]
luludd660: checks 
Melenya: checks 
*** TURN *** [2d Jd 4d] [5c]
luludd660: checks 
Melenya: bets $11
luludd660: folds 
Uncalled bet ($11) returned to Melenya
Melenya collected $5.70 from pot
Melenya: doesn't show hand 
*** SUMMARY ***
Total pot $6 | Rake $0.30 
Board [2d Jd 4d 5c]
Seat 1: jeffy27dt1 (button) folded before Flop (didn't bet)
Seat 2: luludd660 (small blind) folded on the Turn
Seat 3: janarr5 (big blind) folded before Flop
Seat 4: peak joker33 folded before Flop (didn't bet)
Seat 5: AlexEliseev7 folded before Flop (didn't bet)
Seat 6: Melenya collected ($5.70)



PokerStars Hand #254495794903:  Hold'em No Limit ($0.50/$1.00 USD) - 2025/01/22 7:06:27 WET [2025/01/22 2:06:27 ET]
Table 'Richilde III' 6-max Seat #2 is the button
Seat 1: jeffy27dt1 ($105.04 in chips) 
Seat 2: luludd660 ($63.59 in chips) 
Seat 3: janarr5 ($100 in chips) 
Seat 4: peak joker33 ($100.27 in chips) 
Seat 5: AlexEliseev7 ($114.35 in chips) 
Seat 6: Melenya ($103.86 in chips) 
janarr5: posts small blind $0.50
peak joker33: posts big blind $1
*** HOLE CARDS ***
AlexEliseev7: folds 
Melenya: folds 
jeffy27dt1: raises $1.50 to $2.50
luludd660: folds 
janarr5: folds 
peak joker33: folds 
Uncalled bet ($1.50) returned to jeffy27dt1
jeffy27dt1 collected $2.50 from pot
jeffy27dt1: doesn't show hand 
*** SUMMARY ***
Total pot $2.50 | Rake $0 
Seat 1: jeffy27dt1 collected ($2.50)
Seat 2: luludd660 (button) folded before Flop (didn't bet)
Seat 3: janarr5 (small blind) folded before Flop
Seat 4: peak joker33 (big blind) folded before Flop
Seat 5: AlexEliseev7 folded before Flop (didn't bet)
Seat 6: Melenya folded before Flop (didn't bet)



PokerStars Hand #254495796256:  Hold'em No Limit ($0.50/$1.00 USD) - 2025/01/22 7:06:47 WET [2025/01/22 2:06:47 ET]
Table 'Richilde III' 6-max Seat #3 is the button
Seat 1: jeffy27dt1 ($106.54 in chips) 
Seat 2: luludd660 ($63.59 in chips) 
Seat 3: janarr5 ($100 in chips) 
Seat 4: peak joker33 ($100 in chips) 
Seat 5: AlexEliseev7 ($114.35 in chips) 
Seat 6: Melenya ($103.86 in chips) 
peak joker33: posts small blind $0.50
AlexEliseev7: posts big blind $1
*** HOLE CARDS ***
Melenya: folds 
jeffy27dt1: folds 
luludd660: folds 
janarr5: raises $1.50 to $2.50
peak joker33: folds 
AlexEliseev7: raises $10.50 to $13
janarr5: folds 
Uncalled bet ($10.50) returned to AlexEliseev7
AlexEliseev7 collected $5.50 from pot
AlexEliseev7: doesn't show hand 
*** SUMMARY ***
Total pot $5.50 | Rake $0 
Seat 1: jeffy27dt1 folded before Flop (didn't bet)
Seat 2: luludd660 folded before Flop (didn't bet)
Seat 3: janarr5 (button) folded before Flop
Seat 4: peak joker33 (small blind) folded before Flop
Seat 5: AlexEliseev7 (big blind) collected ($5.50)
Seat 6: Melenya folded before Flop (didn't bet)



PokerStars Hand #254495798582:  Hold'em No Limit ($0.50/$1.00 USD) - 2025/01/22 7:07:21 WET [2025/01/22 2:07:21 ET]
Table 'Richilde III' 6-max Seat #4 is the button
Seat 1: jeffy27dt1 ($106.54 in chips) 
Seat 2: luludd660 ($63.59 in chips) 
Seat 3: janarr5 ($100 in chips) 
Seat 4: peak joker33 ($100 in chips) 
Seat 5: AlexEliseev7 ($117.35 in chips) 
Seat 6: Melenya ($103.86 in chips) 
AlexEliseev7: posts small blind $0.50
Melenya: posts big blind $1
*** HOLE CARDS ***
jeffy27dt1: folds 
luludd660: folds 
janarr5: raises $1.25 to $2.25
peak joker33: folds 
AlexEliseev7: folds 
Melenya: folds 
Uncalled bet ($1.25) returned to janarr5
janarr5 collected $2.50 from pot
janarr5: doesn't show hand 
*** SUMMARY ***
Total pot $2.50 | Rake $0 
Seat 1: jeffy27dt1 folded before Flop (didn't bet)
Seat 2: luludd660 folded before Flop (didn't bet)
Seat 3: janarr5 collected ($2.50)
Seat 4: peak joker33 (button) folded before Flop (didn't bet)
Seat 5: AlexEliseev7 (small blind) folded before Flop
Seat 6: Melenya (big blind) folded before Flop



PokerStars Hand #254495799713:  Hold'em No Limit ($0.50/$1.00 USD) - 2025/01/22 7:07:38 WET [2025/01/22 2:07:38 ET]
Table 'Richilde III' 6-max Seat #5 is the button
Seat 1: jeffy27dt1 ($106.54 in chips) 
Seat 2: luludd660 ($63.59 in chips) 
Seat 3: janarr5 ($101.50 in chips) 
Seat 4: peak joker33 ($100 in chips) 
Seat 5: AlexEliseev7 ($116.85 in chips) 
Seat 6: Melenya ($102.86 in chips) 
Melenya: posts small blind $0.50
jeffy27dt1: posts big blind $1
*** HOLE CARDS ***
luludd660: folds 
janarr5: folds 
peak joker33: folds 
AlexEliseev7: folds 
Melenya: folds 
Uncalled bet ($0.50) returned to jeffy27dt1
jeffy27dt1 collected $1 from pot
jeffy27dt1: doesn't show hand 
*** SUMMARY ***
Total pot $1 | Rake $0 
Seat 1: jeffy27dt1 (big blind) collected ($1)
Seat 2: luludd660 folded before Flop (didn't bet)
Seat 3: janarr5 folded before Flop (didn't bet)
Seat 4: peak joker33 folded before Flop (didn't bet)
Seat 5: AlexEliseev7 (button) folded before Flop (didn't bet)
Seat 6: Melenya (small blind) folded before Flop



PokerStars Hand #254495800679:  Hold'em No Limit ($0.50/$1.00 USD) - 2025/01/22 7:07:52 WET [2025/01/22 2:07:52 ET]
Table 'Richilde III' 6-max Seat #6 is the button
Seat 1: jeffy27dt1 ($107.04 in chips) 
Seat 2: luludd660 ($63.59 in chips) 
Seat 3: janarr5 ($101.50 in chips) 
Seat 4: peak joker33 ($100 in chips) 
Seat 5: AlexEliseev7 ($116.85 in chips) 
Seat 6: Melenya ($102.36 in chips) 
jeffy27dt1: posts small blind $0.50
luludd660: posts big blind $1
*** HOLE CARDS ***
janarr5: folds 
peak joker33: folds 
AlexEliseev7: folds 
Melenya: raises $1.50 to $2.50
jeffy27dt1: folds 
luludd660: folds 
Uncalled bet ($1.50) returned to Melenya
Melenya collected $2.50 from pot
Melenya: doesn't show hand 
*** SUMMARY ***
Total pot $2.50 | Rake $0 
Seat 1: jeffy27dt1 (small blind) folded before Flop
Seat 2: luludd660 (big blind) folded before Flop
Seat 3: janarr5 folded before Flop (didn't bet)
Seat 4: peak joker33 folded before Flop (didn't bet)
Seat 5: AlexEliseev7 folded before Flop (didn't bet)
Seat 6: Melenya (button) collected ($2.50)



PokerStars Hand #254495802544:  Hold'em No Limit ($0.50/$1.00 USD) - 2025/01/22 7:08:20 WET [2025/01/22 2:08:20 ET]
Table 'Richilde III' 6-max Seat #1 is the button
Seat 1: jeffy27dt1 ($106.54 in chips) 
Seat 2: luludd660 ($62.59 in chips) 
Seat 3: janarr5 ($101.50 in chips) 
Seat 4: peak joker33 ($100 in chips) 
Seat 5: AlexEliseev7 ($116.85 in chips) 
Seat 6: Melenya ($103.86 in chips) 
luludd660: posts small blind $0.50
janarr5: posts big blind $1
*** HOLE CARDS ***
peak joker33: folds 
AlexEliseev7: folds 
Melenya: folds 
jeffy27dt1: folds 
luludd660: raises $1 to $2
janarr5: raises $6 to $8
luludd660: folds 
Uncalled bet ($6) returned to janarr5
janarr5 collected $4 from pot
janarr5: doesn't show hand 
*** SUMMARY ***
Total pot $4 | Rake $0 
Seat 1: jeffy27dt1 (button) folded before Flop (didn't bet)
Seat 2: luludd660 (small blind) folded before Flop
Seat 3: janarr5 (big blind) collected ($4)
Seat 4: peak joker33 folded before Flop (didn't bet)
Seat 5: AlexEliseev7 folded before Flop (didn't bet)
Seat 6: Melenya folded before Flop (didn't bet)



PokerStars Hand #254495803970:  Hold'em No Limit ($0.50/$1.00 USD) - 2025/01/22 7:08:40 WET [2025/01/22 2:08:40 ET]
Table 'Richilde III' 6-max Seat #2 is the button
Seat 1: jeffy27dt1 ($106.54 in chips) 
Seat 2: luludd660 ($60.59 in chips) 
Seat 3: janarr5 ($103.50 in chips) 
Seat 4: peak joker33 ($100 in chips) 
Seat 5: AlexEliseev7 ($116.85 in chips) 
Seat 6: Melenya ($103.86 in chips) 
janarr5: posts small blind $0.50
peak joker33: posts big blind $1
*** HOLE CARDS ***
AlexEliseev7: folds 
Melenya: folds 
jeffy27dt1: folds 
luludd660: raises $3 to $4
janarr5: folds 
peak joker33: folds 
Uncalled bet ($3) returned to luludd660
luludd660 collected $2.50 from pot
*** SUMMARY ***
Total pot $2.50 | Rake $0 
Seat 1: jeffy27dt1 folded before Flop (didn't bet)
Seat 2: luludd660 (button) collected ($2.50)
Seat 3: janarr5 (small blind) folded before Flop
Seat 4: peak joker33 (big blind) folded before Flop
Seat 5: AlexEliseev7 folded before Flop (didn't bet)
Seat 6: Melenya folded before Flop (didn't bet)



PokerStars Hand #254495805878:  Hold'em No Limit ($0.50/$1.00 USD) - 2025/01/22 7:09:09 WET [2025/01/22 2:09:09 ET]
Table 'Richilde III' 6-max Seat #3 is the button
Seat 1: jeffy27dt1 ($106.54 in chips) 
Seat 2: luludd660 ($62.09 in chips) 
Seat 3: janarr5 ($103 in chips) 
Seat 4: peak joker33 ($100 in chips) 
Seat 5: AlexEliseev7 ($116.85 in chips) 
Seat 6: Melenya ($103.86 in chips) 
peak joker33: posts small blind $0.50
AlexEliseev7: posts big blind $1
*** HOLE CARDS ***
Melenya: folds 
jeffy27dt1: folds 
luludd660: calls $1
janarr5: folds 
peak joker33: folds 
AlexEliseev7: raises $4 to $5
luludd660: folds 
Uncalled bet ($4) returned to AlexEliseev7
AlexEliseev7 collected $2.50 from pot
AlexEliseev7: doesn't show hand 
*** SUMMARY ***
Total pot $2.50 | Rake $0 
Seat 1: jeffy27dt1 folded before Flop (didn't bet)
Seat 2: luludd660 folded before Flop
Seat 3: janarr5 (button) folded before Flop (didn't bet)
Seat 4: peak joker33 (small blind) folded before Flop
Seat 5: AlexEliseev7 (big blind) collected ($2.50)
Seat 6: Melenya folded before Flop (didn't bet)



PokerStars Hand #254495807258:  Hold'em No Limit ($0.50/$1.00 USD) - 2025/01/22 7:09:29 WET [2025/01/22 2:09:29 ET]
Table 'Richilde III' 6-max Seat #4 is the button
Seat 1: jeffy27dt1 ($106.54 in chips) 
Seat 2: luludd660 ($61.09 in chips) 
Seat 3: janarr5 ($103 in chips) 
Seat 4: peak joker33 ($100 in chips) 
Seat 5: AlexEliseev7 ($118.35 in chips) 
Seat 6: Melenya ($103.86 in chips) 
AlexEliseev7: posts small blind $0.50
Melenya: posts big blind $1
*** HOLE CARDS ***
jeffy27dt1: folds 
luludd660: folds 
janarr5: raises $1.25 to $2.25
peak joker33: folds 
AlexEliseev7: folds 
Melenya: raises $10.75 to $13
janarr5: folds 
Uncalled bet ($10.75) returned to Melenya
Melenya collected $5 from pot
Melenya: doesn't show hand 
*** SUMMARY ***
Total pot $5 | Rake $0 
Seat 1: jeffy27dt1 folded before Flop (didn't bet)
Seat 2: luludd660 folded before Flop (didn't bet)
Seat 3: janarr5 folded before Flop
Seat 4: peak joker33 (button) folded before Flop (didn't bet)
Seat 5: AlexEliseev7 (small blind) folded before Flop
Seat 6: Melenya (big blind) collected ($5)



PokerStars Hand #254495810028:  Hold'em No Limit ($0.50/$1.00 USD) - 2025/01/22 7:10:12 WET [2025/01/22 2:10:12 ET]
Table 'Richilde III' 6-max Seat #5 is the button
Seat 1: jeffy27dt1 ($106.54 in chips) 
Seat 2: luludd660 ($61.09 in chips) 
Seat 3: janarr5 ($100.75 in chips) 
Seat 4: peak joker33 ($100 in chips) 
Seat 5: AlexEliseev7 ($117.85 in chips) 
Seat 6: Melenya ($106.61 in chips) 
Melenya: posts small blind $0.50
jeffy27dt1: posts big blind $1
*** HOLE CARDS ***
luludd660: folds 
janarr5: folds 
peak joker33: folds 
AlexEliseev7: raises $1.50 to $2.50
Melenya: folds 
jeffy27dt1: raises $10.50 to $13
AlexEliseev7: folds 
Uncalled bet ($10.50) returned to jeffy27dt1
jeffy27dt1 collected $5.50 from pot
jeffy27dt1: doesn't show hand 
*** SUMMARY ***
Total pot $5.50 | Rake $0 
Seat 1: jeffy27dt1 (big blind) collected ($5.50)
Seat 2: luludd660 folded before Flop (didn't bet)
Seat 3: janarr5 folded before Flop (didn't bet)
Seat 4: peak joker33 folded before Flop (didn't bet)
Seat 5: AlexEliseev7 (button) folded before Flop
Seat 6: Melenya (small blind) folded before Flop



PokerStars Hand #254495812275:  Hold'em No Limit ($0.50/$1.00 USD) - 2025/01/22 7:10:46 WET [2025/01/22 2:10:46 ET]
Table 'Richilde III' 6-max Seat #6 is the button
Seat 1: jeffy27dt1 ($109.54 in chips) 
Seat 2: luludd660 ($61.09 in chips) 
Seat 3: janarr5 ($100.75 in chips) 
Seat 4: peak joker33 ($100 in chips) 
Seat 5: AlexEliseev7 ($115.35 in chips) 
Seat 6: Melenya ($106.11 in chips) 
jeffy27dt1: posts small blind $0.50
luludd660: posts big blind $1
*** HOLE CARDS ***
janarr5: folds 
peak joker33: folds 
AlexEliseev7: folds 
Melenya: raises $1.50 to $2.50
jeffy27dt1: folds 
luludd660: calls $1.50
*** FLOP *** [9h 7h 4h]
luludd660: checks 
Melenya: checks 
*** TURN *** [9h 7h 4h] [9c]
luludd660: checks 
Melenya: bets $3.50
luludd660: folds 
Uncalled bet ($3.50) returned to Melenya
Melenya collected $5.22 from pot
Melenya: doesn't show hand 
*** SUMMARY ***
Total pot $5.50 | Rake $0.28 
Board [9h 7h 4h 9c]
Seat 1: jeffy27dt1 (small blind) folded before Flop
Seat 2: luludd660 (big blind) folded on the Turn
Seat 3: janarr5 folded before Flop (didn't bet)
Seat 4: peak joker33 folded before Flop (didn't bet)
Seat 5: AlexEliseev7 folded before Flop (didn't bet)
Seat 6: Melenya (button) collected ($5.22)



PokerStars Hand #254495815643:  Hold'em No Limit ($0.50/$1.00 USD) - 2025/01/22 7:11:37 WET [2025/01/22 2:11:37 ET]
Table 'Richilde III' 6-max Seat #1 is the button
Seat 1: jeffy27dt1 ($109.04 in chips) 
Seat 2: luludd660 ($58.59 in chips) 
Seat 3: janarr5 ($100.75 in chips) 
Seat 4: peak joker33 ($100 in chips) 
Seat 5: AlexEliseev7 ($115.35 in chips) 
Seat 6: Melenya ($108.83 in chips) 
luludd660: posts small blind $0.50
janarr5: posts big blind $1
*** HOLE CARDS ***
peak joker33: folds 
AlexEliseev7: folds 
Melenya: folds 
jeffy27dt1: folds 
luludd660: folds 
Uncalled bet ($0.50) returned to janarr5
janarr5 collected $1 from pot
janarr5: doesn't show hand 
*** SUMMARY ***
Total pot $1 | Rake $0 
Seat 1: jeffy27dt1 (button) folded before Flop (didn't bet)
Seat 2: luludd660 (small blind) folded before Flop
Seat 3: janarr5 (big blind) collected ($1)
Seat 4: peak joker33 folded before Flop (didn't bet)
Seat 5: AlexEliseev7 folded before Flop (didn't bet)
Seat 6: Melenya folded before Flop (didn't bet)



PokerStars Hand #254495816608:  Hold'em No Limit ($0.50/$1.00 USD) - 2025/01/22 7:11:52 WET [2025/01/22 2:11:52 ET]
Table 'Richilde III' 6-max Seat #2 is the button
Seat 1: jeffy27dt1 ($109.04 in chips) 
Seat 2: luludd660 ($58.09 in chips) 
Seat 3: janarr5 ($101.25 in chips) 
Seat 4: peak joker33 ($100 in chips) 
Seat 5: AlexEliseev7 ($115.35 in chips) 
Seat 6: Melenya ($108.83 in chips) 
janarr5: posts small blind $0.50
peak joker33: posts big blind $1
*** HOLE CARDS ***
AlexEliseev7: folds 
Melenya: folds 
jeffy27dt1: folds 
luludd660: folds 
janarr5: raises $2 to $3
peak joker33: raises $6 to $9
janarr5: folds 
Uncalled bet ($6) returned to peak joker33
peak joker33 collected $6 from pot
peak joker33: doesn't show hand 
*** SUMMARY ***
Total pot $6 | Rake $0 
Seat 1: jeffy27dt1 folded before Flop (didn't bet)
Seat 2: luludd660 (button) folded before Flop (didn't bet)
Seat 3: janarr5 (small blind) folded before Flop
Seat 4: peak joker33 (big blind) collected ($6)
Seat 5: AlexEliseev7 folded before Flop (didn't bet)
Seat 6: Melenya folded before Flop (didn't bet)



PokerStars Hand #254495818331:  Hold'em No Limit ($0.50/$1.00 USD) - 2025/01/22 7:12:18 WET [2025/01/22 2:12:18 ET]
Table 'Richilde III' 6-max Seat #3 is the button
Seat 1: jeffy27dt1 ($109.04 in chips) 
Seat 2: luludd660 ($58.09 in chips) 
Seat 3: janarr5 ($100 in chips) 
Seat 4: peak joker33 ($103 in chips) 
Seat 5: AlexEliseev7 ($115.35 in chips) 
Seat 6: Melenya ($108.83 in chips) 
peak joker33: posts small blind $0.50
AlexEliseev7: posts big blind $1
*** HOLE CARDS ***
Melenya: raises $1 to $2
jeffy27dt1: folds 
luludd660: folds 
janarr5: folds 
peak joker33: folds 
AlexEliseev7: folds 
Uncalled bet ($1) returned to Melenya
Melenya collected $2.50 from pot
Melenya: doesn't show hand 
*** SUMMARY ***
Total pot $2.50 | Rake $0 
Seat 1: jeffy27dt1 folded before Flop (didn't bet)
Seat 2: luludd660 folded before Flop (didn't bet)
Seat 3: janarr5 (button) folded before Flop (didn't bet)
Seat 4: peak joker33 (small blind) folded before Flop
Seat 5: AlexEliseev7 (big blind) folded before Flop
Seat 6: Melenya collected ($2.50)



PokerStars Hand #254495819669:  Hold'em No Limit ($0.50/$1.00 USD) - 2025/01/22 7:12:39 WET [2025/01/22 2:12:39 ET]
Table 'Richilde III' 6-max Seat #4 is the button
Seat 1: jeffy27dt1 ($109.04 in chips) 
Seat 2: luludd660 ($58.09 in chips) 
Seat 3: janarr5 ($100 in chips) 
Seat 4: peak joker33 ($102.50 in chips) 
Seat 5: AlexEliseev7 ($114.35 in chips) 
Seat 6: Melenya ($110.33 in chips) 
AlexEliseev7: posts small blind $0.50
Melenya: posts big blind $1
*** HOLE CARDS ***
jeffy27dt1: folds 
luludd660: folds 
janarr5: folds 
peak joker33: folds 
AlexEliseev7: folds 
Uncalled bet ($0.50) returned to Melenya
Melenya collected $1 from pot
Melenya: doesn't show hand 
*** SUMMARY ***
Total pot $1 | Rake $0 
Seat 1: jeffy27dt1 folded before Flop (didn't bet)
Seat 2: luludd660 folded before Flop (didn't bet)
Seat 3: janarr5 folded before Flop (didn't bet)
Seat 4: peak joker33 (button) folded before Flop (didn't bet)
Seat 5: AlexEliseev7 (small blind) folded before Flop
Seat 6: Melenya (big blind) collected ($1)



PokerStars Hand #254495820878:  Hold'em No Limit ($0.50/$1.00 USD) - 2025/01/22 7:12:57 WET [2025/01/22 2:12:57 ET]
Table 'Richilde III' 6-max Seat #5 is the button
Seat 1: jeffy27dt1 ($109.04 in chips) 
Seat 2: luludd660 ($58.09 in chips) 
Seat 3: janarr5 ($100 in chips) 
Seat 4: peak joker33 ($102.50 in chips) 
Seat 5: AlexEliseev7 ($113.85 in chips) 
Seat 6: Melenya ($110.83 in chips) 
Melenya: posts small blind $0.50
jeffy27dt1: posts big blind $1
*** HOLE CARDS ***
luludd660: folds 
janarr5: folds 
peak joker33: folds 
AlexEliseev7: folds 
Melenya: folds 
Uncalled bet ($0.50) returned to jeffy27dt1
jeffy27dt1 collected $1 from pot
jeffy27dt1: doesn't show hand 
*** SUMMARY ***
Total pot $1 | Rake $0 
Seat 1: jeffy27dt1 (big blind) collected ($1)
Seat 2: luludd660 folded before Flop (didn't bet)
Seat 3: janarr5 folded before Flop (didn't bet)
Seat 4: peak joker33 folded before Flop (didn't bet)
Seat 5: AlexEliseev7 (button) folded before Flop (didn't bet)
Seat 6: Melenya (small blind) folded before Flop



PokerStars Hand #254495822393:  Hold'em No Limit ($0.50/$1.00 USD) - 2025/01/22 7:13:20 WET [2025/01/22 2:13:20 ET]
Table 'Richilde III' 6-max Seat #6 is the button
Seat 1: jeffy27dt1 ($109.54 in chips) 
Seat 2: luludd660 ($58.09 in chips) 
Seat 3: janarr5 ($100 in chips) 
Seat 4: peak joker33 ($102.50 in chips) 
Seat 5: AlexEliseev7 ($113.85 in chips) 
Seat 6: Melenya ($110.33 in chips) 
jeffy27dt1: posts small blind $0.50
luludd660: posts big blind $1
*** HOLE CARDS ***
janarr5: folds 
peak joker33: raises $1.50 to $2.50
AlexEliseev7: folds 
Melenya: folds 
jeffy27dt1: folds 
luludd660: folds 
Uncalled bet ($1.50) returned to peak joker33
peak joker33 collected $2.50 from pot
peak joker33: doesn't show hand 
*** SUMMARY ***
Total pot $2.50 | Rake $0 
Seat 1: jeffy27dt1 (small blind) folded before Flop
Seat 2: luludd660 (big blind) folded before Flop
Seat 3: janarr5 folded before Flop (didn't bet)
Seat 4: peak joker33 collected ($2.50)
Seat 5: AlexEliseev7 folded before Flop (didn't bet)
Seat 6: Melenya (button) folded before Flop (didn't bet)



PokerStars Hand #254495824205:  Hold'em No Limit ($0.50/$1.00 USD) - 2025/01/22 7:13:49 WET [2025/01/22 2:13:49 ET]
Table 'Richilde III' 6-max Seat #1 is the button
Seat 1: jeffy27dt1 ($109.04 in chips) 
Seat 2: luludd660 ($57.09 in chips) 
Seat 3: janarr5 ($100 in chips) 
Seat 4: peak joker33 ($104 in chips) 
Seat 5: AlexEliseev7 ($113.85 in chips) 
Seat 6: Melenya ($110.33 in chips) 
luludd660: posts small blind $0.50
janarr5: posts big blind $1
*** HOLE CARDS ***
peak joker33: folds 
AlexEliseev7: folds 
Melenya: folds 
jeffy27dt1: folds 
luludd660: raises $4 to $5
janarr5: folds 
Uncalled bet ($4) returned to luludd660
luludd660 collected $2 from pot
*** SUMMARY ***
Total pot $2 | Rake $0 
Seat 1: jeffy27dt1 (button) folded before Flop (didn't bet)
Seat 2: luludd660 (small blind) collected ($2)
Seat 3: janarr5 (big blind) folded before Flop
Seat 4: peak joker33 folded before Flop (didn't bet)
Seat 5: AlexEliseev7 folded before Flop (didn't bet)
Seat 6: Melenya folded before Flop (didn't bet)



PokerStars Hand #254495825480:  Hold'em No Limit ($0.50/$1.00 USD) - 2025/01/22 7:14:08 WET [2025/01/22 2:14:08 ET]
Table 'Richilde III' 6-max Seat #2 is the button
Seat 4: peak joker33 ($104 in chips) is sitting out
Seat 1: jeffy27dt1 ($109.04 in chips) 
Seat 2: luludd660 ($58.09 in chips) 
Seat 3: janarr5 ($100 in chips) 
Seat 5: AlexEliseev7 ($113.85 in chips) 
Seat 6: Melenya ($110.33 in chips) 
janarr5: posts small blind $0.50
peak joker33: is sitting out 
AlexEliseev7: posts big blind $1
*** HOLE CARDS ***
Melenya: raises $1 to $2
jeffy27dt1: folds 
luludd660: calls $2
janarr5: folds 
AlexEliseev7: folds 
*** FLOP *** [Td 7s 4s]
Melenya: bets $3.92
luludd660: folds 
Uncalled bet ($3.92) returned to Melenya
Melenya collected $5.22 from pot
Melenya: doesn't show hand 
*** SUMMARY ***
Total pot $5.50 | Rake $0.28 
Board [Td 7s 4s]
Seat 4: peak joker33
Seat 1: jeffy27dt1 folded before Flop (didn't bet)
Seat 2: luludd660 (button) folded on the Flop
Seat 3: janarr5 (small blind) folded before Flop
Seat 5: AlexEliseev7 (big blind) folded before Flop
Seat 6: Melenya collected ($5.22)



PokerStars Hand #254495827501:  Hold'em No Limit ($0.50/$1.00 USD) - 2025/01/22 7:14:38 WET [2025/01/22 2:14:38 ET]
Table 'Richilde III' 6-max Seat #3 is the button
Seat 4: peak joker33 ($104 in chips) is sitting out
Seat 1: jeffy27dt1 ($109.04 in chips) 
Seat 2: luludd660 ($56.09 in chips) 
Seat 3: janarr5 ($100 in chips) 
Seat 5: AlexEliseev7 ($112.85 in chips) 
Seat 6: Melenya ($113.55 in chips) 
AlexEliseev7: posts small blind $0.50
Melenya: posts big blind $1
*** HOLE CARDS ***
jeffy27dt1: raises $1.50 to $2.50
luludd660: folds 
janarr5: folds 
AlexEliseev7: folds 
Melenya: calls $1.50
*** FLOP *** [Qs 4s 7d]
Melenya: checks 
jeffy27dt1: bets $1.72
Melenya: folds 
Uncalled bet ($1.72) returned to jeffy27dt1
jeffy27dt1 collected $5.22 from pot
jeffy27dt1: doesn't show hand 
*** SUMMARY ***
Total pot $5.50 | Rake $0.28 
Board [Qs 4s 7d]
Seat 4: peak joker33
Seat 1: jeffy27dt1 collected ($5.22)
Seat 2: luludd660 folded before Flop (didn't bet)
Seat 3: janarr5 (button) folded before Flop (didn't bet)
Seat 5: AlexEliseev7 (small blind) folded before Flop
Seat 6: Melenya (big blind) folded on the Flop



PokerStars Hand #254495830952:  Hold'em No Limit ($0.50/$1.00 USD) - 2025/01/22 7:15:30 WET [2025/01/22 2:15:30 ET]
Table 'Richilde III' 6-max Seat #5 is the button
Seat 4: peak joker33 ($104 in chips) is sitting out
Seat 1: jeffy27dt1 ($111.76 in chips) 
Seat 2: luludd660 ($56.09 in chips) 
Seat 3: janarr5 ($100 in chips) 
Seat 5: AlexEliseev7 ($112.35 in chips) 
Seat 6: Melenya ($111.05 in chips) 
Melenya: posts small blind $0.50
jeffy27dt1: posts big blind $1
*** HOLE CARDS ***
luludd660: raises $1 to $2
janarr5: folds 
AlexEliseev7: folds 
Melenya: folds 
jeffy27dt1: folds 
Uncalled bet ($1) returned to luludd660
luludd660 collected $2.50 from pot
*** SUMMARY ***
Total pot $2.50 | Rake $0 
Seat 4: peak joker33
Seat 1: jeffy27dt1 (big blind) folded before Flop
Seat 2: luludd660 collected ($2.50)
Seat 3: janarr5 folded before Flop (didn't bet)
Seat 5: AlexEliseev7 (button) folded before Flop (didn't bet)
Seat 6: Melenya (small blind) folded before Flop



PokerStars Hand #254495832205:  Hold'em No Limit ($0.50/$1.00 USD) - 2025/01/22 7:15:49 WET [2025/01/22 2:15:49 ET]
Table 'Richilde III' 6-max Seat #6 is the button
Seat 4: peak joker33 ($104 in chips) is sitting out
Seat 1: jeffy27dt1 ($110.76 in chips) 
Seat 2: luludd660 ($57.59 in chips) 
Seat 3: janarr5 ($100 in chips) 
Seat 5: AlexEliseev7 ($112.35 in chips) 
Seat 6: Melenya ($110.55 in chips) 
jeffy27dt1: posts small blind $0.50
luludd660: posts big blind $1
*** HOLE CARDS ***
janarr5: folds 
AlexEliseev7: folds 
Melenya: raises $1.50 to $2.50
jeffy27dt1: folds 
luludd660: folds 
Uncalled bet ($1.50) returned to Melenya
Melenya collected $2.50 from pot
Melenya: doesn't show hand 
*** SUMMARY ***
Total pot $2.50 | Rake $0 
Seat 4: peak joker33
Seat 1: jeffy27dt1 (small blind) folded before Flop
Seat 2: luludd660 (big blind) folded before Flop
Seat 3: janarr5 folded before Flop (didn't bet)
Seat 5: AlexEliseev7 folded before Flop (didn't bet)
Seat 6: Melenya (button) collected ($2.50)



PokerStars Hand #254495833550:  Hold'em No Limit ($0.50/$1.00 USD) - 2025/01/22 7:16:09 WET [2025/01/22 2:16:09 ET]
Table 'Richilde III' 6-max Seat #1 is the button
Seat 4: peak joker33 ($104 in chips) is sitting out
Seat 1: jeffy27dt1 ($110.26 in chips) 
Seat 2: luludd660 ($56.59 in chips) 
Seat 3: janarr5 ($100 in chips) 
Seat 5: AlexEliseev7 ($112.35 in chips) 
Seat 6: Melenya ($112.05 in chips) 
luludd660: posts small blind $0.50
janarr5: posts big blind $1
*** HOLE CARDS ***
AlexEliseev7: raises $1.50 to $2.50
Melenya: folds 
jeffy27dt1: folds 
luludd660: folds 
janarr5: calls $1.50
*** FLOP *** [6s 9s Qh]
janarr5: checks 
AlexEliseev7: bets $1.72
janarr5: raises $6.50 to $8.22
AlexEliseev7: raises $13.28 to $21.50
janarr5: calls $13.28
*** TURN *** [6s 9s Qh] [4h]
janarr5: checks 
AlexEliseev7: bets $15.21
janarr5: calls $15.21
*** RIVER *** [6s 9s Qh 4h] [3s]
janarr5: bets $60.79 and is all-in
AlexEliseev7: calls $60.79
*** SHOW DOWN ***
janarr5: shows [8s Ts] (a flush, Ten high)
AlexEliseev7: shows [9d 9c] (three of a kind, Nines)
janarr5 collected $198 from pot
*** SUMMARY ***
Total pot $200.50 | Rake $2.50 
Board [6s 9s Qh 4h 3s]
Seat 4: peak joker33
Seat 1: jeffy27dt1 (button) folded before Flop (didn't bet)
Seat 2: luludd660 (small blind) folded before Flop
Seat 3: janarr5 (big blind) showed [8s Ts] and won ($198) with a flush, Ten high
Seat 5: AlexEliseev7 showed [9d 9c] and lost with three of a kind, Nines
Seat 6: Melenya folded before Flop (didn't bet)



PokerStars Hand #254495839903:  Hold'em No Limit ($0.50/$1.00 USD) - 2025/01/22 7:17:43 WET [2025/01/22 2:17:43 ET]
Table 'Richilde III' 6-max Seat #2 is the button
Seat 4: peak joker33 ($104 in chips) is sitting out
Seat 1: jeffy27dt1 ($110.26 in chips) 
Seat 2: luludd660 ($56.09 in chips) 
Seat 3: janarr5 ($198 in chips) 
Seat 5: AlexEliseev7 ($100 in chips) 
Seat 6: Melenya ($112.05 in chips) 
janarr5: posts small blind $0.50
AlexEliseev7: posts big blind $1
*** HOLE CARDS ***
Melenya: raises $1 to $2
jeffy27dt1: folds 
luludd660: folds 
janarr5: folds 
AlexEliseev7: folds 
Uncalled bet ($1) returned to Melenya
Melenya collected $2.50 from pot
Melenya: doesn't show hand 
*** SUMMARY ***
Total pot $2.50 | Rake $0 
Seat 4: peak joker33
Seat 1: jeffy27dt1 folded before Flop (didn't bet)
Seat 2: luludd660 (button) folded before Flop (didn't bet)
Seat 3: janarr5 (small blind) folded before Flop
Seat 5: AlexEliseev7 (big blind) folded before Flop
Seat 6: Melenya collected ($2.50)



PokerStars Hand #254495841112:  Hold'em No Limit ($0.50/$1.00 USD) - 2025/01/22 7:18:00 WET [2025/01/22 2:18:00 ET]
Table 'Richilde III' 6-max Seat #3 is the button
Seat 4: peak joker33 ($104 in chips) is sitting out
Seat 1: jeffy27dt1 ($110.26 in chips) 
Seat 2: luludd660 ($56.09 in chips) 
Seat 3: janarr5 ($197.50 in chips) 
Seat 5: AlexEliseev7 ($100 in chips) 
Seat 6: Melenya ($113.55 in chips) 
AlexEliseev7: posts small blind $0.50
Melenya: posts big blind $1
*** HOLE CARDS ***
jeffy27dt1: folds 
luludd660: folds 
janarr5: raises $1.50 to $2.50
AlexEliseev7: folds 
Melenya: folds 
Uncalled bet ($1.50) returned to janarr5
janarr5 collected $2.50 from pot
janarr5: doesn't show hand 
*** SUMMARY ***
Total pot $2.50 | Rake $0 
Seat 4: peak joker33
Seat 1: jeffy27dt1 folded before Flop (didn't bet)
Seat 2: luludd660 folded before Flop (didn't bet)
Seat 3: janarr5 (button) collected ($2.50)
Seat 5: AlexEliseev7 (small blind) folded before Flop
Seat 6: Melenya (big blind) folded before Flop



PokerStars Hand #254495842251:  Hold'em No Limit ($0.50/$1.00 USD) - 2025/01/22 7:18:17 WET [2025/01/22 2:18:17 ET]
Table 'Richilde III' 6-max Seat #5 is the button
Seat 4: peak joker33 ($104 in chips) is sitting out
Seat 1: jeffy27dt1 ($110.26 in chips) 
Seat 2: luludd660 ($56.09 in chips) 
Seat 3: janarr5 ($199 in chips) 
Seat 5: AlexEliseev7 ($100 in chips) 
Seat 6: Melenya ($112.55 in chips) 
Melenya: posts small blind $0.50
jeffy27dt1: posts big blind $1
peak joker33: sits out 
*** HOLE CARDS ***
luludd660: folds 
janarr5: folds 
AlexEliseev7: folds 
Melenya: folds 
Uncalled bet ($0.50) returned to jeffy27dt1
jeffy27dt1 collected $1 from pot
jeffy27dt1: doesn't show hand 
*** SUMMARY ***
Total pot $1 | Rake $0 
Seat 4: peak joker33
Seat 1: jeffy27dt1 (big blind) collected ($1)
Seat 2: luludd660 folded before Flop (didn't bet)
Seat 3: janarr5 folded before Flop (didn't bet)
Seat 5: AlexEliseev7 (button) folded before Flop (didn't bet)
Seat 6: Melenya (small blind) folded before Flop



PokerStars Hand #254495842939:  Hold'em No Limit ($0.50/$1.00 USD) - 2025/01/22 7:18:27 WET [2025/01/22 2:18:27 ET]
Table 'Richilde III' 6-max Seat #6 is the button
Seat 4: peak joker33 ($104 in chips) is sitting out
Seat 1: jeffy27dt1 ($110.76 in chips) 
Seat 2: luludd660 ($56.09 in chips) 
Seat 3: janarr5 ($199 in chips) 
Seat 5: AlexEliseev7 ($100 in chips) 
Seat 6: Melenya ($112.05 in chips) 
jeffy27dt1: posts small blind $0.50
luludd660: posts big blind $1
peak joker33: sits out 
*** HOLE CARDS ***
janarr5: folds 
AlexEliseev7: folds 
Melenya: folds 
jeffy27dt1: raises $2 to $3
luludd660: folds 
Uncalled bet ($2) returned to jeffy27dt1
jeffy27dt1 collected $2 from pot
jeffy27dt1: doesn't show hand 
*** SUMMARY ***
Total pot $2 | Rake $0 
Seat 4: peak joker33
Seat 1: jeffy27dt1 (small blind) collected ($2)
Seat 2: luludd660 (big blind) folded before Flop
Seat 3: janarr5 folded before Flop (didn't bet)
Seat 5: AlexEliseev7 folded before Flop (didn't bet)
Seat 6: Melenya (button) folded before Flop (didn't bet)



PokerStars Hand #254495844267:  Hold'em No Limit ($0.50/$1.00 USD) - 2025/01/22 7:18:47 WET [2025/01/22 2:18:47 ET]
Table 'Richilde III' 6-max Seat #1 is the button
Seat 4: peak joker33 ($104 in chips) is sitting out
Seat 1: jeffy27dt1 ($111.76 in chips) 
Seat 2: luludd660 ($55.09 in chips) 
Seat 3: janarr5 ($199 in chips) 
Seat 5: AlexEliseev7 ($100 in chips) 
Seat 6: Melenya ($112.05 in chips) 
luludd660: posts small blind $0.50
janarr5: posts big blind $1
peak joker33: sits out 
*** HOLE CARDS ***
AlexEliseev7: folds 
Melenya: folds 
jeffy27dt1: folds 
luludd660: raises $2 to $3
janarr5: folds 
Uncalled bet ($2) returned to luludd660
luludd660 collected $2 from pot
*** SUMMARY ***
Total pot $2 | Rake $0 
Seat 4: peak joker33
Seat 1: jeffy27dt1 (button) folded before Flop (didn't bet)
Seat 2: luludd660 (small blind) collected ($2)
Seat 3: janarr5 (big blind) folded before Flop
Seat 5: AlexEliseev7 folded before Flop (didn't bet)
Seat 6: Melenya folded before Flop (didn't bet)



PokerStars Hand #254495845666:  Hold'em No Limit ($0.50/$1.00 USD) - 2025/01/22 7:19:07 WET [2025/01/22 2:19:07 ET]
Table 'Richilde III' 6-max Seat #2 is the button
Seat 1: jeffy27dt1 ($111.76 in chips) 
Seat 2: luludd660 ($56.09 in chips) 
Seat 3: janarr5 ($198 in chips) 
Seat 4: peak joker33 ($104 in chips) 
Seat 5: AlexEliseev7 ($100 in chips) 
Seat 6: Melenya ($112.05 in chips) 
janarr5: posts small blind $0.50
peak joker33: posts big blind $1
*** HOLE CARDS ***
AlexEliseev7: raises $1.50 to $2.50
Melenya: folds 
jeffy27dt1: folds 
luludd660: folds 
janarr5: folds 
peak joker33: folds 
Uncalled bet ($1.50) returned to AlexEliseev7
AlexEliseev7 collected $2.50 from pot
AlexEliseev7: doesn't show hand 
*** SUMMARY ***
Total pot $2.50 | Rake $0 
Seat 1: jeffy27dt1 folded before Flop (didn't bet)
Seat 2: luludd660 (button) folded before Flop (didn't bet)
Seat 3: janarr5 (small blind) folded before Flop
Seat 4: peak joker33 (big blind) folded before Flop
Seat 5: AlexEliseev7 collected ($2.50)
Seat 6: Melenya folded before Flop (didn't bet)



PokerStars Hand #254495846905:  Hold'em No Limit ($0.50/$1.00 USD) - 2025/01/22 7:19:25 WET [2025/01/22 2:19:25 ET]
Table 'Richilde III' 6-max Seat #3 is the button
Seat 1: jeffy27dt1 ($111.76 in chips) 
Seat 2: luludd660 ($56.09 in chips) 
Seat 3: janarr5 ($197.50 in chips) 
Seat 4: peak joker33 ($103 in chips) 
Seat 5: AlexEliseev7 ($101.50 in chips) 
Seat 6: Melenya ($112.05 in chips) 
peak joker33: posts small blind $0.50
AlexEliseev7: posts big blind $1
*** HOLE CARDS ***
Melenya: folds 
jeffy27dt1: raises $1.50 to $2.50
luludd660: folds 
janarr5: folds 
peak joker33: folds 
AlexEliseev7: calls $1.50
*** FLOP *** [9d Td Jh]
AlexEliseev7: checks 
jeffy27dt1: bets $1.72
AlexEliseev7: calls $1.72
*** TURN *** [9d Td Jh] [2h]
AlexEliseev7: checks 
jeffy27dt1: bets $10.61
AlexEliseev7: folds 
Uncalled bet ($10.61) returned to jeffy27dt1
jeffy27dt1 collected $8.49 from pot
jeffy27dt1: doesn't show hand 
*** SUMMARY ***
Total pot $8.94 | Rake $0.45 
Board [9d Td Jh 2h]
Seat 1: jeffy27dt1 collected ($8.49)
Seat 2: luludd660 folded before Flop (didn't bet)
Seat 3: janarr5 (button) folded before Flop (didn't bet)
Seat 4: peak joker33 (small blind) folded before Flop
Seat 5: AlexEliseev7 (big blind) folded on the Turn
Seat 6: Melenya folded before Flop (didn't bet)



PokerStars Hand #254495852628:  Hold'em No Limit ($0.50/$1.00 USD) - 2025/01/22 7:20:50 WET [2025/01/22 2:20:50 ET]
Table 'Richilde III' 6-max Seat #4 is the button
Seat 1: jeffy27dt1 ($116.03 in chips) 
Seat 2: luludd660 ($56.09 in chips) 
Seat 3: janarr5 ($197.50 in chips) 
Seat 4: peak joker33 ($102.50 in chips) 
Seat 5: AlexEliseev7 ($100 in chips) 
Seat 6: Melenya ($112.05 in chips) 
AlexEliseev7: posts small blind $0.50
Melenya: posts big blind $1
*** HOLE CARDS ***
jeffy27dt1: folds 
luludd660: raises $2 to $3
janarr5: folds 
peak joker33: folds 
AlexEliseev7: calls $2.50
Melenya: folds 
*** FLOP *** [8s Th 5s]
AlexEliseev7: checks 
luludd660: bets $3.33
AlexEliseev7: calls $3.33
*** TURN *** [8s Th 5s] [8h]
AlexEliseev7: checks 
luludd660: checks 
*** RIVER *** [8s Th 5s 8h] [Kd]
AlexEliseev7: checks 
luludd660: checks 
*** SHOW DOWN ***
AlexEliseev7: shows [7h 7c] (two pair, Eights and Sevens)
luludd660: mucks hand 
AlexEliseev7 collected $12.98 from pot
*** SUMMARY ***
Total pot $13.66 | Rake $0.68 
Board [8s Th 5s 8h Kd]
Seat 1: jeffy27dt1 folded before Flop (didn't bet)
Seat 2: luludd660 mucked
Seat 3: janarr5 folded before Flop (didn't bet)
Seat 4: peak joker33 (button) folded before Flop (didn't bet)
Seat 5: AlexEliseev7 (small blind) showed [7h 7c] and won ($12.98) with two pair, Eights and Sevens
Seat 6: Melenya (big blind) folded before Flop



PokerStars Hand #254495857056:  Hold'em No Limit ($0.50/$1.00 USD) - 2025/01/22 7:21:55 WET [2025/01/22 2:21:55 ET]
Table 'Richilde III' 6-max Seat #5 is the button
Seat 1: jeffy27dt1 ($116.03 in chips) 
Seat 2: luludd660 ($49.76 in chips) 
Seat 3: janarr5 ($197.50 in chips) 
Seat 4: peak joker33 ($102.50 in chips) 
Seat 5: AlexEliseev7 ($106.65 in chips) 
Seat 6: Melenya ($111.05 in chips) 
Melenya: posts small blind $0.50
jeffy27dt1: posts big blind $1
*** HOLE CARDS ***
luludd660: folds 
janarr5: folds 
peak joker33: folds 
AlexEliseev7: raises $1.50 to $2.50
Melenya: folds 
jeffy27dt1: folds 
Uncalled bet ($1.50) returned to AlexEliseev7
AlexEliseev7 collected $2.50 from pot
AlexEliseev7: doesn't show hand 
*** SUMMARY ***
Total pot $2.50 | Rake $0 
Seat 1: jeffy27dt1 (big blind) folded before Flop
Seat 2: luludd660 folded before Flop (didn't bet)
Seat 3: janarr5 folded before Flop (didn't bet)
Seat 4: peak joker33 folded before Flop (didn't bet)
Seat 5: AlexEliseev7 (button) collected ($2.50)
Seat 6: Melenya (small blind) folded before Flop



PokerStars Hand #254495858455:  Hold'em No Limit ($0.50/$1.00 USD) - 2025/01/22 7:22:16 WET [2025/01/22 2:22:16 ET]
Table 'Richilde III' 6-max Seat #6 is the button
Seat 1: jeffy27dt1 ($115.03 in chips) 
Seat 2: luludd660 ($49.76 in chips) 
Seat 3: janarr5 ($197.50 in chips) 
Seat 4: peak joker33 ($102.50 in chips) 
Seat 5: AlexEliseev7 ($108.15 in chips) 
Seat 6: Melenya ($110.55 in chips) 
jeffy27dt1: posts small blind $0.50
luludd660: posts big blind $1
*** HOLE CARDS ***
janarr5: folds 
peak joker33: raises $1.50 to $2.50
AlexEliseev7: folds 
Melenya: raises $5.50 to $8
jeffy27dt1: folds 
luludd660: folds 
peak joker33: raises $14 to $22
Melenya: raises $88.55 to $110.55 and is all-in
peak joker33: folds 
Uncalled bet ($88.55) returned to Melenya
Melenya collected $45.50 from pot
Melenya: doesn't show hand 
*** SUMMARY ***
Total pot $45.50 | Rake $0 
Seat 1: jeffy27dt1 (small blind) folded before Flop
Seat 2: luludd660 (big blind) folded before Flop
Seat 3: janarr5 folded before Flop (didn't bet)
Seat 4: peak joker33 folded before Flop
Seat 5: AlexEliseev7 folded before Flop (didn't bet)
Seat 6: Melenya (button) collected ($45.50)



PokerStars Hand #254495861314:  Hold'em No Limit ($0.50/$1.00 USD) - 2025/01/22 7:22:59 WET [2025/01/22 2:22:59 ET]
Table 'Richilde III' 6-max Seat #1 is the button
Seat 1: jeffy27dt1 ($114.53 in chips) 
Seat 2: luludd660 ($48.76 in chips) 
Seat 3: janarr5 ($197.50 in chips) 
Seat 4: peak joker33 ($100 in chips) 
Seat 5: AlexEliseev7 ($108.15 in chips) 
Seat 6: Melenya ($134.05 in chips) 
luludd660: posts small blind $0.50
janarr5: posts big blind $1
*** HOLE CARDS ***
peak joker33: folds 
AlexEliseev7: folds 
Melenya: folds 
jeffy27dt1: folds 
luludd660: raises $3 to $4
janarr5: folds 
Uncalled bet ($3) returned to luludd660
luludd660 collected $2 from pot
*** SUMMARY ***
Total pot $2 | Rake $0 
Seat 1: jeffy27dt1 (button) folded before Flop (didn't bet)
Seat 2: luludd660 (small blind) collected ($2)
Seat 3: janarr5 (big blind) folded before Flop
Seat 4: peak joker33 folded before Flop (didn't bet)
Seat 5: AlexEliseev7 folded before Flop (didn't bet)
Seat 6: Melenya folded before Flop (didn't bet)



PokerStars Hand #254495862713:  Hold'em No Limit ($0.50/$1.00 USD) - 2025/01/22 7:23:20 WET [2025/01/22 2:23:20 ET]
Table 'Richilde III' 6-max Seat #2 is the button
Seat 1: jeffy27dt1 ($114.53 in chips) 
Seat 2: luludd660 ($49.76 in chips) 
Seat 3: janarr5 ($196.50 in chips) 
Seat 4: peak joker33 ($100 in chips) 
Seat 5: AlexEliseev7 ($108.15 in chips) 
Seat 6: Melenya ($134.05 in chips) 
janarr5: posts small blind $0.50
peak joker33: posts big blind $1
*** HOLE CARDS ***
AlexEliseev7: raises $1.50 to $2.50
Melenya: folds 
jeffy27dt1: folds 
luludd660: folds 
janarr5: folds 
peak joker33: folds 
Uncalled bet ($1.50) returned to AlexEliseev7
AlexEliseev7 collected $2.50 from pot
AlexEliseev7: doesn't show hand 
*** SUMMARY ***
Total pot $2.50 | Rake $0 
Seat 1: jeffy27dt1 folded before Flop (didn't bet)
Seat 2: luludd660 (button) folded before Flop (didn't bet)
Seat 3: janarr5 (small blind) folded before Flop
Seat 4: peak joker33 (big blind) folded before Flop
Seat 5: AlexEliseev7 collected ($2.50)
Seat 6: Melenya folded before Flop (didn't bet)



PokerStars Hand #254495864247:  Hold'em No Limit ($0.50/$1.00 USD) - 2025/01/22 7:23:43 WET [2025/01/22 2:23:43 ET]
Table 'Richilde III' 6-max Seat #3 is the button
Seat 1: jeffy27dt1 ($114.53 in chips) 
Seat 2: luludd660 ($49.76 in chips) 
Seat 3: janarr5 ($196 in chips) 
Seat 4: peak joker33 ($100 in chips) 
Seat 5: AlexEliseev7 ($109.65 in chips) 
Seat 6: Melenya ($134.05 in chips) 
peak joker33: posts small blind $0.50
AlexEliseev7: posts big blind $1
*** HOLE CARDS ***
Melenya: folds 
jeffy27dt1: folds 
luludd660: raises $1 to $2
janarr5: folds 
peak joker33: folds 
AlexEliseev7: folds 
Uncalled bet ($1) returned to luludd660
luludd660 collected $2.50 from pot
*** SUMMARY ***
Total pot $2.50 | Rake $0 
Seat 1: jeffy27dt1 folded before Flop (didn't bet)
Seat 2: luludd660 collected ($2.50)
Seat 3: janarr5 (button) folded before Flop (didn't bet)
Seat 4: peak joker33 (small blind) folded before Flop
Seat 5: AlexEliseev7 (big blind) folded before Flop
Seat 6: Melenya folded before Flop (didn't bet)



PokerStars Hand #254495865518:  Hold'em No Limit ($0.50/$1.00 USD) - 2025/01/22 7:24:02 WET [2025/01/22 2:24:02 ET]
Table 'Richilde III' 6-max Seat #4 is the button
Seat 1: jeffy27dt1 ($114.53 in chips) 
Seat 2: luludd660 ($51.26 in chips) 
Seat 3: janarr5 ($196 in chips) 
Seat 4: peak joker33 ($100 in chips) 
Seat 5: AlexEliseev7 ($108.65 in chips) 
Seat 6: Melenya ($134.05 in chips) 
AlexEliseev7: posts small blind $0.50
Melenya: posts big blind $1
*** HOLE CARDS ***
jeffy27dt1: folds 
luludd660: folds 
janarr5: raises $1.25 to $2.25
peak joker33: raises $4.75 to $7
AlexEliseev7: folds 
Melenya: folds 
janarr5: folds 
Uncalled bet ($4.75) returned to peak joker33
peak joker33 collected $6 from pot
peak joker33: doesn't show hand 
*** SUMMARY ***
Total pot $6 | Rake $0 
Seat 1: jeffy27dt1 folded before Flop (didn't bet)
Seat 2: luludd660 folded before Flop (didn't bet)
Seat 3: janarr5 folded before Flop
Seat 4: peak joker33 (button) collected ($6)
Seat 5: AlexEliseev7 (small blind) folded before Flop
Seat 6: Melenya (big blind) folded before Flop



PokerStars Hand #254495866942:  Hold'em No Limit ($0.50/$1.00 USD) - 2025/01/22 7:24:22 WET [2025/01/22 2:24:22 ET]
Table 'Richilde III' 6-max Seat #5 is the button
Seat 1: jeffy27dt1 ($114.53 in chips) 
Seat 2: luludd660 ($51.26 in chips) 
Seat 3: janarr5 ($193.75 in chips) 
Seat 4: peak joker33 ($103.75 in chips) 
Seat 5: AlexEliseev7 ($108.15 in chips) 
Seat 6: Melenya ($133.05 in chips) 
Melenya: posts small blind $0.50
jeffy27dt1: posts big blind $1
*** HOLE CARDS ***
luludd660: folds 
janarr5: folds 
peak joker33: folds 
AlexEliseev7: raises $1.50 to $2.50
Melenya: folds 
jeffy27dt1: folds 
Uncalled bet ($1.50) returned to AlexEliseev7
AlexEliseev7 collected $2.50 from pot
AlexEliseev7: doesn't show hand 
*** SUMMARY ***
Total pot $2.50 | Rake $0 
Seat 1: jeffy27dt1 (big blind) folded before Flop
Seat 2: luludd660 folded before Flop (didn't bet)
Seat 3: janarr5 folded before Flop (didn't bet)
Seat 4: peak joker33 folded before Flop (didn't bet)
Seat 5: AlexEliseev7 (button) collected ($2.50)
Seat 6: Melenya (small blind) folded before Flop



PokerStars Hand #254495868669:  Hold'em No Limit ($0.50/$1.00 USD) - 2025/01/22 7:24:48 WET [2025/01/22 2:24:48 ET]
Table 'Richilde III' 6-max Seat #6 is the button
Seat 1: jeffy27dt1 ($113.53 in chips) 
Seat 2: luludd660 ($51.26 in chips) 
Seat 3: janarr5 ($193.75 in chips) 
Seat 4: peak joker33 ($103.75 in chips) 
Seat 5: AlexEliseev7 ($109.65 in chips) 
Seat 6: Melenya ($132.55 in chips) 
jeffy27dt1: posts small blind $0.50
luludd660: posts big blind $1
*** HOLE CARDS ***
janarr5: folds 
peak joker33: folds 
AlexEliseev7: raises $1.50 to $2.50
Melenya: folds 
jeffy27dt1: folds 
luludd660: folds 
Uncalled bet ($1.50) returned to AlexEliseev7
AlexEliseev7 collected $2.50 from pot
AlexEliseev7: doesn't show hand 
*** SUMMARY ***
Total pot $2.50 | Rake $0 
Seat 1: jeffy27dt1 (small blind) folded before Flop
Seat 2: luludd660 (big blind) folded before Flop
Seat 3: janarr5 folded before Flop (didn't bet)
Seat 4: peak joker33 folded before Flop (didn't bet)
Seat 5: AlexEliseev7 collected ($2.50)
Seat 6: Melenya (button) folded before Flop (didn't bet)



PokerStars Hand #254495870310:  Hold'em No Limit ($0.50/$1.00 USD) - 2025/01/22 7:25:13 WET [2025/01/22 2:25:13 ET]
Table 'Richilde III' 6-max Seat #1 is the button
Seat 1: jeffy27dt1 ($113.03 in chips) 
Seat 2: luludd660 ($50.26 in chips) 
Seat 3: janarr5 ($193.75 in chips) 
Seat 4: peak joker33 ($103.75 in chips) 
Seat 5: AlexEliseev7 ($111.15 in chips) 
Seat 6: Melenya ($132.55 in chips) 
luludd660: posts small blind $0.50
janarr5: posts big blind $1
*** HOLE CARDS ***
peak joker33: folds 
AlexEliseev7: folds 
Melenya: folds 
jeffy27dt1: folds 
luludd660: raises $3 to $4
janarr5: calls $3
*** FLOP *** [8s Jd 6h]
luludd660: checks 
janarr5: checks 
*** TURN *** [8s Jd 6h] [Jh]
luludd660: bets $3.80
janarr5: folds 
Uncalled bet ($3.80) returned to luludd660
luludd660 collected $7.60 from pot
*** SUMMARY ***
Total pot $8 | Rake $0.40 
Board [8s Jd 6h Jh]
Seat 1: jeffy27dt1 (button) folded before Flop (didn't bet)
Seat 2: luludd660 (small blind) collected ($7.60)
Seat 3: janarr5 (big blind) folded on the Turn
Seat 4: peak joker33 folded before Flop (didn't bet)
Seat 5: AlexEliseev7 folded before Flop (didn't bet)
Seat 6: Melenya folded before Flop (didn't bet)



PokerStars Hand #254495873112:  Hold'em No Limit ($0.50/$1.00 USD) - 2025/01/22 7:25:54 WET [2025/01/22 2:25:54 ET]
Table 'Richilde III' 6-max Seat #2 is the button
Seat 1: jeffy27dt1 ($113.03 in chips) 
Seat 2: luludd660 ($53.86 in chips) 
Seat 3: janarr5 ($189.75 in chips) 
Seat 4: peak joker33 ($103.75 in chips) 
Seat 5: AlexEliseev7 ($111.15 in chips) 
Seat 6: Melenya ($132.55 in chips) 
janarr5: posts small blind $0.50
peak joker33: posts big blind $1
*** HOLE CARDS ***
AlexEliseev7: folds 
Melenya: folds 
jeffy27dt1: folds 
luludd660: folds 
janarr5: raises $2 to $3
peak joker33: folds 
Uncalled bet ($2) returned to janarr5
janarr5 collected $2 from pot
janarr5: doesn't show hand 
*** SUMMARY ***
Total pot $2 | Rake $0 
Seat 1: jeffy27dt1 folded before Flop (didn't bet)
Seat 2: luludd660 (button) folded before Flop (didn't bet)
Seat 3: janarr5 (small blind) collected ($2)
Seat 4: peak joker33 (big blind) folded before Flop
Seat 5: AlexEliseev7 folded before Flop (didn't bet)
Seat 6: Melenya folded before Flop (didn't bet)



PokerStars Hand #254495874129:  Hold'em No Limit ($0.50/$1.00 USD) - 2025/01/22 7:26:09 WET [2025/01/22 2:26:09 ET]
Table 'Richilde III' 6-max Seat #3 is the button
Seat 1: jeffy27dt1 ($113.03 in chips) 
Seat 2: luludd660 ($53.86 in chips) 
Seat 3: janarr5 ($190.75 in chips) 
Seat 4: peak joker33 ($102.75 in chips) 
Seat 5: AlexEliseev7 ($111.15 in chips) 
Seat 6: Melenya ($132.55 in chips) 
peak joker33: posts small blind $0.50
AlexEliseev7: posts big blind $1
*** HOLE CARDS ***
Melenya: folds 
jeffy27dt1: folds 
luludd660: raises $1 to $2
janarr5: raises $5 to $7
peak joker33: folds 
AlexEliseev7: folds 
luludd660: calls $5
*** FLOP *** [Ts 9s 7s]
luludd660: checks 
janarr5: bets $7.36
luludd660: calls $7.36
*** TURN *** [Ts 9s 7s] [Kh]
luludd660: checks 
janarr5: bets $14.36
luludd660: raises $25.14 to $39.50 and is all-in
janarr5: calls $25.14
*** FIRST RIVER *** [Ts 9s 7s Kh] [4d]
*** SECOND RIVER *** [Ts 9s 7s Kh] [Kd]
*** FIRST SHOW DOWN ***
luludd660: shows [Qc Jd] (a straight, Nine to King)
janarr5: shows [Qs Qd] (a pair of Queens)
luludd660 collected $53.36 from pot
*** SECOND SHOW DOWN ***
luludd660: shows [Qc Jd] (a straight, Nine to King)
janarr5: shows [Qs Qd] (two pair, Kings and Queens)
luludd660 collected $53.36 from pot
*** SUMMARY ***
Total pot $109.22 | Rake $2.50 
Hand was run twice
FIRST Board [Ts 9s 7s Kh 4d]
SECOND Board [Ts 9s 7s Kh Kd]
Seat 1: jeffy27dt1 folded before Flop (didn't bet)
Seat 2: luludd660 showed [Qc Jd] and won ($53.36) with a straight, Nine to King, and won ($53.36) with a straight, Nine to King
Seat 3: janarr5 (button) showed [Qs Qd] and lost with a pair of Queens, and lost with two pair, Kings and Queens
Seat 4: peak joker33 (small blind) folded before Flop
Seat 5: AlexEliseev7 (big blind) folded before Flop
Seat 6: Melenya folded before Flop (didn't bet)



PokerStars Hand #254495878292:  Hold'em No Limit ($0.50/$1.00 USD) - 2025/01/22 7:27:12 WET [2025/01/22 2:27:12 ET]
Table 'Richilde III' 6-max Seat #4 is the button
Seat 1: jeffy27dt1 ($113.03 in chips) 
Seat 2: luludd660 ($106.72 in chips) 
Seat 3: janarr5 ($136.89 in chips) 
Seat 4: peak joker33 ($102.25 in chips) 
Seat 5: AlexEliseev7 ($110.15 in chips) 
Seat 6: Melenya ($132.55 in chips) 
AlexEliseev7: posts small blind $0.50
Melenya: posts big blind $1
*** HOLE CARDS ***
jeffy27dt1: raises $1.50 to $2.50
luludd660: folds 
janarr5: folds 
peak joker33: folds 
AlexEliseev7: folds 
Melenya: folds 
Uncalled bet ($1.50) returned to jeffy27dt1
jeffy27dt1 collected $2.50 from pot
jeffy27dt1: doesn't show hand 
*** SUMMARY ***
Total pot $2.50 | Rake $0 
Seat 1: jeffy27dt1 collected ($2.50)
Seat 2: luludd660 folded before Flop (didn't bet)
Seat 3: janarr5 folded before Flop (didn't bet)
Seat 4: peak joker33 (button) folded before Flop (didn't bet)
Seat 5: AlexEliseev7 (small blind) folded before Flop
Seat 6: Melenya (big blind) folded before Flop



PokerStars Hand #254495553686:  Hold'em No Limit ($0.50/$1.00 USD) - 2025/01/22 6:07:31 WET [2025/01/22 1:07:31 ET]
Table 'Richilde III' 6-max Seat #5 is the button
Seat 1: Pon4uk.ua ($106.19 in chips) 
Seat 2: ptolejmus ($20.72 in chips) 
Seat 3: Fold Your Cats ($100.50 in chips) 
Seat 4: maasss ($78.58 in chips) 
Seat 5: AlexEliseev7 ($100 in chips) 
Seat 6: Melenya ($103.18 in chips) 
Melenya: posts small blind $0.50
Pon4uk.ua: posts big blind $1
*** HOLE CARDS ***
ptolejmus: folds 
Fold Your Cats: folds 
maasss: folds 
AlexEliseev7: raises $1.50 to $2.50
Melenya: folds 
Pon4uk.ua: folds 
Uncalled bet ($1.50) returned to AlexEliseev7
AlexEliseev7 collected $2.50 from pot
AlexEliseev7: doesn't show hand 
*** SUMMARY ***
Total pot $2.50 | Rake $0 
Seat 1: Pon4uk.ua (big blind) folded before Flop
Seat 2: ptolejmus folded before Flop (didn't bet)
Seat 3: Fold Your Cats folded before Flop (didn't bet)
Seat 4: maasss folded before Flop (didn't bet)
Seat 5: AlexEliseev7 (button) collected ($2.50)
Seat 6: Melenya (small blind) folded before Flop



PokerStars Hand #254495555688:  Hold'em No Limit ($0.50/$1.00 USD) - 2025/01/22 6:07:59 WET [2025/01/22 1:07:59 ET]
Table 'Richilde III' 6-max Seat #6 is the button
Seat 1: Pon4uk.ua ($105.19 in chips) 
Seat 2: ptolejmus ($20.72 in chips) 
Seat 3: Fold Your Cats ($100.50 in chips) 
Seat 4: maasss ($78.58 in chips) 
Seat 5: AlexEliseev7 ($101.50 in chips) 
Seat 6: Melenya ($102.68 in chips) 
Pon4uk.ua: posts small blind $0.50
ptolejmus: posts big blind $1
*** HOLE CARDS ***
Fold Your Cats: folds 
maasss: raises $2 to $3
AlexEliseev7: folds 
Melenya: folds 
Pon4uk.ua: folds 
ptolejmus: folds 
Uncalled bet ($2) returned to maasss
maasss collected $2.50 from pot
*** SUMMARY ***
Total pot $2.50 | Rake $0 
Seat 1: Pon4uk.ua (small blind) folded before Flop
Seat 2: ptolejmus (big blind) folded before Flop
Seat 3: Fold Your Cats folded before Flop (didn't bet)
Seat 4: maasss collected ($2.50)
Seat 5: AlexEliseev7 folded before Flop (didn't bet)
Seat 6: Melenya (button) folded before Flop (didn't bet)



PokerStars Hand #254495558278:  Hold'em No Limit ($0.50/$1.00 USD) - 2025/01/22 6:08:35 WET [2025/01/22 1:08:35 ET]
Table 'Richilde III' 6-max Seat #1 is the button
Seat 1: Pon4uk.ua ($104.69 in chips) 
Seat 2: ptolejmus ($19.72 in chips) 
Seat 3: Fold Your Cats ($100.50 in chips) 
Seat 4: maasss ($80.08 in chips) 
Seat 5: AlexEliseev7 ($101.50 in chips) 
Seat 6: Melenya ($102.68 in chips) 
ptolejmus: posts small blind $0.50
Fold Your Cats: posts big blind $1
*** HOLE CARDS ***
maasss: raises $2 to $3
AlexEliseev7: raises $6 to $9
Melenya: folds 
Pon4uk.ua: folds 
ptolejmus: folds 
Fold Your Cats: folds 
maasss: calls $6
*** FLOP *** [Ah 4s 6h]
maasss: checks 
AlexEliseev7: bets $6.11
maasss: folds 
Uncalled bet ($6.11) returned to AlexEliseev7
AlexEliseev7 collected $18.52 from pot
AlexEliseev7: doesn't show hand 
*** SUMMARY ***
Total pot $19.50 | Rake $0.98 
Board [Ah 4s 6h]
Seat 1: Pon4uk.ua (button) folded before Flop (didn't bet)
Seat 2: ptolejmus (small blind) folded before Flop
Seat 3: Fold Your Cats (big blind) folded before Flop
Seat 4: maasss folded on the Flop
Seat 5: AlexEliseev7 collected ($18.52)
Seat 6: Melenya folded before Flop (didn't bet)



PokerStars Hand #254495562040:  Hold'em No Limit ($0.50/$1.00 USD) - 2025/01/22 6:09:26 WET [2025/01/22 1:09:26 ET]
Table 'Richilde III' 6-max Seat #2 is the button
Seat 1: Pon4uk.ua ($104.69 in chips) 
Seat 2: ptolejmus ($19.22 in chips) 
Seat 3: Fold Your Cats ($100 in chips) 
Seat 4: maasss ($71.08 in chips) 
Seat 5: AlexEliseev7 ($111.02 in chips) 
Seat 6: Melenya ($102.68 in chips) 
Fold Your Cats: posts small blind $0.50
maasss: posts big blind $1
*** HOLE CARDS ***
AlexEliseev7: raises $1.50 to $2.50
Melenya: folds 
Pon4uk.ua: folds 
ptolejmus: folds 
Fold Your Cats: folds 
maasss: calls $1.50
*** FLOP *** [5c Qc 4c]
maasss: checks 
AlexEliseev7: bets $1.72
maasss: calls $1.72
*** TURN *** [5c Qc 4c] [9s]
maasss: checks 
AlexEliseev7: bets $6.62
maasss: calls $6.62
*** RIVER *** [5c Qc 4c 9s] [Ad]
maasss: bets $10.54
AlexEliseev7: calls $10.54
*** SHOW DOWN ***
maasss: shows [8c 4s] (a pair of Fours)
AlexEliseev7: shows [Kc Qs] (a pair of Queens)
AlexEliseev7 collected $41.10 from pot
*** SUMMARY ***
Total pot $43.26 | Rake $2.16 
Board [5c Qc 4c 9s Ad]
Seat 1: Pon4uk.ua folded before Flop (didn't bet)
Seat 2: ptolejmus (button) folded before Flop (didn't bet)
Seat 3: Fold Your Cats (small blind) folded before Flop
Seat 4: maasss (big blind) showed [8c 4s] and lost with a pair of Fours
Seat 5: AlexEliseev7 showed [Kc Qs] and won ($41.10) with a pair of Queens
Seat 6: Melenya folded before Flop (didn't bet)



PokerStars Hand #254495566520:  Hold'em No Limit ($0.50/$1.00 USD) - 2025/01/22 6:10:31 WET [2025/01/22 1:10:31 ET]
Table 'Richilde III' 6-max Seat #3 is the button
Seat 1: Pon4uk.ua ($104.69 in chips) 
Seat 2: ptolejmus ($19.22 in chips) 
Seat 3: Fold Your Cats ($100 in chips) 
Seat 4: maasss ($49.70 in chips) 
Seat 5: AlexEliseev7 ($130.74 in chips) 
Seat 6: Melenya ($102.68 in chips) 
maasss: posts small blind $0.50
AlexEliseev7: posts big blind $1
*** HOLE CARDS ***
Melenya: folds 
Pon4uk.ua: folds 
ptolejmus: raises $1 to $2
Fold Your Cats: folds 
maasss: calls $1.50
AlexEliseev7: calls $1
*** FLOP *** [7s Tc 6h]
maasss: bets $2.85
AlexEliseev7: folds 
ptolejmus: raises $14.37 to $17.22 and is all-in
maasss: calls $14.37
*** TURN *** [7s Tc 6h] [7d]
*** RIVER *** [7s Tc 6h 7d] [Jh]
*** SHOW DOWN ***
maasss: shows [9s 7h] (three of a kind, Sevens)
ptolejmus: shows [Th Ks] (two pair, Tens and Sevens)
maasss cashed out the hand for $12.41 | Cash Out Fee $0.25
*** SUMMARY ***
Total pot $40.44 | Rake $2.02 
Board [7s Tc 6h 7d Jh]
Seat 1: Pon4uk.ua folded before Flop (didn't bet)
Seat 2: ptolejmus showed [Th Ks] and lost with two pair, Tens and Sevens
Seat 3: Fold Your Cats (button) folded before Flop (didn't bet)
Seat 4: maasss (small blind) showed [9s 7h] and won ($38.42) with three of a kind, Sevens (pot not awarded as player cashed out)
Seat 5: AlexEliseev7 (big blind) folded on the Flop
Seat 6: Melenya folded before Flop (didn't bet)



PokerStars Hand #254495571286:  Hold'em No Limit ($0.50/$1.00 USD) - 2025/01/22 6:11:39 WET [2025/01/22 1:11:39 ET]
Table 'Richilde III' 6-max Seat #4 is the button
Seat 1: Pon4uk.ua ($104.69 in chips) 
Seat 2: ptolejmus ($10 in chips) 
Seat 3: Fold Your Cats ($100 in chips) 
Seat 4: maasss ($42.89 in chips) 
Seat 5: AlexEliseev7 ($128.74 in chips) 
Seat 6: Melenya ($102.68 in chips) 
AlexEliseev7: posts small blind $0.50
Melenya: posts big blind $1
*** HOLE CARDS ***
Pon4uk.ua: folds 
ptolejmus: folds 
Fold Your Cats: folds 
maasss: raises $2.50 to $3.50
AlexEliseev7: folds 
Melenya: folds 
Uncalled bet ($2.50) returned to maasss
maasss collected $2.50 from pot
*** SUMMARY ***
Total pot $2.50 | Rake $0 
Seat 1: Pon4uk.ua folded before Flop (didn't bet)
Seat 2: ptolejmus folded before Flop (didn't bet)
Seat 3: Fold Your Cats folded before Flop (didn't bet)
Seat 4: maasss (button) collected ($2.50)
Seat 5: AlexEliseev7 (small blind) folded before Flop
Seat 6: Melenya (big blind) folded before Flop



PokerStars Hand #254495572630:  Hold'em No Limit ($0.50/$1.00 USD) - 2025/01/22 6:11:58 WET [2025/01/22 1:11:58 ET]
Table 'Richilde III' 6-max Seat #5 is the button
Seat 1: Pon4uk.ua ($104.69 in chips) 
Seat 2: ptolejmus ($10 in chips) 
Seat 3: Fold Your Cats ($100 in chips) 
Seat 4: maasss ($44.39 in chips) 
Seat 5: AlexEliseev7 ($128.24 in chips) 
Seat 6: Melenya ($101.68 in chips) 
Melenya: posts small blind $0.50
Pon4uk.ua: posts big blind $1
*** HOLE CARDS ***
ptolejmus: folds 
Fold Your Cats: folds 
maasss: raises $1 to $2
AlexEliseev7: folds 
Melenya: folds 
Pon4uk.ua: calls $1
*** FLOP *** [Ac 4s 8d]
Pon4uk.ua: checks 
maasss: bets $4.28
Pon4uk.ua: folds 
Uncalled bet ($4.28) returned to maasss
maasss collected $4.28 from pot
*** SUMMARY ***
Total pot $4.50 | Rake $0.22 
Board [Ac 4s 8d]
Seat 1: Pon4uk.ua (big blind) folded on the Flop
Seat 2: ptolejmus folded before Flop (didn't bet)
Seat 3: Fold Your Cats folded before Flop (didn't bet)
Seat 4: maasss collected ($4.28)
Seat 5: AlexEliseev7 (button) folded before Flop (didn't bet)
Seat 6: Melenya (small blind) folded before Flop



PokerStars Hand #254495575042:  Hold'em No Limit ($0.50/$1.00 USD) - 2025/01/22 6:12:31 WET [2025/01/22 1:12:31 ET]
Table 'Richilde III' 6-max Seat #6 is the button
Seat 1: Pon4uk.ua ($102.69 in chips) 
Seat 2: ptolejmus ($10 in chips) 
Seat 3: Fold Your Cats ($100 in chips) 
Seat 4: maasss ($46.67 in chips) 
Seat 5: AlexEliseev7 ($128.24 in chips) 
Seat 6: Melenya ($101.18 in chips) 
Pon4uk.ua: posts small blind $0.50
ptolejmus: posts big blind $1
*** HOLE CARDS ***
Fold Your Cats: raises $1.50 to $2.50
maasss: calls $2.50
AlexEliseev7: folds 
Melenya: folds 
Pon4uk.ua: folds 
ptolejmus: raises $7.50 to $10 and is all-in
Fold Your Cats: calls $7.50
maasss: calls $7.50
*** FLOP *** [Tc 5c 8d]
maasss is disconnected 
Fold Your Cats: bets $43.47
maasss is connected 
maasss: folds 
Uncalled bet ($43.47) returned to Fold Your Cats
*** FIRST TURN *** [Tc 5c 8d] [9c]
*** FIRST RIVER *** [Tc 5c 8d 9c] [5d]
*** SECOND TURN *** [Tc 5c 8d] [2h]
*** SECOND RIVER *** [Tc 5c 8d 2h] [3c]
*** FIRST SHOW DOWN ***
ptolejmus: shows [Kh As] (a pair of Fives)
Fold Your Cats: shows [Kc Jc] (a flush, King high)
Fold Your Cats collected $14.49 from pot
*** SECOND SHOW DOWN ***
ptolejmus: shows [Kh As] (high card Ace)
Fold Your Cats: shows [Kc Jc] (a flush, King high)
Fold Your Cats collected $14.49 from pot
*** SUMMARY ***
Total pot $30.50 | Rake $1.52 
Hand was run twice
FIRST Board [Tc 5c 8d 9c 5d]
SECOND Board [Tc 5c 8d 2h 3c]
Seat 1: Pon4uk.ua (small blind) folded before Flop
Seat 2: ptolejmus (big blind) showed [Kh As] and lost with a pair of Fives, and lost with high card Ace
Seat 3: Fold Your Cats showed [Kc Jc] and won ($14.49) with a flush, King high, and won ($14.49) with a flush, King high
Seat 4: maasss folded on the Flop
Seat 5: AlexEliseev7 folded before Flop (didn't bet)
Seat 6: Melenya (button) folded before Flop (didn't bet)



PokerStars Hand #254495586338:  Hold'em No Limit ($0.50/$1.00 USD) - 2025/01/22 6:15:08 WET [2025/01/22 1:15:08 ET]
Table 'Richilde III' 6-max Seat #1 is the button
Seat 1: Pon4uk.ua ($102.19 in chips) 
Seat 2: ptolejmus ($10 in chips) 
Seat 3: Fold Your Cats ($118.98 in chips) 
Seat 4: maasss ($36.67 in chips) 
Seat 5: AlexEliseev7 ($128.24 in chips) 
Seat 6: Melenya ($101.18 in chips) 
ptolejmus: posts small blind $0.50
Fold Your Cats: posts big blind $1
*** HOLE CARDS ***
maasss: calls $1
AlexEliseev7: folds 
Melenya: folds 
Pon4uk.ua: folds 
ptolejmus: calls $0.50
Fold Your Cats: checks 
*** FLOP *** [As 7c 9d]
ptolejmus: checks 
Fold Your Cats: checks 
maasss: bets $1
ptolejmus: folds 
Fold Your Cats: folds 
Uncalled bet ($1) returned to maasss
maasss collected $2.85 from pot
*** SUMMARY ***
Total pot $3 | Rake $0.15 
Board [As 7c 9d]
Seat 1: Pon4uk.ua (button) folded before Flop (didn't bet)
Seat 2: ptolejmus (small blind) folded on the Flop
Seat 3: Fold Your Cats (big blind) folded on the Flop
Seat 4: maasss collected ($2.85)
Seat 5: AlexEliseev7 folded before Flop (didn't bet)
Seat 6: Melenya folded before Flop (didn't bet)



PokerStars Hand #254495590394:  Hold'em No Limit ($0.50/$1.00 USD) - 2025/01/22 6:16:05 WET [2025/01/22 1:16:05 ET]
Table 'Richilde III' 6-max Seat #2 is the button
Seat 1: Pon4uk.ua ($102.19 in chips) 
Seat 2: ptolejmus ($10 in chips) 
Seat 3: Fold Your Cats ($117.98 in chips) 
Seat 4: maasss ($38.52 in chips) 
Seat 5: AlexEliseev7 ($128.24 in chips) 
Seat 6: Melenya ($101.18 in chips) 
Fold Your Cats: posts small blind $0.50
maasss: posts big blind $1
*** HOLE CARDS ***
AlexEliseev7: raises $1.50 to $2.50
Melenya: folds 
Pon4uk.ua: folds 
ptolejmus: folds 
Fold Your Cats: folds 
maasss: calls $1.50
*** FLOP *** [6d 6c 4s]
maasss: bets $36.02 and is all-in
AlexEliseev7: folds 
Uncalled bet ($36.02) returned to maasss
maasss collected $5.22 from pot
*** SUMMARY ***
Total pot $5.50 | Rake $0.28 
Board [6d 6c 4s]
Seat 1: Pon4uk.ua folded before Flop (didn't bet)
Seat 2: ptolejmus (button) folded before Flop (didn't bet)
Seat 3: Fold Your Cats (small blind) folded before Flop
Seat 4: maasss (big blind) collected ($5.22)
Seat 5: AlexEliseev7 folded on the Flop
Seat 6: Melenya folded before Flop (didn't bet)



PokerStars Hand #254495592261:  Hold'em No Limit ($0.50/$1.00 USD) - 2025/01/22 6:16:31 WET [2025/01/22 1:16:31 ET]
Table 'Richilde III' 6-max Seat #3 is the button
Seat 1: Pon4uk.ua ($102.19 in chips) 
Seat 2: ptolejmus ($10 in chips) 
Seat 3: Fold Your Cats ($117.48 in chips) 
Seat 4: maasss ($41.24 in chips) 
Seat 5: AlexEliseev7 ($125.74 in chips) 
Seat 6: Melenya ($101.18 in chips) 
maasss: posts small blind $0.50
AlexEliseev7: posts big blind $1
*** HOLE CARDS ***
Melenya: folds 
Pon4uk.ua: raises $1 to $2
ptolejmus: folds 
Fold Your Cats: folds 
maasss: calls $1.50
AlexEliseev7: calls $1
*** FLOP *** [4c As 8d]
maasss: checks 
AlexEliseev7: checks 
Pon4uk.ua: bets $2
maasss: folds 
AlexEliseev7: calls $2
*** TURN *** [4c As 8d] [9c]
AlexEliseev7: checks 
Pon4uk.ua: bets $7.13
AlexEliseev7: raises $18.53 to $25.66
Pon4uk.ua: folds 
Uncalled bet ($18.53) returned to AlexEliseev7
AlexEliseev7 collected $23.05 from pot
AlexEliseev7: doesn't show hand 
*** SUMMARY ***
Total pot $24.26 | Rake $1.21 
Board [4c As 8d 9c]
Seat 1: Pon4uk.ua folded on the Turn
Seat 2: ptolejmus folded before Flop (didn't bet)
Seat 3: Fold Your Cats (button) folded before Flop (didn't bet)
Seat 4: maasss (small blind) folded on the Flop
Seat 5: AlexEliseev7 (big blind) collected ($23.05)
Seat 6: Melenya folded before Flop (didn't bet)



PokerStars Hand #254495596717:  Hold'em No Limit ($0.50/$1.00 USD) - 2025/01/22 6:17:33 WET [2025/01/22 1:17:33 ET]
Table 'Richilde III' 6-max Seat #4 is the button
Seat 1: Pon4uk.ua ($100 in chips) 
Seat 2: ptolejmus ($10 in chips) 
Seat 3: Fold Your Cats ($117.48 in chips) 
Seat 4: maasss ($39.24 in chips) 
Seat 5: AlexEliseev7 ($137.66 in chips) 
Seat 6: Melenya ($101.18 in chips) 
AlexEliseev7: posts small blind $0.50
Melenya: posts big blind $1
*** HOLE CARDS ***
Pon4uk.ua: folds 
ptolejmus: folds 
Fold Your Cats: raises $1.50 to $2.50
maasss: calls $2.50
AlexEliseev7: folds 
Melenya: folds 
*** FLOP *** [Qc 7h 5h]
Fold Your Cats: bets $4.64
maasss: calls $4.64
*** TURN *** [Qc 7h 5h] [9c]
Fold Your Cats: checks 
maasss: bets $32.10 and is all-in
Fold Your Cats: calls $32.10
*** RIVER *** [Qc 7h 5h 9c] [7s]
*** SHOW DOWN ***
Fold Your Cats: shows [Kh Ks] (two pair, Kings and Sevens)
maasss: shows [7c Qs] (a full house, Sevens full of Queens)
maasss collected $77.48 from pot
*** SUMMARY ***
Total pot $79.98 | Rake $2.50 
Board [Qc 7h 5h 9c 7s]
Seat 1: Pon4uk.ua folded before Flop (didn't bet)
Seat 2: ptolejmus folded before Flop (didn't bet)
Seat 3: Fold Your Cats showed [Kh Ks] and lost with two pair, Kings and Sevens
Seat 4: maasss (button) showed [7c Qs] and won ($77.48) with a full house, Sevens full of Queens
Seat 5: AlexEliseev7 (small blind) folded before Flop
Seat 6: Melenya (big blind) folded before Flop



PokerStars Hand #254495601315:  Hold'em No Limit ($0.50/$1.00 USD) - 2025/01/22 6:18:38 WET [2025/01/22 1:18:38 ET]
Table 'Richilde III' 6-max Seat #5 is the button
Seat 1: Pon4uk.ua ($100 in chips) 
Seat 2: ptolejmus ($10 in chips) 
Seat 3: Fold Your Cats ($100 in chips) 
Seat 4: maasss ($77.48 in chips) 
Seat 5: AlexEliseev7 ($137.16 in chips) 
Seat 6: Melenya ($100.18 in chips) 
Melenya: posts small blind $0.50
Pon4uk.ua: posts big blind $1
*** HOLE CARDS ***
ptolejmus: raises $1 to $2
Fold Your Cats: folds 
maasss: calls $2
AlexEliseev7: folds 
Melenya: folds 
Pon4uk.ua: calls $1
*** FLOP *** [9c 5h Kc]
Pon4uk.ua: checks 
ptolejmus: checks 
maasss: checks 
*** TURN *** [9c 5h Kc] [8d]
Pon4uk.ua: bets $3
ptolejmus: raises $5 to $8 and is all-in
maasss: folds 
Pon4uk.ua: folds 
Uncalled bet ($5) returned to ptolejmus
ptolejmus collected $11.88 from pot
*** SUMMARY ***
Total pot $12.50 | Rake $0.62 
Board [9c 5h Kc 8d]
Seat 1: Pon4uk.ua (big blind) folded on the Turn
Seat 2: ptolejmus collected ($11.88)
Seat 3: Fold Your Cats folded before Flop (didn't bet)
Seat 4: maasss folded on the Turn
Seat 5: AlexEliseev7 (button) folded before Flop (didn't bet)
Seat 6: Melenya (small blind) folded before Flop



PokerStars Hand #254495606656:  Hold'em No Limit ($0.50/$1.00 USD) - 2025/01/22 6:19:54 WET [2025/01/22 1:19:54 ET]
Table 'Richilde III' 6-max Seat #6 is the button
Seat 1: Pon4uk.ua ($100 in chips) 
Seat 2: ptolejmus ($16.88 in chips) 
Seat 3: Fold Your Cats ($100 in chips) 
Seat 4: maasss ($75.48 in chips) 
Seat 5: AlexEliseev7 ($137.16 in chips) 
Seat 6: Melenya ($100 in chips) 
Pon4uk.ua: posts small blind $0.50
ptolejmus: posts big blind $1
*** HOLE CARDS ***
Fold Your Cats: folds 
maasss: raises $2 to $3
AlexEliseev7: folds 
Melenya: folds 
Pon4uk.ua: folds 
ptolejmus: calls $2
*** FLOP *** [6d 9d 9c]
ptolejmus: checks 
maasss: bets $6.18
ptolejmus: folds 
Uncalled bet ($6.18) returned to maasss
maasss collected $6.18 from pot
*** SUMMARY ***
Total pot $6.50 | Rake $0.32 
Board [6d 9d 9c]
Seat 1: Pon4uk.ua (small blind) folded before Flop
Seat 2: ptolejmus (big blind) folded on the Flop
Seat 3: Fold Your Cats folded before Flop (didn't bet)
Seat 4: maasss collected ($6.18)
Seat 5: AlexEliseev7 folded before Flop (didn't bet)
Seat 6: Melenya (button) folded before Flop (didn't bet)



PokerStars Hand #254495608914:  Hold'em No Limit ($0.50/$1.00 USD) - 2025/01/22 6:20:26 WET [2025/01/22 1:20:26 ET]
Table 'Richilde III' 6-max Seat #1 is the button
Seat 1: Pon4uk.ua ($100 in chips) 
Seat 2: ptolejmus ($13.88 in chips) 
Seat 3: Fold Your Cats ($100 in chips) 
Seat 4: maasss ($78.66 in chips) 
Seat 5: AlexEliseev7 ($137.16 in chips) 
Seat 6: Melenya ($100 in chips) 
ptolejmus: posts small blind $0.50
Fold Your Cats: posts big blind $1
*** HOLE CARDS ***
maasss: calls $1
AlexEliseev7: folds 
Melenya: raises $3 to $4
Pon4uk.ua: folds 
ptolejmus: folds 
Fold Your Cats: raises $10 to $14
maasss: folds 
Melenya: folds 
Uncalled bet ($10) returned to Fold Your Cats
Fold Your Cats collected $9.50 from pot
Fold Your Cats: doesn't show hand 
*** SUMMARY ***
Total pot $9.50 | Rake $0 
Seat 1: Pon4uk.ua (button) folded before Flop (didn't bet)
Seat 2: ptolejmus (small blind) folded before Flop
Seat 3: Fold Your Cats (big blind) collected ($9.50)
Seat 4: maasss folded before Flop
Seat 5: AlexEliseev7 folded before Flop (didn't bet)
Seat 6: Melenya folded before Flop



PokerStars Hand #254495612756:  Hold'em No Limit ($0.50/$1.00 USD) - 2025/01/22 6:21:21 WET [2025/01/22 1:21:21 ET]
Table 'Richilde III' 6-max Seat #2 is the button
Seat 1: Pon4uk.ua ($100 in chips) 
Seat 2: ptolejmus ($13.38 in chips) 
Seat 3: Fold Your Cats ($105.50 in chips) 
Seat 4: maasss ($77.66 in chips) 
Seat 5: AlexEliseev7 ($137.16 in chips) 
Seat 6: Melenya ($100 in chips) 
Fold Your Cats: posts small blind $0.50
maasss: posts big blind $1
*** HOLE CARDS ***
AlexEliseev7: folds 
Melenya: folds 
Pon4uk.ua: folds 
ptolejmus: folds 
Fold Your Cats: raises $2 to $3
maasss: calls $2
*** FLOP *** [5c 4s Tc]
Fold Your Cats: bets $3.02
maasss: raises $11.74 to $14.76
Fold Your Cats: folds 
Uncalled bet ($11.74) returned to maasss
maasss collected $11.44 from pot
*** SUMMARY ***
Total pot $12.04 | Rake $0.60 
Board [5c 4s Tc]
Seat 1: Pon4uk.ua folded before Flop (didn't bet)
Seat 2: ptolejmus (button) folded before Flop (didn't bet)
Seat 3: Fold Your Cats (small blind) folded on the Flop
Seat 4: maasss (big blind) collected ($11.44)
Seat 5: AlexEliseev7 folded before Flop (didn't bet)
Seat 6: Melenya folded before Flop (didn't bet)



PokerStars Hand #254495615135:  Hold'em No Limit ($0.50/$1.00 USD) - 2025/01/22 6:21:55 WET [2025/01/22 1:21:55 ET]
Table 'Richilde III' 6-max Seat #3 is the button
Seat 1: Pon4uk.ua ($100 in chips) 
Seat 2: ptolejmus ($13.38 in chips) 
Seat 3: Fold Your Cats ($100 in chips) 
Seat 4: maasss ($83.08 in chips) 
Seat 5: AlexEliseev7 ($137.16 in chips) 
Seat 6: Melenya ($100 in chips) 
maasss: posts small blind $0.50
AlexEliseev7: posts big blind $1
*** HOLE CARDS ***
Melenya: raises $1 to $2
Pon4uk.ua: folds 
ptolejmus: folds 
Fold Your Cats: raises $5 to $7
maasss: calls $6.50
AlexEliseev7: folds 
Melenya: calls $5
*** FLOP *** [Qs 6d 2s]
maasss: checks 
Melenya: checks 
Fold Your Cats: checks 
*** TURN *** [Qs 6d 2s] [Th]
maasss: checks 
Melenya: checks 
Fold Your Cats: bets $11.08
maasss: raises $43.06 to $54.14
Melenya: folds 
Fold Your Cats: folds 
Uncalled bet ($43.06) returned to maasss
maasss collected $41.95 from pot
*** SUMMARY ***
Total pot $44.16 | Rake $2.21 
Board [Qs 6d 2s Th]
Seat 1: Pon4uk.ua folded before Flop (didn't bet)
Seat 2: ptolejmus folded before Flop (didn't bet)
Seat 3: Fold Your Cats (button) folded on the Turn
Seat 4: maasss (small blind) collected ($41.95)
Seat 5: AlexEliseev7 (big blind) folded before Flop
Seat 6: Melenya folded on the Turn



PokerStars Hand #254495620024:  Hold'em No Limit ($0.50/$1.00 USD) - 2025/01/22 6:23:05 WET [2025/01/22 1:23:05 ET]
Table 'Richilde III' 6-max Seat #4 is the button
Seat 6: Melenya ($100 in chips) is sitting out
Seat 1: Pon4uk.ua ($100 in chips) 
Seat 2: ptolejmus ($13.38 in chips) 
Seat 3: Fold Your Cats ($100 in chips) 
Seat 4: maasss ($106.95 in chips) 
Seat 5: AlexEliseev7 ($136.16 in chips) 
AlexEliseev7: posts small blind $0.50
Melenya: is sitting out 
Pon4uk.ua: posts big blind $1
*** HOLE CARDS ***
ptolejmus: raises $1 to $2
Fold Your Cats: folds 
maasss: calls $2
AlexEliseev7: folds 
Pon4uk.ua: folds 
*** FLOP *** [4h Jh 8h]
ptolejmus: bets $1.41
maasss: calls $1.41
*** TURN *** [4h Jh 8h] [4c]
ptolejmus: bets $2.13
maasss: calls $2.13
*** RIVER *** [4h Jh 8h 4c] [9c]
ptolejmus: bets $7.84 and is all-in
maasss: folds 
Uncalled bet ($7.84) returned to ptolejmus
ptolejmus collected $11.95 from pot
*** SUMMARY ***
Total pot $12.58 | Rake $0.63 
Board [4h Jh 8h 4c 9c]
Seat 6: Melenya
Seat 1: Pon4uk.ua (big blind) folded before Flop
Seat 2: ptolejmus collected ($11.95)
Seat 3: Fold Your Cats folded before Flop (didn't bet)
Seat 4: maasss (button) folded on the River
Seat 5: AlexEliseev7 (small blind) folded before Flop



PokerStars Hand #254495624881:  Hold'em No Limit ($0.50/$1.00 USD) - 2025/01/22 6:24:15 WET [2025/01/22 1:24:15 ET]
Table 'Richilde III' 6-max Seat #5 is the button
Seat 6: Melenya ($100 in chips) is sitting out
Seat 1: Pon4uk.ua ($100 in chips) 
Seat 2: ptolejmus ($19.79 in chips) 
Seat 3: Fold Your Cats ($100 in chips) 
Seat 4: maasss ($101.41 in chips) 
Seat 5: AlexEliseev7 ($135.66 in chips) 
Pon4uk.ua: posts small blind $0.50
ptolejmus: posts big blind $1
*** HOLE CARDS ***
Fold Your Cats: raises $1.50 to $2.50
maasss: folds 
AlexEliseev7: folds 
Pon4uk.ua: folds 
ptolejmus: folds 
Uncalled bet ($1.50) returned to Fold Your Cats
Fold Your Cats collected $2.50 from pot
Fold Your Cats: doesn't show hand 
*** SUMMARY ***
Total pot $2.50 | Rake $0 
Seat 6: Melenya
Seat 1: Pon4uk.ua (small blind) folded before Flop
Seat 2: ptolejmus (big blind) folded before Flop
Seat 3: Fold Your Cats collected ($2.50)
Seat 4: maasss folded before Flop (didn't bet)
Seat 5: AlexEliseev7 (button) folded before Flop (didn't bet)



PokerStars Hand #254495625893:  Hold'em No Limit ($0.50/$1.00 USD) - 2025/01/22 6:24:30 WET [2025/01/22 1:24:30 ET]
Table 'Richilde III' 6-max Seat #1 is the button
Seat 6: Melenya ($100 in chips) is sitting out
Seat 1: Pon4uk.ua ($100 in chips) 
Seat 2: ptolejmus ($18.79 in chips) 
Seat 3: Fold Your Cats ($101.50 in chips) 
Seat 4: maasss ($101.41 in chips) 
Seat 5: AlexEliseev7 ($135.66 in chips) 
ptolejmus: posts small blind $0.50
Fold Your Cats: posts big blind $1
*** HOLE CARDS ***
maasss has timed out
maasss: folds 
AlexEliseev7: folds 
Pon4uk.ua: folds 
ptolejmus: raises $1.50 to $2.50
Fold Your Cats: folds 
Uncalled bet ($1.50) returned to ptolejmus
ptolejmus collected $2 from pot
*** SUMMARY ***
Total pot $2 | Rake $0 
Seat 6: Melenya
Seat 1: Pon4uk.ua (button) folded before Flop (didn't bet)
Seat 2: ptolejmus (small blind) collected ($2)
Seat 3: Fold Your Cats (big blind) folded before Flop
Seat 4: maasss folded before Flop (didn't bet)
Seat 5: AlexEliseev7 folded before Flop (didn't bet)



PokerStars Hand #254495629759:  Hold'em No Limit ($0.50/$1.00 USD) - 2025/01/22 6:25:25 WET [2025/01/22 1:25:25 ET]
Table 'Richilde III' 6-max Seat #2 is the button
Seat 4: maasss ($101.41 in chips) is sitting out
Seat 6: Melenya ($100 in chips) is sitting out
Seat 1: Pon4uk.ua ($100 in chips) 
Seat 2: ptolejmus ($19.79 in chips) 
Seat 3: Fold Your Cats ($100.50 in chips) 
Seat 5: AlexEliseev7 ($135.66 in chips) 
Fold Your Cats: posts small blind $0.50
AlexEliseev7: posts big blind $1
*** HOLE CARDS ***
Pon4uk.ua: folds 
ptolejmus: raises $1 to $2
Fold Your Cats: folds 
AlexEliseev7: calls $1
*** FLOP *** [As 3h 4h]
AlexEliseev7: checks 
ptolejmus: checks 
*** TURN *** [As 3h 4h] [8s]
AlexEliseev7: checks 
ptolejmus: bets $1.16
AlexEliseev7: folds 
Uncalled bet ($1.16) returned to ptolejmus
ptolejmus collected $4.28 from pot
*** SUMMARY ***
Total pot $4.50 | Rake $0.22 
Board [As 3h 4h 8s]
Seat 4: maasss
Seat 6: Melenya
Seat 1: Pon4uk.ua folded before Flop (didn't bet)
Seat 2: ptolejmus (button) collected ($4.28)
Seat 3: Fold Your Cats (small blind) folded before Flop
Seat 5: AlexEliseev7 (big blind) folded on the Turn



PokerStars Hand #254495636094:  Hold'em No Limit ($0.50/$1.00 USD) - 2025/01/22 6:26:56 WET [2025/01/22 1:26:56 ET]
Table 'Richilde III' 6-max Seat #3 is the button
Seat 4: maasss ($101.41 in chips) is sitting out
Seat 1: Pon4uk.ua ($100 in chips) 
Seat 2: ptolejmus ($22.07 in chips) 
Seat 3: Fold Your Cats ($100 in chips) 
Seat 5: AlexEliseev7 ($133.66 in chips) 
Seat 6: Melenya ($100 in chips) 
AlexEliseev7: posts small blind $0.50
Melenya: posts big blind $1
*** HOLE CARDS ***
Pon4uk.ua: folds 
ptolejmus: raises $1 to $2
Fold Your Cats: folds 
AlexEliseev7: folds 
Melenya: folds 
Uncalled bet ($1) returned to ptolejmus
ptolejmus collected $2.50 from pot
*** SUMMARY ***
Total pot $2.50 | Rake $0 
Seat 4: maasss
Seat 1: Pon4uk.ua folded before Flop (didn't bet)
Seat 2: ptolejmus collected ($2.50)
Seat 3: Fold Your Cats (button) folded before Flop (didn't bet)
Seat 5: AlexEliseev7 (small blind) folded before Flop
Seat 6: Melenya (big blind) folded before Flop



PokerStars Hand #254495637975:  Hold'em No Limit ($0.50/$1.00 USD) - 2025/01/22 6:27:23 WET [2025/01/22 1:27:23 ET]
Table 'Richilde III' 6-max Seat #5 is the button
Seat 1: Pon4uk.ua ($100 in chips) 
Seat 2: ptolejmus ($23.57 in chips) 
Seat 3: Fold Your Cats ($100 in chips) 
Seat 4: maasss ($101.41 in chips) 
Seat 5: AlexEliseev7 ($133.16 in chips) 
Seat 6: Melenya ($100 in chips) 
Melenya: posts small blind $0.50
Pon4uk.ua: posts big blind $1
maasss: posts small & big blinds $1.50
*** HOLE CARDS ***
ptolejmus: folds 
Fold Your Cats: folds 
maasss: checks 
AlexEliseev7: folds 
ptolejmus leaves the table
Melenya: folds 
Pon4uk.ua: checks 
*** FLOP *** [Kd As 3s]
Pon4uk.ua: checks 
maasss: bets $2.85
p0pa4poker joins the table at seat #2 
Pon4uk.ua: folds 
Uncalled bet ($2.85) returned to maasss
maasss collected $2.85 from pot
*** SUMMARY ***
Total pot $3 | Rake $0.15 
Board [Kd As 3s]
Seat 1: Pon4uk.ua (big blind) folded on the Flop
Seat 2: ptolejmus folded before Flop (didn't bet)
Seat 3: Fold Your Cats folded before Flop (didn't bet)
Seat 4: maasss collected ($2.85)
Seat 5: AlexEliseev7 (button) folded before Flop (didn't bet)
Seat 6: Melenya (small blind) folded before Flop



PokerStars Hand #254495640182:  Hold'em No Limit ($0.50/$1.00 USD) - 2025/01/22 6:27:55 WET [2025/01/22 1:27:55 ET]
Table 'Richilde III' 6-max Seat #6 is the button
Seat 1: Pon4uk.ua ($100 in chips) 
Seat 2: p0pa4poker ($100 in chips) 
Seat 3: Fold Your Cats ($100 in chips) 
Seat 4: maasss ($102.76 in chips) 
Seat 5: AlexEliseev7 ($133.16 in chips) 
Seat 6: Melenya ($100 in chips) 
Pon4uk.ua: posts small blind $0.50
p0pa4poker: posts big blind $1
*** HOLE CARDS ***
Fold Your Cats: folds 
maasss: folds 
AlexEliseev7: folds 
Melenya: folds 
Pon4uk.ua: folds 
Uncalled bet ($0.50) returned to p0pa4poker
p0pa4poker collected $1 from pot
p0pa4poker: doesn't show hand 
*** SUMMARY ***
Total pot $1 | Rake $0 
Seat 1: Pon4uk.ua (small blind) folded before Flop
Seat 2: p0pa4poker (big blind) collected ($1)
Seat 3: Fold Your Cats folded before Flop (didn't bet)
Seat 4: maasss folded before Flop (didn't bet)
Seat 5: AlexEliseev7 folded before Flop (didn't bet)
Seat 6: Melenya (button) folded before Flop (didn't bet)



PokerStars Hand #254495641313:  Hold'em No Limit ($0.50/$1.00 USD) - 2025/01/22 6:28:11 WET [2025/01/22 1:28:11 ET]
Table 'Richilde III' 6-max Seat #1 is the button
Seat 1: Pon4uk.ua ($100 in chips) 
Seat 2: p0pa4poker ($100.50 in chips) 
Seat 3: Fold Your Cats ($100 in chips) 
Seat 4: maasss ($102.76 in chips) 
Seat 5: AlexEliseev7 ($133.16 in chips) 
Seat 6: Melenya ($100 in chips) 
p0pa4poker: posts small blind $0.50
Fold Your Cats: posts big blind $1
*** HOLE CARDS ***
maasss: folds 
AlexEliseev7: raises $1.50 to $2.50
Melenya: folds 
Pon4uk.ua: folds 
p0pa4poker: folds 
Fold Your Cats: folds 
Uncalled bet ($1.50) returned to AlexEliseev7
AlexEliseev7 collected $2.50 from pot
AlexEliseev7: doesn't show hand 
*** SUMMARY ***
Total pot $2.50 | Rake $0 
Seat 1: Pon4uk.ua (button) folded before Flop (didn't bet)
Seat 2: p0pa4poker (small blind) folded before Flop
Seat 3: Fold Your Cats (big blind) folded before Flop
Seat 4: maasss folded before Flop (didn't bet)
Seat 5: AlexEliseev7 collected ($2.50)
Seat 6: Melenya folded before Flop (didn't bet)



PokerStars Hand #254495730983:  Hold'em No Limit ($0.50/$1.00 USD) - 2025/01/22 6:49:56 WET [2025/01/22 1:49:56 ET]
Table 'Richilde III' 6-max Seat #4 is the button
Seat 1: jeffy27dt1 ($100 in chips) is sitting out
Seat 2: luludd660 ($58.53 in chips) 
Seat 3: Fold Your Cats ($124.30 in chips) 
Seat 4: peak joker33 ($102 in chips) 
Seat 5: AlexEliseev7 ($117.65 in chips) 
Seat 6: Melenya ($100 in chips) 
AlexEliseev7: posts small blind $0.50
Melenya: posts big blind $1
jeffy27dt1: sits out 
*** HOLE CARDS ***
luludd660: folds 
Fold Your Cats: folds 
peak joker33: folds 
AlexEliseev7: folds 
Uncalled bet ($0.50) returned to Melenya
Melenya collected $1 from pot
Melenya: doesn't show hand 
*** SUMMARY ***
Total pot $1 | Rake $0 
Seat 1: jeffy27dt1
Seat 2: luludd660 folded before Flop (didn't bet)
Seat 3: Fold Your Cats folded before Flop (didn't bet)
Seat 4: peak joker33 (button) folded before Flop (didn't bet)
Seat 5: AlexEliseev7 (small blind) folded before Flop
Seat 6: Melenya (big blind) collected ($1)



PokerStars Hand #254495732123:  Hold'em No Limit ($0.50/$1.00 USD) - 2025/01/22 6:50:13 WET [2025/01/22 1:50:13 ET]
Table 'Richilde III' 6-max Seat #5 is the button
Seat 1: jeffy27dt1 ($100 in chips) 
Seat 2: luludd660 ($58.53 in chips) 
Seat 3: Fold Your Cats ($124.30 in chips) 
Seat 4: peak joker33 ($102 in chips) 
Seat 5: AlexEliseev7 ($117.15 in chips) 
Seat 6: Melenya ($100.50 in chips) 
Melenya: posts small blind $0.50
jeffy27dt1: posts big blind $1
*** HOLE CARDS ***
luludd660: raises $1 to $2
Fold Your Cats: folds 
peak joker33: folds 
AlexEliseev7: folds 
Melenya: folds 
jeffy27dt1: raises $8 to $10
luludd660: folds 
Uncalled bet ($8) returned to jeffy27dt1
jeffy27dt1 collected $4.50 from pot
jeffy27dt1: doesn't show hand 
*** SUMMARY ***
Total pot $4.50 | Rake $0 
Seat 1: jeffy27dt1 (big blind) collected ($4.50)
Seat 2: luludd660 folded before Flop
Seat 3: Fold Your Cats folded before Flop (didn't bet)
Seat 4: peak joker33 folded before Flop (didn't bet)
Seat 5: AlexEliseev7 (button) folded before Flop (didn't bet)
Seat 6: Melenya (small blind) folded before Flop



PokerStars Hand #254495734063:  Hold'em No Limit ($0.50/$1.00 USD) - 2025/01/22 6:50:42 WET [2025/01/22 1:50:42 ET]
Table 'Richilde III' 6-max Seat #6 is the button
Seat 1: jeffy27dt1 ($102.50 in chips) 
Seat 2: luludd660 ($56.53 in chips) 
Seat 3: Fold Your Cats ($124.30 in chips) 
Seat 4: peak joker33 ($102 in chips) 
Seat 5: AlexEliseev7 ($117.15 in chips) 
Seat 6: Melenya ($100 in chips) 
jeffy27dt1: posts small blind $0.50
luludd660: posts big blind $1
*** HOLE CARDS ***
Fold Your Cats: folds 
peak joker33: folds 
AlexEliseev7: raises $1.50 to $2.50
Melenya: folds 
jeffy27dt1: calls $2
luludd660: folds 
*** FLOP *** [2c 6s 9h]
jeffy27dt1: checks 
AlexEliseev7: checks 
*** TURN *** [2c 6s 9h] [6c]
jeffy27dt1: bets $7.13
AlexEliseev7: folds 
Uncalled bet ($7.13) returned to jeffy27dt1
jeffy27dt1 collected $5.70 from pot
jeffy27dt1: doesn't show hand 
*** SUMMARY ***
Total pot $6 | Rake $0.30 
Board [2c 6s 9h 6c]
Seat 1: jeffy27dt1 (small blind) collected ($5.70)
Seat 2: luludd660 (big blind) folded before Flop
Seat 3: Fold Your Cats folded before Flop (didn't bet)
Seat 4: peak joker33 folded before Flop (didn't bet)
Seat 5: AlexEliseev7 folded on the Turn
Seat 6: Melenya (button) folded before Flop (didn't bet)



PokerStars Hand #254495737456:  Hold'em No Limit ($0.50/$1.00 USD) - 2025/01/22 6:51:32 WET [2025/01/22 1:51:32 ET]
Table 'Richilde III' 6-max Seat #1 is the button
Seat 3: Fold Your Cats ($124.30 in chips) is sitting out
Seat 1: jeffy27dt1 ($105.70 in chips) 
Seat 2: luludd660 ($55.53 in chips) 
Seat 4: peak joker33 ($102 in chips) 
Seat 5: AlexEliseev7 ($114.65 in chips) 
Seat 6: Melenya ($100 in chips) 
luludd660: posts small blind $0.50
Fold Your Cats: is sitting out 
peak joker33: posts big blind $1
*** HOLE CARDS ***
AlexEliseev7: folds 
Fold Your Cats leaves the table
Melenya: raises $1.30 to $2.30
jeffy27dt1: raises $5.20 to $7.50
janarr5 joins the table at seat #3 
luludd660: folds 
peak joker33: folds 
Melenya: folds 
Uncalled bet ($5.20) returned to jeffy27dt1
jeffy27dt1 collected $6.10 from pot
jeffy27dt1: doesn't show hand 
*** SUMMARY ***
Total pot $6.10 | Rake $0 
Seat 3: Fold Your Cats
Seat 1: jeffy27dt1 (button) collected ($6.10)
Seat 2: luludd660 (small blind) folded before Flop
Seat 4: peak joker33 (big blind) folded before Flop
Seat 5: AlexEliseev7 folded before Flop (didn't bet)
Seat 6: Melenya folded before Flop



PokerStars Hand #254495893545:  Hold'em No Limit ($0.50/$1.00 USD) - 2025/01/22 7:30:59 WET [2025/01/22 2:30:59 ET]
Table 'Richilde III' 6-max Seat #3 is the button
Seat 1: jeffy27dt1 ($124.67 in chips) 
Seat 3: janarr5 ($134.59 in chips) 
Seat 4: peak joker33 ($102.25 in chips) 
Seat 5: AlexEliseev7 ($109.65 in chips) 
Seat 6: Melenya ($119.96 in chips) 
peak joker33: posts small blind $0.50
AlexEliseev7: posts big blind $1
*** HOLE CARDS ***
Melenya: folds 
jeffy27dt1: folds 
janarr5: raises $1.50 to $2.50
peak joker33: folds 
AlexEliseev7: calls $1.50
*** FLOP *** [2c Kd 5s]
AlexEliseev7: checks 
janarr5: bets $1.72
AlexEliseev7: calls $1.72
*** TURN *** [2c Kd 5s] [2h]
AlexEliseev7: checks 
janarr5: bets $5.60
ddyyjj joins the table at seat #2 
ddyyjj is disconnected 
AlexEliseev7: calls $5.60
*** RIVER *** [2c Kd 5s 2h] [Ac]
AlexEliseev7: checks 
janarr5: checks 
*** SHOW DOWN ***
AlexEliseev7: shows [9c Ks] (two pair, Kings and Deuces)
janarr5: mucks hand 
AlexEliseev7 collected $19.13 from pot
*** SUMMARY ***
Total pot $20.14 | Rake $1.01 
Board [2c Kd 5s 2h Ac]
Seat 1: jeffy27dt1 folded before Flop (didn't bet)
Seat 3: janarr5 (button) mucked
Seat 4: peak joker33 (small blind) folded before Flop
Seat 5: AlexEliseev7 (big blind) showed [9c Ks] and won ($19.13) with two pair, Kings and Deuces
Seat 6: Melenya folded before Flop (didn't bet)



PokerStars Hand #254495897649:  Hold'em No Limit ($0.50/$1.00 USD) - 2025/01/22 7:31:59 WET [2025/01/22 2:31:59 ET]
Table 'Richilde III' 6-max Seat #4 is the button
Seat 1: jeffy27dt1 ($124.67 in chips) is sitting out
Seat 6: Melenya ($119.96 in chips) is sitting out
Seat 2: ddyyjj ($100 in chips) 
Seat 3: janarr5 ($124.77 in chips) 
Seat 4: peak joker33 ($101.75 in chips) 
Seat 5: AlexEliseev7 ($118.96 in chips) 
AlexEliseev7: posts small blind $0.50
Melenya: is sitting out 
jeffy27dt1: is sitting out 
ddyyjj: posts big blind $1
*** HOLE CARDS ***
janarr5: raises $1.25 to $2.25
Melenya leaves the table
peak joker33: folds 
AlexEliseev7: folds 
ddyyjj: folds 
Uncalled bet ($1.25) returned to janarr5
janarr5 collected $2.50 from pot
janarr5: doesn't show hand 
*** SUMMARY ***
Total pot $2.50 | Rake $0 
Seat 1: jeffy27dt1
Seat 6: Melenya
Seat 2: ddyyjj (big blind) folded before Flop
Seat 3: janarr5 collected ($2.50)
Seat 4: peak joker33 (button) folded before Flop (didn't bet)
Seat 5: AlexEliseev7 (small blind) folded before Flop



PokerStars Hand #254495898784:  Hold'em No Limit ($0.50/$1.00 USD) - 2025/01/22 7:32:15 WET [2025/01/22 2:32:15 ET]
Table 'Richilde III' 6-max Seat #5 is the button
Seat 1: jeffy27dt1 ($124.67 in chips) is sitting out
Seat 2: ddyyjj ($99 in chips) 
Seat 3: janarr5 ($126.27 in chips) 
Seat 4: peak joker33 ($101.75 in chips) 
Seat 5: AlexEliseev7 ($118.46 in chips) 
ddyyjj: posts small blind $0.50
janarr5: posts big blind $1
*** HOLE CARDS ***
peak joker33: folds 
AlexEliseev7: folds 
peak joker33 leaves the table
ddyyjj: raises $2 to $3
janarr5: calls $2
*** FLOP *** [Jh Ad 5s]
ddyyjj: bets $3.88
janarr5: folds 
Uncalled bet ($3.88) returned to ddyyjj
ddyyjj collected $5.70 from pot
*** SUMMARY ***
Total pot $6 | Rake $0.30 
Board [Jh Ad 5s]
Seat 1: jeffy27dt1
Seat 2: ddyyjj (small blind) collected ($5.70)
Seat 3: janarr5 (big blind) folded on the Flop
Seat 4: peak joker33 folded before Flop (didn't bet)
Seat 5: AlexEliseev7 (button) folded before Flop (didn't bet)



PokerStars Hand #254495900326:  Hold'em No Limit ($0.50/$1.00 USD) - 2025/01/22 7:32:38 WET [2025/01/22 2:32:38 ET]
Table 'Richilde III' 6-max Seat #3 is the button
Seat 1: jeffy27dt1 ($124.67 in chips) is sitting out
Seat 5: AlexEliseev7 ($118.46 in chips) is sitting out
Seat 2: ddyyjj ($101.70 in chips) 
Seat 3: janarr5 ($123.27 in chips) 
janarr5: posts small blind $0.50
AlexEliseev7: is sitting out 
ddyyjj: posts big blind $1
*** HOLE CARDS ***
janarr5: folds 
Uncalled bet ($0.50) returned to ddyyjj
AlexEliseev7 leaves the table
ddyyjj collected $1 from pot
*** SUMMARY ***
Total pot $1 | Rake $0 
Seat 1: jeffy27dt1
Seat 5: AlexEliseev7
Seat 2: ddyyjj (big blind) collected ($1)
Seat 3: janarr5 (button) (small blind) folded before Flop



PokerStars Hand #254495900816:  Hold'em No Limit ($0.50/$1.00 USD) - 2025/01/22 7:32:46 WET [2025/01/22 2:32:46 ET]
Table 'Richilde III' 6-max Seat #2 is the button
Seat 1: jeffy27dt1 ($124.67 in chips) is sitting out
Seat 2: ddyyjj ($102.20 in chips) 
Seat 3: janarr5 ($122.77 in chips) 
ddyyjj: posts small blind $0.50
janarr5: posts big blind $1
*** HOLE CARDS ***
ddyyjj: raises $2 to $3
janarr5: raises $9 to $12
ddyyjj: folds 
Uncalled bet ($9) returned to janarr5
janarr5 collected $6 from pot
janarr5: doesn't show hand 
*** SUMMARY ***
Total pot $6 | Rake $0 
Seat 1: jeffy27dt1
Seat 2: ddyyjj (button) (small blind) folded before Flop
Seat 3: janarr5 (big blind) collected ($6)



