PokerStars Hand #254498021359:  Hold'em No Limit ($0.50/$1.00 USD) - 2025/01/22 13:07:58 WET [2025/01/22 8:07:58 ET]
Table 'Alsciaukat III' 6-max Seat #1 is the button
Seat 1: joaquin612 ($10 in chips) 
Seat 3: Twistenko ($100 in chips) 
Seat 4: Tyron209 ($19.41 in chips) 
Seat 5: magzi777 ($100 in chips) 
Seat 6: ARCTlCkiss ($100 in chips) 
Twistenko: posts small blind $0.50
Tyron209: posts big blind $1
*** HOLE CARDS ***
magzi777: raises $1.50 to $2.50
ARCTlCkiss: folds 
joaquin612: folds 
Twistenko: folds 
Tyron209: calls $1.50
*** FLOP *** [8c 5h Qc]
Tyron209: checks 
magzi777: checks 
*** TURN *** [8c 5h Qc] [2d]
Tyron209: bets $2
magzi777: calls $2
*** RIVER *** [8c 5h Qc 2d] [9h]
Granit34 joins the table at seat #2 
Granit34 is disconnected 
Tyron209: checks 
magzi777: checks 
*** SHOW DOWN ***
Tyron209: shows [7h Js] (high card Queen)
magzi777: shows [Jc Ad] (high card Ace)
magzi777 collected $9.02 from pot
*** SUMMARY ***
Total pot $9.50 | Rake $0.48 
Board [8c 5h Qc 2d 9h]
Seat 1: joaquin612 (button) folded before Flop (didn't bet)
Seat 3: Twistenko (small blind) folded before Flop
Seat 4: Tyron209 (big blind) showed [7h Js] and lost with high card Queen
Seat 5: magzi777 showed [Jc Ad] and won ($9.02) with high card Ace
Seat 6: ARCTlCkiss folded before Flop (didn't bet)



PokerStars Hand #254498032759:  Hold'em No Limit ($0.50/$1.00 USD) - 2025/01/22 13:09:12 WET [2025/01/22 8:09:12 ET]
Table 'Alsciaukat III' 6-max Seat #3 is the button
Seat 1: joaquin612 ($100 in chips) 
Seat 2: Granit34 ($41.31 in chips) 
Seat 3: Twistenko ($100 in chips) 
Seat 4: Tyron209 ($14.91 in chips) 
Seat 5: magzi777 ($104.52 in chips) 
Seat 6: ARCTlCkiss ($100 in chips) 
Tyron209: posts small blind $0.50
magzi777: posts big blind $1
Granit34: posts big blind $1
*** HOLE CARDS ***
ARCTlCkiss: folds 
joaquin612: folds 
Granit34: checks 
Twistenko: folds 
Granit34 is disconnected 
Tyron209 has timed out
Tyron209: folds 
magzi777: checks 
*** FLOP *** [Kc 9h 8c]
Tyron209 is disconnected 
magzi777: checks 
Granit34: checks 
*** TURN *** [Kc 9h 8c] [Kh]
magzi777: bets $1.57
Granit34: folds 
Uncalled bet ($1.57) returned to magzi777
magzi777 collected $2.38 from pot
*** SUMMARY ***
Total pot $2.50 | Rake $0.12 
Board [Kc 9h 8c Kh]
Seat 1: joaquin612 folded before Flop (didn't bet)
Seat 2: Granit34 folded on the Turn (didn't bet)
Seat 3: Twistenko (button) folded before Flop (didn't bet)
Seat 4: Tyron209 (small blind) folded before Flop
Seat 5: magzi777 (big blind) collected ($2.38)
Seat 6: ARCTlCkiss folded before Flop (didn't bet)



PokerStars Hand #254498042637:  Hold'em No Limit ($0.50/$1.00 USD) - 2025/01/22 13:10:16 WET [2025/01/22 8:10:16 ET]
Table 'Alsciaukat III' 6-max Seat #5 is the button
Seat 2: Granit34 ($40.31 in chips) is sitting out
Seat 4: Tyron209 ($14.41 in chips) is sitting out
Seat 1: joaquin612 ($100 in chips) 
Seat 3: Twistenko ($100 in chips) 
Seat 5: magzi777 ($105.90 in chips) 
Seat 6: ARCTlCkiss ($100 in chips) 
ARCTlCkiss: posts small blind $0.50
joaquin612: posts big blind $1
*** HOLE CARDS ***
Granit34 leaves the table
Twistenko: folds 
magzi777: folds 
ARCTlCkiss: folds 
Uncalled bet ($0.50) returned to joaquin612
joaquin612 collected $1 from pot
joaquin612: doesn't show hand 
*** SUMMARY ***
Total pot $1 | Rake $0 
Seat 2: Granit34
Seat 4: Tyron209
Seat 1: joaquin612 (big blind) collected ($1)
Seat 3: Twistenko folded before Flop (didn't bet)
Seat 5: magzi777 (button) folded before Flop (didn't bet)
Seat 6: ARCTlCkiss (small blind) folded before Flop



PokerStars Hand #254498045858:  Hold'em No Limit ($0.50/$1.00 USD) - 2025/01/22 13:10:37 WET [2025/01/22 8:10:37 ET]
Table 'Alsciaukat III' 6-max Seat #6 is the button
Seat 4: Tyron209 ($14.41 in chips) is sitting out
Seat 1: joaquin612 ($100.50 in chips) 
Seat 3: Twistenko ($100 in chips) 
Seat 5: magzi777 ($105.90 in chips) 
Seat 6: ARCTlCkiss ($100 in chips) 
joaquin612: posts small blind $0.50
Twistenko: posts big blind $1
*** HOLE CARDS ***
magzi777: folds 
ARCTlCkiss: folds 
joaquin612: folds 
Uncalled bet ($0.50) returned to Twistenko
Twistenko collected $1 from pot
Twistenko: doesn't show hand 
*** SUMMARY ***
Total pot $1 | Rake $0 
Seat 4: Tyron209
Seat 1: joaquin612 (small blind) folded before Flop
Seat 3: Twistenko (big blind) collected ($1)
Seat 5: magzi777 folded before Flop (didn't bet)
Seat 6: ARCTlCkiss (button) folded before Flop (didn't bet)



PokerStars Hand #254498048570:  Hold'em No Limit ($0.50/$1.00 USD) - 2025/01/22 13:10:55 WET [2025/01/22 8:10:55 ET]
Table 'Alsciaukat III' 6-max Seat #1 is the button
Seat 4: Tyron209 ($14.41 in chips) is sitting out
Seat 1: joaquin612 ($100 in chips) 
Seat 3: Twistenko ($100.50 in chips) 
Seat 5: magzi777 ($105.90 in chips) 
Seat 6: ARCTlCkiss ($100 in chips) 
Twistenko: posts small blind $0.50
magzi777: posts big blind $1
*** HOLE CARDS ***
ARCTlCkiss: raises $1.53 to $2.53
joaquin612: folds 
Twistenko: raises $7.97 to $10.50
magzi777: folds 
fobot21 joins the table at seat #2 
ARCTlCkiss: calls $7.97
*** FLOP *** [Qc 3d Ks]
Twistenko: bets $6.93
ARCTlCkiss: calls $6.93
*** TURN *** [Qc 3d Ks] [7h]
Twistenko: bets $11.50
ARCTlCkiss: folds 
Uncalled bet ($11.50) returned to Twistenko
Twistenko collected $34.86 from pot
Twistenko: doesn't show hand 
*** SUMMARY ***
Total pot $35.86 | Rake $1 
Board [Qc 3d Ks 7h]
Seat 4: Tyron209
Seat 1: joaquin612 (button) folded before Flop (didn't bet)
Seat 3: Twistenko (small blind) collected ($34.86)
Seat 5: magzi777 (big blind) folded before Flop
Seat 6: ARCTlCkiss folded on the Turn



PokerStars Hand #254498059621:  Hold'em No Limit ($0.50/$1.00 USD) - 2025/01/22 13:12:07 WET [2025/01/22 8:12:07 ET]
Table 'Alsciaukat III' 6-max Seat #3 is the button
Seat 2: fobot21 ($100 in chips) is sitting out
Seat 4: Tyron209 ($14.41 in chips) is sitting out
Seat 1: joaquin612 ($100 in chips) 
Seat 3: Twistenko ($117.93 in chips) 
Seat 5: magzi777 ($104.90 in chips) 
Seat 6: ARCTlCkiss ($100 in chips) 
magzi777: posts small blind $0.50
ARCTlCkiss: posts big blind $1
fobot21: sits out 
*** HOLE CARDS ***
joaquin612: folds 
Twistenko: raises $1.50 to $2.50
magzi777: folds 
ARCTlCkiss: folds 
Uncalled bet ($1.50) returned to Twistenko
Twistenko collected $2.50 from pot
Twistenko: doesn't show hand 
*** SUMMARY ***
Total pot $2.50 | Rake $0 
Seat 2: fobot21
Seat 4: Tyron209
Seat 1: joaquin612 folded before Flop (didn't bet)
Seat 3: Twistenko (button) collected ($2.50)
Seat 5: magzi777 (small blind) folded before Flop
Seat 6: ARCTlCkiss (big blind) folded before Flop



PokerStars Hand #254498062101:  Hold'em No Limit ($0.50/$1.00 USD) - 2025/01/22 13:12:23 WET [2025/01/22 8:12:23 ET]
Table 'Alsciaukat III' 6-max Seat #5 is the button
Seat 2: fobot21 ($100 in chips) is sitting out
Seat 1: joaquin612 ($100 in chips) 
Seat 3: Twistenko ($119.43 in chips) 
Seat 4: Tyron209 ($14.41 in chips) 
Seat 5: magzi777 ($104.40 in chips) 
Seat 6: ARCTlCkiss ($100 in chips) 
ARCTlCkiss: posts small blind $0.50
joaquin612: posts big blind $1
fobot21: sits out 
Tyron209: posts small & big blinds $1.50
*** HOLE CARDS ***
Twistenko: folds 
Tyron209 has timed out
Tyron209: checks 
magzi777: folds 
ARCTlCkiss: folds 
joaquin612: raises $4.50 to $5.50
Tyron209: raises $8.41 to $13.91 and is all-in
joaquin612: calls $8.41
joaquin612 has timed out
*** FLOP *** [3h Jc 7d]
*** TURN *** [3h Jc 7d] [3c]
*** RIVER *** [3h Jc 7d 3c] [4h]
*** SHOW DOWN ***
joaquin612: shows [Ac Kc] (a pair of Threes)
Tyron209: shows [Qh 2d] (a pair of Threes - lower kicker)
joaquin612 collected $27.38 from pot
*** SUMMARY ***
Total pot $28.82 | Rake $1.44 
Board [3h Jc 7d 3c 4h]
Seat 2: fobot21
Seat 1: joaquin612 (big blind) showed [Ac Kc] and won ($27.38) with a pair of Threes
Seat 3: Twistenko folded before Flop (didn't bet)
Seat 4: Tyron209 showed [Qh 2d] and lost with a pair of Threes
Seat 5: magzi777 (button) folded before Flop (didn't bet)
Seat 6: ARCTlCkiss (small blind) folded before Flop



PokerStars Hand #254498071960:  Hold'em No Limit ($0.50/$1.00 USD) - 2025/01/22 13:13:27 WET [2025/01/22 8:13:27 ET]
Table 'Alsciaukat III' 6-max Seat #6 is the button
Seat 4: Tyron209 ($0 in chips) is sitting out
Seat 1: joaquin612 ($113.47 in chips) 
Seat 2: fobot21 ($100 in chips) 
Seat 3: Twistenko ($119.43 in chips) 
Seat 5: magzi777 ($104.40 in chips) 
Seat 6: ARCTlCkiss ($100 in chips) 
joaquin612: posts small blind $0.50
fobot21: posts big blind $1
*** HOLE CARDS ***
Twistenko: folds 
magzi777: folds 
Twistenko leaves the table
ARCTlCkiss: raises $1.18 to $2.18
joaquin612: raises $7.82 to $10
fobot21: folds 
ARCTlCkiss: folds 
Uncalled bet ($7.82) returned to joaquin612
joaquin612 collected $5.36 from pot
joaquin612: doesn't show hand 
*** SUMMARY ***
Total pot $5.36 | Rake $0 
Seat 4: Tyron209
Seat 1: joaquin612 (small blind) collected ($5.36)
Seat 2: fobot21 (big blind) folded before Flop
Seat 3: Twistenko folded before Flop (didn't bet)
Seat 5: magzi777 folded before Flop (didn't bet)
Seat 6: ARCTlCkiss (button) folded before Flop



PokerStars Hand #254498075518:  Hold'em No Limit ($0.50/$1.00 USD) - 2025/01/22 13:13:49 WET [2025/01/22 8:13:49 ET]
Table 'Alsciaukat III' 6-max Seat #1 is the button
Seat 4: Tyron209 ($0 in chips) is sitting out
Seat 1: joaquin612 ($116.65 in chips) 
Seat 2: fobot21 ($100 in chips) 
Seat 5: magzi777 ($104.40 in chips) 
Seat 6: ARCTlCkiss ($100 in chips) 
fobot21: posts small blind $0.50
magzi777: posts big blind $1
*** HOLE CARDS ***
UnderC@t joins the table at seat #3 
UnderC@t is disconnected 
ARCTlCkiss: folds 
joaquin612: raises $1.50 to $2.50
fobot21: folds 
magzi777: raises $8.50 to $11
joaquin612: folds 
Uncalled bet ($8.50) returned to magzi777
magzi777 collected $5.50 from pot
*** SUMMARY ***
Total pot $5.50 | Rake $0 
Seat 4: Tyron209
Seat 1: joaquin612 (button) folded before Flop
Seat 2: fobot21 (small blind) folded before Flop
Seat 5: magzi777 (big blind) collected ($5.50)
Seat 6: ARCTlCkiss folded before Flop (didn't bet)



PokerStars Hand #254498078310:  Hold'em No Limit ($0.50/$1.00 USD) - 2025/01/22 13:14:07 WET [2025/01/22 8:14:07 ET]
Table 'Alsciaukat III' 6-max Seat #5 is the button
Seat 1: joaquin612 ($114.15 in chips) is sitting out
Seat 3: UnderC@t ($100 in chips) is sitting out
Seat 4: Tyron209 ($0 in chips) is sitting out
Seat 6: ARCTlCkiss ($100 in chips) is sitting out
Seat 2: fobot21 ($100 in chips) 
Seat 5: magzi777 ($107.40 in chips) 
magzi777: posts small blind $0.50
ARCTlCkiss: is sitting out 
joaquin612: is sitting out 
fobot21: posts big blind $1
*** HOLE CARDS ***
joaquin612 leaves the table
magzi777: raises $1.50 to $2.50
fobot21: folds 
Uncalled bet ($1.50) returned to magzi777
magzi777 collected $2 from pot
UnderC@t leaves the table
*** SUMMARY ***
Total pot $2 | Rake $0 
Seat 1: joaquin612
Seat 3: UnderC@t
Seat 4: Tyron209
Seat 6: ARCTlCkiss
Seat 2: fobot21 (big blind) folded before Flop
Seat 5: magzi777 (button) (small blind) collected ($2)



PokerStars Hand #254498079830:  Hold'em No Limit ($0.50/$1.00 USD) - 2025/01/22 13:14:17 WET [2025/01/22 8:14:17 ET]
Table 'Alsciaukat III' 6-max Seat #5 is the button
Seat 6: ARCTlCkiss ($100 in chips) is sitting out
Seat 2: fobot21 ($100 in chips) 
Seat 4: Tyron209 ($51.64 in chips) 
Seat 5: magzi777 ($108.40 in chips) 
fobot21: posts small blind $0.50
elcutez joins the table at seat #1 
Tyron209: posts big blind $1
*** HOLE CARDS ***
elcutez is disconnected 
magzi777: folds 
fobot21: folds 
Uncalled bet ($0.50) returned to Tyron209
Tyron209 collected $1 from pot
*** SUMMARY ***
Total pot $1 | Rake $0 
Seat 6: ARCTlCkiss
Seat 2: fobot21 (small blind) folded before Flop
Seat 4: Tyron209 (big blind) collected ($1)
Seat 5: magzi777 (button) folded before Flop (didn't bet)



PokerStars Hand #254498081538:  Hold'em No Limit ($0.50/$1.00 USD) - 2025/01/22 13:14:28 WET [2025/01/22 8:14:28 ET]
Table 'Alsciaukat III' 6-max Seat #2 is the button
Seat 6: ARCTlCkiss ($100 in chips) is sitting out
Seat 1: elcutez ($100 in chips) 
Seat 2: fobot21 ($100 in chips) 
Seat 4: Tyron209 ($52.14 in chips) 
Seat 5: magzi777 ($108.40 in chips) 
Tyron209: posts small blind $0.50
magzi777: posts big blind $1
elcutez: posts big blind $1
*** HOLE CARDS ***
ImaPeppaPig joins the table at seat #3 
elcutez: checks 
fobot21: raises $2.50 to $3.50
Tyron209 has timed out
Tyron209: folds 
magzi777: folds 
elcutez: folds 
Uncalled bet ($2.50) returned to fobot21
fobot21 collected $3.50 from pot
fobot21: doesn't show hand 
*** SUMMARY ***
Total pot $3.50 | Rake $0 
Seat 6: ARCTlCkiss
Seat 1: elcutez folded before Flop (didn't bet)
Seat 2: fobot21 (button) collected ($3.50)
Seat 4: Tyron209 (small blind) folded before Flop
Seat 5: magzi777 (big blind) folded before Flop



PokerStars Hand #254498088033:  Hold'em No Limit ($0.50/$1.00 USD) - 2025/01/22 13:15:08 WET [2025/01/22 8:15:08 ET]
Table 'Alsciaukat III' 6-max Seat #4 is the button
Seat 3: ImaPeppaPig ($100 in chips) is sitting out
Seat 1: elcutez ($99 in chips) 
Seat 2: fobot21 ($102.50 in chips) 
Seat 4: Tyron209 ($51.64 in chips) 
Seat 5: magzi777 ($107.40 in chips) 
Seat 6: ARCTlCkiss ($100 in chips) 
magzi777: posts small blind $0.50
ARCTlCkiss: posts big blind $1
ImaPeppaPig: sits out 
*** HOLE CARDS ***
elcutez: folds 
fobot21: folds 
Tyron209: calls $1
magzi777: folds 
ARCTlCkiss: checks 
*** FLOP *** [8d Jc Ah]
ARCTlCkiss: checks 
Tyron209: checks 
*** TURN *** [8d Jc Ah] [Qd]
ARCTlCkiss: checks 
Tyron209: checks 
*** RIVER *** [8d Jc Ah Qd] [3c]
ARCTlCkiss: checks 
Tyron209: checks 
*** SHOW DOWN ***
ARCTlCkiss: shows [Tc 6s] (high card Ace)
Tyron209: mucks hand 
ARCTlCkiss collected $2.38 from pot
*** SUMMARY ***
Total pot $2.50 | Rake $0.12 
Board [8d Jc Ah Qd 3c]
Seat 3: ImaPeppaPig
Seat 1: elcutez folded before Flop (didn't bet)
Seat 2: fobot21 folded before Flop (didn't bet)
Seat 4: Tyron209 (button) mucked
Seat 5: magzi777 (small blind) folded before Flop
Seat 6: ARCTlCkiss (big blind) showed [Tc 6s] and won ($2.38) with high card Ace



PokerStars Hand #254498095456:  Hold'em No Limit ($0.50/$1.00 USD) - 2025/01/22 13:15:55 WET [2025/01/22 8:15:55 ET]
Table 'Alsciaukat III' 6-max Seat #5 is the button
Seat 3: ImaPeppaPig ($100 in chips) is sitting out
Seat 1: elcutez ($99 in chips) 
Seat 2: fobot21 ($102.50 in chips) 
Seat 4: Tyron209 ($50.64 in chips) 
Seat 5: magzi777 ($106.90 in chips) 
Seat 6: ARCTlCkiss ($101.38 in chips) 
ARCTlCkiss: posts small blind $0.50
elcutez: posts big blind $1
ImaPeppaPig: sits out 
*** HOLE CARDS ***
fobot21: folds 
Tyron209: raises $2 to $3
magzi777: folds 
ARCTlCkiss: folds 
elcutez: folds 
Uncalled bet ($2) returned to Tyron209
Tyron209 collected $2.50 from pot
*** SUMMARY ***
Total pot $2.50 | Rake $0 
Seat 3: ImaPeppaPig
Seat 1: elcutez (big blind) folded before Flop
Seat 2: fobot21 folded before Flop (didn't bet)
Seat 4: Tyron209 collected ($2.50)
Seat 5: magzi777 (button) folded before Flop (didn't bet)
Seat 6: ARCTlCkiss (small blind) folded before Flop



PokerStars Hand #254498100312:  Hold'em No Limit ($0.50/$1.00 USD) - 2025/01/22 13:16:25 WET [2025/01/22 8:16:25 ET]
Table 'Alsciaukat III' 6-max Seat #6 is the button
Seat 3: ImaPeppaPig ($100 in chips) is sitting out
Seat 1: elcutez ($98 in chips) 
Seat 2: fobot21 ($102.50 in chips) 
Seat 4: Tyron209 ($52.14 in chips) 
Seat 5: magzi777 ($106.90 in chips) 
Seat 6: ARCTlCkiss ($100.88 in chips) 
elcutez: posts small blind $0.50
fobot21: posts big blind $1
ImaPeppaPig: sits out 
*** HOLE CARDS ***
Tyron209: raises $2 to $3
magzi777: folds 
ARCTlCkiss: raises $6 to $9
elcutez: folds 
fobot21: folds 
Tyron209 is disconnected 
Tyron209 has timed out while being disconnected
Tyron209: folds 
Uncalled bet ($6) returned to ARCTlCkiss
ARCTlCkiss collected $7.50 from pot
ARCTlCkiss: doesn't show hand 
*** SUMMARY ***
Total pot $7.50 | Rake $0 
Seat 3: ImaPeppaPig
Seat 1: elcutez (small blind) folded before Flop
Seat 2: fobot21 (big blind) folded before Flop
Seat 4: Tyron209 folded before Flop
Seat 5: magzi777 folded before Flop (didn't bet)
Seat 6: ARCTlCkiss (button) collected ($7.50)



PokerStars Hand #254498111981:  Hold'em No Limit ($0.50/$1.00 USD) - 2025/01/22 13:17:38 WET [2025/01/22 8:17:38 ET]
Table 'Alsciaukat III' 6-max Seat #1 is the button
Seat 1: elcutez ($97.50 in chips) 
Seat 2: fobot21 ($101.50 in chips) 
Seat 3: ImaPeppaPig ($100 in chips) 
Seat 4: Tyron209 ($49.14 in chips) 
Seat 5: magzi777 ($106.90 in chips) 
Seat 6: ARCTlCkiss ($105.38 in chips) 
fobot21: posts small blind $0.50
ImaPeppaPig: posts big blind $1
*** HOLE CARDS ***
Tyron209 has timed out
Tyron209: folds 
magzi777: folds 
ARCTlCkiss: folds 
elcutez: folds 
fobot21: folds 
Uncalled bet ($0.50) returned to ImaPeppaPig
ImaPeppaPig collected $1 from pot
ImaPeppaPig: doesn't show hand 
*** SUMMARY ***
Total pot $1 | Rake $0 
Seat 1: elcutez (button) folded before Flop (didn't bet)
Seat 2: fobot21 (small blind) folded before Flop
Seat 3: ImaPeppaPig (big blind) collected ($1)
Seat 4: Tyron209 folded before Flop (didn't bet)
Seat 5: magzi777 folded before Flop (didn't bet)
Seat 6: ARCTlCkiss folded before Flop (didn't bet)



PokerStars Hand #254498115720:  Hold'em No Limit ($0.50/$1.00 USD) - 2025/01/22 13:18:01 WET [2025/01/22 8:18:01 ET]
Table 'Alsciaukat III' 6-max Seat #2 is the button
Seat 1: elcutez ($97.50 in chips) 
Seat 2: fobot21 ($101 in chips) 
Seat 3: ImaPeppaPig ($100.50 in chips) 
Seat 4: Tyron209 ($49.14 in chips) 
Seat 5: magzi777 ($106.90 in chips) 
Seat 6: ARCTlCkiss ($105.38 in chips) 
ImaPeppaPig: posts small blind $0.50
Tyron209: posts big blind $1
*** HOLE CARDS ***
magzi777: folds 
ARCTlCkiss: raises $1.53 to $2.53
elcutez: folds 
fobot21: folds 
ImaPeppaPig: folds 
Tyron209: calls $1.53
*** FLOP *** [Qs Kc Tc]
Tyron209: checks 
ARCTlCkiss: checks 
*** TURN *** [Qs Kc Tc] [9d]
Tyron209: bets $3
ARCTlCkiss: folds 
Uncalled bet ($3) returned to Tyron209
Tyron209 collected $5.28 from pot
*** SUMMARY ***
Total pot $5.56 | Rake $0.28 
Board [Qs Kc Tc 9d]
Seat 1: elcutez folded before Flop (didn't bet)
Seat 2: fobot21 (button) folded before Flop (didn't bet)
Seat 3: ImaPeppaPig (small blind) folded before Flop
Seat 4: Tyron209 (big blind) collected ($5.28)
Seat 5: magzi777 folded before Flop (didn't bet)
Seat 6: ARCTlCkiss folded on the Turn



PokerStars Hand #254498122040:  Hold'em No Limit ($0.50/$1.00 USD) - 2025/01/22 13:18:40 WET [2025/01/22 8:18:40 ET]
Table 'Alsciaukat III' 6-max Seat #3 is the button
Seat 1: elcutez ($97.50 in chips) 
Seat 2: fobot21 ($101 in chips) 
Seat 3: ImaPeppaPig ($100 in chips) 
Seat 4: Tyron209 ($51.89 in chips) 
Seat 5: magzi777 ($106.90 in chips) 
Seat 6: ARCTlCkiss ($102.85 in chips) 
Tyron209: posts small blind $0.50
magzi777: posts big blind $1
*** HOLE CARDS ***
ARCTlCkiss: folds 
elcutez: folds 
fobot21: raises $1.50 to $2.50
ImaPeppaPig: folds 
Tyron209: calls $2
magzi777: folds 
*** FLOP *** [4s 3h Jc]
Tyron209: checks 
fobot21: checks 
*** TURN *** [4s 3h Jc] [3d]
Tyron209: bets $5.70
fobot21: calls $5.70
*** RIVER *** [4s 3h Jc 3d] [Tc]
Tyron209: bets $16.53
fobot21: folds 
Uncalled bet ($16.53) returned to Tyron209
Tyron209 collected $16.53 from pot
*** SUMMARY ***
Total pot $17.40 | Rake $0.87 
Board [4s 3h Jc 3d Tc]
Seat 1: elcutez folded before Flop (didn't bet)
Seat 2: fobot21 folded on the River
Seat 3: ImaPeppaPig (button) folded before Flop (didn't bet)
Seat 4: Tyron209 (small blind) collected ($16.53)
Seat 5: magzi777 (big blind) folded before Flop
Seat 6: ARCTlCkiss folded before Flop (didn't bet)



PokerStars Hand #254498134090:  Hold'em No Limit ($0.50/$1.00 USD) - 2025/01/22 13:19:56 WET [2025/01/22 8:19:56 ET]
Table 'Alsciaukat III' 6-max Seat #4 is the button
Seat 1: elcutez ($97.50 in chips) 
Seat 2: fobot21 ($100 in chips) 
Seat 3: ImaPeppaPig ($100 in chips) 
Seat 4: Tyron209 ($60.22 in chips) 
Seat 5: magzi777 ($105.90 in chips) 
Seat 6: ARCTlCkiss ($102.85 in chips) 
magzi777: posts small blind $0.50
ARCTlCkiss: posts big blind $1
*** HOLE CARDS ***
elcutez: folds 
fobot21: folds 
ImaPeppaPig: folds 
Tyron209: raises $2.50 to $3.50
magzi777: folds 
ARCTlCkiss: folds 
Uncalled bet ($2.50) returned to Tyron209
Tyron209 collected $2.50 from pot
*** SUMMARY ***
Total pot $2.50 | Rake $0 
Seat 1: elcutez folded before Flop (didn't bet)
Seat 2: fobot21 folded before Flop (didn't bet)
Seat 3: ImaPeppaPig folded before Flop (didn't bet)
Seat 4: Tyron209 (button) collected ($2.50)
Seat 5: magzi777 (small blind) folded before Flop
Seat 6: ARCTlCkiss (big blind) folded before Flop



PokerStars Hand #254498137138:  Hold'em No Limit ($0.50/$1.00 USD) - 2025/01/22 13:20:15 WET [2025/01/22 8:20:15 ET]
Table 'Alsciaukat III' 6-max Seat #5 is the button
Seat 1: elcutez ($97.50 in chips) 
Seat 2: fobot21 ($100 in chips) 
Seat 3: ImaPeppaPig ($100 in chips) 
Seat 4: Tyron209 ($61.72 in chips) 
Seat 5: magzi777 ($105.40 in chips) 
Seat 6: ARCTlCkiss ($101.85 in chips) 
ARCTlCkiss: posts small blind $0.50
elcutez: posts big blind $1
*** HOLE CARDS ***
fobot21: folds 
ImaPeppaPig: folds 
Tyron209: folds 
magzi777: raises $1.50 to $2.50
ARCTlCkiss: folds 
elcutez: folds 
Uncalled bet ($1.50) returned to magzi777
magzi777 collected $2.50 from pot
*** SUMMARY ***
Total pot $2.50 | Rake $0 
Seat 1: elcutez (big blind) folded before Flop
Seat 2: fobot21 folded before Flop (didn't bet)
Seat 3: ImaPeppaPig folded before Flop (didn't bet)
Seat 4: Tyron209 folded before Flop (didn't bet)
Seat 5: magzi777 (button) collected ($2.50)
Seat 6: ARCTlCkiss (small blind) folded before Flop



PokerStars Hand #254498139644:  Hold'em No Limit ($0.50/$1.00 USD) - 2025/01/22 13:20:31 WET [2025/01/22 8:20:31 ET]
Table 'Alsciaukat III' 6-max Seat #6 is the button
Seat 1: elcutez ($96.50 in chips) 
Seat 2: fobot21 ($100 in chips) 
Seat 3: ImaPeppaPig ($100 in chips) 
Seat 4: Tyron209 ($61.72 in chips) 
Seat 5: magzi777 ($106.90 in chips) 
Seat 6: ARCTlCkiss ($101.35 in chips) 
elcutez: posts small blind $0.50
fobot21: posts big blind $1
*** HOLE CARDS ***
ImaPeppaPig: folds 
Tyron209: raises $2.50 to $3.50
magzi777: folds 
ARCTlCkiss: folds 
elcutez: calls $3
fobot21: folds 
*** FLOP *** [Td 9h 9d]
elcutez: checks 
Tyron209 is connected 
Tyron209: checks 
*** TURN *** [Td 9h 9d] [7c]
elcutez: bets $7.60
Tyron209: folds 
Uncalled bet ($7.60) returned to elcutez
elcutez collected $7.60 from pot
*** SUMMARY ***
Total pot $8 | Rake $0.40 
Board [Td 9h 9d 7c]
Seat 1: elcutez (small blind) collected ($7.60)
Seat 2: fobot21 (big blind) folded before Flop
Seat 3: ImaPeppaPig folded before Flop (didn't bet)
Seat 4: Tyron209 folded on the Turn
Seat 5: magzi777 folded before Flop (didn't bet)
Seat 6: ARCTlCkiss (button) folded before Flop (didn't bet)



PokerStars Hand #254498149429:  Hold'em No Limit ($0.50/$1.00 USD) - 2025/01/22 13:21:32 WET [2025/01/22 8:21:32 ET]
Table 'Alsciaukat III' 6-max Seat #1 is the button
Seat 1: elcutez ($100.60 in chips) 
Seat 2: fobot21 ($100 in chips) 
Seat 3: ImaPeppaPig ($100 in chips) 
Seat 4: Tyron209 ($58.22 in chips) 
Seat 5: magzi777 ($106.90 in chips) 
Seat 6: ARCTlCkiss ($101.35 in chips) 
fobot21: posts small blind $0.50
ImaPeppaPig: posts big blind $1
*** HOLE CARDS ***
Tyron209 has timed out
Tyron209: folds 
magzi777: folds 
ARCTlCkiss: raises $1.53 to $2.53
elcutez: folds 
fobot21: raises $8.97 to $11.50
ImaPeppaPig: folds 
ARCTlCkiss: folds 
Uncalled bet ($8.97) returned to fobot21
fobot21 collected $6.06 from pot
fobot21: doesn't show hand 
*** SUMMARY ***
Total pot $6.06 | Rake $0 
Seat 1: elcutez (button) folded before Flop (didn't bet)
Seat 2: fobot21 (small blind) collected ($6.06)
Seat 3: ImaPeppaPig (big blind) folded before Flop
Seat 4: Tyron209 folded before Flop (didn't bet)
Seat 5: magzi777 folded before Flop (didn't bet)
Seat 6: ARCTlCkiss folded before Flop



PokerStars Hand #254498158554:  Hold'em No Limit ($0.50/$1.00 USD) - 2025/01/22 13:22:29 WET [2025/01/22 8:22:29 ET]
Table 'Alsciaukat III' 6-max Seat #2 is the button
Seat 1: elcutez ($100.60 in chips) 
Seat 2: fobot21 ($103.53 in chips) 
Seat 3: ImaPeppaPig ($100 in chips) 
Seat 4: Tyron209 ($58.22 in chips) 
Seat 5: magzi777 ($106.90 in chips) 
Seat 6: ARCTlCkiss ($100 in chips) 
ImaPeppaPig: posts small blind $0.50
Tyron209: posts big blind $1
*** HOLE CARDS ***
magzi777: folds 
ARCTlCkiss: folds 
elcutez: raises $1.70 to $2.70
fobot21: folds 
ImaPeppaPig: folds 
Tyron209: calls $1.70
*** FLOP *** [Kd 9h 2h]
Tyron209: checks 
elcutez: bets $4.20
Tyron209: calls $4.20
*** TURN *** [Kd 9h 2h] [6s]
Tyron209: checks 
elcutez: checks 
*** RIVER *** [Kd 9h 2h 6s] [7s]
Tyron209: bets $13.58
elcutez: calls $13.58
*** SHOW DOWN ***
Tyron209: shows [8h Qs] (high card King)
elcutez: shows [Js Ks] (a pair of Kings)
elcutez collected $39.39 from pot
*** SUMMARY ***
Total pot $41.46 | Rake $2.07 
Board [Kd 9h 2h 6s 7s]
Seat 1: elcutez showed [Js Ks] and won ($39.39) with a pair of Kings
Seat 2: fobot21 (button) folded before Flop (didn't bet)
Seat 3: ImaPeppaPig (small blind) folded before Flop
Seat 4: Tyron209 (big blind) showed [8h Qs] and lost with high card King
Seat 5: magzi777 folded before Flop (didn't bet)
Seat 6: ARCTlCkiss folded before Flop (didn't bet)



PokerStars Hand #254498168999:  Hold'em No Limit ($0.50/$1.00 USD) - 2025/01/22 13:23:34 WET [2025/01/22 8:23:34 ET]
Table 'Alsciaukat III' 6-max Seat #3 is the button
Seat 1: elcutez ($119.51 in chips) 
Seat 2: fobot21 ($103.53 in chips) 
Seat 3: ImaPeppaPig ($100 in chips) 
Seat 4: Tyron209 ($37.74 in chips) 
Seat 5: magzi777 ($106.90 in chips) 
Seat 6: ARCTlCkiss ($100 in chips) 
Tyron209: posts small blind $0.50
magzi777: posts big blind $1
*** HOLE CARDS ***
ARCTlCkiss: folds 
elcutez: folds 
fobot21: raises $1.50 to $2.50
ImaPeppaPig: folds 
Tyron209: folds 
magzi777: folds 
Uncalled bet ($1.50) returned to fobot21
Tyron209 leaves the table
fobot21 collected $2.50 from pot
fobot21: doesn't show hand 
*** SUMMARY ***
Total pot $2.50 | Rake $0 
Seat 1: elcutez folded before Flop (didn't bet)
Seat 2: fobot21 collected ($2.50)
Seat 3: ImaPeppaPig (button) folded before Flop (didn't bet)
Seat 4: Tyron209 (small blind) folded before Flop
Seat 5: magzi777 (big blind) folded before Flop
Seat 6: ARCTlCkiss folded before Flop (didn't bet)



PokerStars Hand #254498172337:  Hold'em No Limit ($0.50/$1.00 USD) - 2025/01/22 13:23:55 WET [2025/01/22 8:23:55 ET]
Table 'Alsciaukat III' 6-max Seat #5 is the button
Seat 1: elcutez ($119.51 in chips) 
Seat 2: fobot21 ($105.03 in chips) 
Seat 3: ImaPeppaPig ($100 in chips) 
Seat 5: magzi777 ($105.90 in chips) 
Seat 6: ARCTlCkiss ($100 in chips) 
ARCTlCkiss: posts small blind $0.50
elcutez: posts big blind $1
*** HOLE CARDS ***
fobot21: folds 
fobot21 leaves the table
ImaPeppaPig: folds 
magzi777: folds 
ARCTlCkiss: folds 
Uncalled bet ($0.50) returned to elcutez
elcutez collected $1 from pot
*** SUMMARY ***
Total pot $1 | Rake $0 
Seat 1: elcutez (big blind) collected ($1)
Seat 2: fobot21 folded before Flop (didn't bet)
Seat 3: ImaPeppaPig folded before Flop (didn't bet)
Seat 5: magzi777 (button) folded before Flop (didn't bet)
Seat 6: ARCTlCkiss (small blind) folded before Flop



PokerStars Hand #254498175379:  Hold'em No Limit ($0.50/$1.00 USD) - 2025/01/22 13:24:14 WET [2025/01/22 8:24:14 ET]
Table 'Alsciaukat III' 6-max Seat #6 is the button
Seat 1: elcutez ($120.01 in chips) 
Seat 3: ImaPeppaPig ($100 in chips) 
Seat 5: magzi777 ($105.90 in chips) 
Seat 6: ARCTlCkiss ($100 in chips) 
elcutez: posts small blind $0.50
ImaPeppaPig: posts big blind $1
*** HOLE CARDS ***
magzi777: folds 
ARCTlCkiss: folds 
elcutez: folds 
Uncalled bet ($0.50) returned to ImaPeppaPig
ImaPeppaPig collected $1 from pot
ImaPeppaPig: doesn't show hand 
*** SUMMARY ***
Total pot $1 | Rake $0 
Seat 1: elcutez (small blind) folded before Flop
Seat 3: ImaPeppaPig (big blind) collected ($1)
Seat 5: magzi777 folded before Flop (didn't bet)
Seat 6: ARCTlCkiss (button) folded before Flop (didn't bet)



PokerStars Hand #254498177666:  Hold'em No Limit ($0.50/$1.00 USD) - 2025/01/22 13:24:28 WET [2025/01/22 8:24:28 ET]
Table 'Alsciaukat III' 6-max Seat #1 is the button
Seat 1: elcutez ($119.51 in chips) 
Seat 3: ImaPeppaPig ($100.50 in chips) 
Seat 5: magzi777 ($105.90 in chips) 
Seat 6: ARCTlCkiss ($100 in chips) 
ImaPeppaPig: posts small blind $0.50
magzi777: posts big blind $1
*** HOLE CARDS ***
ARCTlCkiss: raises $1.53 to $2.53
elcutez: folds 
elcutez leaves the table
ImaPeppaPig: folds 
magzi777: folds 
Uncalled bet ($1.53) returned to ARCTlCkiss
ARCTlCkiss collected $2.50 from pot
ARCTlCkiss: doesn't show hand 
*** SUMMARY ***
Total pot $2.50 | Rake $0 
Seat 1: elcutez (button) folded before Flop (didn't bet)
Seat 3: ImaPeppaPig (small blind) folded before Flop
Seat 5: magzi777 (big blind) folded before Flop
Seat 6: ARCTlCkiss collected ($2.50)



PokerStars Hand #254498179845:  Hold'em No Limit ($0.50/$1.00 USD) - 2025/01/22 13:24:42 WET [2025/01/22 8:24:42 ET]
Table 'Alsciaukat III' 6-max Seat #5 is the button
Seat 6: ARCTlCkiss ($101.50 in chips) is sitting out
Seat 3: ImaPeppaPig ($100 in chips) 
Seat 5: magzi777 ($104.90 in chips) 
magzi777: posts small blind $0.50
ARCTlCkiss: is sitting out 
ImaPeppaPig: posts big blind $1
*** HOLE CARDS ***
magzi777: raises $1.50 to $2.50
ImaPeppaPig: calls $1.50
*** FLOP *** [7h 8s Ks]
ImaPeppaPig: checks 
magzi777: bets $3.56
ImaPeppaPig: calls $3.56
*** TURN *** [7h 8s Ks] [Jh]
ImaPeppaPig: checks 
ARCTlCkiss leaves the table
magzi777: bets $14.39
ImaPeppaPig: folds 
Uncalled bet ($14.39) returned to magzi777
magzi777 collected $11.51 from pot
*** SUMMARY ***
Total pot $12.12 | Rake $0.61 
Board [7h 8s Ks Jh]
Seat 6: ARCTlCkiss
Seat 3: ImaPeppaPig (big blind) folded on the Turn
Seat 5: magzi777 (button) (small blind) collected ($11.51)



