PokerStars Hand #254498448330:  Hold'em No Limit ($0.50/$1.00 USD) - 2025/01/22 13:51:10 WET [2025/01/22 8:51:10 ET]
Table 'Poesia III' 6-max Seat #1 is the button
Seat 1: Evelexy1 ($100 in chips) 
Seat 2: easy_sarcasm ($100 in chips) 
Seat 3: MAO_DZEDYN_S ($102.27 in chips) 
Seat 4: whlzor ($100 in chips) 
Seat 5: Rysiff ($113.51 in chips) 
Seat 6: radovan202 ($57.25 in chips) 
easy_sarcasm: posts small blind $0.50
MAO_DZEDYN_S: posts big blind $1
*** HOLE CARDS ***
whlzor: folds 
Rysiff: folds 
radovan202: raises $1.50 to $2.50
Evelexy1: folds 
easy_sarcasm: folds 
MAO_DZEDYN_S: folds 
Uncalled bet ($1.50) returned to radovan202
radovan202 collected $2.50 from pot
radovan202: doesn't show hand 
*** SUMMARY ***
Total pot $2.50 | Rake $0 
Seat 1: Evelexy1 (button) folded before Flop (didn't bet)
Seat 2: easy_sarcasm (small blind) folded before Flop
Seat 3: MAO_DZEDYN_S (big blind) folded before Flop
Seat 4: whlzor folded before Flop (didn't bet)
Seat 5: Rysiff folded before Flop (didn't bet)
Seat 6: radovan202 collected ($2.50)



PokerStars Hand #254498451907:  Hold'em No Limit ($0.50/$1.00 USD) - 2025/01/22 13:51:31 WET [2025/01/22 8:51:31 ET]
Table 'Poesia III' 6-max Seat #2 is the button
Seat 1: Evelexy1 ($100 in chips) 
Seat 2: easy_sarcasm ($100 in chips) 
Seat 3: MAO_DZEDYN_S ($101.27 in chips) 
Seat 4: whlzor ($100 in chips) 
Seat 5: Rysiff ($113.51 in chips) 
Seat 6: radovan202 ($58.75 in chips) 
MAO_DZEDYN_S: posts small blind $0.50
whlzor: posts big blind $1
*** HOLE CARDS ***
Rysiff: folds 
radovan202: raises $1.50 to $2.50
Evelexy1: folds 
easy_sarcasm: folds 
MAO_DZEDYN_S: folds 
whlzor: folds 
Uncalled bet ($1.50) returned to radovan202
radovan202 collected $2.50 from pot
radovan202: doesn't show hand 
*** SUMMARY ***
Total pot $2.50 | Rake $0 
Seat 1: Evelexy1 folded before Flop (didn't bet)
Seat 2: easy_sarcasm (button) folded before Flop (didn't bet)
Seat 3: MAO_DZEDYN_S (small blind) folded before Flop
Seat 4: whlzor (big blind) folded before Flop
Seat 5: Rysiff folded before Flop (didn't bet)
Seat 6: radovan202 collected ($2.50)



PokerStars Hand #254498453929:  Hold'em No Limit ($0.50/$1.00 USD) - 2025/01/22 13:51:43 WET [2025/01/22 8:51:43 ET]
Table 'Poesia III' 6-max Seat #3 is the button
Seat 1: Evelexy1 ($100 in chips) 
Seat 2: easy_sarcasm ($100 in chips) 
Seat 3: MAO_DZEDYN_S ($100.77 in chips) 
Seat 4: whlzor ($100 in chips) 
Seat 5: Rysiff ($113.51 in chips) 
Seat 6: radovan202 ($60.25 in chips) 
whlzor: posts small blind $0.50
Rysiff: posts big blind $1
*** HOLE CARDS ***
radovan202: raises $1.50 to $2.50
Evelexy1: raises $5 to $7.50
easy_sarcasm: folds 
MAO_DZEDYN_S: folds 
whlzor: folds 
Rysiff: folds 
radovan202: calls $5
*** FLOP *** [7c Qc 9h]
radovan202: checks 
Evelexy1: bets $7.84
radovan202: calls $7.84
*** TURN *** [7c Qc 9h] [7s]
radovan202: checks 
Evelexy1: bets $15.29
radovan202: folds 
Uncalled bet ($15.29) returned to Evelexy1
Evelexy1 collected $30.57 from pot
Evelexy1: doesn't show hand 
*** SUMMARY ***
Total pot $32.18 | Rake $1.61 
Board [7c Qc 9h 7s]
Seat 1: Evelexy1 collected ($30.57)
Seat 2: easy_sarcasm folded before Flop (didn't bet)
Seat 3: MAO_DZEDYN_S (button) folded before Flop (didn't bet)
Seat 4: whlzor (small blind) folded before Flop
Seat 5: Rysiff (big blind) folded before Flop
Seat 6: radovan202 folded on the Turn



PokerStars Hand #254498459299:  Hold'em No Limit ($0.50/$1.00 USD) - 2025/01/22 13:52:15 WET [2025/01/22 8:52:15 ET]
Table 'Poesia III' 6-max Seat #4 is the button
Seat 1: Evelexy1 ($115.23 in chips) 
Seat 2: easy_sarcasm ($100 in chips) 
Seat 3: MAO_DZEDYN_S ($100.77 in chips) 
Seat 4: whlzor ($100 in chips) 
Seat 5: Rysiff ($112.51 in chips) 
Seat 6: radovan202 ($44.91 in chips) 
Rysiff: posts small blind $0.50
radovan202: posts big blind $1
*** HOLE CARDS ***
Evelexy1: folds 
easy_sarcasm: folds 
MAO_DZEDYN_S: folds 
whlzor: folds 
Rysiff: folds 
Uncalled bet ($0.50) returned to radovan202
radovan202 collected $1 from pot
radovan202: doesn't show hand 
*** SUMMARY ***
Total pot $1 | Rake $0 
Seat 1: Evelexy1 folded before Flop (didn't bet)
Seat 2: easy_sarcasm folded before Flop (didn't bet)
Seat 3: MAO_DZEDYN_S folded before Flop (didn't bet)
Seat 4: whlzor (button) folded before Flop (didn't bet)
Seat 5: Rysiff (small blind) folded before Flop
Seat 6: radovan202 (big blind) collected ($1)



PokerStars Hand #254498461575:  Hold'em No Limit ($0.50/$1.00 USD) - 2025/01/22 13:52:28 WET [2025/01/22 8:52:28 ET]
Table 'Poesia III' 6-max Seat #5 is the button
Seat 1: Evelexy1 ($115.23 in chips) 
Seat 2: easy_sarcasm ($100 in chips) 
Seat 3: MAO_DZEDYN_S ($100.77 in chips) 
Seat 4: whlzor ($100 in chips) 
Seat 5: Rysiff ($112.01 in chips) 
Seat 6: radovan202 ($45.41 in chips) 
radovan202: posts small blind $0.50
Evelexy1: posts big blind $1
*** HOLE CARDS ***
easy_sarcasm: folds 
MAO_DZEDYN_S: raises $1.25 to $2.25
whlzor: folds 
Rysiff: raises $4.75 to $7
radovan202: folds 
Evelexy1: folds 
MAO_DZEDYN_S: calls $4.75
*** FLOP *** [As Qc 7c]
MAO_DZEDYN_S: checks 
Rysiff: bets $4.86
MAO_DZEDYN_S: folds 
Uncalled bet ($4.86) returned to Rysiff
Rysiff collected $14.72 from pot
Rysiff: doesn't show hand 
*** SUMMARY ***
Total pot $15.50 | Rake $0.78 
Board [As Qc 7c]
Seat 1: Evelexy1 (big blind) folded before Flop
Seat 2: easy_sarcasm folded before Flop (didn't bet)
Seat 3: MAO_DZEDYN_S folded on the Flop
Seat 4: whlzor folded before Flop (didn't bet)
Seat 5: Rysiff (button) collected ($14.72)
Seat 6: radovan202 (small blind) folded before Flop



PokerStars Hand #254498468828:  Hold'em No Limit ($0.50/$1.00 USD) - 2025/01/22 13:53:10 WET [2025/01/22 8:53:10 ET]
Table 'Poesia III' 6-max Seat #6 is the button
Seat 1: Evelexy1 ($114.23 in chips) 
Seat 2: easy_sarcasm ($100 in chips) 
Seat 3: MAO_DZEDYN_S ($100 in chips) 
Seat 4: whlzor ($100 in chips) 
Seat 5: Rysiff ($119.73 in chips) 
Seat 6: radovan202 ($44.91 in chips) 
Evelexy1: posts small blind $0.50
easy_sarcasm: posts big blind $1
*** HOLE CARDS ***
MAO_DZEDYN_S: folds 
whlzor: folds 
Rysiff: folds 
radovan202: raises $2 to $3
Evelexy1: folds 
easy_sarcasm: folds 
Uncalled bet ($2) returned to radovan202
radovan202 collected $2.50 from pot
radovan202: doesn't show hand 
*** SUMMARY ***
Total pot $2.50 | Rake $0 
Seat 1: Evelexy1 (small blind) folded before Flop
Seat 2: easy_sarcasm (big blind) folded before Flop
Seat 3: MAO_DZEDYN_S folded before Flop (didn't bet)
Seat 4: whlzor folded before Flop (didn't bet)
Seat 5: Rysiff folded before Flop (didn't bet)
Seat 6: radovan202 (button) collected ($2.50)



PokerStars Hand #254498471521:  Hold'em No Limit ($0.50/$1.00 USD) - 2025/01/22 13:53:26 WET [2025/01/22 8:53:26 ET]
Table 'Poesia III' 6-max Seat #1 is the button
Seat 1: Evelexy1 ($113.73 in chips) 
Seat 2: easy_sarcasm ($100 in chips) 
Seat 3: MAO_DZEDYN_S ($100 in chips) 
Seat 4: whlzor ($100 in chips) 
Seat 5: Rysiff ($119.73 in chips) 
Seat 6: radovan202 ($46.41 in chips) 
easy_sarcasm: posts small blind $0.50
MAO_DZEDYN_S: posts big blind $1
*** HOLE CARDS ***
whlzor: raises $1.50 to $2.50
Rysiff: raises $4.50 to $7
radovan202: folds 
Evelexy1: folds 
easy_sarcasm: folds 
MAO_DZEDYN_S: folds 
whlzor: raises $14 to $21
Rysiff: calls $14
*** FLOP *** [Ks 4s 2s]
whlzor: checks 
Rysiff: checks 
*** TURN *** [Ks 4s 2s] [6s]
whlzor: checks 
Rysiff: checks 
*** RIVER *** [Ks 4s 2s 6s] [8c]
whlzor: checks 
Rysiff: checks 
*** SHOW DOWN ***
whlzor: shows [Qc Qd] (a pair of Queens)
Rysiff: shows [Kh Qh] (a pair of Kings)
Rysiff collected $41.32 from pot
*** SUMMARY ***
Total pot $43.50 | Rake $2.18 
Board [Ks 4s 2s 6s 8c]
Seat 1: Evelexy1 (button) folded before Flop (didn't bet)
Seat 2: easy_sarcasm (small blind) folded before Flop
Seat 3: MAO_DZEDYN_S (big blind) folded before Flop
Seat 4: whlzor showed [Qc Qd] and lost with a pair of Queens
Seat 5: Rysiff showed [Kh Qh] and won ($41.32) with a pair of Kings
Seat 6: radovan202 folded before Flop (didn't bet)



PokerStars Hand #254498482936:  Hold'em No Limit ($0.50/$1.00 USD) - 2025/01/22 13:54:33 WET [2025/01/22 8:54:33 ET]
Table 'Poesia III' 6-max Seat #2 is the button
Seat 1: Evelexy1 ($113.73 in chips) 
Seat 2: easy_sarcasm ($100 in chips) 
Seat 3: MAO_DZEDYN_S ($100 in chips) 
Seat 4: whlzor ($100 in chips) 
Seat 5: Rysiff ($140.05 in chips) 
Seat 6: radovan202 ($46.41 in chips) 
MAO_DZEDYN_S: posts small blind $0.50
whlzor: posts big blind $1
*** HOLE CARDS ***
Rysiff: folds 
radovan202: folds 
Evelexy1: folds 
easy_sarcasm: raises $1.20 to $2.20
MAO_DZEDYN_S: folds 
whlzor: folds 
Uncalled bet ($1.20) returned to easy_sarcasm
easy_sarcasm collected $2.50 from pot
*** SUMMARY ***
Total pot $2.50 | Rake $0 
Seat 1: Evelexy1 folded before Flop (didn't bet)
Seat 2: easy_sarcasm (button) collected ($2.50)
Seat 3: MAO_DZEDYN_S (small blind) folded before Flop
Seat 4: whlzor (big blind) folded before Flop
Seat 5: Rysiff folded before Flop (didn't bet)
Seat 6: radovan202 folded before Flop (didn't bet)



PokerStars Hand #254498487578:  Hold'em No Limit ($0.50/$1.00 USD) - 2025/01/22 13:55:00 WET [2025/01/22 8:55:00 ET]
Table 'Poesia III' 6-max Seat #3 is the button
Seat 1: Evelexy1 ($113.73 in chips) 
Seat 2: easy_sarcasm ($101.50 in chips) 
Seat 3: MAO_DZEDYN_S ($100 in chips) 
Seat 4: whlzor ($100 in chips) 
Seat 5: Rysiff ($140.05 in chips) 
Seat 6: radovan202 ($46.41 in chips) 
whlzor: posts small blind $0.50
Rysiff: posts big blind $1
*** HOLE CARDS ***
radovan202: folds 
Evelexy1: raises $1 to $2
easy_sarcasm: folds 
MAO_DZEDYN_S: folds 
whlzor: calls $1.50
Rysiff: folds 
*** FLOP *** [8h 9c 4s]
whlzor: checks 
Evelexy1: bets $1.58
whlzor: folds 
Uncalled bet ($1.58) returned to Evelexy1
Evelexy1 collected $4.75 from pot
Evelexy1: doesn't show hand 
*** SUMMARY ***
Total pot $5 | Rake $0.25 
Board [8h 9c 4s]
Seat 1: Evelexy1 collected ($4.75)
Seat 2: easy_sarcasm folded before Flop (didn't bet)
Seat 3: MAO_DZEDYN_S (button) folded before Flop (didn't bet)
Seat 4: whlzor (small blind) folded on the Flop
Seat 5: Rysiff (big blind) folded before Flop
Seat 6: radovan202 folded before Flop (didn't bet)



PokerStars Hand #254498492429:  Hold'em No Limit ($0.50/$1.00 USD) - 2025/01/22 13:55:31 WET [2025/01/22 8:55:31 ET]
Table 'Poesia III' 6-max Seat #4 is the button
Seat 1: Evelexy1 ($116.48 in chips) 
Seat 2: easy_sarcasm ($101.50 in chips) 
Seat 3: MAO_DZEDYN_S ($100 in chips) 
Seat 4: whlzor ($100 in chips) 
Seat 5: Rysiff ($139.05 in chips) 
Seat 6: radovan202 ($46.41 in chips) 
Rysiff: posts small blind $0.50
radovan202: posts big blind $1
*** HOLE CARDS ***
Evelexy1: folds 
easy_sarcasm: folds 
MAO_DZEDYN_S: folds 
whlzor: folds 
Rysiff: raises $2 to $3
radovan202: calls $2
*** FLOP *** [9h 9s Td]
Rysiff: bets $1.88
radovan202: calls $1.88
*** TURN *** [9h 9s Td] [3h]
Rysiff: bets $7.42
radovan202: calls $7.42
*** RIVER *** [9h 9s Td 3h] [Qd]
Rysiff: bets $18.70
radovan202: calls $18.70
*** SHOW DOWN ***
Rysiff: shows [Qs Tc] (two pair, Queens and Tens)
radovan202: mucks hand 
Rysiff collected $59.50 from pot
*** SUMMARY ***
Total pot $62 | Rake $2.50 
Board [9h 9s Td 3h Qd]
Seat 1: Evelexy1 folded before Flop (didn't bet)
Seat 2: easy_sarcasm folded before Flop (didn't bet)
Seat 3: MAO_DZEDYN_S folded before Flop (didn't bet)
Seat 4: whlzor (button) folded before Flop (didn't bet)
Seat 5: Rysiff (small blind) showed [Qs Tc] and won ($59.50) with two pair, Queens and Tens
Seat 6: radovan202 (big blind) mucked



PokerStars Hand #254498499643:  Hold'em No Limit ($0.50/$1.00 USD) - 2025/01/22 13:56:24 WET [2025/01/22 8:56:24 ET]
Table 'Poesia III' 6-max Seat #5 is the button
Seat 1: Evelexy1 ($116.48 in chips) 
Seat 2: easy_sarcasm ($101.50 in chips) 
Seat 3: MAO_DZEDYN_S ($100 in chips) 
Seat 4: whlzor ($100 in chips) 
Seat 5: Rysiff ($167.55 in chips) 
Seat 6: radovan202 ($15.41 in chips) 
radovan202: posts small blind $0.50
Evelexy1: posts big blind $1
*** HOLE CARDS ***
easy_sarcasm: folds 
MAO_DZEDYN_S: folds 
whlzor: folds 
Rysiff: folds 
radovan202: raises $2 to $3
Evelexy1: calls $2
*** FLOP *** [8c 5d Tc]
radovan202: checks 
Evelexy1: checks 
*** TURN *** [8c 5d Tc] [4d]
radovan202: checks 
Evelexy1: checks 
*** RIVER *** [8c 5d Tc 4d] [3h]
radovan202: checks 
Evelexy1: checks 
*** SHOW DOWN ***
radovan202: shows [Kh 9d] (high card King)
Evelexy1: mucks hand 
radovan202 collected $5.70 from pot
*** SUMMARY ***
Total pot $6 | Rake $0.30 
Board [8c 5d Tc 4d 3h]
Seat 1: Evelexy1 (big blind) mucked
Seat 2: easy_sarcasm folded before Flop (didn't bet)
Seat 3: MAO_DZEDYN_S folded before Flop (didn't bet)
Seat 4: whlzor folded before Flop (didn't bet)
Seat 5: Rysiff (button) folded before Flop (didn't bet)
Seat 6: radovan202 (small blind) showed [Kh 9d] and won ($5.70) with high card King



PokerStars Hand #254498504914:  Hold'em No Limit ($0.50/$1.00 USD) - 2025/01/22 13:57:02 WET [2025/01/22 8:57:02 ET]
Table 'Poesia III' 6-max Seat #6 is the button
Seat 1: Evelexy1 ($113.48 in chips) 
Seat 2: easy_sarcasm ($101.50 in chips) 
Seat 3: MAO_DZEDYN_S ($100 in chips) 
Seat 4: whlzor ($100 in chips) 
Seat 5: Rysiff ($167.55 in chips) 
Seat 6: radovan202 ($18.11 in chips) 
Evelexy1: posts small blind $0.50
easy_sarcasm: posts big blind $1
*** HOLE CARDS ***
MAO_DZEDYN_S: folds 
whlzor: raises $1.50 to $2.50
Rysiff: folds 
radovan202: calls $2.50
Evelexy1: folds 
easy_sarcasm: folds 
*** FLOP *** [6c 4d 8s]
whlzor: checks 
radovan202: checks 
*** TURN *** [6c 4d 8s] [Jc]
whlzor: checks 
radovan202: bets $6.18
whlzor: folds 
Uncalled bet ($6.18) returned to radovan202
radovan202 collected $6.18 from pot
radovan202: doesn't show hand 
*** SUMMARY ***
Total pot $6.50 | Rake $0.32 
Board [6c 4d 8s Jc]
Seat 1: Evelexy1 (small blind) folded before Flop
Seat 2: easy_sarcasm (big blind) folded before Flop
Seat 3: MAO_DZEDYN_S folded before Flop (didn't bet)
Seat 4: whlzor folded on the Turn
Seat 5: Rysiff folded before Flop (didn't bet)
Seat 6: radovan202 (button) collected ($6.18)



PokerStars Hand #254498509479:  Hold'em No Limit ($0.50/$1.00 USD) - 2025/01/22 13:57:36 WET [2025/01/22 8:57:36 ET]
Table 'Poesia III' 6-max Seat #1 is the button
Seat 1: Evelexy1 ($112.98 in chips) 
Seat 2: easy_sarcasm ($100.50 in chips) 
Seat 3: MAO_DZEDYN_S ($100 in chips) 
Seat 4: whlzor ($100 in chips) 
Seat 5: Rysiff ($167.55 in chips) 
Seat 6: radovan202 ($21.79 in chips) 
easy_sarcasm: posts small blind $0.50
MAO_DZEDYN_S: posts big blind $1
*** HOLE CARDS ***
whlzor: folds 
Rysiff: folds 
radovan202: raises $1.50 to $2.50
Evelexy1: folds 
easy_sarcasm: folds 
MAO_DZEDYN_S: folds 
Uncalled bet ($1.50) returned to radovan202
radovan202 collected $2.50 from pot
radovan202: doesn't show hand 
*** SUMMARY ***
Total pot $2.50 | Rake $0 
Seat 1: Evelexy1 (button) folded before Flop (didn't bet)
Seat 2: easy_sarcasm (small blind) folded before Flop
Seat 3: MAO_DZEDYN_S (big blind) folded before Flop
Seat 4: whlzor folded before Flop (didn't bet)
Seat 5: Rysiff folded before Flop (didn't bet)
Seat 6: radovan202 collected ($2.50)



PokerStars Hand #254498511908:  Hold'em No Limit ($0.50/$1.00 USD) - 2025/01/22 13:57:54 WET [2025/01/22 8:57:54 ET]
Table 'Poesia III' 6-max Seat #2 is the button
Seat 1: Evelexy1 ($112.98 in chips) 
Seat 2: easy_sarcasm ($100 in chips) 
Seat 3: MAO_DZEDYN_S ($100 in chips) 
Seat 4: whlzor ($100 in chips) 
Seat 5: Rysiff ($167.55 in chips) 
Seat 6: radovan202 ($23.29 in chips) 
MAO_DZEDYN_S: posts small blind $0.50
whlzor: posts big blind $1
*** HOLE CARDS ***
Rysiff: raises $1.50 to $2.50
radovan202: folds 
Evelexy1: raises $5 to $7.50
easy_sarcasm: folds 
MAO_DZEDYN_S: folds 
whlzor: folds 
Rysiff: folds 
Uncalled bet ($5) returned to Evelexy1
Evelexy1 collected $6.50 from pot
Evelexy1: doesn't show hand 
*** SUMMARY ***
Total pot $6.50 | Rake $0 
Seat 1: Evelexy1 collected ($6.50)
Seat 2: easy_sarcasm (button) folded before Flop (didn't bet)
Seat 3: MAO_DZEDYN_S (small blind) folded before Flop
Seat 4: whlzor (big blind) folded before Flop
Seat 5: Rysiff folded before Flop
Seat 6: radovan202 folded before Flop (didn't bet)



PokerStars Hand #254498514322:  Hold'em No Limit ($0.50/$1.00 USD) - 2025/01/22 13:58:11 WET [2025/01/22 8:58:11 ET]
Table 'Poesia III' 6-max Seat #3 is the button
Seat 1: Evelexy1 ($116.98 in chips) 
Seat 2: easy_sarcasm ($100 in chips) 
Seat 3: MAO_DZEDYN_S ($100 in chips) 
Seat 4: whlzor ($100 in chips) 
Seat 5: Rysiff ($165.05 in chips) 
Seat 6: radovan202 ($23.29 in chips) 
whlzor: posts small blind $0.50
Rysiff: posts big blind $1
*** HOLE CARDS ***
radovan202: folds 
Evelexy1: folds 
easy_sarcasm: folds 
MAO_DZEDYN_S: folds 
whlzor: folds 
Uncalled bet ($0.50) returned to Rysiff
Rysiff collected $1 from pot
Rysiff: doesn't show hand 
*** SUMMARY ***
Total pot $1 | Rake $0 
Seat 1: Evelexy1 folded before Flop (didn't bet)
Seat 2: easy_sarcasm folded before Flop (didn't bet)
Seat 3: MAO_DZEDYN_S (button) folded before Flop (didn't bet)
Seat 4: whlzor (small blind) folded before Flop
Seat 5: Rysiff (big blind) collected ($1)
Seat 6: radovan202 folded before Flop (didn't bet)



PokerStars Hand #254498515705:  Hold'em No Limit ($0.50/$1.00 USD) - 2025/01/22 13:58:22 WET [2025/01/22 8:58:22 ET]
Table 'Poesia III' 6-max Seat #4 is the button
Seat 1: Evelexy1 ($116.98 in chips) 
Seat 2: easy_sarcasm ($100 in chips) 
Seat 3: MAO_DZEDYN_S ($100 in chips) 
Seat 4: whlzor ($100 in chips) 
Seat 5: Rysiff ($165.55 in chips) 
Seat 6: radovan202 ($23.29 in chips) 
Rysiff: posts small blind $0.50
radovan202: posts big blind $1
*** HOLE CARDS ***
Evelexy1: folds 
easy_sarcasm: folds 
MAO_DZEDYN_S: raises $1.25 to $2.25
whlzor: folds 
Rysiff: folds 
radovan202: calls $1.25
*** FLOP *** [Jc Ts As]
radovan202: checks 
MAO_DZEDYN_S: bets $1.72
radovan202: calls $1.72
*** TURN *** [Jc Ts As] [4c]
radovan202: checks 
MAO_DZEDYN_S: bets $4.70
radovan202: calls $4.70
*** RIVER *** [Jc Ts As 4c] [Qs]
radovan202: bets $14.62 and is all-in
MAO_DZEDYN_S: calls $14.62
*** SHOW DOWN ***
radovan202: shows [8s Kc] (a straight, Ten to Ace)
MAO_DZEDYN_S: shows [Ad Ks] (a straight, Ten to Ace)
radovan202 collected $22.37 from pot
MAO_DZEDYN_S collected $22.36 from pot
*** SUMMARY ***
Total pot $47.08 | Rake $2.35 
Board [Jc Ts As 4c Qs]
Seat 1: Evelexy1 folded before Flop (didn't bet)
Seat 2: easy_sarcasm folded before Flop (didn't bet)
Seat 3: MAO_DZEDYN_S showed [Ad Ks] and won ($22.36) with a straight, Ten to Ace
Seat 4: whlzor (button) folded before Flop (didn't bet)
Seat 5: Rysiff (small blind) folded before Flop
Seat 6: radovan202 (big blind) showed [8s Kc] and won ($22.37) with a straight, Ten to Ace



PokerStars Hand #254498523671:  Hold'em No Limit ($0.50/$1.00 USD) - 2025/01/22 13:59:21 WET [2025/01/22 8:59:21 ET]
Table 'Poesia III' 6-max Seat #5 is the button
Seat 1: Evelexy1 ($116.98 in chips) 
Seat 2: easy_sarcasm ($100 in chips) 
Seat 3: MAO_DZEDYN_S ($100 in chips) 
Seat 4: whlzor ($100 in chips) 
Seat 5: Rysiff ($165.05 in chips) 
Seat 6: radovan202 ($22.37 in chips) 
radovan202: posts small blind $0.50
Evelexy1: posts big blind $1
*** HOLE CARDS ***
easy_sarcasm: folds 
MAO_DZEDYN_S: folds 
whlzor: folds 
Rysiff: raises $1.50 to $2.50
radovan202: calls $2
Evelexy1: calls $1.50
*** FLOP *** [Ac Jh Ts]
radovan202: checks 
Evelexy1: checks 
Rysiff: bets $2.35
radovan202: calls $2.35
Evelexy1: folds 
*** TURN *** [Ac Jh Ts] [4c]
radovan202: checks 
Rysiff: bets $3.82
radovan202: calls $3.82
*** RIVER *** [Ac Jh Ts 4c] [7h]
radovan202: checks 
Rysiff: bets $15.08
radovan202: folds 
Uncalled bet ($15.08) returned to Rysiff
Rysiff collected $18.85 from pot
Rysiff: doesn't show hand 
*** SUMMARY ***
Total pot $19.84 | Rake $0.99 
Board [Ac Jh Ts 4c 7h]
Seat 1: Evelexy1 (big blind) folded on the Flop
Seat 2: easy_sarcasm folded before Flop (didn't bet)
Seat 3: MAO_DZEDYN_S folded before Flop (didn't bet)
Seat 4: whlzor folded before Flop (didn't bet)
Seat 5: Rysiff (button) collected ($18.85)
Seat 6: radovan202 (small blind) folded on the River



PokerStars Hand #254498530465:  Hold'em No Limit ($0.50/$1.00 USD) - 2025/01/22 14:00:10 WET [2025/01/22 9:00:10 ET]
Table 'Poesia III' 6-max Seat #6 is the button
Seat 1: Evelexy1 ($114.48 in chips) 
Seat 2: easy_sarcasm ($100 in chips) 
Seat 3: MAO_DZEDYN_S ($100 in chips) 
Seat 4: whlzor ($100 in chips) 
Seat 5: Rysiff ($175.23 in chips) 
Seat 6: radovan202 ($13.70 in chips) 
Evelexy1: posts small blind $0.50
easy_sarcasm: posts big blind $1
*** HOLE CARDS ***
MAO_DZEDYN_S: folds 
whlzor: raises $1.50 to $2.50
Rysiff: folds 
radovan202: calls $2.50
Evelexy1: folds 
easy_sarcasm: folds 
*** FLOP *** [7d 2c Ac]
whlzor: checks 
radovan202: bets $3.09
whlzor: calls $3.09
*** TURN *** [7d 2c Ac] [Ts]
whlzor: checks 
radovan202: checks 
*** RIVER *** [7d 2c Ac Ts] [6d]
whlzor: bets $8.95
radovan202: folds 
Uncalled bet ($8.95) returned to whlzor
whlzor collected $12.05 from pot
whlzor: doesn't show hand 
*** SUMMARY ***
Total pot $12.68 | Rake $0.63 
Board [7d 2c Ac Ts 6d]
Seat 1: Evelexy1 (small blind) folded before Flop
Seat 2: easy_sarcasm (big blind) folded before Flop
Seat 3: MAO_DZEDYN_S folded before Flop (didn't bet)
Seat 4: whlzor collected ($12.05)
Seat 5: Rysiff folded before Flop (didn't bet)
Seat 6: radovan202 (button) folded on the River



PokerStars Hand #254498536565:  Hold'em No Limit ($0.50/$1.00 USD) - 2025/01/22 14:00:53 WET [2025/01/22 9:00:53 ET]
Table 'Poesia III' 6-max Seat #1 is the button
Seat 1: Evelexy1 ($113.98 in chips) 
Seat 2: easy_sarcasm ($100 in chips) 
Seat 3: MAO_DZEDYN_S ($100 in chips) 
Seat 4: whlzor ($106.46 in chips) 
Seat 5: Rysiff ($175.23 in chips) 
Seat 6: radovan202 ($8.11 in chips) 
easy_sarcasm: posts small blind $0.50
MAO_DZEDYN_S: posts big blind $1
*** HOLE CARDS ***
whlzor: folds 
Rysiff: folds 
radovan202: folds 
whlzor leaves the table
Joe_Li7 joins the table at seat #4 
Joe_Li7 leaves the table
Evelexy1: folds 
easy_sarcasm: folds 
Uncalled bet ($0.50) returned to MAO_DZEDYN_S
MAO_DZEDYN_S collected $1 from pot
MAO_DZEDYN_S: doesn't show hand 
*** SUMMARY ***
Total pot $1 | Rake $0 
Seat 1: Evelexy1 (button) folded before Flop (didn't bet)
Seat 2: easy_sarcasm (small blind) folded before Flop
Seat 3: MAO_DZEDYN_S (big blind) collected ($1)
Seat 4: whlzor folded before Flop (didn't bet)
Seat 5: Rysiff folded before Flop (didn't bet)
Seat 6: radovan202 folded before Flop (didn't bet)



PokerStars Hand #254498538825:  Hold'em No Limit ($0.50/$1.00 USD) - 2025/01/22 14:01:07 WET [2025/01/22 9:01:07 ET]
Table 'Poesia III' 6-max Seat #2 is the button
Seat 1: Evelexy1 ($113.98 in chips) 
Seat 2: easy_sarcasm ($100 in chips) 
Seat 3: MAO_DZEDYN_S ($100.50 in chips) 
Seat 5: Rysiff ($175.23 in chips) 
Seat 6: radovan202 ($8.11 in chips) 
MAO_DZEDYN_S: posts small blind $0.50
Rysiff: posts big blind $1
*** HOLE CARDS ***
radovan202: raises $7.11 to $8.11 and is all-in
Evelexy1: folds 
easy_sarcasm: folds 
MAO_DZEDYN_S: calls $7.61
Rysiff: folds 
*** FLOP *** [Js Kd 2c]
*** TURN *** [Js Kd 2c] [4d]
*** RIVER *** [Js Kd 2c 4d] [Qd]
*** SHOW DOWN ***
MAO_DZEDYN_S: shows [Qs Ks] (two pair, Kings and Queens)
radovan202: shows [Jc Jh] (three of a kind, Jacks)
radovan202 collected $16.36 from pot
*** SUMMARY ***
Total pot $17.22 | Rake $0.86 
Board [Js Kd 2c 4d Qd]
Seat 1: Evelexy1 folded before Flop (didn't bet)
Seat 2: easy_sarcasm (button) folded before Flop (didn't bet)
Seat 3: MAO_DZEDYN_S (small blind) showed [Qs Ks] and lost with two pair, Kings and Queens
Seat 5: Rysiff (big blind) folded before Flop
Seat 6: radovan202 showed [Jc Jh] and won ($16.36) with three of a kind, Jacks



PokerStars Hand #254498542504:  Hold'em No Limit ($0.50/$1.00 USD) - 2025/01/22 14:01:30 WET [2025/01/22 9:01:30 ET]
Table 'Poesia III' 6-max Seat #3 is the button
Seat 1: Evelexy1 ($113.98 in chips) 
Seat 2: easy_sarcasm ($100 in chips) 
Seat 3: MAO_DZEDYN_S ($100 in chips) 
Seat 5: Rysiff ($174.23 in chips) 
Seat 6: radovan202 ($16.36 in chips) 
Rysiff: posts small blind $0.50
radovan202: posts big blind $1
*** HOLE CARDS ***
Evelexy1: folds 
easy_sarcasm: raises $2 to $3
MAO_DZEDYN_S: folds 
Rysiff: folds 
RAidakCo joins the table at seat #4 
radovan202: folds 
Uncalled bet ($2) returned to easy_sarcasm
easy_sarcasm collected $2.50 from pot
*** SUMMARY ***
Total pot $2.50 | Rake $0 
Seat 1: Evelexy1 folded before Flop (didn't bet)
Seat 2: easy_sarcasm collected ($2.50)
Seat 3: MAO_DZEDYN_S (button) folded before Flop (didn't bet)
Seat 5: Rysiff (small blind) folded before Flop
Seat 6: radovan202 (big blind) folded before Flop



PokerStars Hand #254498545031:  Hold'em No Limit ($0.50/$1.00 USD) - 2025/01/22 14:01:45 WET [2025/01/22 9:01:45 ET]
Table 'Poesia III' 6-max Seat #5 is the button
Seat 4: RAidakCo ($100 in chips) is sitting out
Seat 1: Evelexy1 ($113.98 in chips) 
Seat 2: easy_sarcasm ($101.50 in chips) 
Seat 3: MAO_DZEDYN_S ($100 in chips) 
Seat 5: Rysiff ($173.73 in chips) 
Seat 6: radovan202 ($15.36 in chips) 
radovan202: posts small blind $0.50
Evelexy1: posts big blind $1
RAidakCo: sits out 
*** HOLE CARDS ***
easy_sarcasm: folds 
MAO_DZEDYN_S: folds 
Rysiff: raises $1.50 to $2.50
radovan202: raises $12.86 to $15.36 and is all-in
Evelexy1: folds 
Rysiff: folds 
Uncalled bet ($12.86) returned to radovan202
radovan202 collected $6 from pot
radovan202: doesn't show hand 
*** SUMMARY ***
Total pot $6 | Rake $0 
Seat 4: RAidakCo
Seat 1: Evelexy1 (big blind) folded before Flop
Seat 2: easy_sarcasm folded before Flop (didn't bet)
Seat 3: MAO_DZEDYN_S folded before Flop (didn't bet)
Seat 5: Rysiff (button) folded before Flop
Seat 6: radovan202 (small blind) collected ($6)



PokerStars Hand #254498547917:  Hold'em No Limit ($0.50/$1.00 USD) - 2025/01/22 14:02:02 WET [2025/01/22 9:02:02 ET]
Table 'Poesia III' 6-max Seat #6 is the button
Seat 4: RAidakCo ($100 in chips) is sitting out
Seat 1: Evelexy1 ($112.98 in chips) 
Seat 2: easy_sarcasm ($101.50 in chips) 
Seat 3: MAO_DZEDYN_S ($100 in chips) 
Seat 5: Rysiff ($171.23 in chips) 
Seat 6: radovan202 ($18.86 in chips) 
Evelexy1: posts small blind $0.50
easy_sarcasm: posts big blind $1
RAidakCo: sits out 
*** HOLE CARDS ***
MAO_DZEDYN_S: folds 
Rysiff: folds 
radovan202: raises $2 to $3
Evelexy1: folds 
easy_sarcasm: folds 
Uncalled bet ($2) returned to radovan202
radovan202 collected $2.50 from pot
radovan202: doesn't show hand 
*** SUMMARY ***
Total pot $2.50 | Rake $0 
Seat 4: RAidakCo
Seat 1: Evelexy1 (small blind) folded before Flop
Seat 2: easy_sarcasm (big blind) folded before Flop
Seat 3: MAO_DZEDYN_S folded before Flop (didn't bet)
Seat 5: Rysiff folded before Flop (didn't bet)
Seat 6: radovan202 (button) collected ($2.50)



PokerStars Hand #254498550405:  Hold'em No Limit ($0.50/$1.00 USD) - 2025/01/22 14:02:16 WET [2025/01/22 9:02:16 ET]
Table 'Poesia III' 6-max Seat #1 is the button
Seat 3: MAO_DZEDYN_S ($100 in chips) is sitting out
Seat 1: Evelexy1 ($112.48 in chips) 
Seat 2: easy_sarcasm ($100.50 in chips) 
Seat 4: RAidakCo ($100 in chips) 
Seat 5: Rysiff ($171.23 in chips) 
Seat 6: radovan202 ($20.36 in chips) 
easy_sarcasm: posts small blind $0.50
MAO_DZEDYN_S: is sitting out 
RAidakCo: posts big blind $1
*** HOLE CARDS ***
Rysiff: folds 
radovan202: folds 
Evelexy1: raises $1.50 to $2.50
easy_sarcasm: folds 
RAidakCo: folds 
Uncalled bet ($1.50) returned to Evelexy1
Evelexy1 collected $2.50 from pot
Evelexy1: doesn't show hand 
*** SUMMARY ***
Total pot $2.50 | Rake $0 
Seat 3: MAO_DZEDYN_S
Seat 1: Evelexy1 (button) collected ($2.50)
Seat 2: easy_sarcasm (small blind) folded before Flop
Seat 4: RAidakCo (big blind) folded before Flop
Seat 5: Rysiff folded before Flop (didn't bet)
Seat 6: radovan202 folded before Flop (didn't bet)



PokerStars Hand #254498552228:  Hold'em No Limit ($0.50/$1.00 USD) - 2025/01/22 14:02:27 WET [2025/01/22 9:02:27 ET]
Table 'Poesia III' 6-max Seat #2 is the button
Seat 3: MAO_DZEDYN_S ($100 in chips) is sitting out
Seat 1: Evelexy1 ($113.98 in chips) 
Seat 2: easy_sarcasm ($100 in chips) 
Seat 4: RAidakCo ($100 in chips) 
Seat 5: Rysiff ($171.23 in chips) 
Seat 6: radovan202 ($20.36 in chips) 
RAidakCo: posts small blind $0.50
Rysiff: posts big blind $1
*** HOLE CARDS ***
radovan202: folds 
Evelexy1: folds 
easy_sarcasm: raises $1.20 to $2.20
RAidakCo: raises $8.80 to $11
Rysiff: folds 
easy_sarcasm: folds 
Uncalled bet ($8.80) returned to RAidakCo
RAidakCo collected $5.40 from pot
RAidakCo: doesn't show hand 
*** SUMMARY ***
Total pot $5.40 | Rake $0 
Seat 3: MAO_DZEDYN_S
Seat 1: Evelexy1 folded before Flop (didn't bet)
Seat 2: easy_sarcasm (button) folded before Flop
Seat 4: RAidakCo (small blind) collected ($5.40)
Seat 5: Rysiff (big blind) folded before Flop
Seat 6: radovan202 folded before Flop (didn't bet)



PokerStars Hand #254498555142:  Hold'em No Limit ($0.50/$1.00 USD) - 2025/01/22 14:02:44 WET [2025/01/22 9:02:44 ET]
Table 'Poesia III' 6-max Seat #4 is the button
Seat 3: MAO_DZEDYN_S ($100 in chips) is sitting out
Seat 1: Evelexy1 ($113.98 in chips) 
Seat 2: easy_sarcasm ($100 in chips) 
Seat 4: RAidakCo ($103.20 in chips) 
Seat 5: Rysiff ($170.23 in chips) 
Seat 6: radovan202 ($20.36 in chips) 
Rysiff: posts small blind $0.50
radovan202: posts big blind $1
*** HOLE CARDS ***
Evelexy1: folds 
easy_sarcasm: folds 
RAidakCo: raises $1 to $2
Rysiff: folds 
radovan202: calls $1
*** FLOP *** [3c 7s 9d]
radovan202: checks 
RAidakCo: bets $1.41
radovan202: calls $1.41
*** TURN *** [3c 7s 9d] [9h]
radovan202: checks 
RAidakCo: checks 
*** RIVER *** [3c 7s 9d 9h] [2d]
radovan202: checks 
RAidakCo: checks 
*** SHOW DOWN ***
radovan202: shows [Kh Td] (a pair of Nines)
RAidakCo: mucks hand 
radovan202 collected $6.95 from pot
*** SUMMARY ***
Total pot $7.32 | Rake $0.37 
Board [3c 7s 9d 9h 2d]
Seat 3: MAO_DZEDYN_S
Seat 1: Evelexy1 folded before Flop (didn't bet)
Seat 2: easy_sarcasm folded before Flop (didn't bet)
Seat 4: RAidakCo (button) mucked
Seat 5: Rysiff (small blind) folded before Flop
Seat 6: radovan202 (big blind) showed [Kh Td] and won ($6.95) with a pair of Nines



PokerStars Hand #254498561406:  Hold'em No Limit ($0.50/$1.00 USD) - 2025/01/22 14:03:21 WET [2025/01/22 9:03:21 ET]
Table 'Poesia III' 6-max Seat #5 is the button
Seat 3: MAO_DZEDYN_S ($100 in chips) is sitting out
Seat 1: Evelexy1 ($113.98 in chips) 
Seat 2: easy_sarcasm ($100 in chips) 
Seat 4: RAidakCo ($100 in chips) 
Seat 5: Rysiff ($169.73 in chips) 
Seat 6: radovan202 ($23.90 in chips) 
radovan202: posts small blind $0.50
Evelexy1: posts big blind $1
*** HOLE CARDS ***
easy_sarcasm: folds 
RAidakCo: folds 
Rysiff: folds 
radovan202: folds 
Uncalled bet ($0.50) returned to Evelexy1
Evelexy1 collected $1 from pot
Evelexy1: doesn't show hand 
*** SUMMARY ***
Total pot $1 | Rake $0 
Seat 3: MAO_DZEDYN_S
Seat 1: Evelexy1 (big blind) collected ($1)
Seat 2: easy_sarcasm folded before Flop (didn't bet)
Seat 4: RAidakCo folded before Flop (didn't bet)
Seat 5: Rysiff (button) folded before Flop (didn't bet)
Seat 6: radovan202 (small blind) folded before Flop



PokerStars Hand #254498563460:  Hold'em No Limit ($0.50/$1.00 USD) - 2025/01/22 14:03:33 WET [2025/01/22 9:03:33 ET]
Table 'Poesia III' 6-max Seat #6 is the button
Seat 3: MAO_DZEDYN_S ($100 in chips) is sitting out
Seat 1: Evelexy1 ($114.48 in chips) 
Seat 2: easy_sarcasm ($100 in chips) 
Seat 4: RAidakCo ($100 in chips) 
Seat 5: Rysiff ($169.73 in chips) 
Seat 6: radovan202 ($23.40 in chips) 
Evelexy1: posts small blind $0.50
easy_sarcasm: posts big blind $1
*** HOLE CARDS ***
MAO_DZEDYN_S leaves the table
RAidakCo: folds 
Rysiff: raises $1.50 to $2.50
radovan202: raises $6.50 to $9
Evelexy1: folds 
easy_sarcasm: folds 
Rysiff: folds 
Uncalled bet ($6.50) returned to radovan202
GuigaMan joins the table at seat #3 
radovan202 collected $6.50 from pot
radovan202: doesn't show hand 
*** SUMMARY ***
Total pot $6.50 | Rake $0 
Seat 3: MAO_DZEDYN_S
Seat 1: Evelexy1 (small blind) folded before Flop
Seat 2: easy_sarcasm (big blind) folded before Flop
Seat 4: RAidakCo folded before Flop (didn't bet)
Seat 5: Rysiff folded before Flop
Seat 6: radovan202 (button) collected ($6.50)



PokerStars Hand #254498565457:  Hold'em No Limit ($0.50/$1.00 USD) - 2025/01/22 14:03:44 WET [2025/01/22 9:03:44 ET]
Table 'Poesia III' 6-max Seat #1 is the button
Seat 1: Evelexy1 ($113.98 in chips) 
Seat 2: easy_sarcasm ($100 in chips) 
Seat 3: GuigaMan ($100 in chips) 
Seat 4: RAidakCo ($100 in chips) 
Seat 5: Rysiff ($167.23 in chips) 
Seat 6: radovan202 ($27.40 in chips) 
easy_sarcasm: posts small blind $0.50
GuigaMan: posts big blind $1
*** HOLE CARDS ***
RAidakCo: raises $1 to $2
Rysiff: folds 
radovan202: calls $2
Evelexy1: folds 
easy_sarcasm: folds 
GuigaMan: folds 
*** FLOP *** [4h 9s 3d]
RAidakCo: checks 
radovan202: checks 
*** TURN *** [4h 9s 3d] [Ad]
RAidakCo: checks 
radovan202: bets $1.72
RAidakCo: folds 
Uncalled bet ($1.72) returned to radovan202
radovan202 collected $5.22 from pot
radovan202: doesn't show hand 
*** SUMMARY ***
Total pot $5.50 | Rake $0.28 
Board [4h 9s 3d Ad]
Seat 1: Evelexy1 (button) folded before Flop (didn't bet)
Seat 2: easy_sarcasm (small blind) folded before Flop
Seat 3: GuigaMan (big blind) folded before Flop
Seat 4: RAidakCo folded on the Turn
Seat 5: Rysiff folded before Flop (didn't bet)
Seat 6: radovan202 collected ($5.22)



PokerStars Hand #254498570120:  Hold'em No Limit ($0.50/$1.00 USD) - 2025/01/22 14:04:11 WET [2025/01/22 9:04:11 ET]
Table 'Poesia III' 6-max Seat #2 is the button
Seat 1: Evelexy1 ($113.98 in chips) 
Seat 2: easy_sarcasm ($100 in chips) 
Seat 3: GuigaMan ($100 in chips) 
Seat 4: RAidakCo ($100 in chips) 
Seat 5: Rysiff ($167.23 in chips) 
Seat 6: radovan202 ($30.62 in chips) 
GuigaMan: posts small blind $0.50
RAidakCo: posts big blind $1
*** HOLE CARDS ***
Rysiff: folds 
radovan202: raises $1 to $2
Evelexy1: folds 
easy_sarcasm: folds 
GuigaMan: folds 
RAidakCo: calls $1
*** FLOP *** [Ts 2c 3h]
RAidakCo: checks 
radovan202: checks 
*** TURN *** [Ts 2c 3h] [Ad]
RAidakCo: checks 
radovan202: bets $3.21
RAidakCo: calls $3.21
*** RIVER *** [Ts 2c 3h Ad] [7d]
RAidakCo: checks 
radovan202: checks 
*** SHOW DOWN ***
RAidakCo: shows [3s 5s] (a pair of Threes)
radovan202: mucks hand 
RAidakCo collected $10.37 from pot
*** SUMMARY ***
Total pot $10.92 | Rake $0.55 
Board [Ts 2c 3h Ad 7d]
Seat 1: Evelexy1 folded before Flop (didn't bet)
Seat 2: easy_sarcasm (button) folded before Flop (didn't bet)
Seat 3: GuigaMan (small blind) folded before Flop
Seat 4: RAidakCo (big blind) showed [3s 5s] and won ($10.37) with a pair of Threes
Seat 5: Rysiff folded before Flop (didn't bet)
Seat 6: radovan202 mucked



PokerStars Hand #254498575802:  Hold'em No Limit ($0.50/$1.00 USD) - 2025/01/22 14:04:44 WET [2025/01/22 9:04:44 ET]
Table 'Poesia III' 6-max Seat #3 is the button
Seat 1: Evelexy1 ($113.98 in chips) 
Seat 2: easy_sarcasm ($100 in chips) 
Seat 3: GuigaMan ($100 in chips) 
Seat 4: RAidakCo ($105.16 in chips) 
Seat 5: Rysiff ($167.23 in chips) 
Seat 6: radovan202 ($25.41 in chips) 
RAidakCo: posts small blind $0.50
Rysiff: posts big blind $1
*** HOLE CARDS ***
radovan202: raises $1 to $2
Evelexy1: folds 
easy_sarcasm: folds 
GuigaMan: folds 
RAidakCo: folds 
Rysiff: calls $1
*** FLOP *** [Kd 8s 3c]
Rysiff: checks 
radovan202: checks 
*** TURN *** [Kd 8s 3c] [3h]
Rysiff: checks 
radovan202: checks 
*** RIVER *** [Kd 8s 3c 3h] [8c]
Rysiff: checks 
radovan202: bets $4.28
Rysiff: folds 
Uncalled bet ($4.28) returned to radovan202
radovan202 collected $4.28 from pot
radovan202: doesn't show hand 
*** SUMMARY ***
Total pot $4.50 | Rake $0.22 
Board [Kd 8s 3c 3h 8c]
Seat 1: Evelexy1 folded before Flop (didn't bet)
Seat 2: easy_sarcasm folded before Flop (didn't bet)
Seat 3: GuigaMan (button) folded before Flop (didn't bet)
Seat 4: RAidakCo (small blind) folded before Flop
Seat 5: Rysiff (big blind) folded on the River
Seat 6: radovan202 collected ($4.28)



PokerStars Hand #254498581180:  Hold'em No Limit ($0.50/$1.00 USD) - 2025/01/22 14:05:15 WET [2025/01/22 9:05:15 ET]
Table 'Poesia III' 6-max Seat #4 is the button
Seat 1: Evelexy1 ($113.98 in chips) 
Seat 2: easy_sarcasm ($100 in chips) 
Seat 3: GuigaMan ($100 in chips) 
Seat 4: RAidakCo ($104.66 in chips) 
Seat 5: Rysiff ($165.23 in chips) 
Seat 6: radovan202 ($27.69 in chips) 
Rysiff: posts small blind $0.50
radovan202: posts big blind $1
*** HOLE CARDS ***
Evelexy1: raises $1 to $2
easy_sarcasm: folds 
GuigaMan: folds 
RAidakCo: folds 
Rysiff: folds 
radovan202: folds 
Uncalled bet ($1) returned to Evelexy1
Evelexy1 collected $2.50 from pot
Evelexy1: doesn't show hand 
*** SUMMARY ***
Total pot $2.50 | Rake $0 
Seat 1: Evelexy1 collected ($2.50)
Seat 2: easy_sarcasm folded before Flop (didn't bet)
Seat 3: GuigaMan folded before Flop (didn't bet)
Seat 4: RAidakCo (button) folded before Flop (didn't bet)
Seat 5: Rysiff (small blind) folded before Flop
Seat 6: radovan202 (big blind) folded before Flop



PokerStars Hand #254498583402:  Hold'em No Limit ($0.50/$1.00 USD) - 2025/01/22 14:05:28 WET [2025/01/22 9:05:28 ET]
Table 'Poesia III' 6-max Seat #5 is the button
Seat 1: Evelexy1 ($115.48 in chips) 
Seat 2: easy_sarcasm ($100 in chips) 
Seat 3: GuigaMan ($100 in chips) 
Seat 4: RAidakCo ($104.66 in chips) 
Seat 5: Rysiff ($164.73 in chips) 
Seat 6: radovan202 ($26.69 in chips) 
radovan202: posts small blind $0.50
Evelexy1: posts big blind $1
*** HOLE CARDS ***
easy_sarcasm: folds 
GuigaMan: folds 
RAidakCo: folds 
Rysiff: folds 
radovan202: folds 
Uncalled bet ($0.50) returned to Evelexy1
Evelexy1 collected $1 from pot
Evelexy1: doesn't show hand 
*** SUMMARY ***
Total pot $1 | Rake $0 
Seat 1: Evelexy1 (big blind) collected ($1)
Seat 2: easy_sarcasm folded before Flop (didn't bet)
Seat 3: GuigaMan folded before Flop (didn't bet)
Seat 4: RAidakCo folded before Flop (didn't bet)
Seat 5: Rysiff (button) folded before Flop (didn't bet)
Seat 6: radovan202 (small blind) folded before Flop



PokerStars Hand #254498586285:  Hold'em No Limit ($0.50/$1.00 USD) - 2025/01/22 14:05:44 WET [2025/01/22 9:05:44 ET]
Table 'Poesia III' 6-max Seat #6 is the button
Seat 1: Evelexy1 ($115.98 in chips) 
Seat 2: easy_sarcasm ($100 in chips) 
Seat 3: GuigaMan ($100 in chips) 
Seat 4: RAidakCo ($104.66 in chips) 
Seat 5: Rysiff ($164.73 in chips) 
Seat 6: radovan202 ($26.19 in chips) 
Evelexy1: posts small blind $0.50
easy_sarcasm: posts big blind $1
*** HOLE CARDS ***
GuigaMan: folds 
RAidakCo: folds 
Rysiff: raises $1.50 to $2.50
radovan202: calls $2.50
Evelexy1: folds 
easy_sarcasm: folds 
*** FLOP *** [5d Qs 5h]
Rysiff: bets $2.04
radovan202: calls $2.04
*** TURN *** [5d Qs 5h] [3h]
Rysiff: checks 
radovan202: bets $5.03
Rysiff: calls $5.03
*** RIVER *** [5d Qs 5h 3h] [Qh]
Rysiff: checks 
radovan202: bets $9.81
Rysiff: calls $9.81
*** SHOW DOWN ***
radovan202: shows [6h 5c] (a full house, Fives full of Queens)
Rysiff: mucks hand 
radovan202 collected $38.25 from pot
*** SUMMARY ***
Total pot $40.26 | Rake $2.01 
Board [5d Qs 5h 3h Qh]
Seat 1: Evelexy1 (small blind) folded before Flop
Seat 2: easy_sarcasm (big blind) folded before Flop
Seat 3: GuigaMan folded before Flop (didn't bet)
Seat 4: RAidakCo folded before Flop (didn't bet)
Seat 5: Rysiff mucked
Seat 6: radovan202 (button) showed [6h 5c] and won ($38.25) with a full house, Fives full of Queens



PokerStars Hand #254498591787:  Hold'em No Limit ($0.50/$1.00 USD) - 2025/01/22 14:06:16 WET [2025/01/22 9:06:16 ET]
Table 'Poesia III' 6-max Seat #1 is the button
Seat 1: Evelexy1 ($115.48 in chips) 
Seat 2: easy_sarcasm ($100 in chips) 
Seat 3: GuigaMan ($100 in chips) 
Seat 4: RAidakCo ($104.66 in chips) 
Seat 5: Rysiff ($145.35 in chips) 
Seat 6: radovan202 ($45.06 in chips) 
easy_sarcasm: posts small blind $0.50
GuigaMan: posts big blind $1
*** HOLE CARDS ***
RAidakCo: folds 
Rysiff: folds 
radovan202: folds 
Evelexy1: folds 
easy_sarcasm: raises $2 to $3
GuigaMan: calls $2
*** FLOP *** [Kd Ac 9c]
easy_sarcasm: bets $2.85
GuigaMan: folds 
Uncalled bet ($2.85) returned to easy_sarcasm
easy_sarcasm collected $5.70 from pot
*** SUMMARY ***
Total pot $6 | Rake $0.30 
Board [Kd Ac 9c]
Seat 1: Evelexy1 (button) folded before Flop (didn't bet)
Seat 2: easy_sarcasm (small blind) collected ($5.70)
Seat 3: GuigaMan (big blind) folded on the Flop
Seat 4: RAidakCo folded before Flop (didn't bet)
Seat 5: Rysiff folded before Flop (didn't bet)
Seat 6: radovan202 folded before Flop (didn't bet)



PokerStars Hand #254498596665:  Hold'em No Limit ($0.50/$1.00 USD) - 2025/01/22 14:06:44 WET [2025/01/22 9:06:44 ET]
Table 'Poesia III' 6-max Seat #2 is the button
Seat 1: Evelexy1 ($115.48 in chips) 
Seat 2: easy_sarcasm ($102.70 in chips) 
Seat 3: GuigaMan ($100 in chips) 
Seat 4: RAidakCo ($104.66 in chips) 
Seat 5: Rysiff ($145.35 in chips) 
Seat 6: radovan202 ($45.06 in chips) 
GuigaMan: posts small blind $0.50
RAidakCo: posts big blind $1
*** HOLE CARDS ***
Rysiff: folds 
radovan202: folds 
Evelexy1: folds 
easy_sarcasm: folds 
GuigaMan: raises $2 to $3
RAidakCo: folds 
Uncalled bet ($2) returned to GuigaMan
GuigaMan collected $2 from pot
*** SUMMARY ***
Total pot $2 | Rake $0 
Seat 1: Evelexy1 folded before Flop (didn't bet)
Seat 2: easy_sarcasm (button) folded before Flop (didn't bet)
Seat 3: GuigaMan (small blind) collected ($2)
Seat 4: RAidakCo (big blind) folded before Flop
Seat 5: Rysiff folded before Flop (didn't bet)
Seat 6: radovan202 folded before Flop (didn't bet)



PokerStars Hand #254498598831:  Hold'em No Limit ($0.50/$1.00 USD) - 2025/01/22 14:06:57 WET [2025/01/22 9:06:57 ET]
Table 'Poesia III' 6-max Seat #3 is the button
Seat 1: Evelexy1 ($115.48 in chips) 
Seat 2: easy_sarcasm ($102.70 in chips) 
Seat 3: GuigaMan ($101 in chips) 
Seat 4: RAidakCo ($103.66 in chips) 
Seat 5: Rysiff ($145.35 in chips) 
Seat 6: radovan202 ($45.06 in chips) 
RAidakCo: posts small blind $0.50
Rysiff: posts big blind $1
*** HOLE CARDS ***
radovan202: raises $2 to $3
Evelexy1: folds 
easy_sarcasm: calls $3
GuigaMan: folds 
RAidakCo: folds 
Rysiff: calls $2
*** FLOP *** [Td 8s 2d]
Rysiff: checks 
radovan202: checks 
easy_sarcasm: bets $6.50
Rysiff: raises $17.62 to $24.12
radovan202: folds 
easy_sarcasm: calls $17.62
*** TURN *** [Td 8s 2d] [Qc]
Rysiff: bets $118.23 and is all-in
easy_sarcasm: calls $75.58 and is all-in
Uncalled bet ($42.65) returned to Rysiff
*** RIVER *** [Td 8s 2d Qc] [4d]
*** SHOW DOWN ***
Rysiff: shows [Qd 8d] (a flush, Queen high)
easy_sarcasm: shows [Tc As] (a pair of Tens)
Rysiff collected $206.40 from pot
*** SUMMARY ***
Total pot $208.90 | Rake $2.50 
Board [Td 8s 2d Qc 4d]
Seat 1: Evelexy1 folded before Flop (didn't bet)
Seat 2: easy_sarcasm showed [Tc As] and lost with a pair of Tens
Seat 3: GuigaMan (button) folded before Flop (didn't bet)
Seat 4: RAidakCo (small blind) folded before Flop
Seat 5: Rysiff (big blind) showed [Qd 8d] and won ($206.40) with a flush, Queen high
Seat 6: radovan202 folded on the Flop



PokerStars Hand #254498615639:  Hold'em No Limit ($0.50/$1.00 USD) - 2025/01/22 14:08:34 WET [2025/01/22 9:08:34 ET]
Table 'Poesia III' 6-max Seat #4 is the button
Seat 1: Evelexy1 ($115.48 in chips) 
Seat 2: easy_sarcasm ($100 in chips) 
Seat 3: GuigaMan ($101 in chips) 
Seat 4: RAidakCo ($103.16 in chips) 
Seat 5: Rysiff ($249.05 in chips) 
Seat 6: radovan202 ($42.06 in chips) 
Rysiff: posts small blind $0.50
radovan202: posts big blind $1
*** HOLE CARDS ***
Evelexy1: folds 
easy_sarcasm: folds 
GuigaMan: folds 
RAidakCo: folds 
Rysiff: raises $2 to $3
radovan202: calls $2
*** FLOP *** [Js Kd Jh]
Rysiff: bets $2.85
radovan202: calls $2.85
*** TURN *** [Js Kd Jh] [6d]
Rysiff: bets $8.90
radovan202: calls $8.90
*** RIVER *** [Js Kd Jh 6d] [2h]
Rysiff: checks 
radovan202: bets $27.31 and is all-in
Rysiff: folds 
Uncalled bet ($27.31) returned to radovan202
radovan202 collected $28.02 from pot
radovan202: doesn't show hand 
*** SUMMARY ***
Total pot $29.50 | Rake $1.48 
Board [Js Kd Jh 6d 2h]
Seat 1: Evelexy1 folded before Flop (didn't bet)
Seat 2: easy_sarcasm folded before Flop (didn't bet)
Seat 3: GuigaMan folded before Flop (didn't bet)
Seat 4: RAidakCo (button) folded before Flop (didn't bet)
Seat 5: Rysiff (small blind) folded on the River
Seat 6: radovan202 (big blind) collected ($28.02)



PokerStars Hand #254498624346:  Hold'em No Limit ($0.50/$1.00 USD) - 2025/01/22 14:09:24 WET [2025/01/22 9:09:24 ET]
Table 'Poesia III' 6-max Seat #5 is the button
Seat 1: Evelexy1 ($115.48 in chips) 
Seat 2: easy_sarcasm ($100 in chips) 
Seat 3: GuigaMan ($101 in chips) 
Seat 4: RAidakCo ($103.16 in chips) 
Seat 5: Rysiff ($234.30 in chips) 
Seat 6: radovan202 ($55.33 in chips) 
radovan202: posts small blind $0.50
Evelexy1: posts big blind $1
*** HOLE CARDS ***
easy_sarcasm: raises $2 to $3
GuigaMan: folds 
RAidakCo: raises $6 to $9
Rysiff: folds 
radovan202: calls $8.50
Evelexy1: folds 
easy_sarcasm: folds 
*** FLOP *** [4c Ts 5d]
radovan202: bets $46.33 and is all-in
RAidakCo: folds 
Uncalled bet ($46.33) returned to radovan202
radovan202 collected $20.90 from pot
radovan202: doesn't show hand 
*** SUMMARY ***
Total pot $22 | Rake $1.10 
Board [4c Ts 5d]
Seat 1: Evelexy1 (big blind) folded before Flop
Seat 2: easy_sarcasm folded before Flop
Seat 3: GuigaMan folded before Flop (didn't bet)
Seat 4: RAidakCo folded on the Flop
Seat 5: Rysiff (button) folded before Flop (didn't bet)
Seat 6: radovan202 (small blind) collected ($20.90)



PokerStars Hand #254498629031:  Hold'em No Limit ($0.50/$1.00 USD) - 2025/01/22 14:09:51 WET [2025/01/22 9:09:51 ET]
Table 'Poesia III' 6-max Seat #6 is the button
Seat 1: Evelexy1 ($114.48 in chips) 
Seat 2: easy_sarcasm ($100 in chips) 
Seat 3: GuigaMan ($101 in chips) 
Seat 4: RAidakCo ($100 in chips) 
Seat 5: Rysiff ($234.30 in chips) 
Seat 6: radovan202 ($67.23 in chips) 
Evelexy1: posts small blind $0.50
easy_sarcasm: posts big blind $1
*** HOLE CARDS ***
GuigaMan: folds 
RAidakCo: folds 
Rysiff: folds 
radovan202: folds 
Evelexy1: raises $1.50 to $2.50
easy_sarcasm: calls $1.50
*** FLOP *** [6s 5s As]
Evelexy1: bets $1.19
easy_sarcasm: calls $1.19
*** TURN *** [6s 5s As] [Tc]
Evelexy1: checks 
easy_sarcasm: checks 
*** RIVER *** [6s 5s As Tc] [2s]
Evelexy1: bets $5.26
easy_sarcasm: calls $5.26
*** SHOW DOWN ***
Evelexy1: shows [Ts 7s] (a flush, Ace high)
easy_sarcasm: mucks hand 
Evelexy1 collected $17 from pot
*** SUMMARY ***
Total pot $17.90 | Rake $0.90 
Board [6s 5s As Tc 2s]
Seat 1: Evelexy1 (small blind) showed [Ts 7s] and won ($17) with a flush, Ace high
Seat 2: easy_sarcasm (big blind) mucked
Seat 3: GuigaMan folded before Flop (didn't bet)
Seat 4: RAidakCo folded before Flop (didn't bet)
Seat 5: Rysiff folded before Flop (didn't bet)
Seat 6: radovan202 (button) folded before Flop (didn't bet)



PokerStars Hand #254498635525:  Hold'em No Limit ($0.50/$1.00 USD) - 2025/01/22 14:10:27 WET [2025/01/22 9:10:27 ET]
Table 'Poesia III' 6-max Seat #1 is the button
Seat 1: Evelexy1 ($122.53 in chips) 
Seat 2: easy_sarcasm ($100 in chips) 
Seat 3: GuigaMan ($101 in chips) 
Seat 4: RAidakCo ($100 in chips) 
Seat 5: Rysiff ($234.30 in chips) 
Seat 6: radovan202 ($67.23 in chips) 
easy_sarcasm: posts small blind $0.50
GuigaMan: posts big blind $1
*** HOLE CARDS ***
RAidakCo: folds 
Rysiff: folds 
radovan202: raises $1.50 to $2.50
Evelexy1: calls $2.50
easy_sarcasm: raises $11 to $13.50
GuigaMan: folds 
radovan202: folds 
Evelexy1: folds 
Uncalled bet ($11) returned to easy_sarcasm
easy_sarcasm collected $8.50 from pot
*** SUMMARY ***
Total pot $8.50 | Rake $0 
Seat 1: Evelexy1 (button) folded before Flop
Seat 2: easy_sarcasm (small blind) collected ($8.50)
Seat 3: GuigaMan (big blind) folded before Flop
Seat 4: RAidakCo folded before Flop (didn't bet)
Seat 5: Rysiff folded before Flop (didn't bet)
Seat 6: radovan202 folded before Flop



PokerStars Hand #254498640010:  Hold'em No Limit ($0.50/$1.00 USD) - 2025/01/22 14:10:52 WET [2025/01/22 9:10:52 ET]
Table 'Poesia III' 6-max Seat #2 is the button
Seat 1: Evelexy1 ($120.03 in chips) 
Seat 2: easy_sarcasm ($106 in chips) 
Seat 3: GuigaMan ($100 in chips) 
Seat 4: RAidakCo ($100 in chips) 
Seat 5: Rysiff ($234.30 in chips) 
Seat 6: radovan202 ($64.73 in chips) 
GuigaMan: posts small blind $0.50
RAidakCo: posts big blind $1
*** HOLE CARDS ***
Rysiff: folds 
radovan202: raises $1 to $2
Evelexy1: folds 
easy_sarcasm: folds 
GuigaMan: folds 
RAidakCo: calls $1
*** FLOP *** [3s Ks 4d]
RAidakCo: checks 
radovan202: bets $3.21
RAidakCo: folds 
Uncalled bet ($3.21) returned to radovan202
radovan202 collected $4.28 from pot
radovan202: doesn't show hand 
*** SUMMARY ***
Total pot $4.50 | Rake $0.22 
Board [3s Ks 4d]
Seat 1: Evelexy1 folded before Flop (didn't bet)
Seat 2: easy_sarcasm (button) folded before Flop (didn't bet)
Seat 3: GuigaMan (small blind) folded before Flop
Seat 4: RAidakCo (big blind) folded on the Flop
Seat 5: Rysiff folded before Flop (didn't bet)
Seat 6: radovan202 collected ($4.28)



PokerStars Hand #254498645666:  Hold'em No Limit ($0.50/$1.00 USD) - 2025/01/22 14:11:24 WET [2025/01/22 9:11:24 ET]
Table 'Poesia III' 6-max Seat #3 is the button
Seat 1: Evelexy1 ($120.03 in chips) 
Seat 2: easy_sarcasm ($106 in chips) 
Seat 3: GuigaMan ($100 in chips) 
Seat 4: RAidakCo ($100 in chips) 
Seat 5: Rysiff ($234.30 in chips) 
Seat 6: radovan202 ($67.01 in chips) 
RAidakCo: posts small blind $0.50
Rysiff: posts big blind $1
*** HOLE CARDS ***
radovan202: raises $1 to $2
Evelexy1: folds 
easy_sarcasm: folds 
GuigaMan: folds 
RAidakCo: raises $8 to $10
Rysiff: folds 
radovan202: calls $8
*** FLOP *** [Qh 8c 3c]
RAidakCo: bets $6.58
radovan202: calls $6.58
*** TURN *** [Qh 8c 3c] [7s]
RAidakCo: checks 
radovan202: checks 
*** RIVER *** [Qh 8c 3c 7s] [2s]
RAidakCo: checks 
radovan202: checks 
*** SHOW DOWN ***
RAidakCo: shows [5d Ad] (high card Ace)
radovan202: shows [8h 9h] (a pair of Eights)
radovan202 collected $32.45 from pot
*** SUMMARY ***
Total pot $34.16 | Rake $1.71 
Board [Qh 8c 3c 7s 2s]
Seat 1: Evelexy1 folded before Flop (didn't bet)
Seat 2: easy_sarcasm folded before Flop (didn't bet)
Seat 3: GuigaMan (button) folded before Flop (didn't bet)
Seat 4: RAidakCo (small blind) showed [5d Ad] and lost with high card Ace
Seat 5: Rysiff (big blind) folded before Flop
Seat 6: radovan202 showed [8h 9h] and won ($32.45) with a pair of Eights



PokerStars Hand #254498652748:  Hold'em No Limit ($0.50/$1.00 USD) - 2025/01/22 14:12:04 WET [2025/01/22 9:12:04 ET]
Table 'Poesia III' 6-max Seat #4 is the button
Seat 1: Evelexy1 ($120.03 in chips) 
Seat 2: easy_sarcasm ($106 in chips) 
Seat 3: GuigaMan ($100 in chips) 
Seat 4: RAidakCo ($100 in chips) 
Seat 5: Rysiff ($233.30 in chips) 
Seat 6: radovan202 ($82.88 in chips) 
Rysiff: posts small blind $0.50
radovan202: posts big blind $1
*** HOLE CARDS ***
Evelexy1: folds 
easy_sarcasm: folds 
GuigaMan: folds 
RAidakCo: raises $1.50 to $2.50
Rysiff: folds 
radovan202: calls $1.50
*** FLOP *** [Jh 7s 2h]
radovan202: bets $3.92
RAidakCo: calls $3.92
*** TURN *** [Jh 7s 2h] [Qh]
radovan202: checks 
RAidakCo: checks 
*** RIVER *** [Jh 7s 2h Qh] [7h]
radovan202: checks 
RAidakCo: checks 
*** SHOW DOWN ***
radovan202: shows [8s 8c] (two pair, Eights and Sevens)
RAidakCo: shows [9c Jd] (two pair, Jacks and Sevens)
RAidakCo collected $12.67 from pot
*** SUMMARY ***
Total pot $13.34 | Rake $0.67 
Board [Jh 7s 2h Qh 7h]
Seat 1: Evelexy1 folded before Flop (didn't bet)
Seat 2: easy_sarcasm folded before Flop (didn't bet)
Seat 3: GuigaMan folded before Flop (didn't bet)
Seat 4: RAidakCo (button) showed [9c Jd] and won ($12.67) with two pair, Jacks and Sevens
Seat 5: Rysiff (small blind) folded before Flop
Seat 6: radovan202 (big blind) showed [8s 8c] and lost with two pair, Eights and Sevens



PokerStars Hand #254498658602:  Hold'em No Limit ($0.50/$1.00 USD) - 2025/01/22 14:12:37 WET [2025/01/22 9:12:37 ET]
Table 'Poesia III' 6-max Seat #5 is the button
Seat 1: Evelexy1 ($120.03 in chips) 
Seat 2: easy_sarcasm ($106 in chips) 
Seat 3: GuigaMan ($100 in chips) 
Seat 4: RAidakCo ($106.25 in chips) 
Seat 5: Rysiff ($232.80 in chips) 
Seat 6: radovan202 ($76.46 in chips) 
radovan202: posts small blind $0.50
Evelexy1: posts big blind $1
*** HOLE CARDS ***
easy_sarcasm: folds 
GuigaMan: folds 
RAidakCo: raises $1.20 to $2.20
Rysiff: folds 
radovan202: calls $1.70
Evelexy1: calls $1.20
*** FLOP *** [Jh 2h 6c]
radovan202: bets $4.70
Evelexy1: folds 
RAidakCo: folds 
Uncalled bet ($4.70) returned to radovan202
radovan202 collected $6.27 from pot
radovan202: doesn't show hand 
*** SUMMARY ***
Total pot $6.60 | Rake $0.33 
Board [Jh 2h 6c]
Seat 1: Evelexy1 (big blind) folded on the Flop
Seat 2: easy_sarcasm folded before Flop (didn't bet)
Seat 3: GuigaMan folded before Flop (didn't bet)
Seat 4: RAidakCo folded on the Flop
Seat 5: Rysiff (button) folded before Flop (didn't bet)
Seat 6: radovan202 (small blind) collected ($6.27)



PokerStars Hand #254498663135:  Hold'em No Limit ($0.50/$1.00 USD) - 2025/01/22 14:13:03 WET [2025/01/22 9:13:03 ET]
Table 'Poesia III' 6-max Seat #6 is the button
Seat 1: Evelexy1 ($117.83 in chips) 
Seat 2: easy_sarcasm ($106 in chips) 
Seat 3: GuigaMan ($100 in chips) 
Seat 4: RAidakCo ($104.05 in chips) 
Seat 5: Rysiff ($232.80 in chips) 
Seat 6: radovan202 ($80.53 in chips) 
Evelexy1: posts small blind $0.50
easy_sarcasm: posts big blind $1
*** HOLE CARDS ***
GuigaMan: folds 
RAidakCo: folds 
Rysiff: folds 
radovan202: raises $2 to $3
Evelexy1: folds 
easy_sarcasm: folds 
Uncalled bet ($2) returned to radovan202
radovan202 collected $2.50 from pot
radovan202: doesn't show hand 
*** SUMMARY ***
Total pot $2.50 | Rake $0 
Seat 1: Evelexy1 (small blind) folded before Flop
Seat 2: easy_sarcasm (big blind) folded before Flop
Seat 3: GuigaMan folded before Flop (didn't bet)
Seat 4: RAidakCo folded before Flop (didn't bet)
Seat 5: Rysiff folded before Flop (didn't bet)
Seat 6: radovan202 (button) collected ($2.50)



PokerStars Hand #254498666074:  Hold'em No Limit ($0.50/$1.00 USD) - 2025/01/22 14:13:19 WET [2025/01/22 9:13:19 ET]
Table 'Poesia III' 6-max Seat #1 is the button
Seat 1: Evelexy1 ($117.33 in chips) 
Seat 2: easy_sarcasm ($105 in chips) 
Seat 3: GuigaMan ($100 in chips) 
Seat 4: RAidakCo ($104.05 in chips) 
Seat 5: Rysiff ($232.80 in chips) 
Seat 6: radovan202 ($82.03 in chips) 
easy_sarcasm: posts small blind $0.50
GuigaMan: posts big blind $1
*** HOLE CARDS ***
RAidakCo: folds 
Rysiff: folds 
radovan202: folds 
Evelexy1: folds 
easy_sarcasm: raises $2 to $3
GuigaMan: calls $2
*** FLOP *** [Tc 3d As]
easy_sarcasm: bets $2
GuigaMan: folds 
Uncalled bet ($2) returned to easy_sarcasm
easy_sarcasm collected $5.70 from pot
*** SUMMARY ***
Total pot $6 | Rake $0.30 
Board [Tc 3d As]
Seat 1: Evelexy1 (button) folded before Flop (didn't bet)
Seat 2: easy_sarcasm (small blind) collected ($5.70)
Seat 3: GuigaMan (big blind) folded on the Flop
Seat 4: RAidakCo folded before Flop (didn't bet)
Seat 5: Rysiff folded before Flop (didn't bet)
Seat 6: radovan202 folded before Flop (didn't bet)



PokerStars Hand #254498671237:  Hold'em No Limit ($0.50/$1.00 USD) - 2025/01/22 14:13:49 WET [2025/01/22 9:13:49 ET]
Table 'Poesia III' 6-max Seat #2 is the button
Seat 1: Evelexy1 ($117.33 in chips) 
Seat 2: easy_sarcasm ($107.70 in chips) 
Seat 3: GuigaMan ($100 in chips) 
Seat 4: RAidakCo ($104.05 in chips) 
Seat 5: Rysiff ($232.80 in chips) 
Seat 6: radovan202 ($82.03 in chips) 
GuigaMan: posts small blind $0.50
RAidakCo: posts big blind $1
*** HOLE CARDS ***
Rysiff: folds 
radovan202 has timed out
radovan202: folds 
Evelexy1: folds 
easy_sarcasm: raises $1.20 to $2.20
GuigaMan: folds 
RAidakCo: raises $10.80 to $13
easy_sarcasm: folds 
Uncalled bet ($10.80) returned to RAidakCo
RAidakCo collected $4.90 from pot
RAidakCo: doesn't show hand 
*** SUMMARY ***
Total pot $4.90 | Rake $0 
Seat 1: Evelexy1 folded before Flop (didn't bet)
Seat 2: easy_sarcasm (button) folded before Flop
Seat 3: GuigaMan (small blind) folded before Flop
Seat 4: RAidakCo (big blind) collected ($4.90)
Seat 5: Rysiff folded before Flop (didn't bet)
Seat 6: radovan202 folded before Flop (didn't bet)



PokerStars Hand #254498676781:  Hold'em No Limit ($0.50/$1.00 USD) - 2025/01/22 14:14:20 WET [2025/01/22 9:14:20 ET]
Table 'Poesia III' 6-max Seat #3 is the button
Seat 1: Evelexy1 ($117.33 in chips) 
Seat 2: easy_sarcasm ($105.50 in chips) 
Seat 3: GuigaMan ($100 in chips) 
Seat 4: RAidakCo ($106.75 in chips) 
Seat 5: Rysiff ($232.80 in chips) 
Seat 6: radovan202 ($82.03 in chips) 
RAidakCo: posts small blind $0.50
Rysiff: posts big blind $1
*** HOLE CARDS ***
radovan202: folds 
Evelexy1: folds 
easy_sarcasm: folds 
GuigaMan: raises $1.50 to $2.50
RAidakCo: folds 
Rysiff: calls $1.50
*** FLOP *** [Tc 7d Td]
Rysiff: checks 
GuigaMan: bets $2.82
Rysiff: folds 
Uncalled bet ($2.82) returned to GuigaMan
GuigaMan collected $5.22 from pot
*** SUMMARY ***
Total pot $5.50 | Rake $0.28 
Board [Tc 7d Td]
Seat 1: Evelexy1 folded before Flop (didn't bet)
Seat 2: easy_sarcasm folded before Flop (didn't bet)
Seat 3: GuigaMan (button) collected ($5.22)
Seat 4: RAidakCo (small blind) folded before Flop
Seat 5: Rysiff (big blind) folded on the Flop
Seat 6: radovan202 folded before Flop (didn't bet)



PokerStars Hand #254498681224:  Hold'em No Limit ($0.50/$1.00 USD) - 2025/01/22 14:14:46 WET [2025/01/22 9:14:46 ET]
Table 'Poesia III' 6-max Seat #4 is the button
Seat 1: Evelexy1 ($117.33 in chips) 
Seat 2: easy_sarcasm ($105.50 in chips) 
Seat 3: GuigaMan ($102.72 in chips) 
Seat 4: RAidakCo ($106.25 in chips) 
Seat 5: Rysiff ($230.30 in chips) 
Seat 6: radovan202 ($82.03 in chips) 
Rysiff: posts small blind $0.50
radovan202: posts big blind $1
*** HOLE CARDS ***
Evelexy1: folds 
easy_sarcasm: folds 
GuigaMan: raises $1.50 to $2.50
RAidakCo: folds 
Rysiff: folds 
radovan202: folds 
Uncalled bet ($1.50) returned to GuigaMan
GuigaMan collected $2.50 from pot
*** SUMMARY ***
Total pot $2.50 | Rake $0 
Seat 1: Evelexy1 folded before Flop (didn't bet)
Seat 2: easy_sarcasm folded before Flop (didn't bet)
Seat 3: GuigaMan collected ($2.50)
Seat 4: RAidakCo (button) folded before Flop (didn't bet)
Seat 5: Rysiff (small blind) folded before Flop
Seat 6: radovan202 (big blind) folded before Flop



PokerStars Hand #254498684111:  Hold'em No Limit ($0.50/$1.00 USD) - 2025/01/22 14:15:02 WET [2025/01/22 9:15:02 ET]
Table 'Poesia III' 6-max Seat #5 is the button
Seat 1: Evelexy1 ($117.33 in chips) 
Seat 2: easy_sarcasm ($105.50 in chips) 
Seat 3: GuigaMan ($104.22 in chips) 
Seat 4: RAidakCo ($106.25 in chips) 
Seat 5: Rysiff ($229.80 in chips) 
Seat 6: radovan202 ($81.03 in chips) 
radovan202: posts small blind $0.50
Evelexy1: posts big blind $1
*** HOLE CARDS ***
easy_sarcasm: folds 
GuigaMan: folds 
RAidakCo: folds 
Rysiff: folds 
radovan202: raises $1.50 to $2.50
Evelexy1: calls $1.50
*** FLOP *** [Qd Jh Js]
radovan202: bets $1.57
Evelexy1: calls $1.57
*** TURN *** [Qd Jh Js] [2s]
radovan202: checks 
Evelexy1: checks 
*** RIVER *** [Qd Jh Js 2s] [4s]
radovan202: checks 
Evelexy1: checks 
*** SHOW DOWN ***
radovan202: shows [Ac 5h] (a pair of Jacks)
Evelexy1: shows [Kh 4h] (two pair, Jacks and Fours)
Evelexy1 collected $7.73 from pot
*** SUMMARY ***
Total pot $8.14 | Rake $0.41 
Board [Qd Jh Js 2s 4s]
Seat 1: Evelexy1 (big blind) showed [Kh 4h] and won ($7.73) with two pair, Jacks and Fours
Seat 2: easy_sarcasm folded before Flop (didn't bet)
Seat 3: GuigaMan folded before Flop (didn't bet)
Seat 4: RAidakCo folded before Flop (didn't bet)
Seat 5: Rysiff (button) folded before Flop (didn't bet)
Seat 6: radovan202 (small blind) showed [Ac 5h] and lost with a pair of Jacks



PokerStars Hand #254498688455:  Hold'em No Limit ($0.50/$1.00 USD) - 2025/01/22 14:15:26 WET [2025/01/22 9:15:26 ET]
Table 'Poesia III' 6-max Seat #6 is the button
Seat 1: Evelexy1 ($120.99 in chips) 
Seat 2: easy_sarcasm ($105.50 in chips) 
Seat 3: GuigaMan ($104.22 in chips) 
Seat 4: RAidakCo ($106.25 in chips) 
Seat 5: Rysiff ($229.80 in chips) 
Seat 6: radovan202 ($76.96 in chips) 
Evelexy1: posts small blind $0.50
easy_sarcasm: posts big blind $1
*** HOLE CARDS ***
GuigaMan: folds 
RAidakCo: raises $1 to $2
Rysiff: folds 
radovan202: folds 
Evelexy1: folds 
easy_sarcasm: calls $1
*** FLOP *** [Th 2c Qd]
easy_sarcasm: checks 
RAidakCo: checks 
*** TURN *** [Th 2c Qd] [Ac]
easy_sarcasm: checks 
RAidakCo: bets $3.21
easy_sarcasm: folds 
Uncalled bet ($3.21) returned to RAidakCo
RAidakCo collected $4.28 from pot
RAidakCo: doesn't show hand 
*** SUMMARY ***
Total pot $4.50 | Rake $0.22 
Board [Th 2c Qd Ac]
Seat 1: Evelexy1 (small blind) folded before Flop
Seat 2: easy_sarcasm (big blind) folded on the Turn
Seat 3: GuigaMan folded before Flop (didn't bet)
Seat 4: RAidakCo collected ($4.28)
Seat 5: Rysiff folded before Flop (didn't bet)
Seat 6: radovan202 (button) folded before Flop (didn't bet)



PokerStars Hand #254498694969:  Hold'em No Limit ($0.50/$1.00 USD) - 2025/01/22 14:16:02 WET [2025/01/22 9:16:02 ET]
Table 'Poesia III' 6-max Seat #1 is the button
Seat 1: Evelexy1 ($120.49 in chips) 
Seat 2: easy_sarcasm ($103.50 in chips) 
Seat 3: GuigaMan ($104.22 in chips) 
Seat 4: RAidakCo ($108.53 in chips) 
Seat 5: Rysiff ($229.80 in chips) 
Seat 6: radovan202 ($76.96 in chips) 
easy_sarcasm: posts small blind $0.50
GuigaMan: posts big blind $1
*** HOLE CARDS ***
RAidakCo: folds 
Rysiff: raises $1.50 to $2.50
radovan202: calls $2.50
Evelexy1: raises $7.50 to $10
easy_sarcasm: folds 
GuigaMan: folds 
Rysiff: folds 
radovan202: calls $7.50
*** FLOP *** [Td 4c Qs]
radovan202: checks 
Evelexy1: bets $10.50
radovan202: calls $10.50
*** TURN *** [Td 4c Qs] [4s]
radovan202: checks 
Evelexy1: checks 
*** RIVER *** [Td 4c Qs 4s] [2s]
radovan202: checks 
Evelexy1: checks 
*** SHOW DOWN ***
radovan202: shows [Th Kh] (two pair, Tens and Fours)
Evelexy1: mucks hand 
radovan202 collected $42.75 from pot
*** SUMMARY ***
Total pot $45 | Rake $2.25 
Board [Td 4c Qs 4s 2s]
Seat 1: Evelexy1 (button) mucked
Seat 2: easy_sarcasm (small blind) folded before Flop
Seat 3: GuigaMan (big blind) folded before Flop
Seat 4: RAidakCo folded before Flop (didn't bet)
Seat 5: Rysiff folded before Flop
Seat 6: radovan202 showed [Th Kh] and won ($42.75) with two pair, Tens and Fours



PokerStars Hand #254498700845:  Hold'em No Limit ($0.50/$1.00 USD) - 2025/01/22 14:16:35 WET [2025/01/22 9:16:35 ET]
Table 'Poesia III' 6-max Seat #2 is the button
Seat 1: Evelexy1 ($100 in chips) 
Seat 2: easy_sarcasm ($103 in chips) 
Seat 3: GuigaMan ($103.22 in chips) 
Seat 4: RAidakCo ($108.53 in chips) 
Seat 5: Rysiff ($227.30 in chips) 
Seat 6: radovan202 ($99.21 in chips) 
GuigaMan: posts small blind $0.50
RAidakCo: posts big blind $1
*** HOLE CARDS ***
Rysiff: raises $1.50 to $2.50
radovan202: folds 
Evelexy1: folds 
easy_sarcasm: folds 
GuigaMan: folds 
RAidakCo: folds 
Uncalled bet ($1.50) returned to Rysiff
Rysiff collected $2.50 from pot
Rysiff: doesn't show hand 
*** SUMMARY ***
Total pot $2.50 | Rake $0 
Seat 1: Evelexy1 folded before Flop (didn't bet)
Seat 2: easy_sarcasm (button) folded before Flop (didn't bet)
Seat 3: GuigaMan (small blind) folded before Flop
Seat 4: RAidakCo (big blind) folded before Flop
Seat 5: Rysiff collected ($2.50)
Seat 6: radovan202 folded before Flop (didn't bet)



PokerStars Hand #254498704877:  Hold'em No Limit ($0.50/$1.00 USD) - 2025/01/22 14:16:58 WET [2025/01/22 9:16:58 ET]
Table 'Poesia III' 6-max Seat #3 is the button
Seat 1: Evelexy1 ($100 in chips) 
Seat 2: easy_sarcasm ($103 in chips) 
Seat 3: GuigaMan ($102.72 in chips) 
Seat 4: RAidakCo ($107.53 in chips) 
Seat 5: Rysiff ($228.80 in chips) 
Seat 6: radovan202 ($99.21 in chips) 
RAidakCo: posts small blind $0.50
Rysiff: posts big blind $1
*** HOLE CARDS ***
radovan202: raises $1 to $2
Evelexy1: folds 
easy_sarcasm: raises $6 to $8
GuigaMan: folds 
RAidakCo: folds 
Rysiff: folds 
radovan202: calls $6
*** FLOP *** [Qh 3c 9h]
radovan202: checks 
easy_sarcasm: bets $8.31
radovan202: folds 
Uncalled bet ($8.31) returned to easy_sarcasm
easy_sarcasm collected $16.62 from pot
*** SUMMARY ***
Total pot $17.50 | Rake $0.88 
Board [Qh 3c 9h]
Seat 1: Evelexy1 folded before Flop (didn't bet)
Seat 2: easy_sarcasm collected ($16.62)
Seat 3: GuigaMan (button) folded before Flop (didn't bet)
Seat 4: RAidakCo (small blind) folded before Flop
Seat 5: Rysiff (big blind) folded before Flop
Seat 6: radovan202 folded on the Flop



PokerStars Hand #254498710278:  Hold'em No Limit ($0.50/$1.00 USD) - 2025/01/22 14:17:29 WET [2025/01/22 9:17:29 ET]
Table 'Poesia III' 6-max Seat #4 is the button
Seat 1: Evelexy1 ($100 in chips) 
Seat 2: easy_sarcasm ($111.62 in chips) 
Seat 3: GuigaMan ($102.72 in chips) 
Seat 4: RAidakCo ($107.03 in chips) 
Seat 5: Rysiff ($227.80 in chips) 
Seat 6: radovan202 ($91.21 in chips) 
Rysiff: posts small blind $0.50
radovan202: posts big blind $1
*** HOLE CARDS ***
Evelexy1: raises $1.50 to $2.50
easy_sarcasm: folds 
GuigaMan: folds 
RAidakCo: calls $2.50
Rysiff: folds 
radovan202: calls $1.50
*** FLOP *** [Qd 9h Td]
radovan202: checks 
Evelexy1: bets $2.51
RAidakCo: folds 
radovan202: calls $2.51
*** TURN *** [Qd 9h Td] [Ac]
radovan202: checks 
Evelexy1: bets $6.19
radovan202: calls $6.19
*** RIVER *** [Qd 9h Td Ac] [9c]
radovan202: checks 
Evelexy1: checks 
*** SHOW DOWN ***
radovan202: shows [8h As] (two pair, Aces and Nines)
Evelexy1: mucks hand 
radovan202 collected $24.13 from pot
*** SUMMARY ***
Total pot $25.40 | Rake $1.27 
Board [Qd 9h Td Ac 9c]
Seat 1: Evelexy1 mucked
Seat 2: easy_sarcasm folded before Flop (didn't bet)
Seat 3: GuigaMan folded before Flop (didn't bet)
Seat 4: RAidakCo (button) folded on the Flop
Seat 5: Rysiff (small blind) folded before Flop
Seat 6: radovan202 (big blind) showed [8h As] and won ($24.13) with two pair, Aces and Nines



PokerStars Hand #254498717320:  Hold'em No Limit ($0.50/$1.00 USD) - 2025/01/22 14:18:08 WET [2025/01/22 9:18:08 ET]
Table 'Poesia III' 6-max Seat #5 is the button
Seat 1: Evelexy1 ($100 in chips) 
Seat 2: easy_sarcasm ($111.62 in chips) 
Seat 3: GuigaMan ($102.72 in chips) 
Seat 4: RAidakCo ($104.53 in chips) 
Seat 5: Rysiff ($227.30 in chips) 
Seat 6: radovan202 ($104.14 in chips) 
radovan202: posts small blind $0.50
Evelexy1: posts big blind $1
*** HOLE CARDS ***
easy_sarcasm: raises $2 to $3
GuigaMan: folds 
RAidakCo: folds 
Rysiff: folds 
radovan202: calls $2.50
Evelexy1: calls $2
*** FLOP *** [Qh Ts 7h]
radovan202: checks 
Evelexy1: checks 
easy_sarcasm: checks 
*** TURN *** [Qh Ts 7h] [9s]
radovan202: bets $6.41
Evelexy1: calls $6.41
easy_sarcasm: folds 
*** RIVER *** [Qh Ts 7h 9s] [2h]
radovan202: bets $10.37
Evelexy1: calls $10.37
*** SHOW DOWN ***
radovan202: shows [Jh 8h] (a flush, Queen high)
Evelexy1: mucks hand 
radovan202 collected $40.43 from pot
*** SUMMARY ***
Total pot $42.56 | Rake $2.13 
Board [Qh Ts 7h 9s 2h]
Seat 1: Evelexy1 (big blind) mucked
Seat 2: easy_sarcasm folded on the Turn
Seat 3: GuigaMan folded before Flop (didn't bet)
Seat 4: RAidakCo folded before Flop (didn't bet)
Seat 5: Rysiff (button) folded before Flop (didn't bet)
Seat 6: radovan202 (small blind) showed [Jh 8h] and won ($40.43) with a flush, Queen high



PokerStars Hand #254498725864:  Hold'em No Limit ($0.50/$1.00 USD) - 2025/01/22 14:18:57 WET [2025/01/22 9:18:57 ET]
Table 'Poesia III' 6-max Seat #6 is the button
Seat 1: Evelexy1 ($100 in chips) 
Seat 2: easy_sarcasm ($108.62 in chips) 
Seat 3: GuigaMan ($102.72 in chips) 
Seat 4: RAidakCo ($104.53 in chips) 
Seat 5: Rysiff ($227.30 in chips) 
Seat 6: radovan202 ($124.79 in chips) 
Evelexy1: posts small blind $0.50
easy_sarcasm: posts big blind $1
*** HOLE CARDS ***
GuigaMan: folds 
RAidakCo: raises $1.20 to $2.20
Rysiff: folds 
radovan202: folds 
Evelexy1: folds 
easy_sarcasm: folds 
Uncalled bet ($1.20) returned to RAidakCo
RAidakCo collected $2.50 from pot
RAidakCo: doesn't show hand 
*** SUMMARY ***
Total pot $2.50 | Rake $0 
Seat 1: Evelexy1 (small blind) folded before Flop
Seat 2: easy_sarcasm (big blind) folded before Flop
Seat 3: GuigaMan folded before Flop (didn't bet)
Seat 4: RAidakCo collected ($2.50)
Seat 5: Rysiff folded before Flop (didn't bet)
Seat 6: radovan202 (button) folded before Flop (didn't bet)



PokerStars Hand #254498728763:  Hold'em No Limit ($0.50/$1.00 USD) - 2025/01/22 14:19:13 WET [2025/01/22 9:19:13 ET]
Table 'Poesia III' 6-max Seat #1 is the button
Seat 1: Evelexy1 ($100 in chips) 
Seat 2: easy_sarcasm ($107.62 in chips) 
Seat 3: GuigaMan ($102.72 in chips) 
Seat 4: RAidakCo ($106.03 in chips) 
Seat 5: Rysiff ($227.30 in chips) 
Seat 6: radovan202 ($124.79 in chips) 
easy_sarcasm: posts small blind $0.50
GuigaMan: posts big blind $1
*** HOLE CARDS ***
RAidakCo: folds 
Rysiff: folds 
radovan202: raises $1 to $2
Evelexy1: raises $5.50 to $7.50
easy_sarcasm: folds 
GuigaMan: folds 
radovan202: folds 
Uncalled bet ($5.50) returned to Evelexy1
Evelexy1 collected $5.50 from pot
Evelexy1: doesn't show hand 
*** SUMMARY ***
Total pot $5.50 | Rake $0 
Seat 1: Evelexy1 (button) collected ($5.50)
Seat 2: easy_sarcasm (small blind) folded before Flop
Seat 3: GuigaMan (big blind) folded before Flop
Seat 4: RAidakCo folded before Flop (didn't bet)
Seat 5: Rysiff folded before Flop (didn't bet)
Seat 6: radovan202 folded before Flop



PokerStars Hand #254498731209:  Hold'em No Limit ($0.50/$1.00 USD) - 2025/01/22 14:19:27 WET [2025/01/22 9:19:27 ET]
Table 'Poesia III' 6-max Seat #2 is the button
Seat 1: Evelexy1 ($103.50 in chips) 
Seat 2: easy_sarcasm ($107.12 in chips) 
Seat 3: GuigaMan ($101.72 in chips) 
Seat 4: RAidakCo ($106.03 in chips) 
Seat 5: Rysiff ($227.30 in chips) 
Seat 6: radovan202 ($122.79 in chips) 
GuigaMan: posts small blind $0.50
RAidakCo: posts big blind $1
*** HOLE CARDS ***
Rysiff: raises $1.50 to $2.50
radovan202: folds 
Evelexy1: folds 
easy_sarcasm: folds 
GuigaMan: folds 
RAidakCo: calls $1.50
*** FLOP *** [Ah 7d Ks]
RAidakCo: checks 
Rysiff: bets $4.18
RAidakCo: folds 
Uncalled bet ($4.18) returned to Rysiff
Rysiff collected $5.22 from pot
Rysiff: doesn't show hand 
*** SUMMARY ***
Total pot $5.50 | Rake $0.28 
Board [Ah 7d Ks]
Seat 1: Evelexy1 folded before Flop (didn't bet)
Seat 2: easy_sarcasm (button) folded before Flop (didn't bet)
Seat 3: GuigaMan (small blind) folded before Flop
Seat 4: RAidakCo (big blind) folded on the Flop
Seat 5: Rysiff collected ($5.22)
Seat 6: radovan202 folded before Flop (didn't bet)



PokerStars Hand #254498736132:  Hold'em No Limit ($0.50/$1.00 USD) - 2025/01/22 14:19:54 WET [2025/01/22 9:19:54 ET]
Table 'Poesia III' 6-max Seat #3 is the button
Seat 1: Evelexy1 ($103.50 in chips) 
Seat 2: easy_sarcasm ($107.12 in chips) 
Seat 3: GuigaMan ($101.22 in chips) 
Seat 4: RAidakCo ($103.53 in chips) 
Seat 5: Rysiff ($230.02 in chips) 
Seat 6: radovan202 ($122.79 in chips) 
RAidakCo: posts small blind $0.50
Rysiff: posts big blind $1
*** HOLE CARDS ***
radovan202: raises $1 to $2
Evelexy1: folds 
easy_sarcasm: folds 
GuigaMan: folds 
RAidakCo: folds 
Rysiff: calls $1
*** FLOP *** [Qd 9h Qh]
Rysiff: checks 
radovan202: bets $1
Rysiff: folds 
Uncalled bet ($1) returned to radovan202
radovan202 collected $4.28 from pot
radovan202: doesn't show hand 
*** SUMMARY ***
Total pot $4.50 | Rake $0.22 
Board [Qd 9h Qh]
Seat 1: Evelexy1 folded before Flop (didn't bet)
Seat 2: easy_sarcasm folded before Flop (didn't bet)
Seat 3: GuigaMan (button) folded before Flop (didn't bet)
Seat 4: RAidakCo (small blind) folded before Flop
Seat 5: Rysiff (big blind) folded on the Flop
Seat 6: radovan202 collected ($4.28)



PokerStars Hand #254498740138:  Hold'em No Limit ($0.50/$1.00 USD) - 2025/01/22 14:20:17 WET [2025/01/22 9:20:17 ET]
Table 'Poesia III' 6-max Seat #4 is the button
Seat 1: Evelexy1 ($103.50 in chips) 
Seat 2: easy_sarcasm ($107.12 in chips) 
Seat 3: GuigaMan ($101.22 in chips) 
Seat 4: RAidakCo ($103.03 in chips) 
Seat 5: Rysiff ($228.02 in chips) 
Seat 6: radovan202 ($125.07 in chips) 
Rysiff: posts small blind $0.50
radovan202: posts big blind $1
*** HOLE CARDS ***
Evelexy1: folds 
easy_sarcasm: folds 
GuigaMan: folds 
RAidakCo: raises $1.50 to $2.50
Rysiff: folds 
radovan202: folds 
Uncalled bet ($1.50) returned to RAidakCo
RAidakCo collected $2.50 from pot
RAidakCo: doesn't show hand 
*** SUMMARY ***
Total pot $2.50 | Rake $0 
Seat 1: Evelexy1 folded before Flop (didn't bet)
Seat 2: easy_sarcasm folded before Flop (didn't bet)
Seat 3: GuigaMan folded before Flop (didn't bet)
Seat 4: RAidakCo (button) collected ($2.50)
Seat 5: Rysiff (small blind) folded before Flop
Seat 6: radovan202 (big blind) folded before Flop



PokerStars Hand #254498742098:  Hold'em No Limit ($0.50/$1.00 USD) - 2025/01/22 14:20:28 WET [2025/01/22 9:20:28 ET]
Table 'Poesia III' 6-max Seat #5 is the button
Seat 1: Evelexy1 ($103.50 in chips) 
Seat 2: easy_sarcasm ($107.12 in chips) 
Seat 3: GuigaMan ($101.22 in chips) 
Seat 4: RAidakCo ($104.53 in chips) 
Seat 5: Rysiff ($227.52 in chips) 
Seat 6: radovan202 ($124.07 in chips) 
radovan202: posts small blind $0.50
Evelexy1: posts big blind $1
*** HOLE CARDS ***
easy_sarcasm: folds 
GuigaMan: folds 
RAidakCo: raises $1.20 to $2.20
Rysiff: folds 
radovan202: calls $1.70
Evelexy1: calls $1.20
*** FLOP *** [9s 9h Kd]
radovan202: checks 
Evelexy1: checks 
RAidakCo: bets $2.07
radovan202: calls $2.07
Evelexy1: calls $2.07
*** TURN *** [9s 9h Kd] [4h]
radovan202: checks 
Evelexy1: checks 
RAidakCo: checks 
*** RIVER *** [9s 9h Kd 4h] [Jc]
radovan202: checks 
Evelexy1: bets $6.09
RAidakCo: folds 
radovan202: folds 
Uncalled bet ($6.09) returned to Evelexy1
Evelexy1 collected $12.17 from pot
Evelexy1: doesn't show hand 
*** SUMMARY ***
Total pot $12.81 | Rake $0.64 
Board [9s 9h Kd 4h Jc]
Seat 1: Evelexy1 (big blind) collected ($12.17)
Seat 2: easy_sarcasm folded before Flop (didn't bet)
Seat 3: GuigaMan folded before Flop (didn't bet)
Seat 4: RAidakCo folded on the River
Seat 5: Rysiff (button) folded before Flop (didn't bet)
Seat 6: radovan202 (small blind) folded on the River



PokerStars Hand #254498750202:  Hold'em No Limit ($0.50/$1.00 USD) - 2025/01/22 14:21:14 WET [2025/01/22 9:21:14 ET]
Table 'Poesia III' 6-max Seat #6 is the button
Seat 1: Evelexy1 ($111.40 in chips) 
Seat 2: easy_sarcasm ($107.12 in chips) 
Seat 3: GuigaMan ($101.22 in chips) 
Seat 4: RAidakCo ($100.26 in chips) 
Seat 5: Rysiff ($227.52 in chips) 
Seat 6: radovan202 ($119.80 in chips) 
Evelexy1: posts small blind $0.50
easy_sarcasm: posts big blind $1
*** HOLE CARDS ***
GuigaMan: folds 
RAidakCo: folds 
Rysiff: folds 
radovan202: raises $2 to $3
Evelexy1: folds 
easy_sarcasm: calls $2
*** FLOP *** [6s 6d Td]
easy_sarcasm: checks 
radovan202: checks 
*** TURN *** [6s 6d Td] [Kc]
easy_sarcasm: checks 
radovan202: bets $2.04
easy_sarcasm: calls $2.04
*** RIVER *** [6s 6d Td Kc] [4c]
easy_sarcasm: checks 
radovan202: bets $3.32
easy_sarcasm: calls $3.32
*** SHOW DOWN ***
radovan202: shows [7d Kh] (two pair, Kings and Sixes)
easy_sarcasm: mucks hand 
radovan202 collected $16.36 from pot
*** SUMMARY ***
Total pot $17.22 | Rake $0.86 
Board [6s 6d Td Kc 4c]
Seat 1: Evelexy1 (small blind) folded before Flop
Seat 2: easy_sarcasm (big blind) mucked
Seat 3: GuigaMan folded before Flop (didn't bet)
Seat 4: RAidakCo folded before Flop (didn't bet)
Seat 5: Rysiff folded before Flop (didn't bet)
Seat 6: radovan202 (button) showed [7d Kh] and won ($16.36) with two pair, Kings and Sixes



PokerStars Hand #254498756620:  Hold'em No Limit ($0.50/$1.00 USD) - 2025/01/22 14:21:50 WET [2025/01/22 9:21:50 ET]
Table 'Poesia III' 6-max Seat #1 is the button
Seat 1: Evelexy1 ($110.90 in chips) 
Seat 2: easy_sarcasm ($100 in chips) 
Seat 3: GuigaMan ($101.22 in chips) 
Seat 4: RAidakCo ($100.26 in chips) 
Seat 5: Rysiff ($227.52 in chips) 
Seat 6: radovan202 ($127.80 in chips) 
easy_sarcasm: posts small blind $0.50
GuigaMan: posts big blind $1
*** HOLE CARDS ***
RAidakCo: folds 
Rysiff: folds 
radovan202: raises $1 to $2
Evelexy1: folds 
easy_sarcasm: folds 
GuigaMan: calls $1
*** FLOP *** [Kh 6c 8c]
GuigaMan: checks 
radovan202: bets $1
GuigaMan: raises $4 to $5
radovan202: folds 
Uncalled bet ($4) returned to GuigaMan
GuigaMan collected $6.18 from pot
*** SUMMARY ***
Total pot $6.50 | Rake $0.32 
Board [Kh 6c 8c]
Seat 1: Evelexy1 (button) folded before Flop (didn't bet)
Seat 2: easy_sarcasm (small blind) folded before Flop
Seat 3: GuigaMan (big blind) collected ($6.18)
Seat 4: RAidakCo folded before Flop (didn't bet)
Seat 5: Rysiff folded before Flop (didn't bet)
Seat 6: radovan202 folded on the Flop



PokerStars Hand #254498762115:  Hold'em No Limit ($0.50/$1.00 USD) - 2025/01/22 14:22:20 WET [2025/01/22 9:22:20 ET]
Table 'Poesia III' 6-max Seat #2 is the button
Seat 1: Evelexy1 ($110.90 in chips) 
Seat 2: easy_sarcasm ($100 in chips) 
Seat 3: GuigaMan ($104.40 in chips) 
Seat 4: RAidakCo ($100.26 in chips) 
Seat 5: Rysiff ($227.52 in chips) 
Seat 6: radovan202 ($124.80 in chips) 
GuigaMan: posts small blind $0.50
RAidakCo: posts big blind $1
*** HOLE CARDS ***
Rysiff: folds 
radovan202: raises $1.50 to $2.50
Evelexy1: folds 
easy_sarcasm: raises $5.50 to $8
GuigaMan: folds 
RAidakCo: folds 
radovan202: calls $5.50
*** FLOP *** [Js Ac Qs]
radovan202: checks 
easy_sarcasm: checks 
*** TURN *** [Js Ac Qs] [Tc]
radovan202: bets $12.47
easy_sarcasm: calls $12.47
*** RIVER *** [Js Ac Qs Tc] [5s]
radovan202: checks 
easy_sarcasm: bets $20.16
radovan202: calls $20.16
*** SHOW DOWN ***
easy_sarcasm: shows [Kc Kd] (a straight, Ten to Ace)
radovan202: mucks hand 
easy_sarcasm collected $80.26 from pot
*** SUMMARY ***
Total pot $82.76 | Rake $2.50 
Board [Js Ac Qs Tc 5s]
Seat 1: Evelexy1 folded before Flop (didn't bet)
Seat 2: easy_sarcasm (button) showed [Kc Kd] and won ($80.26) with a straight, Ten to Ace
Seat 3: GuigaMan (small blind) folded before Flop
Seat 4: RAidakCo (big blind) folded before Flop
Seat 5: Rysiff folded before Flop (didn't bet)
Seat 6: radovan202 mucked



PokerStars Hand #254498770258:  Hold'em No Limit ($0.50/$1.00 USD) - 2025/01/22 14:23:06 WET [2025/01/22 9:23:06 ET]
Table 'Poesia III' 6-max Seat #3 is the button
Seat 1: Evelexy1 ($110.90 in chips) 
Seat 2: easy_sarcasm ($139.63 in chips) 
Seat 3: GuigaMan ($103.90 in chips) 
Seat 4: RAidakCo ($100 in chips) 
Seat 5: Rysiff ($227.52 in chips) 
Seat 6: radovan202 ($84.17 in chips) 
RAidakCo: posts small blind $0.50
Rysiff: posts big blind $1
*** HOLE CARDS ***
radovan202: raises $1 to $2
Evelexy1: raises $6.75 to $8.75
easy_sarcasm: folds 
GuigaMan: folds 
RAidakCo: raises $14.25 to $23
Rysiff: folds 
radovan202: folds 
Evelexy1: folds 
Uncalled bet ($14.25) returned to RAidakCo
RAidakCo collected $20.50 from pot
RAidakCo: doesn't show hand 
*** SUMMARY ***
Total pot $20.50 | Rake $0 
Seat 1: Evelexy1 folded before Flop
Seat 2: easy_sarcasm folded before Flop (didn't bet)
Seat 3: GuigaMan (button) folded before Flop (didn't bet)
Seat 4: RAidakCo (small blind) collected ($20.50)
Seat 5: Rysiff (big blind) folded before Flop
Seat 6: radovan202 folded before Flop



PokerStars Hand #254498773978:  Hold'em No Limit ($0.50/$1.00 USD) - 2025/01/22 14:23:27 WET [2025/01/22 9:23:27 ET]
Table 'Poesia III' 6-max Seat #4 is the button
Seat 1: Evelexy1 ($102.15 in chips) 
Seat 2: easy_sarcasm ($139.63 in chips) 
Seat 3: GuigaMan ($103.90 in chips) 
Seat 4: RAidakCo ($111.75 in chips) 
Seat 5: Rysiff ($226.52 in chips) 
Seat 6: radovan202 ($82.17 in chips) 
Rysiff: posts small blind $0.50
radovan202: posts big blind $1
*** HOLE CARDS ***
Evelexy1: folds 
easy_sarcasm: folds 
GuigaMan: raises $1.50 to $2.50
RAidakCo: folds 
Rysiff: raises $8.50 to $11
radovan202: folds 
GuigaMan: calls $8.50
*** FLOP *** [2d 5h Ts]
Rysiff: bets $10.93
GuigaMan: calls $10.93
*** TURN *** [2d 5h Ts] [Th]
Rysiff: checks 
GuigaMan: checks 
*** RIVER *** [2d 5h Ts Th] [9s]
Rysiff: checks 
GuigaMan: bets $31.97
Rysiff: folds 
Uncalled bet ($31.97) returned to GuigaMan
GuigaMan collected $42.62 from pot
*** SUMMARY ***
Total pot $44.86 | Rake $2.24 
Board [2d 5h Ts Th 9s]
Seat 1: Evelexy1 folded before Flop (didn't bet)
Seat 2: easy_sarcasm folded before Flop (didn't bet)
Seat 3: GuigaMan collected ($42.62)
Seat 4: RAidakCo (button) folded before Flop (didn't bet)
Seat 5: Rysiff (small blind) folded on the River
Seat 6: radovan202 (big blind) folded before Flop



PokerStars Hand #254498786361:  Hold'em No Limit ($0.50/$1.00 USD) - 2025/01/22 14:24:37 WET [2025/01/22 9:24:37 ET]
Table 'Poesia III' 6-max Seat #5 is the button
Seat 1: Evelexy1 ($102.15 in chips) 
Seat 2: easy_sarcasm ($139.63 in chips) 
Seat 3: GuigaMan ($124.59 in chips) 
Seat 4: RAidakCo ($111.75 in chips) 
Seat 5: Rysiff ($204.59 in chips) 
Seat 6: radovan202 ($81.17 in chips) 
radovan202: posts small blind $0.50
Evelexy1: posts big blind $1
*** HOLE CARDS ***
easy_sarcasm: folds 
GuigaMan: folds 
RAidakCo: folds 
Rysiff: folds 
radovan202: raises $1.50 to $2.50
Evelexy1: raises $6.50 to $9
radovan202: calls $6.50
*** FLOP *** [4c Qc 7d]
radovan202: bets $12.83
Evelexy1: calls $12.83
*** TURN *** [4c Qc 7d] [Qd]
radovan202: checks 
Evelexy1: bets $20.74
radovan202: calls $20.74
*** RIVER *** [4c Qc 7d Qd] [3c]
radovan202: checks 
Evelexy1: bets $54.54
radovan202: calls $38.60 and is all-in
Uncalled bet ($15.94) returned to Evelexy1
*** SHOW DOWN ***
Evelexy1: shows [Js Jd] (two pair, Queens and Jacks)
radovan202: shows [5s 7s] (two pair, Queens and Sevens)
Evelexy1 collected $159.84 from pot
*** SUMMARY ***
Total pot $162.34 | Rake $2.50 
Board [4c Qc 7d Qd 3c]
Seat 1: Evelexy1 (big blind) showed [Js Jd] and won ($159.84) with two pair, Queens and Jacks
Seat 2: easy_sarcasm folded before Flop (didn't bet)
Seat 3: GuigaMan folded before Flop (didn't bet)
Seat 4: RAidakCo folded before Flop (didn't bet)
Seat 5: Rysiff (button) folded before Flop (didn't bet)
Seat 6: radovan202 (small blind) showed [5s 7s] and lost with two pair, Queens and Sevens



PokerStars Hand #254498791583:  Hold'em No Limit ($0.50/$1.00 USD) - 2025/01/22 14:25:06 WET [2025/01/22 9:25:06 ET]
Table 'Poesia III' 6-max Seat #1 is the button
Seat 6: radovan202 ($0 in chips) is sitting out
Seat 1: Evelexy1 ($180.82 in chips) 
Seat 2: easy_sarcasm ($139.63 in chips) 
Seat 3: GuigaMan ($124.59 in chips) 
Seat 4: RAidakCo ($111.75 in chips) 
Seat 5: Rysiff ($204.59 in chips) 
easy_sarcasm: posts small blind $0.50
GuigaMan: posts big blind $1
*** HOLE CARDS ***
RAidakCo: folds 
Rysiff: folds 
radovan202 leaves the table
Evelexy1: folds 
easy_sarcasm: folds 
Uncalled bet ($0.50) returned to GuigaMan
GuigaMan collected $1 from pot
*** SUMMARY ***
Total pot $1 | Rake $0 
Seat 6: radovan202
Seat 1: Evelexy1 (button) folded before Flop (didn't bet)
Seat 2: easy_sarcasm (small blind) folded before Flop
Seat 3: GuigaMan (big blind) collected ($1)
Seat 4: RAidakCo folded before Flop (didn't bet)
Seat 5: Rysiff folded before Flop (didn't bet)



PokerStars Hand #254498795076:  Hold'em No Limit ($0.50/$1.00 USD) - 2025/01/22 14:25:26 WET [2025/01/22 9:25:26 ET]
Table 'Poesia III' 6-max Seat #2 is the button
Seat 1: Evelexy1 ($180.82 in chips) 
Seat 2: easy_sarcasm ($139.13 in chips) 
Seat 3: GuigaMan ($125.09 in chips) 
Seat 4: RAidakCo ($111.75 in chips) 
Seat 5: Rysiff ($204.59 in chips) 
GuigaMan: posts small blind $0.50
RAidakCo: posts big blind $1
*** HOLE CARDS ***
Rysiff: raises $1.50 to $2.50
Evelexy1: folds 
easy_sarcasm: folds 
Evelexy1 leaves the table
GuigaMan: folds 
RAidakCo: calls $1.50
*** FLOP *** [Jh Js Qh]
RAidakCo: checks 
Rysiff: bets $1.72
RAidakCo: calls $1.72
*** TURN *** [Jh Js Qh] [Kc]
RAidakCo: checks 
Rysiff: checks 
*** RIVER *** [Jh Js Qh Kc] [5s]
RAidakCo: bets $12
Rysiff: calls $12
*** SHOW DOWN ***
RAidakCo: shows [Qs Kh] (two pair, Kings and Queens)
Rysiff: shows [Ac Ts] (a straight, Ten to Ace)
Rysiff collected $31.29 from pot
*** SUMMARY ***
Total pot $32.94 | Rake $1.65 
Board [Jh Js Qh Kc 5s]
Seat 1: Evelexy1 folded before Flop (didn't bet)
Seat 2: easy_sarcasm (button) folded before Flop (didn't bet)
Seat 3: GuigaMan (small blind) folded before Flop
Seat 4: RAidakCo (big blind) showed [Qs Kh] and lost with two pair, Kings and Queens
Seat 5: Rysiff showed [Ac Ts] and won ($31.29) with a straight, Ten to Ace



PokerStars Hand #254498805046:  Hold'em No Limit ($0.50/$1.00 USD) - 2025/01/22 14:26:21 WET [2025/01/22 9:26:21 ET]
Table 'Poesia III' 6-max Seat #4 is the button
Seat 2: easy_sarcasm ($139.13 in chips) is sitting out
Seat 5: Rysiff ($219.66 in chips) is sitting out
Seat 3: GuigaMan ($124.59 in chips) 
Seat 4: RAidakCo ($100 in chips) 
RAidakCo: posts small blind $0.50
Rysiff: is sitting out 
easy_sarcasm: is sitting out 
GuigaMan: posts big blind $1
*** HOLE CARDS ***
RAidakCo: raises $1.50 to $2.50
easy_sarcasm leaves the table
Rysiff leaves the table
GuigaMan: folds 
Uncalled bet ($1.50) returned to RAidakCo
RAidakCo collected $2 from pot
RAidakCo: doesn't show hand 
*** SUMMARY ***
Total pot $2 | Rake $0 
Seat 2: easy_sarcasm
Seat 5: Rysiff
Seat 3: GuigaMan (big blind) folded before Flop
Seat 4: RAidakCo (button) (small blind) collected ($2)



PokerStars Hand #254498807044:  Hold'em No Limit ($0.50/$1.00 USD) - 2025/01/22 14:26:33 WET [2025/01/22 9:26:33 ET]
Table 'Poesia III' 6-max Seat #3 is the button
Seat 3: GuigaMan ($123.59 in chips) 
Seat 4: RAidakCo ($101 in chips) 
GuigaMan: posts small blind $0.50
RAidakCo: posts big blind $1
*** HOLE CARDS ***
GuigaMan: folds 
Uncalled bet ($0.50) returned to RAidakCo
RAidakCo collected $1 from pot
RAidakCo: doesn't show hand 
*** SUMMARY ***
Total pot $1 | Rake $0 
Seat 3: GuigaMan (button) (small blind) folded before Flop
Seat 4: RAidakCo (big blind) collected ($1)



