PokerStars Hand #254497656160:  Hold'em No Limit ($0.50/$1.00 USD) - 2025/01/22 12:25:55 WET [2025/01/22 7:25:55 ET]
Table 'Boliviana IV' 6-max Seat #1 is the button
Seat 4: ar4i0777 ($100 in chips) is sitting out
Seat 6: ImaPeppaPig ($100 in chips) is sitting out
Seat 1: bobbob90 ($105.48 in chips) 
Seat 2: Evelexy1 ($101 in chips) 
Seat 3: v.sting ($100 in chips) 
Evelexy1: posts small blind $0.50
v.sting: posts big blind $1
ar4i0777: sits out 
ImaPeppaPig: sits out 
*** HOLE CARDS ***
bobbob90: folds 
Evelexy1: folds 
Uncalled bet ($0.50) returned to v.sting
v.sting collected $1 from pot
v.sting: doesn't show hand 
*** SUMMARY ***
Total pot $1 | Rake $0 
Seat 4: ar4i0777
Seat 6: ImaPeppaPig
Seat 1: bobbob90 (button) folded before Flop (didn't bet)
Seat 2: Evelexy1 (small blind) folded before Flop
Seat 3: v.sting (big blind) collected ($1)



PokerStars Hand #254497657200:  Hold'em No Limit ($0.50/$1.00 USD) - 2025/01/22 12:26:02 WET [2025/01/22 7:26:02 ET]
Table 'Boliviana IV' 6-max Seat #2 is the button
Seat 6: ImaPeppaPig ($100 in chips) is sitting out
Seat 1: bobbob90 ($105.48 in chips) 
Seat 2: Evelexy1 ($100.50 in chips) 
Seat 3: v.sting ($100.50 in chips) 
Seat 4: ar4i0777 ($100 in chips) 
v.sting: posts small blind $0.50
ar4i0777: posts big blind $1
ImaPeppaPig: sits out 
*** HOLE CARDS ***
bobbob90: calls $1
Evelexy1: folds 
v.sting: folds 
ar4i0777: raises $4 to $5
bobbob90: calls $4
*** FLOP *** [3h 9c 7c]
ar4i0777: checks 
value_ftw joins the table at seat #5 
bobbob90: checks 
*** TURN *** [3h 9c 7c] [7d]
ar4i0777: bets $3.50
bobbob90: folds 
Uncalled bet ($3.50) returned to ar4i0777
ar4i0777 collected $9.98 from pot
ar4i0777: doesn't show hand 
*** SUMMARY ***
Total pot $10.50 | Rake $0.52 
Board [3h 9c 7c 7d]
Seat 6: ImaPeppaPig
Seat 1: bobbob90 folded on the Turn
Seat 2: Evelexy1 (button) folded before Flop (didn't bet)
Seat 3: v.sting (small blind) folded before Flop
Seat 4: ar4i0777 (big blind) collected ($9.98)



PokerStars Hand #254497662706:  Hold'em No Limit ($0.50/$1.00 USD) - 2025/01/22 12:26:41 WET [2025/01/22 7:26:41 ET]
Table 'Boliviana IV' 6-max Seat #3 is the button
Seat 6: ImaPeppaPig ($100 in chips) is sitting out
Seat 1: bobbob90 ($100.48 in chips) 
Seat 2: Evelexy1 ($100.50 in chips) 
Seat 3: v.sting ($100 in chips) 
Seat 4: ar4i0777 ($104.98 in chips) 
Seat 5: value_ftw ($100 in chips) 
ar4i0777: posts small blind $0.50
value_ftw: posts big blind $1
ImaPeppaPig: sits out 
*** HOLE CARDS ***
bobbob90: folds 
Evelexy1 is disconnected 
Evelexy1 is connected 
Evelexy1: raises $1.50 to $2.50
v.sting: raises $5.50 to $8
ar4i0777: folds 
value_ftw: folds 
Evelexy1: calls $5.50
*** FLOP *** [7c Jh Ts]
Evelexy1: checks 
v.sting: bets $5.48
Evelexy1: calls $5.48
*** TURN *** [7c Jh Ts] [8s]
Evelexy1: checks 
v.sting: checks 
*** RIVER *** [7c Jh Ts 8s] [9d]
Evelexy1: checks 
v.sting: bets $20.28
Evelexy1: folds 
Uncalled bet ($20.28) returned to v.sting
v.sting collected $27.04 from pot
v.sting: doesn't show hand 
*** SUMMARY ***
Total pot $28.46 | Rake $1.42 
Board [7c Jh Ts 8s 9d]
Seat 6: ImaPeppaPig
Seat 1: bobbob90 folded before Flop (didn't bet)
Seat 2: Evelexy1 folded on the River
Seat 3: v.sting (button) collected ($27.04)
Seat 4: ar4i0777 (small blind) folded before Flop
Seat 5: value_ftw (big blind) folded before Flop



PokerStars Hand #254497672881:  Hold'em No Limit ($0.50/$1.00 USD) - 2025/01/22 12:27:54 WET [2025/01/22 7:27:54 ET]
Table 'Boliviana IV' 6-max Seat #4 is the button
Seat 1: bobbob90 ($100.48 in chips) 
Seat 2: Evelexy1 ($100 in chips) 
Seat 3: v.sting ($113.56 in chips) 
Seat 4: ar4i0777 ($104.48 in chips) 
Seat 5: value_ftw ($100 in chips) 
Seat 6: ImaPeppaPig ($100 in chips) 
value_ftw: posts small blind $0.50
ImaPeppaPig: posts big blind $1
*** HOLE CARDS ***
bobbob90: calls $1
Evelexy1: raises $2.50 to $3.50
v.sting: folds 
ar4i0777: folds 
value_ftw: folds 
ImaPeppaPig: folds 
bobbob90: calls $2.50
*** FLOP *** [Jc 6d Th]
bobbob90: checks 
Evelexy1: bets $4.04
bobbob90: folds 
Uncalled bet ($4.04) returned to Evelexy1
Evelexy1 collected $8.08 from pot
Evelexy1: doesn't show hand 
*** SUMMARY ***
Total pot $8.50 | Rake $0.42 
Board [Jc 6d Th]
Seat 1: bobbob90 folded on the Flop
Seat 2: Evelexy1 collected ($8.08)
Seat 3: v.sting folded before Flop (didn't bet)
Seat 4: ar4i0777 (button) folded before Flop (didn't bet)
Seat 5: value_ftw (small blind) folded before Flop
Seat 6: ImaPeppaPig (big blind) folded before Flop



PokerStars Hand #254497677889:  Hold'em No Limit ($0.50/$1.00 USD) - 2025/01/22 12:28:30 WET [2025/01/22 7:28:30 ET]
Table 'Boliviana IV' 6-max Seat #5 is the button
Seat 1: bobbob90 ($96.98 in chips) 
Seat 2: Evelexy1 ($104.58 in chips) 
Seat 3: v.sting ($113.56 in chips) 
Seat 4: ar4i0777 ($104.48 in chips) 
Seat 5: value_ftw ($100 in chips) 
Seat 6: ImaPeppaPig ($100 in chips) 
ImaPeppaPig: posts small blind $0.50
bobbob90: posts big blind $1
*** HOLE CARDS ***
Evelexy1: folds 
v.sting: folds 
ar4i0777: raises $1.50 to $2.50
value_ftw: folds 
ImaPeppaPig: raises $8.50 to $11
bobbob90: folds 
ar4i0777: folds 
Uncalled bet ($8.50) returned to ImaPeppaPig
ImaPeppaPig collected $6 from pot
ImaPeppaPig: doesn't show hand 
*** SUMMARY ***
Total pot $6 | Rake $0 
Seat 1: bobbob90 (big blind) folded before Flop
Seat 2: Evelexy1 folded before Flop (didn't bet)
Seat 3: v.sting folded before Flop (didn't bet)
Seat 4: ar4i0777 folded before Flop
Seat 5: value_ftw (button) folded before Flop (didn't bet)
Seat 6: ImaPeppaPig (small blind) collected ($6)



PokerStars Hand #254497682321:  Hold'em No Limit ($0.50/$1.00 USD) - 2025/01/22 12:29:02 WET [2025/01/22 7:29:02 ET]
Table 'Boliviana IV' 6-max Seat #6 is the button
Seat 1: bobbob90 ($95.98 in chips) 
Seat 2: Evelexy1 ($104.58 in chips) 
Seat 3: v.sting ($113.56 in chips) 
Seat 4: ar4i0777 ($101.98 in chips) 
Seat 5: value_ftw ($100 in chips) 
Seat 6: ImaPeppaPig ($103.50 in chips) 
bobbob90: posts small blind $0.50
Evelexy1: posts big blind $1
*** HOLE CARDS ***
v.sting: folds 
ar4i0777: raises $1.35 to $2.35
value_ftw: raises $5.15 to $7.50
ImaPeppaPig: folds 
bobbob90: folds 
Evelexy1: folds 
v.sting leaves the table
ar4i0777: calls $5.15
*** FLOP *** [6h Kd 7s]
ar4i0777: checks 
value_ftw: bets $3.92
ar4i0777: calls $3.92
*** TURN *** [6h Kd 7s] [8c]
ar4i0777: checks 
value_ftw: checks 
*** RIVER *** [6h Kd 7s 8c] [9d]
ar4i0777: bets $17.65
value_ftw: folds 
Uncalled bet ($17.65) returned to ar4i0777
ar4i0777 collected $23.12 from pot
ar4i0777: doesn't show hand 
*** SUMMARY ***
Total pot $24.34 | Rake $1.22 
Board [6h Kd 7s 8c 9d]
Seat 1: bobbob90 (small blind) folded before Flop
Seat 2: Evelexy1 (big blind) folded before Flop
Seat 3: v.sting folded before Flop (didn't bet)
Seat 4: ar4i0777 collected ($23.12)
Seat 5: value_ftw folded on the River
Seat 6: ImaPeppaPig (button) folded before Flop (didn't bet)



PokerStars Hand #254497692870:  Hold'em No Limit ($0.50/$1.00 USD) - 2025/01/22 12:30:16 WET [2025/01/22 7:30:16 ET]
Table 'Boliviana IV' 6-max Seat #1 is the button
Seat 1: bobbob90 ($95.48 in chips) 
Seat 2: Evelexy1 ($103.58 in chips) 
Seat 4: ar4i0777 ($113.68 in chips) 
Seat 5: value_ftw ($100 in chips) 
Seat 6: ImaPeppaPig ($103.50 in chips) 
Evelexy1: posts small blind $0.50
ar4i0777: posts big blind $1
*** HOLE CARDS ***
value_ftw: raises $1.20 to $2.20
ImaPeppaPig: folds 
bobbob90: folds 
Evelexy1: raises $8.44 to $10.64
ar4i0777: folds 
value_ftw: calls $8.44
*** FLOP *** [Tc Th 8h]
Evelexy1: bets $7.06
value_ftw: raises $17.65 to $24.71
Evelexy1: calls $17.65
*** TURN *** [Tc Th 8h] [5s]
Evelexy1: bets $68.23 and is all-in
value_ftw: calls $64.65 and is all-in
Uncalled bet ($3.58) returned to Evelexy1
*** FIRST RIVER *** [Tc Th 8h 5s] [Js]
*** SECOND RIVER *** [Tc Th 8h 5s] [Jd]
*** FIRST SHOW DOWN ***
Evelexy1: shows [Qd Td] (three of a kind, Tens)
value_ftw: shows [Jh 9h] (two pair, Jacks and Tens)
Evelexy1 collected $99.25 from pot
*** SECOND SHOW DOWN ***
Evelexy1: shows [Qd Td] (three of a kind, Tens)
value_ftw: shows [Jh 9h] (two pair, Jacks and Tens)
Evelexy1 collected $99.25 from pot
*** SUMMARY ***
Total pot $201 | Rake $2.50 
Hand was run twice
FIRST Board [Tc Th 8h 5s Js]
SECOND Board [Tc Th 8h 5s Jd]
Seat 1: bobbob90 (button) folded before Flop (didn't bet)
Seat 2: Evelexy1 (small blind) showed [Qd Td] and won ($99.25) with three of a kind, Tens, and won ($99.25) with three of a kind, Tens
Seat 4: ar4i0777 (big blind) folded before Flop
Seat 5: value_ftw showed [Jh 9h] and lost with two pair, Jacks and Tens, and lost with two pair, Jacks and Tens
Seat 6: ImaPeppaPig folded before Flop (didn't bet)



PokerStars Hand #254497700950:  Hold'em No Limit ($0.50/$1.00 USD) - 2025/01/22 12:31:14 WET [2025/01/22 7:31:14 ET]
Table 'Boliviana IV' 6-max Seat #2 is the button
Seat 1: bobbob90 ($95.48 in chips) 
Seat 2: Evelexy1 ($202.08 in chips) 
Seat 4: ar4i0777 ($112.68 in chips) 
Seat 5: value_ftw ($100 in chips) 
Seat 6: ImaPeppaPig ($103.50 in chips) 
ar4i0777: posts small blind $0.50
value_ftw: posts big blind $1
*** HOLE CARDS ***
ImaPeppaPig: raises $1.50 to $2.50
bobbob90: folds 
Evelexy1: folds 
ar4i0777: folds 
value_ftw: folds 
Uncalled bet ($1.50) returned to ImaPeppaPig
ImaPeppaPig collected $2.50 from pot
ImaPeppaPig: doesn't show hand 
*** SUMMARY ***
Total pot $2.50 | Rake $0 
Seat 1: bobbob90 folded before Flop (didn't bet)
Seat 2: Evelexy1 (button) folded before Flop (didn't bet)
Seat 4: ar4i0777 (small blind) folded before Flop
Seat 5: value_ftw (big blind) folded before Flop
Seat 6: ImaPeppaPig collected ($2.50)



PokerStars Hand #254497703687:  Hold'em No Limit ($0.50/$1.00 USD) - 2025/01/22 12:31:34 WET [2025/01/22 7:31:34 ET]
Table 'Boliviana IV' 6-max Seat #4 is the button
Seat 1: bobbob90 ($95.48 in chips) 
Seat 2: Evelexy1 ($202.08 in chips) 
Seat 4: ar4i0777 ($112.18 in chips) 
Seat 5: value_ftw ($100 in chips) 
Seat 6: ImaPeppaPig ($105 in chips) 
value_ftw: posts small blind $0.50
ImaPeppaPig: posts big blind $1
*** HOLE CARDS ***
bobbob90: folds 
Evelexy1: folds 
ar4i0777: folds 
value_ftw: raises $2 to $3
ImaPeppaPig: folds 
Uncalled bet ($2) returned to value_ftw
value_ftw collected $2 from pot
value_ftw: doesn't show hand 
*** SUMMARY ***
Total pot $2 | Rake $0 
Seat 1: bobbob90 folded before Flop (didn't bet)
Seat 2: Evelexy1 folded before Flop (didn't bet)
Seat 4: ar4i0777 (button) folded before Flop (didn't bet)
Seat 5: value_ftw (small blind) collected ($2)
Seat 6: ImaPeppaPig (big blind) folded before Flop



PokerStars Hand #254497706276:  Hold'em No Limit ($0.50/$1.00 USD) - 2025/01/22 12:31:52 WET [2025/01/22 7:31:52 ET]
Table 'Boliviana IV' 6-max Seat #5 is the button
Seat 1: bobbob90 ($95.48 in chips) 
Seat 2: Evelexy1 ($202.08 in chips) 
Seat 4: ar4i0777 ($112.18 in chips) 
Seat 5: value_ftw ($101 in chips) 
Seat 6: ImaPeppaPig ($104 in chips) 
ImaPeppaPig: posts small blind $0.50
bobbob90: posts big blind $1
*** HOLE CARDS ***
Evelexy1: folds 
ar4i0777: folds 
value_ftw: raises $1.50 to $2.50
ImaPeppaPig: folds 
bobbob90: folds 
Uncalled bet ($1.50) returned to value_ftw
value_ftw collected $2.50 from pot
value_ftw: doesn't show hand 
*** SUMMARY ***
Total pot $2.50 | Rake $0 
Seat 1: bobbob90 (big blind) folded before Flop
Seat 2: Evelexy1 folded before Flop (didn't bet)
Seat 4: ar4i0777 folded before Flop (didn't bet)
Seat 5: value_ftw (button) collected ($2.50)
Seat 6: ImaPeppaPig (small blind) folded before Flop



PokerStars Hand #254497708146:  Hold'em No Limit ($0.50/$1.00 USD) - 2025/01/22 12:32:06 WET [2025/01/22 7:32:06 ET]
Table 'Boliviana IV' 6-max Seat #6 is the button
Seat 1: bobbob90 ($94.48 in chips) 
Seat 2: Evelexy1 ($202.08 in chips) 
Seat 4: ar4i0777 ($112.18 in chips) 
Seat 5: value_ftw ($102.50 in chips) 
Seat 6: ImaPeppaPig ($103.50 in chips) 
bobbob90: posts small blind $0.50
Evelexy1: posts big blind $1
*** HOLE CARDS ***
ar4i0777: folds 
DL1B joins the table at seat #3 
value_ftw: folds 
ImaPeppaPig: folds 
bobbob90: calls $0.50
Evelexy1: checks 
*** FLOP *** [2c 6s 7s]
bobbob90: checks 
Evelexy1: bets $1.43
bobbob90: calls $1.43
*** TURN *** [2c 6s 7s] [Qd]
bobbob90: checks 
Evelexy1: bets $3.47
bobbob90: folds 
Uncalled bet ($3.47) returned to Evelexy1
Evelexy1 collected $4.62 from pot
Evelexy1: doesn't show hand 
*** SUMMARY ***
Total pot $4.86 | Rake $0.24 
Board [2c 6s 7s Qd]
Seat 1: bobbob90 (small blind) folded on the Turn
Seat 2: Evelexy1 (big blind) collected ($4.62)
Seat 4: ar4i0777 folded before Flop (didn't bet)
Seat 5: value_ftw folded before Flop (didn't bet)
Seat 6: ImaPeppaPig (button) folded before Flop (didn't bet)



PokerStars Hand #254497712095:  Hold'em No Limit ($0.50/$1.00 USD) - 2025/01/22 12:32:34 WET [2025/01/22 7:32:34 ET]
Table 'Boliviana IV' 6-max Seat #1 is the button
Seat 1: bobbob90 ($92.05 in chips) 
Seat 2: Evelexy1 ($204.27 in chips) 
Seat 3: DL1B ($100 in chips) 
Seat 4: ar4i0777 ($112.18 in chips) 
Seat 5: value_ftw ($102.50 in chips) 
Seat 6: ImaPeppaPig ($103.50 in chips) 
Evelexy1: posts small blind $0.50
DL1B: posts big blind $1
*** HOLE CARDS ***
ar4i0777: folds 
value_ftw: folds 
ImaPeppaPig: raises $1.50 to $2.50
bobbob90: calls $2.50
Evelexy1: folds 
DL1B: raises $11.50 to $14
ImaPeppaPig: raises $89.50 to $103.50 and is all-in
bobbob90: folds 
DL1B: folds 
Uncalled bet ($89.50) returned to ImaPeppaPig
ImaPeppaPig collected $31 from pot
ImaPeppaPig: doesn't show hand 
*** SUMMARY ***
Total pot $31 | Rake $0 
Seat 1: bobbob90 (button) folded before Flop
Seat 2: Evelexy1 (small blind) folded before Flop
Seat 3: DL1B (big blind) folded before Flop
Seat 4: ar4i0777 folded before Flop (didn't bet)
Seat 5: value_ftw folded before Flop (didn't bet)
Seat 6: ImaPeppaPig collected ($31)



PokerStars Hand #254497716799:  Hold'em No Limit ($0.50/$1.00 USD) - 2025/01/22 12:33:07 WET [2025/01/22 7:33:07 ET]
Table 'Boliviana IV' 6-max Seat #2 is the button
Seat 1: bobbob90 ($89.55 in chips) 
Seat 2: Evelexy1 ($203.77 in chips) 
Seat 3: DL1B ($100 in chips) 
Seat 4: ar4i0777 ($112.18 in chips) 
Seat 5: value_ftw ($102.50 in chips) 
Seat 6: ImaPeppaPig ($120.50 in chips) 
DL1B: posts small blind $0.50
ar4i0777: posts big blind $1
*** HOLE CARDS ***
value_ftw: folds 
ImaPeppaPig: folds 
bobbob90: raises $2 to $3
Evelexy1: folds 
DL1B: folds 
ar4i0777: folds 
Uncalled bet ($2) returned to bobbob90
bobbob90 collected $2.50 from pot
*** SUMMARY ***
Total pot $2.50 | Rake $0 
Seat 1: bobbob90 collected ($2.50)
Seat 2: Evelexy1 (button) folded before Flop (didn't bet)
Seat 3: DL1B (small blind) folded before Flop
Seat 4: ar4i0777 (big blind) folded before Flop
Seat 5: value_ftw folded before Flop (didn't bet)
Seat 6: ImaPeppaPig folded before Flop (didn't bet)



PokerStars Hand #254497719096:  Hold'em No Limit ($0.50/$1.00 USD) - 2025/01/22 12:33:23 WET [2025/01/22 7:33:23 ET]
Table 'Boliviana IV' 6-max Seat #3 is the button
Seat 1: bobbob90 ($91.05 in chips) 
Seat 2: Evelexy1 ($203.77 in chips) 
Seat 3: DL1B ($100 in chips) 
Seat 4: ar4i0777 ($111.18 in chips) 
Seat 5: value_ftw ($102.50 in chips) 
Seat 6: ImaPeppaPig ($120.50 in chips) 
ar4i0777: posts small blind $0.50
value_ftw: posts big blind $1
*** HOLE CARDS ***
ImaPeppaPig: folds 
bobbob90: folds 
Evelexy1: raises $1.50 to $2.50
DL1B: folds 
ar4i0777: folds 
value_ftw: calls $1.50
*** FLOP *** [Qh 8s 6d]
value_ftw: checks 
Evelexy1: checks 
*** TURN *** [Qh 8s 6d] [5c]
value_ftw: bets $3.92
Evelexy1: calls $3.92
*** RIVER *** [Qh 8s 6d 5c] [As]
value_ftw: bets $9.50
Evelexy1: folds 
Uncalled bet ($9.50) returned to value_ftw
value_ftw collected $12.67 from pot
value_ftw: doesn't show hand 
*** SUMMARY ***
Total pot $13.34 | Rake $0.67 
Board [Qh 8s 6d 5c As]
Seat 1: bobbob90 folded before Flop (didn't bet)
Seat 2: Evelexy1 folded on the River
Seat 3: DL1B (button) folded before Flop (didn't bet)
Seat 4: ar4i0777 (small blind) folded before Flop
Seat 5: value_ftw (big blind) collected ($12.67)
Seat 6: ImaPeppaPig folded before Flop (didn't bet)



PokerStars Hand #254497723959:  Hold'em No Limit ($0.50/$1.00 USD) - 2025/01/22 12:33:57 WET [2025/01/22 7:33:57 ET]
Table 'Boliviana IV' 6-max Seat #4 is the button
Seat 1: bobbob90 ($91.05 in chips) 
Seat 2: Evelexy1 ($197.35 in chips) 
Seat 3: DL1B ($100 in chips) 
Seat 4: ar4i0777 ($110.68 in chips) 
Seat 5: value_ftw ($108.75 in chips) 
Seat 6: ImaPeppaPig ($120.50 in chips) 
value_ftw: posts small blind $0.50
ImaPeppaPig: posts big blind $1
*** HOLE CARDS ***
bobbob90: calls $1
Evelexy1: raises $2 to $3
DL1B: folds 
ar4i0777: folds 
value_ftw: folds 
ImaPeppaPig: folds 
bobbob90: calls $2
*** FLOP *** [9h 9c Js]
bobbob90: checks 
Evelexy1: checks 
*** TURN *** [9h 9c Js] [9d]
bobbob90: bets $3.56
Evelexy1: calls $3.56
*** RIVER *** [9h 9c Js 9d] [Td]
bobbob90: bets $6.95
Evelexy1: raises $11.55 to $18.50
bobbob90: folds 
Uncalled bet ($11.55) returned to Evelexy1
Evelexy1 collected $27.09 from pot
Evelexy1: doesn't show hand 
*** SUMMARY ***
Total pot $28.52 | Rake $1.43 
Board [9h 9c Js 9d Td]
Seat 1: bobbob90 folded on the River
Seat 2: Evelexy1 collected ($27.09)
Seat 3: DL1B folded before Flop (didn't bet)
Seat 4: ar4i0777 (button) folded before Flop (didn't bet)
Seat 5: value_ftw (small blind) folded before Flop
Seat 6: ImaPeppaPig (big blind) folded before Flop



PokerStars Hand #254497730527:  Hold'em No Limit ($0.50/$1.00 USD) - 2025/01/22 12:34:44 WET [2025/01/22 7:34:44 ET]
Table 'Boliviana IV' 6-max Seat #5 is the button
Seat 1: bobbob90 ($77.54 in chips) 
Seat 2: Evelexy1 ($210.93 in chips) 
Seat 3: DL1B ($100 in chips) 
Seat 4: ar4i0777 ($110.68 in chips) 
Seat 5: value_ftw ($108.25 in chips) 
Seat 6: ImaPeppaPig ($119.50 in chips) 
ImaPeppaPig: posts small blind $0.50
bobbob90: posts big blind $1
*** HOLE CARDS ***
Evelexy1: folds 
DL1B: folds 
ar4i0777: folds 
value_ftw: folds 
ImaPeppaPig: folds 
Uncalled bet ($0.50) returned to bobbob90
bobbob90 collected $1 from pot
*** SUMMARY ***
Total pot $1 | Rake $0 
Seat 1: bobbob90 (big blind) collected ($1)
Seat 2: Evelexy1 folded before Flop (didn't bet)
Seat 3: DL1B folded before Flop (didn't bet)
Seat 4: ar4i0777 folded before Flop (didn't bet)
Seat 5: value_ftw (button) folded before Flop (didn't bet)
Seat 6: ImaPeppaPig (small blind) folded before Flop



PokerStars Hand #254497732843:  Hold'em No Limit ($0.50/$1.00 USD) - 2025/01/22 12:35:01 WET [2025/01/22 7:35:01 ET]
Table 'Boliviana IV' 6-max Seat #6 is the button
Seat 1: bobbob90 ($78.04 in chips) 
Seat 2: Evelexy1 ($210.93 in chips) 
Seat 3: DL1B ($100 in chips) 
Seat 4: ar4i0777 ($110.68 in chips) 
Seat 5: value_ftw ($108.25 in chips) 
Seat 6: ImaPeppaPig ($119 in chips) 
bobbob90: posts small blind $0.50
Evelexy1: posts big blind $1
*** HOLE CARDS ***
DL1B: folds 
ar4i0777: raises $1.35 to $2.35
value_ftw: folds 
ImaPeppaPig: folds 
bobbob90: raises $1.35 to $3.70
Evelexy1: folds 
ar4i0777: calls $1.35
*** FLOP *** [3c 3h 5d]
bobbob90: bets $3.99
ar4i0777: calls $3.99
*** TURN *** [3c 3h 5d] [9s]
bobbob90: bets $7.78
ar4i0777: folds 
Uncalled bet ($7.78) returned to bobbob90
bobbob90 collected $15.56 from pot
*** SUMMARY ***
Total pot $16.38 | Rake $0.82 
Board [3c 3h 5d 9s]
Seat 1: bobbob90 (small blind) collected ($15.56)
Seat 2: Evelexy1 (big blind) folded before Flop
Seat 3: DL1B folded before Flop (didn't bet)
Seat 4: ar4i0777 folded on the Turn
Seat 5: value_ftw folded before Flop (didn't bet)
Seat 6: ImaPeppaPig (button) folded before Flop (didn't bet)



PokerStars Hand #254497740336:  Hold'em No Limit ($0.50/$1.00 USD) - 2025/01/22 12:35:54 WET [2025/01/22 7:35:54 ET]
Table 'Boliviana IV' 6-max Seat #1 is the button
Seat 1: bobbob90 ($85.91 in chips) 
Seat 2: Evelexy1 ($209.93 in chips) 
Seat 3: DL1B ($100 in chips) 
Seat 4: ar4i0777 ($102.99 in chips) 
Seat 5: value_ftw ($108.25 in chips) 
Seat 6: ImaPeppaPig ($119 in chips) 
Evelexy1: posts small blind $0.50
DL1B: posts big blind $1
*** HOLE CARDS ***
ar4i0777: folds 
value_ftw: raises $1.20 to $2.20
ImaPeppaPig: folds 
bobbob90: raises $5.90 to $8.10
Evelexy1: folds 
DL1B: folds 
value_ftw: raises $14.58 to $22.68
bobbob90: calls $14.58
*** FLOP *** [7h Ad Qs]
value_ftw: bets $11.13
bobbob90: raises $11.13 to $22.26
value_ftw: raises $63.31 to $85.57 and is all-in
bobbob90: calls $40.97 and is all-in
Uncalled bet ($22.34) returned to value_ftw
*** TURN *** [7h Ad Qs] [Qd]
*** RIVER *** [7h Ad Qs Qd] [5s]
*** SHOW DOWN ***
value_ftw: shows [Ah Ks] (two pair, Aces and Queens)
bobbob90: shows [4h 4s] (two pair, Queens and Fours)
value_ftw collected $170.82 from pot
*** SUMMARY ***
Total pot $173.32 | Rake $2.50 
Board [7h Ad Qs Qd 5s]
Seat 1: bobbob90 (button) showed [4h 4s] and lost with two pair, Queens and Fours
Seat 2: Evelexy1 (small blind) folded before Flop
Seat 3: DL1B (big blind) folded before Flop
Seat 4: ar4i0777 folded before Flop (didn't bet)
Seat 5: value_ftw showed [Ah Ks] and won ($170.82) with two pair, Aces and Queens
Seat 6: ImaPeppaPig folded before Flop (didn't bet)



PokerStars Hand #254497751265:  Hold'em No Limit ($0.50/$1.00 USD) - 2025/01/22 12:37:11 WET [2025/01/22 7:37:11 ET]
Table 'Boliviana IV' 6-max Seat #2 is the button
Seat 1: bobbob90 ($0 in chips) is sitting out
Seat 2: Evelexy1 ($209.43 in chips) 
Seat 3: DL1B ($100 in chips) 
Seat 4: ar4i0777 ($102.99 in chips) 
Seat 5: value_ftw ($193.16 in chips) 
Seat 6: ImaPeppaPig ($119 in chips) 
DL1B: posts small blind $0.50
ar4i0777: posts big blind $1
*** HOLE CARDS ***
value_ftw: folds 
ImaPeppaPig: folds 
Evelexy1: folds 
bobbob90 leaves the table
DL1B: raises $2 to $3
ar4i0777: raises $6.50 to $9.50
DL1B: folds 
Uncalled bet ($6.50) returned to ar4i0777
ar4i0777 collected $6 from pot
ar4i0777: doesn't show hand 
*** SUMMARY ***
Total pot $6 | Rake $0 
Seat 1: bobbob90
Seat 2: Evelexy1 (button) folded before Flop (didn't bet)
Seat 3: DL1B (small blind) folded before Flop
Seat 4: ar4i0777 (big blind) collected ($6)
Seat 5: value_ftw folded before Flop (didn't bet)
Seat 6: ImaPeppaPig folded before Flop (didn't bet)



PokerStars Hand #254497754576:  Hold'em No Limit ($0.50/$1.00 USD) - 2025/01/22 12:37:34 WET [2025/01/22 7:37:34 ET]
Table 'Boliviana IV' 6-max Seat #3 is the button
Seat 2: Evelexy1 ($209.43 in chips) 
Seat 3: DL1B ($100 in chips) 
Seat 4: ar4i0777 ($105.99 in chips) 
Seat 5: value_ftw ($193.16 in chips) 
Seat 6: ImaPeppaPig ($119 in chips) 
ar4i0777: posts small blind $0.50
value_ftw: posts big blind $1
*** HOLE CARDS ***
ImaPeppaPig: folds 
Evelexy1: folds 
DL1B: folds 
ar4i0777: raises $2 to $3
value_ftw: folds 
Uncalled bet ($2) returned to ar4i0777
ar4i0777 collected $2 from pot
ar4i0777: doesn't show hand 
*** SUMMARY ***
Total pot $2 | Rake $0 
Seat 2: Evelexy1 folded before Flop (didn't bet)
Seat 3: DL1B (button) folded before Flop (didn't bet)
Seat 4: ar4i0777 (small blind) collected ($2)
Seat 5: value_ftw (big blind) folded before Flop
Seat 6: ImaPeppaPig folded before Flop (didn't bet)



PokerStars Hand #254497757029:  Hold'em No Limit ($0.50/$1.00 USD) - 2025/01/22 12:37:51 WET [2025/01/22 7:37:51 ET]
Table 'Boliviana IV' 6-max Seat #4 is the button
Seat 2: Evelexy1 ($209.43 in chips) 
Seat 3: DL1B ($100 in chips) 
Seat 4: ar4i0777 ($106.99 in chips) 
Seat 5: value_ftw ($192.16 in chips) 
Seat 6: ImaPeppaPig ($119 in chips) 
value_ftw: posts small blind $0.50
ImaPeppaPig: posts big blind $1
*** HOLE CARDS ***
Evelexy1: folds 
DL1B: folds 
ar4i0777: raises $1.75 to $2.75
value_ftw: folds 
ImaPeppaPig: folds 
Uncalled bet ($1.75) returned to ar4i0777
ar4i0777 collected $2.50 from pot
ar4i0777: doesn't show hand 
*** SUMMARY ***
Total pot $2.50 | Rake $0 
Seat 2: Evelexy1 folded before Flop (didn't bet)
Seat 3: DL1B folded before Flop (didn't bet)
Seat 4: ar4i0777 (button) collected ($2.50)
Seat 5: value_ftw (small blind) folded before Flop
Seat 6: ImaPeppaPig (big blind) folded before Flop



PokerStars Hand #254497759639:  Hold'em No Limit ($0.50/$1.00 USD) - 2025/01/22 12:38:09 WET [2025/01/22 7:38:09 ET]
Table 'Boliviana IV' 6-max Seat #6 is the button
Seat 2: Evelexy1 ($209.43 in chips) is sitting out
Seat 3: DL1B ($100 in chips) is sitting out
Seat 4: ar4i0777 ($108.49 in chips) is sitting out
Seat 5: value_ftw ($191.66 in chips) 
Seat 6: ImaPeppaPig ($118 in chips) 
ImaPeppaPig: posts small blind $0.50
DL1B: is sitting out 
ar4i0777: is sitting out 
value_ftw: posts big blind $1
*** HOLE CARDS ***
DL1B leaves the table
Evelexy1 leaves the table
ImaPeppaPig: raises $1.50 to $2.50
value_ftw: raises $10 to $12.50
ImaPeppaPig: folds 
Uncalled bet ($10) returned to value_ftw
value_ftw collected $5 from pot
value_ftw: doesn't show hand 
ar4i0777 leaves the table
*** SUMMARY ***
Total pot $5 | Rake $0 
Seat 2: Evelexy1
Seat 3: DL1B
Seat 4: ar4i0777
Seat 5: value_ftw (big blind) collected ($5)
Seat 6: ImaPeppaPig (button) (small blind) folded before Flop



PokerStars Hand #254497761465:  Hold'em No Limit ($0.50/$1.00 USD) - 2025/01/22 12:38:22 WET [2025/01/22 7:38:22 ET]
Table 'Boliviana IV' 6-max Seat #5 is the button
Seat 5: value_ftw ($194.16 in chips) 
Seat 6: ImaPeppaPig ($115.50 in chips) 
value_ftw: posts small blind $0.50
ImaPeppaPig: posts big blind $1
*** HOLE CARDS ***
value_ftw: raises $1.50 to $2.50
ImaPeppaPig: folds 
Uncalled bet ($1.50) returned to value_ftw
value_ftw collected $2 from pot
value_ftw: doesn't show hand 
*** SUMMARY ***
Total pot $2 | Rake $0 
Seat 5: value_ftw (button) (small blind) collected ($2)
Seat 6: ImaPeppaPig (big blind) folded before Flop



PokerStars Hand #254497767693:  Hold'em No Limit ($0.50/$1.00 USD) - 2025/01/22 12:39:06 WET [2025/01/22 7:39:06 ET]
Table 'Boliviana IV' 6-max Seat #1 is the button
Seat 1: radovan202 ($42 in chips) 
Seat 2: MAO_DZEDYN_S ($100 in chips) 
Seat 4: Rysiff ($100 in chips) 
MAO_DZEDYN_S: posts small blind $0.50
Rysiff: posts big blind $1
*** HOLE CARDS ***
Twistenko joins the table at seat #3 
radovan202: raises $2 to $3
value_ftw joins the table at seat #6 
MAO_DZEDYN_S: raises $6 to $9
Rysiff: folds 
radovan202: calls $6
*** FLOP *** [7s 7h 6s]
MAO_DZEDYN_S: checks 
radovan202: checks 
*** TURN *** [7s 7h 6s] [Jc]
MAO_DZEDYN_S: checks 
radovan202: bets $13.54
MAO_DZEDYN_S: folds 
Uncalled bet ($13.54) returned to radovan202
radovan202 collected $18.05 from pot
radovan202: doesn't show hand 
*** SUMMARY ***
Total pot $19 | Rake $0.95 
Board [7s 7h 6s Jc]
Seat 1: radovan202 (button) collected ($18.05)
Seat 2: MAO_DZEDYN_S (small blind) folded on the Turn
Seat 4: Rysiff (big blind) folded before Flop



PokerStars Hand #254497778037:  Hold'em No Limit ($0.50/$1.00 USD) - 2025/01/22 12:40:17 WET [2025/01/22 7:40:17 ET]
Table 'Boliviana IV' 6-max Seat #2 is the button
Seat 3: Twistenko ($100 in chips) is sitting out
Seat 1: radovan202 ($51.05 in chips) 
Seat 2: MAO_DZEDYN_S ($100 in chips) 
Seat 4: Rysiff ($100 in chips) 
Seat 6: value_ftw ($195.16 in chips) 
Rysiff: posts small blind $0.50
value_ftw: posts big blind $1
*** HOLE CARDS ***
radovan202: folds 
MAO_DZEDYN_S: raises $1.50 to $2.50
Rysiff: folds 
value_ftw: folds 
Uncalled bet ($1.50) returned to MAO_DZEDYN_S
MAO_DZEDYN_S collected $2.50 from pot
MAO_DZEDYN_S: doesn't show hand 
*** SUMMARY ***
Total pot $2.50 | Rake $0 
Seat 3: Twistenko
Seat 1: radovan202 folded before Flop (didn't bet)
Seat 2: MAO_DZEDYN_S (button) collected ($2.50)
Seat 4: Rysiff (small blind) folded before Flop
Seat 6: value_ftw (big blind) folded before Flop



PokerStars Hand #254497781619:  Hold'em No Limit ($0.50/$1.00 USD) - 2025/01/22 12:40:41 WET [2025/01/22 7:40:41 ET]
Table 'Boliviana IV' 6-max Seat #4 is the button
Seat 3: Twistenko ($100 in chips) is sitting out
Seat 1: radovan202 ($51.05 in chips) 
Seat 2: MAO_DZEDYN_S ($101.50 in chips) 
Seat 4: Rysiff ($100 in chips) 
Seat 6: value_ftw ($194.16 in chips) 
value_ftw: posts small blind $0.50
radovan202: posts big blind $1
Twistenko: sits out 
*** HOLE CARDS ***
MAO_DZEDYN_S: folds 
R.M.Farcas joins the table at seat #5 
Rysiff: raises $1.50 to $2.50
value_ftw: folds 
radovan202: calls $1.50
*** FLOP *** [6c 6h 5s]
radovan202: checks 
Rysiff: bets $1.72
radovan202: calls $1.72
*** TURN *** [6c 6h 5s] [9h]
radovan202: checks 
Rysiff: checks 
*** RIVER *** [6c 6h 5s 9h] [3h]
radovan202: bets $8.37
Rysiff: folds 
Uncalled bet ($8.37) returned to radovan202
radovan202 collected $8.49 from pot
radovan202: doesn't show hand 
*** SUMMARY ***
Total pot $8.94 | Rake $0.45 
Board [6c 6h 5s 9h 3h]
Seat 3: Twistenko
Seat 1: radovan202 (big blind) collected ($8.49)
Seat 2: MAO_DZEDYN_S folded before Flop (didn't bet)
Seat 4: Rysiff (button) folded on the River
Seat 6: value_ftw (small blind) folded before Flop



PokerStars Hand #254497788397:  Hold'em No Limit ($0.50/$1.00 USD) - 2025/01/22 12:41:25 WET [2025/01/22 7:41:25 ET]
Table 'Boliviana IV' 6-max Seat #6 is the button
Seat 3: Twistenko ($100 in chips) is sitting out
Seat 5: R.M.Farcas ($100 in chips) is sitting out
Seat 1: radovan202 ($55.32 in chips) 
Seat 2: MAO_DZEDYN_S ($101.50 in chips) 
Seat 4: Rysiff ($100 in chips) 
Seat 6: value_ftw ($193.66 in chips) 
radovan202: posts small blind $0.50
MAO_DZEDYN_S: posts big blind $1
Twistenko: sits out 
R.M.Farcas: sits out 
*** HOLE CARDS ***
Rysiff: folds 
value_ftw: raises $1.50 to $2.50
radovan202: calls $2
MAO_DZEDYN_S: folds 
*** FLOP *** [2d 7d Qd]
radovan202: bets $3.85
value_ftw: calls $3.85
*** TURN *** [2d 7d Qd] [2h]
radovan202: bets $6.51
value_ftw: folds 
Uncalled bet ($6.51) returned to radovan202
radovan202 collected $13.02 from pot
radovan202: doesn't show hand 
*** SUMMARY ***
Total pot $13.70 | Rake $0.68 
Board [2d 7d Qd 2h]
Seat 3: Twistenko
Seat 5: R.M.Farcas
Seat 1: radovan202 (small blind) collected ($13.02)
Seat 2: MAO_DZEDYN_S (big blind) folded before Flop
Seat 4: Rysiff folded before Flop (didn't bet)
Seat 6: value_ftw (button) folded on the Turn



PokerStars Hand #254497796555:  Hold'em No Limit ($0.50/$1.00 USD) - 2025/01/22 12:42:20 WET [2025/01/22 7:42:20 ET]
Table 'Boliviana IV' 6-max Seat #1 is the button
Seat 5: R.M.Farcas ($100 in chips) is sitting out
Seat 1: radovan202 ($61.99 in chips) 
Seat 2: MAO_DZEDYN_S ($100.50 in chips) 
Seat 3: Twistenko ($100 in chips) 
Seat 4: Rysiff ($100 in chips) 
Seat 6: value_ftw ($187.31 in chips) 
MAO_DZEDYN_S: posts small blind $0.50
Twistenko: posts big blind $1
R.M.Farcas: sits out 
*** HOLE CARDS ***
Rysiff: folds 
value_ftw: folds 
radovan202: raises $2 to $3
MAO_DZEDYN_S: folds 
Twistenko: calls $2
*** FLOP *** [Jc 4c 3c]
Twistenko: checks 
radovan202: checks 
*** TURN *** [Jc 4c 3c] [4h]
Twistenko: bets $3.09
radovan202: calls $3.09
*** RIVER *** [Jc 4c 3c 4h] [5s]
Twistenko: bets $10
radovan202: folds 
Uncalled bet ($10) returned to Twistenko
Twistenko collected $12.05 from pot
Twistenko: doesn't show hand 
*** SUMMARY ***
Total pot $12.68 | Rake $0.63 
Board [Jc 4c 3c 4h 5s]
Seat 5: R.M.Farcas
Seat 1: radovan202 (button) folded on the River
Seat 2: MAO_DZEDYN_S (small blind) folded before Flop
Seat 3: Twistenko (big blind) collected ($12.05)
Seat 4: Rysiff folded before Flop (didn't bet)
Seat 6: value_ftw folded before Flop (didn't bet)



PokerStars Hand #254497800345:  Hold'em No Limit ($0.50/$1.00 USD) - 2025/01/22 12:42:45 WET [2025/01/22 7:42:45 ET]
Table 'Boliviana IV' 6-max Seat #2 is the button
Seat 5: R.M.Farcas ($100 in chips) is sitting out
Seat 1: radovan202 ($55.90 in chips) 
Seat 2: MAO_DZEDYN_S ($100 in chips) 
Seat 3: Twistenko ($105.96 in chips) 
Seat 4: Rysiff ($100 in chips) 
Seat 6: value_ftw ($187.31 in chips) 
Twistenko: posts small blind $0.50
Rysiff: posts big blind $1
R.M.Farcas: sits out 
*** HOLE CARDS ***
value_ftw: folds 
radovan202: folds 
MAO_DZEDYN_S: folds 
Twistenko: folds 
Uncalled bet ($0.50) returned to Rysiff
Rysiff collected $1 from pot
Rysiff: doesn't show hand 
*** SUMMARY ***
Total pot $1 | Rake $0 
Seat 5: R.M.Farcas
Seat 1: radovan202 folded before Flop (didn't bet)
Seat 2: MAO_DZEDYN_S (button) folded before Flop (didn't bet)
Seat 3: Twistenko (small blind) folded before Flop
Seat 4: Rysiff (big blind) collected ($1)
Seat 6: value_ftw folded before Flop (didn't bet)



PokerStars Hand #254497802221:  Hold'em No Limit ($0.50/$1.00 USD) - 2025/01/22 12:42:57 WET [2025/01/22 7:42:57 ET]
Table 'Boliviana IV' 6-max Seat #3 is the button
Seat 1: radovan202 ($55.90 in chips) 
Seat 2: MAO_DZEDYN_S ($100 in chips) 
Seat 3: Twistenko ($105.46 in chips) 
Seat 4: Rysiff ($100.50 in chips) 
Seat 5: R.M.Farcas ($100 in chips) 
Seat 6: value_ftw ($187.31 in chips) 
Rysiff: posts small blind $0.50
R.M.Farcas: posts big blind $1
*** HOLE CARDS ***
value_ftw: folds 
radovan202: folds 
MAO_DZEDYN_S: folds 
Twistenko: folds 
Rysiff: raises $2 to $3
R.M.Farcas: raises $6 to $9
Rysiff: folds 
Uncalled bet ($6) returned to R.M.Farcas
R.M.Farcas collected $6 from pot
R.M.Farcas: doesn't show hand 
*** SUMMARY ***
Total pot $6 | Rake $0 
Seat 1: radovan202 folded before Flop (didn't bet)
Seat 2: MAO_DZEDYN_S folded before Flop (didn't bet)
Seat 3: Twistenko (button) folded before Flop (didn't bet)
Seat 4: Rysiff (small blind) folded before Flop
Seat 5: R.M.Farcas (big blind) collected ($6)
Seat 6: value_ftw folded before Flop (didn't bet)



PokerStars Hand #254497806353:  Hold'em No Limit ($0.50/$1.00 USD) - 2025/01/22 12:43:25 WET [2025/01/22 7:43:25 ET]
Table 'Boliviana IV' 6-max Seat #4 is the button
Seat 1: radovan202 ($55.90 in chips) 
Seat 2: MAO_DZEDYN_S ($100 in chips) 
Seat 3: Twistenko ($105.46 in chips) 
Seat 4: Rysiff ($100 in chips) 
Seat 5: R.M.Farcas ($103 in chips) 
Seat 6: value_ftw ($187.31 in chips) 
R.M.Farcas: posts small blind $0.50
value_ftw: posts big blind $1
*** HOLE CARDS ***
radovan202: folds 
MAO_DZEDYN_S: folds 
Twistenko: raises $1.30 to $2.30
Rysiff: folds 
R.M.Farcas: folds 
value_ftw: folds 
Uncalled bet ($1.30) returned to Twistenko
Twistenko collected $2.50 from pot
Twistenko: doesn't show hand 
*** SUMMARY ***
Total pot $2.50 | Rake $0 
Seat 1: radovan202 folded before Flop (didn't bet)
Seat 2: MAO_DZEDYN_S folded before Flop (didn't bet)
Seat 3: Twistenko collected ($2.50)
Seat 4: Rysiff (button) folded before Flop (didn't bet)
Seat 5: R.M.Farcas (small blind) folded before Flop
Seat 6: value_ftw (big blind) folded before Flop



PokerStars Hand #254497833310:  Hold'em No Limit ($0.50/$1.00 USD) - 2025/01/22 12:46:20 WET [2025/01/22 7:46:20 ET]
Table 'Boliviana IV' 6-max Seat #2 is the button
Seat 1: radovan202 ($36.24 in chips) 
Seat 2: MAO_DZEDYN_S ($100 in chips) 
Seat 3: Twistenko ($101.90 in chips) 
Seat 4: Rysiff ($100 in chips) 
Seat 5: R.M.Farcas ($121.37 in chips) 
Seat 6: value_ftw ($190.70 in chips) 
Twistenko: posts small blind $0.50
Rysiff: posts big blind $1
*** HOLE CARDS ***
R.M.Farcas: folds 
value_ftw: folds 
radovan202: raises $1.50 to $2.50
MAO_DZEDYN_S: folds 
Twistenko: folds 
Rysiff: raises $97.50 to $100 and is all-in
radovan202: folds 
Uncalled bet ($97.50) returned to Rysiff
Rysiff collected $5.50 from pot
Rysiff: doesn't show hand 
*** SUMMARY ***
Total pot $5.50 | Rake $0 
Seat 1: radovan202 folded before Flop
Seat 2: MAO_DZEDYN_S (button) folded before Flop (didn't bet)
Seat 3: Twistenko (small blind) folded before Flop
Seat 4: Rysiff (big blind) collected ($5.50)
Seat 5: R.M.Farcas folded before Flop (didn't bet)
Seat 6: value_ftw folded before Flop (didn't bet)



PokerStars Hand #254497836265:  Hold'em No Limit ($0.50/$1.00 USD) - 2025/01/22 12:46:40 WET [2025/01/22 7:46:40 ET]
Table 'Boliviana IV' 6-max Seat #3 is the button
Seat 1: radovan202 ($33.74 in chips) 
Seat 2: MAO_DZEDYN_S ($100 in chips) 
Seat 3: Twistenko ($101.40 in chips) 
Seat 4: Rysiff ($103 in chips) 
Seat 5: R.M.Farcas ($121.37 in chips) 
Seat 6: value_ftw ($190.70 in chips) 
Rysiff: posts small blind $0.50
R.M.Farcas: posts big blind $1
*** HOLE CARDS ***
value_ftw: folds 
radovan202: folds 
MAO_DZEDYN_S: folds 
Twistenko: folds 
Rysiff: folds 
Uncalled bet ($0.50) returned to R.M.Farcas
R.M.Farcas collected $1 from pot
R.M.Farcas: doesn't show hand 
*** SUMMARY ***
Total pot $1 | Rake $0 
Seat 1: radovan202 folded before Flop (didn't bet)
Seat 2: MAO_DZEDYN_S folded before Flop (didn't bet)
Seat 3: Twistenko (button) folded before Flop (didn't bet)
Seat 4: Rysiff (small blind) folded before Flop
Seat 5: R.M.Farcas (big blind) collected ($1)
Seat 6: value_ftw folded before Flop (didn't bet)



PokerStars Hand #254497838996:  Hold'em No Limit ($0.50/$1.00 USD) - 2025/01/22 12:46:57 WET [2025/01/22 7:46:57 ET]
Table 'Boliviana IV' 6-max Seat #4 is the button
Seat 1: radovan202 ($33.74 in chips) 
Seat 2: MAO_DZEDYN_S ($100 in chips) 
Seat 3: Twistenko ($101.40 in chips) 
Seat 4: Rysiff ($102.50 in chips) 
Seat 5: R.M.Farcas ($121.87 in chips) 
Seat 6: value_ftw ($190.70 in chips) 
R.M.Farcas: posts small blind $0.50
value_ftw: posts big blind $1
*** HOLE CARDS ***
radovan202: raises $1 to $2
MAO_DZEDYN_S: folds 
Twistenko: folds 
Rysiff: folds 
R.M.Farcas: folds 
value_ftw: folds 
Uncalled bet ($1) returned to radovan202
radovan202 collected $2.50 from pot
radovan202: doesn't show hand 
*** SUMMARY ***
Total pot $2.50 | Rake $0 
Seat 1: radovan202 collected ($2.50)
Seat 2: MAO_DZEDYN_S folded before Flop (didn't bet)
Seat 3: Twistenko folded before Flop (didn't bet)
Seat 4: Rysiff (button) folded before Flop (didn't bet)
Seat 5: R.M.Farcas (small blind) folded before Flop
Seat 6: value_ftw (big blind) folded before Flop



PokerStars Hand #254497841054:  Hold'em No Limit ($0.50/$1.00 USD) - 2025/01/22 12:47:11 WET [2025/01/22 7:47:11 ET]
Table 'Boliviana IV' 6-max Seat #5 is the button
Seat 1: radovan202 ($35.24 in chips) 
Seat 2: MAO_DZEDYN_S ($100 in chips) 
Seat 3: Twistenko ($101.40 in chips) 
Seat 4: Rysiff ($102.50 in chips) 
Seat 5: R.M.Farcas ($121.37 in chips) 
Seat 6: value_ftw ($189.70 in chips) 
value_ftw: posts small blind $0.50
radovan202: posts big blind $1
*** HOLE CARDS ***
MAO_DZEDYN_S: folds 
Twistenko: folds 
Rysiff: folds 
R.M.Farcas: folds 
value_ftw: folds 
Uncalled bet ($0.50) returned to radovan202
radovan202 collected $1 from pot
radovan202: doesn't show hand 
*** SUMMARY ***
Total pot $1 | Rake $0 
Seat 1: radovan202 (big blind) collected ($1)
Seat 2: MAO_DZEDYN_S folded before Flop (didn't bet)
Seat 3: Twistenko folded before Flop (didn't bet)
Seat 4: Rysiff folded before Flop (didn't bet)
Seat 5: R.M.Farcas (button) folded before Flop (didn't bet)
Seat 6: value_ftw (small blind) folded before Flop



PokerStars Hand #254497843629:  Hold'em No Limit ($0.50/$1.00 USD) - 2025/01/22 12:47:28 WET [2025/01/22 7:47:28 ET]
Table 'Boliviana IV' 6-max Seat #6 is the button
Seat 1: radovan202 ($35.74 in chips) 
Seat 2: MAO_DZEDYN_S ($100 in chips) 
Seat 3: Twistenko ($101.40 in chips) 
Seat 4: Rysiff ($102.50 in chips) 
Seat 5: R.M.Farcas ($121.37 in chips) 
Seat 6: value_ftw ($189.20 in chips) 
radovan202: posts small blind $0.50
MAO_DZEDYN_S: posts big blind $1
*** HOLE CARDS ***
Twistenko: folds 
Rysiff: folds 
R.M.Farcas: folds 
value_ftw: folds 
radovan202: raises $1.50 to $2.50
MAO_DZEDYN_S: calls $1.50
*** FLOP *** [6c 9c 3s]
radovan202: bets $4.56
MAO_DZEDYN_S: calls $4.56
*** TURN *** [6c 9c 3s] [Ah]
radovan202: bets $4.43
MAO_DZEDYN_S: folds 
Uncalled bet ($4.43) returned to radovan202
radovan202 collected $13.41 from pot
radovan202: doesn't show hand 
*** SUMMARY ***
Total pot $14.12 | Rake $0.71 
Board [6c 9c 3s Ah]
Seat 1: radovan202 (small blind) collected ($13.41)
Seat 2: MAO_DZEDYN_S (big blind) folded on the Turn
Seat 3: Twistenko folded before Flop (didn't bet)
Seat 4: Rysiff folded before Flop (didn't bet)
Seat 5: R.M.Farcas folded before Flop (didn't bet)
Seat 6: value_ftw (button) folded before Flop (didn't bet)



PokerStars Hand #254497853538:  Hold'em No Limit ($0.50/$1.00 USD) - 2025/01/22 12:48:32 WET [2025/01/22 7:48:32 ET]
Table 'Boliviana IV' 6-max Seat #1 is the button
Seat 1: radovan202 ($42.09 in chips) 
Seat 2: MAO_DZEDYN_S ($100 in chips) 
Seat 3: Twistenko ($101.40 in chips) 
Seat 4: Rysiff ($102.50 in chips) 
Seat 5: R.M.Farcas ($121.37 in chips) 
Seat 6: value_ftw ($189.20 in chips) 
MAO_DZEDYN_S: posts small blind $0.50
Twistenko: posts big blind $1
*** HOLE CARDS ***
Rysiff: folds 
R.M.Farcas: folds 
value_ftw: folds 
radovan202: raises $2 to $3
MAO_DZEDYN_S: folds 
Twistenko: raises $12 to $15
radovan202: folds 
Uncalled bet ($12) returned to Twistenko
Twistenko collected $6.50 from pot
Twistenko: doesn't show hand 
*** SUMMARY ***
Total pot $6.50 | Rake $0 
Seat 1: radovan202 (button) folded before Flop
Seat 2: MAO_DZEDYN_S (small blind) folded before Flop
Seat 3: Twistenko (big blind) collected ($6.50)
Seat 4: Rysiff folded before Flop (didn't bet)
Seat 5: R.M.Farcas folded before Flop (didn't bet)
Seat 6: value_ftw folded before Flop (didn't bet)



PokerStars Hand #254497857184:  Hold'em No Limit ($0.50/$1.00 USD) - 2025/01/22 12:48:56 WET [2025/01/22 7:48:56 ET]
Table 'Boliviana IV' 6-max Seat #2 is the button
Seat 1: radovan202 ($39.09 in chips) 
Seat 2: MAO_DZEDYN_S ($100 in chips) 
Seat 3: Twistenko ($104.90 in chips) 
Seat 4: Rysiff ($102.50 in chips) 
Seat 5: R.M.Farcas ($121.37 in chips) 
Seat 6: value_ftw ($189.20 in chips) 
Twistenko: posts small blind $0.50
Rysiff: posts big blind $1
*** HOLE CARDS ***
R.M.Farcas: folds 
value_ftw: folds 
radovan202: raises $1.50 to $2.50
MAO_DZEDYN_S: folds 
Twistenko: folds 
Rysiff: folds 
Uncalled bet ($1.50) returned to radovan202
radovan202 collected $2.50 from pot
radovan202: doesn't show hand 
*** SUMMARY ***
Total pot $2.50 | Rake $0 
Seat 1: radovan202 collected ($2.50)
Seat 2: MAO_DZEDYN_S (button) folded before Flop (didn't bet)
Seat 3: Twistenko (small blind) folded before Flop
Seat 4: Rysiff (big blind) folded before Flop
Seat 5: R.M.Farcas folded before Flop (didn't bet)
Seat 6: value_ftw folded before Flop (didn't bet)



PokerStars Hand #254497859954:  Hold'em No Limit ($0.50/$1.00 USD) - 2025/01/22 12:49:14 WET [2025/01/22 7:49:14 ET]
Table 'Boliviana IV' 6-max Seat #3 is the button
Seat 1: radovan202 ($40.59 in chips) 
Seat 2: MAO_DZEDYN_S ($100 in chips) 
Seat 3: Twistenko ($104.40 in chips) 
Seat 4: Rysiff ($101.50 in chips) 
Seat 5: R.M.Farcas ($121.37 in chips) 
Seat 6: value_ftw ($189.20 in chips) 
Rysiff: posts small blind $0.50
R.M.Farcas: posts big blind $1
*** HOLE CARDS ***
value_ftw: folds 
radovan202: raises $1 to $2
MAO_DZEDYN_S: folds 
Twistenko: folds 
Rysiff: folds 
R.M.Farcas: calls $1
*** FLOP *** [5h 4h 3s]
R.M.Farcas: checks 
radovan202: checks 
*** TURN *** [5h 4h 3s] [9c]
R.M.Farcas: checks 
radovan202: checks 
*** RIVER *** [5h 4h 3s 9c] [4c]
R.M.Farcas: checks 
radovan202: checks 
*** SHOW DOWN ***
R.M.Farcas: shows [As 8h] (a pair of Fours)
radovan202: mucks hand 
R.M.Farcas collected $4.28 from pot
*** SUMMARY ***
Total pot $4.50 | Rake $0.22 
Board [5h 4h 3s 9c 4c]
Seat 1: radovan202 mucked
Seat 2: MAO_DZEDYN_S folded before Flop (didn't bet)
Seat 3: Twistenko (button) folded before Flop (didn't bet)
Seat 4: Rysiff (small blind) folded before Flop
Seat 5: R.M.Farcas (big blind) showed [As 8h] and won ($4.28) with a pair of Fours
Seat 6: value_ftw folded before Flop (didn't bet)



PokerStars Hand #254497864396:  Hold'em No Limit ($0.50/$1.00 USD) - 2025/01/22 12:49:43 WET [2025/01/22 7:49:43 ET]
Table 'Boliviana IV' 6-max Seat #4 is the button
Seat 6: value_ftw ($189.20 in chips) is sitting out
Seat 1: radovan202 ($38.59 in chips) 
Seat 2: MAO_DZEDYN_S ($100 in chips) 
Seat 3: Twistenko ($104.40 in chips) 
Seat 4: Rysiff ($101 in chips) 
Seat 5: R.M.Farcas ($123.65 in chips) 
R.M.Farcas: posts small blind $0.50
value_ftw: is sitting out 
radovan202: posts big blind $1
*** HOLE CARDS ***
MAO_DZEDYN_S: folds 
value_ftw leaves the table
Twistenko: folds 
Rysiff: raises $1.50 to $2.50
R.M.Farcas: folds 
radovan202: folds 
Uncalled bet ($1.50) returned to Rysiff
Rysiff collected $2.50 from pot
Rysiff: doesn't show hand 
*** SUMMARY ***
Total pot $2.50 | Rake $0 
Seat 6: value_ftw
Seat 1: radovan202 (big blind) folded before Flop
Seat 2: MAO_DZEDYN_S folded before Flop (didn't bet)
Seat 3: Twistenko folded before Flop (didn't bet)
Seat 4: Rysiff (button) collected ($2.50)
Seat 5: R.M.Farcas (small blind) folded before Flop



PokerStars Hand #254497867065:  Hold'em No Limit ($0.50/$1.00 USD) - 2025/01/22 12:50:00 WET [2025/01/22 7:50:00 ET]
Table 'Boliviana IV' 6-max Seat #5 is the button
Seat 1: radovan202 ($37.59 in chips) 
Seat 2: MAO_DZEDYN_S ($100 in chips) 
Seat 3: Twistenko ($104.40 in chips) 
Seat 4: Rysiff ($102.50 in chips) 
Seat 5: R.M.Farcas ($123.15 in chips) 
radovan202: posts small blind $0.50
MAO_DZEDYN_S: posts big blind $1
*** HOLE CARDS ***
Twistenko: folds 
Rysiff: folds 
Melenya joins the table at seat #6 
R.M.Farcas: folds 
radovan202: folds 
Uncalled bet ($0.50) returned to MAO_DZEDYN_S
MAO_DZEDYN_S collected $1 from pot
MAO_DZEDYN_S: doesn't show hand 
*** SUMMARY ***
Total pot $1 | Rake $0 
Seat 1: radovan202 (small blind) folded before Flop
Seat 2: MAO_DZEDYN_S (big blind) collected ($1)
Seat 3: Twistenko folded before Flop (didn't bet)
Seat 4: Rysiff folded before Flop (didn't bet)
Seat 5: R.M.Farcas (button) folded before Flop (didn't bet)



PokerStars Hand #254497868040:  Hold'em No Limit ($0.50/$1.00 USD) - 2025/01/22 12:50:07 WET [2025/01/22 7:50:07 ET]
Table 'Boliviana IV' 6-max Seat #1 is the button
Seat 6: Melenya ($100 in chips) is sitting out
Seat 1: radovan202 ($37.09 in chips) 
Seat 2: MAO_DZEDYN_S ($100.50 in chips) 
Seat 3: Twistenko ($104.40 in chips) 
Seat 4: Rysiff ($102.50 in chips) 
Seat 5: R.M.Farcas ($123.15 in chips) 
MAO_DZEDYN_S: posts small blind $0.50
Twistenko: posts big blind $1
Melenya: sits out 
*** HOLE CARDS ***
Rysiff: raises $1.50 to $2.50
R.M.Farcas: folds 
radovan202: folds 
MAO_DZEDYN_S: folds 
Twistenko: calls $1.50
*** FLOP *** [2h 6d 4s]
Twistenko: checks 
Rysiff: checks 
*** TURN *** [2h 6d 4s] [7s]
Twistenko: checks 
Rysiff: bets $4.18
Twistenko: folds 
Uncalled bet ($4.18) returned to Rysiff
Rysiff collected $5.22 from pot
Rysiff: doesn't show hand 
*** SUMMARY ***
Total pot $5.50 | Rake $0.28 
Board [2h 6d 4s 7s]
Seat 6: Melenya
Seat 1: radovan202 (button) folded before Flop (didn't bet)
Seat 2: MAO_DZEDYN_S (small blind) folded before Flop
Seat 3: Twistenko (big blind) folded on the Turn
Seat 4: Rysiff collected ($5.22)
Seat 5: R.M.Farcas folded before Flop (didn't bet)



PokerStars Hand #254497878573:  Hold'em No Limit ($0.50/$1.00 USD) - 2025/01/22 12:51:17 WET [2025/01/22 7:51:17 ET]
Table 'Boliviana IV' 6-max Seat #2 is the button
Seat 6: Melenya ($100 in chips) is sitting out
Seat 1: radovan202 ($37.09 in chips) 
Seat 2: MAO_DZEDYN_S ($100 in chips) 
Seat 3: Twistenko ($101.90 in chips) 
Seat 4: Rysiff ($105.22 in chips) 
Seat 5: R.M.Farcas ($123.15 in chips) 
Twistenko: posts small blind $0.50
Rysiff: posts big blind $1
Melenya: sits out 
*** HOLE CARDS ***
R.M.Farcas: folds 
radovan202: raises $1.50 to $2.50
MAO_DZEDYN_S: folds 
Twistenko: folds 
Rysiff: calls $1.50
*** FLOP *** [Ah 3s Ac]
Rysiff: checks 
radovan202: bets $2.61
Rysiff: calls $2.61
*** TURN *** [Ah 3s Ac] [7s]
Rysiff: checks 
radovan202: checks 
*** RIVER *** [Ah 3s Ac 7s] [Qd]
Rysiff: bets $8.14
radovan202: calls $8.14
*** SHOW DOWN ***
Rysiff: shows [Tc Kd] (a pair of Aces)
radovan202: shows [4c 4s] (two pair, Aces and Fours)
radovan202 collected $25.65 from pot
*** SUMMARY ***
Total pot $27 | Rake $1.35 
Board [Ah 3s Ac 7s Qd]
Seat 6: Melenya
Seat 1: radovan202 showed [4c 4s] and won ($25.65) with two pair, Aces and Fours
Seat 2: MAO_DZEDYN_S (button) folded before Flop (didn't bet)
Seat 3: Twistenko (small blind) folded before Flop
Seat 4: Rysiff (big blind) showed [Tc Kd] and lost with a pair of Aces
Seat 5: R.M.Farcas folded before Flop (didn't bet)



PokerStars Hand #254497885133:  Hold'em No Limit ($0.50/$1.00 USD) - 2025/01/22 12:52:00 WET [2025/01/22 7:52:00 ET]
Table 'Boliviana IV' 6-max Seat #3 is the button
Seat 6: Melenya ($100 in chips) is sitting out
Seat 1: radovan202 ($49.49 in chips) 
Seat 2: MAO_DZEDYN_S ($100 in chips) 
Seat 3: Twistenko ($101.40 in chips) 
Seat 4: Rysiff ($100 in chips) 
Seat 5: R.M.Farcas ($123.15 in chips) 
Rysiff: posts small blind $0.50
R.M.Farcas: posts big blind $1
Melenya: sits out 
*** HOLE CARDS ***
radovan202: raises $1.50 to $2.50
MAO_DZEDYN_S: folds 
Twistenko: folds 
Rysiff: folds 
R.M.Farcas: folds 
Uncalled bet ($1.50) returned to radovan202
radovan202 collected $2.50 from pot
radovan202: doesn't show hand 
*** SUMMARY ***
Total pot $2.50 | Rake $0 
Seat 6: Melenya
Seat 1: radovan202 collected ($2.50)
Seat 2: MAO_DZEDYN_S folded before Flop (didn't bet)
Seat 3: Twistenko (button) folded before Flop (didn't bet)
Seat 4: Rysiff (small blind) folded before Flop
Seat 5: R.M.Farcas (big blind) folded before Flop



PokerStars Hand #254497887797:  Hold'em No Limit ($0.50/$1.00 USD) - 2025/01/22 12:52:17 WET [2025/01/22 7:52:17 ET]
Table 'Boliviana IV' 6-max Seat #4 is the button
Seat 1: radovan202 ($50.99 in chips) 
Seat 2: MAO_DZEDYN_S ($100 in chips) 
Seat 3: Twistenko ($101.40 in chips) 
Seat 4: Rysiff ($100 in chips) 
Seat 5: R.M.Farcas ($122.15 in chips) 
Seat 6: Melenya ($100 in chips) 
R.M.Farcas: posts small blind $0.50
Melenya: posts big blind $1
*** HOLE CARDS ***
radovan202: folds 
MAO_DZEDYN_S: raises $1.25 to $2.25
Twistenko: raises $5.25 to $7.50
Rysiff: raises $11.50 to $19
R.M.Farcas: folds 
Melenya: folds 
MAO_DZEDYN_S: folds 
Twistenko: raises $82.40 to $101.40 and is all-in
Rysiff: folds 
Uncalled bet ($82.40) returned to Twistenko
Twistenko collected $41.75 from pot
*** SUMMARY ***
Total pot $41.75 | Rake $0 
Seat 1: radovan202 folded before Flop (didn't bet)
Seat 2: MAO_DZEDYN_S folded before Flop
Seat 3: Twistenko collected ($41.75)
Seat 4: Rysiff (button) folded before Flop
Seat 5: R.M.Farcas (small blind) folded before Flop
Seat 6: Melenya (big blind) folded before Flop



PokerStars Hand #254497895758:  Hold'em No Limit ($0.50/$1.00 USD) - 2025/01/22 12:53:10 WET [2025/01/22 7:53:10 ET]
Table 'Boliviana IV' 6-max Seat #5 is the button
Seat 1: radovan202 ($50.99 in chips) 
Seat 2: MAO_DZEDYN_S ($100 in chips) 
Seat 3: Twistenko ($124.15 in chips) 
Seat 4: Rysiff ($100 in chips) 
Seat 5: R.M.Farcas ($121.65 in chips) 
Seat 6: Melenya ($100 in chips) 
Melenya: posts small blind $0.50
radovan202: posts big blind $1
*** HOLE CARDS ***
MAO_DZEDYN_S: folds 
Twistenko: raises $1.30 to $2.30
Rysiff: raises $4.70 to $7
R.M.Farcas: folds 
Melenya: folds 
radovan202: raises $14 to $21
Twistenko: folds 
Rysiff: raises $79 to $100 and is all-in
radovan202: calls $29.99 and is all-in
Uncalled bet ($49.01) returned to Rysiff
*** FLOP *** [Kh 9d 8s]
*** TURN *** [Kh 9d 8s] [9s]
*** RIVER *** [Kh 9d 8s 9s] [As]
*** SHOW DOWN ***
radovan202: shows [Ks Ad] (two pair, Aces and Kings)
Rysiff: shows [Ah Qd] (two pair, Aces and Nines)
radovan202 cashed out the hand for $74.93 | Cash Out Fee $1.53
*** SUMMARY ***
Total pot $104.78 | Rake $2.50 
Board [Kh 9d 8s 9s As]
Seat 1: radovan202 (big blind) showed [Ks Ad] and won ($102.28) with two pair, Aces and Kings (pot not awarded as player cashed out)
Seat 2: MAO_DZEDYN_S folded before Flop (didn't bet)
Seat 3: Twistenko folded before Flop
Seat 4: Rysiff showed [Ah Qd] and lost with two pair, Aces and Nines
Seat 5: R.M.Farcas (button) folded before Flop (didn't bet)
Seat 6: Melenya (small blind) folded before Flop



PokerStars Hand #254497903216:  Hold'em No Limit ($0.50/$1.00 USD) - 2025/01/22 12:53:59 WET [2025/01/22 7:53:59 ET]
Table 'Boliviana IV' 6-max Seat #6 is the button
Seat 1: radovan202 ($74.93 in chips) 
Seat 2: MAO_DZEDYN_S ($100 in chips) 
Seat 3: Twistenko ($121.85 in chips) 
Seat 4: Rysiff ($100 in chips) 
Seat 5: R.M.Farcas ($121.65 in chips) 
Seat 6: Melenya ($100 in chips) 
radovan202: posts small blind $0.50
MAO_DZEDYN_S: posts big blind $1
*** HOLE CARDS ***
Twistenko: folds 
Rysiff: raises $1.50 to $2.50
R.M.Farcas: folds 
Melenya: folds 
radovan202: folds 
MAO_DZEDYN_S: folds 
Uncalled bet ($1.50) returned to Rysiff
Rysiff collected $2.50 from pot
Rysiff: doesn't show hand 
*** SUMMARY ***
Total pot $2.50 | Rake $0 
Seat 1: radovan202 (small blind) folded before Flop
Seat 2: MAO_DZEDYN_S (big blind) folded before Flop
Seat 3: Twistenko folded before Flop (didn't bet)
Seat 4: Rysiff collected ($2.50)
Seat 5: R.M.Farcas folded before Flop (didn't bet)
Seat 6: Melenya (button) folded before Flop (didn't bet)



PokerStars Hand #254497905867:  Hold'em No Limit ($0.50/$1.00 USD) - 2025/01/22 12:54:17 WET [2025/01/22 7:54:17 ET]
Table 'Boliviana IV' 6-max Seat #1 is the button
Seat 1: radovan202 ($74.43 in chips) 
Seat 2: MAO_DZEDYN_S ($100 in chips) 
Seat 3: Twistenko ($121.85 in chips) 
Seat 4: Rysiff ($101.50 in chips) 
Seat 5: R.M.Farcas ($121.65 in chips) 
Seat 6: Melenya ($100 in chips) 
MAO_DZEDYN_S: posts small blind $0.50
Twistenko: posts big blind $1
*** HOLE CARDS ***
Rysiff: folds 
R.M.Farcas: folds 
Melenya: raises $1.30 to $2.30
radovan202: calls $2.30
MAO_DZEDYN_S: raises $11.48 to $13.78
Twistenko: folds 
Melenya: raises $86.22 to $100 and is all-in
radovan202: folds 
MAO_DZEDYN_S: calls $86.22 and is all-in
*** FIRST FLOP *** [9h Qc 8s]
*** FIRST TURN *** [9h Qc 8s] [7s]
*** FIRST RIVER *** [9h Qc 8s 7s] [9c]
*** SECOND FLOP *** [Td 5h 4d]
*** SECOND TURN *** [Td 5h 4d] [5d]
*** SECOND RIVER *** [Td 5h 4d 5d] [4c]
*** FIRST SHOW DOWN ***
MAO_DZEDYN_S: shows [Ad Kd] (a pair of Nines)
Melenya: shows [Ah Kh] (a pair of Nines)
MAO_DZEDYN_S collected $50.20 from pot
Melenya collected $50.20 from pot
*** SECOND SHOW DOWN ***
MAO_DZEDYN_S: shows [Ad Kd] (a flush, Ace high)
Melenya: shows [Ah Kh] (two pair, Fives and Fours)
MAO_DZEDYN_S collected $100.40 from pot
*** SUMMARY ***
Total pot $203.30 | Rake $2.50 
Hand was run twice
FIRST Board [9h Qc 8s 7s 9c]
SECOND Board [Td 5h 4d 5d 4c]
Seat 1: radovan202 (button) folded before Flop
Seat 2: MAO_DZEDYN_S (small blind) showed [Ad Kd] and won ($50.20) with a pair of Nines, and won ($100.40) with a flush, Ace high
Seat 3: Twistenko (big blind) folded before Flop
Seat 4: Rysiff folded before Flop (didn't bet)
Seat 5: R.M.Farcas folded before Flop (didn't bet)
Seat 6: Melenya showed [Ah Kh] and won ($50.20) with a pair of Nines, and lost with two pair, Fives and Fours



PokerStars Hand #254497912016:  Hold'em No Limit ($0.50/$1.00 USD) - 2025/01/22 12:54:57 WET [2025/01/22 7:54:57 ET]
Table 'Boliviana IV' 6-max Seat #2 is the button
Seat 1: radovan202 ($72.13 in chips) 
Seat 2: MAO_DZEDYN_S ($150.60 in chips) 
Seat 3: Twistenko ($120.85 in chips) 
Seat 4: Rysiff ($101.50 in chips) 
Seat 5: R.M.Farcas ($121.65 in chips) 
Seat 6: Melenya ($100 in chips) 
Twistenko: posts small blind $0.50
Rysiff: posts big blind $1
*** HOLE CARDS ***
R.M.Farcas: folds 
Melenya: folds 
radovan202: raises $1.50 to $2.50
MAO_DZEDYN_S: raises $5 to $7.50
Twistenko: folds 
Rysiff: folds 
radovan202: calls $5
*** FLOP *** [2s 4h 8h]
radovan202: checks 
MAO_DZEDYN_S: bets $13.76
radovan202: folds 
Uncalled bet ($13.76) returned to MAO_DZEDYN_S
MAO_DZEDYN_S collected $15.68 from pot
MAO_DZEDYN_S: doesn't show hand 
*** SUMMARY ***
Total pot $16.50 | Rake $0.82 
Board [2s 4h 8h]
Seat 1: radovan202 folded on the Flop
Seat 2: MAO_DZEDYN_S (button) collected ($15.68)
Seat 3: Twistenko (small blind) folded before Flop
Seat 4: Rysiff (big blind) folded before Flop
Seat 5: R.M.Farcas folded before Flop (didn't bet)
Seat 6: Melenya folded before Flop (didn't bet)



PokerStars Hand #254497920934:  Hold'em No Limit ($0.50/$1.00 USD) - 2025/01/22 12:56:07 WET [2025/01/22 7:56:07 ET]
Table 'Boliviana IV' 6-max Seat #3 is the button
Seat 1: radovan202 ($64.63 in chips) 
Seat 2: MAO_DZEDYN_S ($158.78 in chips) 
Seat 3: Twistenko ($120.35 in chips) 
Seat 4: Rysiff ($100.50 in chips) 
Seat 5: R.M.Farcas ($121.65 in chips) 
Seat 6: Melenya ($100 in chips) 
Rysiff: posts small blind $0.50
R.M.Farcas: posts big blind $1
*** HOLE CARDS ***
Melenya: folds 
radovan202: raises $1 to $2
MAO_DZEDYN_S: folds 
Twistenko: folds 
Rysiff: raises $6 to $8
R.M.Farcas: folds 
radovan202: folds 
Uncalled bet ($6) returned to Rysiff
Rysiff collected $5 from pot
Rysiff: doesn't show hand 
*** SUMMARY ***
Total pot $5 | Rake $0 
Seat 1: radovan202 folded before Flop
Seat 2: MAO_DZEDYN_S folded before Flop (didn't bet)
Seat 3: Twistenko (button) folded before Flop (didn't bet)
Seat 4: Rysiff (small blind) collected ($5)
Seat 5: R.M.Farcas (big blind) folded before Flop
Seat 6: Melenya folded before Flop (didn't bet)



PokerStars Hand #254497923739:  Hold'em No Limit ($0.50/$1.00 USD) - 2025/01/22 12:56:30 WET [2025/01/22 7:56:30 ET]
Table 'Boliviana IV' 6-max Seat #4 is the button
Seat 1: radovan202 ($62.63 in chips) 
Seat 2: MAO_DZEDYN_S ($158.78 in chips) 
Seat 3: Twistenko ($120.35 in chips) 
Seat 4: Rysiff ($103.50 in chips) 
Seat 5: R.M.Farcas ($120.65 in chips) 
Seat 6: Melenya ($100 in chips) 
R.M.Farcas: posts small blind $0.50
Melenya: posts big blind $1
*** HOLE CARDS ***
radovan202: folds 
MAO_DZEDYN_S: folds 
Twistenko: raises $1.30 to $2.30
Rysiff: folds 
R.M.Farcas: raises $8.70 to $11
Melenya: folds 
Twistenko: calls $8.70
*** FLOP *** [Ts 8s 7d]
R.M.Farcas: bets $7.21
Twistenko: raises $11.97 to $19.18
R.M.Farcas: folds 
Uncalled bet ($11.97) returned to Twistenko
Twistenko collected $35.55 from pot
Twistenko: doesn't show hand 
*** SUMMARY ***
Total pot $37.42 | Rake $1.87 
Board [Ts 8s 7d]
Seat 1: radovan202 folded before Flop (didn't bet)
Seat 2: MAO_DZEDYN_S folded before Flop (didn't bet)
Seat 3: Twistenko collected ($35.55)
Seat 4: Rysiff (button) folded before Flop (didn't bet)
Seat 5: R.M.Farcas (small blind) folded on the Flop
Seat 6: Melenya (big blind) folded before Flop



PokerStars Hand #254497930470:  Hold'em No Limit ($0.50/$1.00 USD) - 2025/01/22 12:57:26 WET [2025/01/22 7:57:26 ET]
Table 'Boliviana IV' 6-max Seat #5 is the button
Seat 1: radovan202 ($62.63 in chips) 
Seat 2: MAO_DZEDYN_S ($158.78 in chips) 
Seat 3: Twistenko ($137.69 in chips) 
Seat 4: Rysiff ($103.50 in chips) 
Seat 5: R.M.Farcas ($102.44 in chips) 
Seat 6: Melenya ($100 in chips) 
Melenya: posts small blind $0.50
radovan202: posts big blind $1
*** HOLE CARDS ***
MAO_DZEDYN_S: folds 
Twistenko: folds 
Rysiff: folds 
R.M.Farcas: folds 
Melenya: raises $2 to $3
radovan202: calls $2
*** FLOP *** [Jc 8h 4s]
Melenya: checks 
radovan202: bets $4.28
Melenya: folds 
Uncalled bet ($4.28) returned to radovan202
radovan202 collected $5.70 from pot
radovan202: doesn't show hand 
*** SUMMARY ***
Total pot $6 | Rake $0.30 
Board [Jc 8h 4s]
Seat 1: radovan202 (big blind) collected ($5.70)
Seat 2: MAO_DZEDYN_S folded before Flop (didn't bet)
Seat 3: Twistenko folded before Flop (didn't bet)
Seat 4: Rysiff folded before Flop (didn't bet)
Seat 5: R.M.Farcas (button) folded before Flop (didn't bet)
Seat 6: Melenya (small blind) folded on the Flop



PokerStars Hand #254497934885:  Hold'em No Limit ($0.50/$1.00 USD) - 2025/01/22 12:58:02 WET [2025/01/22 7:58:02 ET]
Table 'Boliviana IV' 6-max Seat #6 is the button
Seat 1: radovan202 ($65.33 in chips) 
Seat 2: MAO_DZEDYN_S ($158.78 in chips) 
Seat 3: Twistenko ($137.69 in chips) 
Seat 4: Rysiff ($103.50 in chips) 
Seat 5: R.M.Farcas ($102.44 in chips) 
Seat 6: Melenya ($100 in chips) 
radovan202: posts small blind $0.50
MAO_DZEDYN_S: posts big blind $1
*** HOLE CARDS ***
Twistenko: folds 
Rysiff: raises $1.50 to $2.50
R.M.Farcas: folds 
Melenya: folds 
radovan202: raises $2.50 to $5
MAO_DZEDYN_S: folds 
Rysiff: raises $10 to $15
radovan202: calls $10
*** FLOP *** [As Th 7c]
radovan202: checks 
Rysiff: checks 
*** TURN *** [As Th 7c] [Ts]
radovan202: bets $8
Rysiff: calls $8
*** RIVER *** [As Th 7c Ts] [Jh]
radovan202: bets $33.49
Rysiff: calls $33.49
*** SHOW DOWN ***
radovan202: shows [Td Tc] (four of a kind, Tens)
Rysiff: mucks hand 
radovan202 collected $111.48 from pot
*** SUMMARY ***
Total pot $113.98 | Rake $2.50 
Board [As Th 7c Ts Jh]
Seat 1: radovan202 (small blind) showed [Td Tc] and won ($111.48) with four of a kind, Tens
Seat 2: MAO_DZEDYN_S (big blind) folded before Flop
Seat 3: Twistenko folded before Flop (didn't bet)
Seat 4: Rysiff mucked
Seat 5: R.M.Farcas folded before Flop (didn't bet)
Seat 6: Melenya (button) folded before Flop (didn't bet)



PokerStars Hand #254497942258:  Hold'em No Limit ($0.50/$1.00 USD) - 2025/01/22 12:59:03 WET [2025/01/22 7:59:03 ET]
Table 'Boliviana IV' 6-max Seat #1 is the button
Seat 1: radovan202 ($120.32 in chips) 
Seat 2: MAO_DZEDYN_S ($157.78 in chips) 
Seat 3: Twistenko ($137.69 in chips) 
Seat 4: Rysiff ($100 in chips) 
Seat 5: R.M.Farcas ($102.44 in chips) 
Seat 6: Melenya ($100 in chips) 
MAO_DZEDYN_S: posts small blind $0.50
Twistenko: posts big blind $1
*** HOLE CARDS ***
Rysiff: folds 
R.M.Farcas: folds 
Melenya: folds 
radovan202: raises $2 to $3
MAO_DZEDYN_S: folds 
Twistenko: raises $9 to $12
radovan202: folds 
Uncalled bet ($9) returned to Twistenko
Twistenko collected $6.50 from pot
Twistenko: doesn't show hand 
*** SUMMARY ***
Total pot $6.50 | Rake $0 
Seat 1: radovan202 (button) folded before Flop
Seat 2: MAO_DZEDYN_S (small blind) folded before Flop
Seat 3: Twistenko (big blind) collected ($6.50)
Seat 4: Rysiff folded before Flop (didn't bet)
Seat 5: R.M.Farcas folded before Flop (didn't bet)
Seat 6: Melenya folded before Flop (didn't bet)



PokerStars Hand #254497944876:  Hold'em No Limit ($0.50/$1.00 USD) - 2025/01/22 12:59:25 WET [2025/01/22 7:59:25 ET]
Table 'Boliviana IV' 6-max Seat #2 is the button
Seat 1: radovan202 ($117.32 in chips) 
Seat 2: MAO_DZEDYN_S ($157.28 in chips) 
Seat 3: Twistenko ($141.19 in chips) 
Seat 4: Rysiff ($100 in chips) 
Seat 5: R.M.Farcas ($102.44 in chips) 
Seat 6: Melenya ($100 in chips) 
Twistenko: posts small blind $0.50
Rysiff: posts big blind $1
*** HOLE CARDS ***
R.M.Farcas: folds 
Melenya: folds 
radovan202: folds 
MAO_DZEDYN_S: raises $1.50 to $2.50
Twistenko: folds 
Rysiff: folds 
Uncalled bet ($1.50) returned to MAO_DZEDYN_S
MAO_DZEDYN_S collected $2.50 from pot
MAO_DZEDYN_S: doesn't show hand 
*** SUMMARY ***
Total pot $2.50 | Rake $0 
Seat 1: radovan202 folded before Flop (didn't bet)
Seat 2: MAO_DZEDYN_S (button) collected ($2.50)
Seat 3: Twistenko (small blind) folded before Flop
Seat 4: Rysiff (big blind) folded before Flop
Seat 5: R.M.Farcas folded before Flop (didn't bet)
Seat 6: Melenya folded before Flop (didn't bet)



PokerStars Hand #254497947493:  Hold'em No Limit ($0.50/$1.00 USD) - 2025/01/22 12:59:46 WET [2025/01/22 7:59:46 ET]
Table 'Boliviana IV' 6-max Seat #3 is the button
Seat 1: radovan202 ($117.32 in chips) 
Seat 2: MAO_DZEDYN_S ($158.78 in chips) 
Seat 3: Twistenko ($140.69 in chips) 
Seat 4: Rysiff ($100 in chips) 
Seat 5: R.M.Farcas ($102.44 in chips) 
Seat 6: Melenya ($100 in chips) 
Rysiff: posts small blind $0.50
R.M.Farcas: posts big blind $1
*** HOLE CARDS ***
Melenya: folds 
radovan202: raises $1 to $2
MAO_DZEDYN_S: folds 
Twistenko: folds 
Rysiff: folds 
R.M.Farcas: folds 
Uncalled bet ($1) returned to radovan202
radovan202 collected $2.50 from pot
radovan202: doesn't show hand 
*** SUMMARY ***
Total pot $2.50 | Rake $0 
Seat 1: radovan202 collected ($2.50)
Seat 2: MAO_DZEDYN_S folded before Flop (didn't bet)
Seat 3: Twistenko (button) folded before Flop (didn't bet)
Seat 4: Rysiff (small blind) folded before Flop
Seat 5: R.M.Farcas (big blind) folded before Flop
Seat 6: Melenya folded before Flop (didn't bet)



PokerStars Hand #254497948935:  Hold'em No Limit ($0.50/$1.00 USD) - 2025/01/22 12:59:58 WET [2025/01/22 7:59:58 ET]
Table 'Boliviana IV' 6-max Seat #4 is the button
Seat 1: radovan202 ($118.82 in chips) 
Seat 2: MAO_DZEDYN_S ($158.78 in chips) 
Seat 3: Twistenko ($140.69 in chips) 
Seat 4: Rysiff ($100 in chips) 
Seat 5: R.M.Farcas ($101.44 in chips) 
Seat 6: Melenya ($100 in chips) 
R.M.Farcas: posts small blind $0.50
Melenya: posts big blind $1
*** HOLE CARDS ***
radovan202: raises $1 to $2
MAO_DZEDYN_S: raises $4 to $6
Twistenko: folds 
Rysiff: folds 
R.M.Farcas: calls $5.50
Melenya: folds 
radovan202: calls $4
*** FLOP *** [Ks 5s As]
R.M.Farcas: checks 
radovan202: bets $24.05
MAO_DZEDYN_S: folds 
R.M.Farcas: folds 
Uncalled bet ($24.05) returned to radovan202
radovan202 collected $18.05 from pot
radovan202: doesn't show hand 
*** SUMMARY ***
Total pot $19 | Rake $0.95 
Board [Ks 5s As]
Seat 1: radovan202 collected ($18.05)
Seat 2: MAO_DZEDYN_S folded on the Flop
Seat 3: Twistenko folded before Flop (didn't bet)
Seat 4: Rysiff (button) folded before Flop (didn't bet)
Seat 5: R.M.Farcas (small blind) folded on the Flop
Seat 6: Melenya (big blind) folded before Flop



PokerStars Hand #254497953495:  Hold'em No Limit ($0.50/$1.00 USD) - 2025/01/22 13:00:35 WET [2025/01/22 8:00:35 ET]
Table 'Boliviana IV' 6-max Seat #5 is the button
Seat 1: radovan202 ($130.87 in chips) 
Seat 2: MAO_DZEDYN_S ($152.78 in chips) 
Seat 3: Twistenko ($140.69 in chips) 
Seat 4: Rysiff ($100 in chips) 
Seat 5: R.M.Farcas ($95.44 in chips) 
Seat 6: Melenya ($100 in chips) 
Melenya: posts small blind $0.50
radovan202: posts big blind $1
*** HOLE CARDS ***
MAO_DZEDYN_S: folds 
Twistenko: raises $1.30 to $2.30
Rysiff: folds 
R.M.Farcas: folds 
Melenya: raises $9.70 to $12
radovan202: folds 
Twistenko: folds 
Uncalled bet ($9.70) returned to Melenya
Melenya collected $5.60 from pot
Melenya: doesn't show hand 
*** SUMMARY ***
Total pot $5.60 | Rake $0 
Seat 1: radovan202 (big blind) folded before Flop
Seat 2: MAO_DZEDYN_S folded before Flop (didn't bet)
Seat 3: Twistenko folded before Flop
Seat 4: Rysiff folded before Flop (didn't bet)
Seat 5: R.M.Farcas (button) folded before Flop (didn't bet)
Seat 6: Melenya (small blind) collected ($5.60)



PokerStars Hand #254497957378:  Hold'em No Limit ($0.50/$1.00 USD) - 2025/01/22 13:01:04 WET [2025/01/22 8:01:04 ET]
Table 'Boliviana IV' 6-max Seat #6 is the button
Seat 1: radovan202 ($129.87 in chips) 
Seat 2: MAO_DZEDYN_S ($152.78 in chips) 
Seat 3: Twistenko ($138.39 in chips) 
Seat 4: Rysiff ($100 in chips) 
Seat 5: R.M.Farcas ($95.44 in chips) 
Seat 6: Melenya ($103.30 in chips) 
radovan202: posts small blind $0.50
MAO_DZEDYN_S: posts big blind $1
*** HOLE CARDS ***
Twistenko: folds 
Rysiff: raises $1.50 to $2.50
R.M.Farcas: folds 
Melenya: folds 
radovan202: folds 
MAO_DZEDYN_S: calls $1.50
*** FLOP *** [Tc 6d 4s]
MAO_DZEDYN_S: checks 
Rysiff: checks 
*** TURN *** [Tc 6d 4s] [6c]
MAO_DZEDYN_S: bets $1.57
Rysiff: raises $6.69 to $8.26
MAO_DZEDYN_S: calls $6.69
*** RIVER *** [Tc 6d 4s 6c] [7c]
MAO_DZEDYN_S: checks 
Rysiff: bets $16.74
MAO_DZEDYN_S: folds 
Uncalled bet ($16.74) returned to Rysiff
Rysiff collected $20.92 from pot
Rysiff: doesn't show hand 
*** SUMMARY ***
Total pot $22.02 | Rake $1.10 
Board [Tc 6d 4s 6c 7c]
Seat 1: radovan202 (small blind) folded before Flop
Seat 2: MAO_DZEDYN_S (big blind) folded on the River
Seat 3: Twistenko folded before Flop (didn't bet)
Seat 4: Rysiff collected ($20.92)
Seat 5: R.M.Farcas folded before Flop (didn't bet)
Seat 6: Melenya (button) folded before Flop (didn't bet)



PokerStars Hand #254497975606:  Hold'em No Limit ($0.50/$1.00 USD) - 2025/01/22 13:03:05 WET [2025/01/22 8:03:05 ET]
Table 'Boliviana IV' 6-max Seat #1 is the button
Seat 1: radovan202 ($129.37 in chips) 
Seat 2: MAO_DZEDYN_S ($142.02 in chips) 
Seat 3: Twistenko ($138.39 in chips) 
Seat 4: Rysiff ($110.16 in chips) 
Seat 5: R.M.Farcas ($95.44 in chips) 
Seat 6: Melenya ($103.30 in chips) 
MAO_DZEDYN_S: posts small blind $0.50
Twistenko: posts big blind $1
*** HOLE CARDS ***
Rysiff: folds 
R.M.Farcas: folds 
Melenya: raises $1.30 to $2.30
radovan202: folds 
MAO_DZEDYN_S: folds 
Twistenko: folds 
Uncalled bet ($1.30) returned to Melenya
Melenya collected $2.50 from pot
Melenya: doesn't show hand 
*** SUMMARY ***
Total pot $2.50 | Rake $0 
Seat 1: radovan202 (button) folded before Flop (didn't bet)
Seat 2: MAO_DZEDYN_S (small blind) folded before Flop
Seat 3: Twistenko (big blind) folded before Flop
Seat 4: Rysiff folded before Flop (didn't bet)
Seat 5: R.M.Farcas folded before Flop (didn't bet)
Seat 6: Melenya collected ($2.50)



PokerStars Hand #254497978487:  Hold'em No Limit ($0.50/$1.00 USD) - 2025/01/22 13:03:24 WET [2025/01/22 8:03:24 ET]
Table 'Boliviana IV' 6-max Seat #2 is the button
Seat 1: radovan202 ($129.37 in chips) 
Seat 2: MAO_DZEDYN_S ($141.52 in chips) 
Seat 3: Twistenko ($137.39 in chips) 
Seat 4: Rysiff ($110.16 in chips) 
Seat 5: R.M.Farcas ($95.44 in chips) 
Seat 6: Melenya ($104.80 in chips) 
Twistenko: posts small blind $0.50
Rysiff: posts big blind $1
*** HOLE CARDS ***
R.M.Farcas: folds 
Melenya: folds 
radovan202: folds 
MAO_DZEDYN_S: folds 
Twistenko: folds 
Uncalled bet ($0.50) returned to Rysiff
Rysiff collected $1 from pot
Rysiff: doesn't show hand 
*** SUMMARY ***
Total pot $1 | Rake $0 
Seat 1: radovan202 folded before Flop (didn't bet)
Seat 2: MAO_DZEDYN_S (button) folded before Flop (didn't bet)
Seat 3: Twistenko (small blind) folded before Flop
Seat 4: Rysiff (big blind) collected ($1)
Seat 5: R.M.Farcas folded before Flop (didn't bet)
Seat 6: Melenya folded before Flop (didn't bet)



PokerStars Hand #254497980904:  Hold'em No Limit ($0.50/$1.00 USD) - 2025/01/22 13:03:39 WET [2025/01/22 8:03:39 ET]
Table 'Boliviana IV' 6-max Seat #3 is the button
Seat 1: radovan202 ($129.37 in chips) 
Seat 2: MAO_DZEDYN_S ($141.52 in chips) 
Seat 3: Twistenko ($136.89 in chips) 
Seat 4: Rysiff ($110.66 in chips) 
Seat 5: R.M.Farcas ($95.44 in chips) 
Seat 6: Melenya ($104.80 in chips) 
Rysiff: posts small blind $0.50
R.M.Farcas: posts big blind $1
*** HOLE CARDS ***
Melenya: folds 
radovan202: folds 
MAO_DZEDYN_S: raises $1.25 to $2.25
Twistenko: folds 
Rysiff: folds 
R.M.Farcas: folds 
Uncalled bet ($1.25) returned to MAO_DZEDYN_S
MAO_DZEDYN_S collected $2.50 from pot
MAO_DZEDYN_S: doesn't show hand 
*** SUMMARY ***
Total pot $2.50 | Rake $0 
Seat 1: radovan202 folded before Flop (didn't bet)
Seat 2: MAO_DZEDYN_S collected ($2.50)
Seat 3: Twistenko (button) folded before Flop (didn't bet)
Seat 4: Rysiff (small blind) folded before Flop
Seat 5: R.M.Farcas (big blind) folded before Flop
Seat 6: Melenya folded before Flop (didn't bet)



PokerStars Hand #254497984173:  Hold'em No Limit ($0.50/$1.00 USD) - 2025/01/22 13:04:00 WET [2025/01/22 8:04:00 ET]
Table 'Boliviana IV' 6-max Seat #4 is the button
Seat 1: radovan202 ($129.37 in chips) 
Seat 2: MAO_DZEDYN_S ($143.02 in chips) 
Seat 3: Twistenko ($136.89 in chips) 
Seat 4: Rysiff ($110.16 in chips) 
Seat 5: R.M.Farcas ($94.44 in chips) 
Seat 6: Melenya ($104.80 in chips) 
R.M.Farcas: posts small blind $0.50
Melenya: posts big blind $1
*** HOLE CARDS ***
radovan202: raises $1 to $2
MAO_DZEDYN_S: folds 
Twistenko: folds 
Rysiff: folds 
R.M.Farcas: calls $1.50
Melenya: folds 
*** FLOP *** [Ks 3s Js]
R.M.Farcas: checks 
radovan202: bets $2.38
R.M.Farcas: calls $2.38
*** TURN *** [Ks 3s Js] [7s]
R.M.Farcas: checks 
radovan202: bets $3.06
R.M.Farcas: calls $3.06
*** RIVER *** [Ks 3s Js 7s] [3c]
R.M.Farcas: checks 
radovan202: checks 
*** SHOW DOWN ***
R.M.Farcas: shows [Jd Ah] (two pair, Jacks and Threes)
radovan202: shows [Ts 8d] (a flush, King high)
radovan202 collected $15.09 from pot
*** SUMMARY ***
Total pot $15.88 | Rake $0.79 
Board [Ks 3s Js 7s 3c]
Seat 1: radovan202 showed [Ts 8d] and won ($15.09) with a flush, King high
Seat 2: MAO_DZEDYN_S folded before Flop (didn't bet)
Seat 3: Twistenko folded before Flop (didn't bet)
Seat 4: Rysiff (button) folded before Flop (didn't bet)
Seat 5: R.M.Farcas (small blind) showed [Jd Ah] and lost with two pair, Jacks and Threes
Seat 6: Melenya (big blind) folded before Flop



PokerStars Hand #254497989010:  Hold'em No Limit ($0.50/$1.00 USD) - 2025/01/22 13:04:31 WET [2025/01/22 8:04:31 ET]
Table 'Boliviana IV' 6-max Seat #5 is the button
Seat 1: radovan202 ($137.02 in chips) 
Seat 2: MAO_DZEDYN_S ($143.02 in chips) 
Seat 3: Twistenko ($136.89 in chips) 
Seat 4: Rysiff ($110.16 in chips) 
Seat 5: R.M.Farcas ($87 in chips) 
Seat 6: Melenya ($103.80 in chips) 
Melenya: posts small blind $0.50
radovan202: posts big blind $1
*** HOLE CARDS ***
MAO_DZEDYN_S: folds 
Twistenko: folds 
Rysiff: folds 
R.M.Farcas: folds 
Melenya: calls $0.50
radovan202: checks 
*** FLOP *** [Qs 8h Ts]
Melenya: bets $2
radovan202: folds 
Uncalled bet ($2) returned to Melenya
Melenya collected $1.90 from pot
Melenya: doesn't show hand 
*** SUMMARY ***
Total pot $2 | Rake $0.10 
Board [Qs 8h Ts]
Seat 1: radovan202 (big blind) folded on the Flop
Seat 2: MAO_DZEDYN_S folded before Flop (didn't bet)
Seat 3: Twistenko folded before Flop (didn't bet)
Seat 4: Rysiff folded before Flop (didn't bet)
Seat 5: R.M.Farcas (button) folded before Flop (didn't bet)
Seat 6: Melenya (small blind) collected ($1.90)



PokerStars Hand #254497992832:  Hold'em No Limit ($0.50/$1.00 USD) - 2025/01/22 13:04:56 WET [2025/01/22 8:04:56 ET]
Table 'Boliviana IV' 6-max Seat #6 is the button
Seat 1: radovan202 ($136.02 in chips) 
Seat 2: MAO_DZEDYN_S ($143.02 in chips) 
Seat 3: Twistenko ($136.89 in chips) 
Seat 4: Rysiff ($110.16 in chips) 
Seat 5: R.M.Farcas ($87 in chips) 
Seat 6: Melenya ($104.70 in chips) 
radovan202: posts small blind $0.50
MAO_DZEDYN_S: posts big blind $1
*** HOLE CARDS ***
Twistenko: folds 
Rysiff: folds 
R.M.Farcas: raises $1.50 to $2.50
Melenya: folds 
radovan202: calls $2
MAO_DZEDYN_S: folds 
*** FLOP *** [Ks 8s 2h]
radovan202: bets $2.85
R.M.Farcas: calls $2.85
*** TURN *** [Ks 8s 2h] [2c]
radovan202: checks 
R.M.Farcas: bets $8.34
radovan202: folds 
Uncalled bet ($8.34) returned to R.M.Farcas
R.M.Farcas collected $11.12 from pot
R.M.Farcas: doesn't show hand 
*** SUMMARY ***
Total pot $11.70 | Rake $0.58 
Board [Ks 8s 2h 2c]
Seat 1: radovan202 (small blind) folded on the Turn
Seat 2: MAO_DZEDYN_S (big blind) folded before Flop
Seat 3: Twistenko folded before Flop (didn't bet)
Seat 4: Rysiff folded before Flop (didn't bet)
Seat 5: R.M.Farcas collected ($11.12)
Seat 6: Melenya (button) folded before Flop (didn't bet)



PokerStars Hand #254497997763:  Hold'em No Limit ($0.50/$1.00 USD) - 2025/01/22 13:05:27 WET [2025/01/22 8:05:27 ET]
Table 'Boliviana IV' 6-max Seat #1 is the button
Seat 1: radovan202 ($130.67 in chips) 
Seat 2: MAO_DZEDYN_S ($142.02 in chips) 
Seat 3: Twistenko ($136.89 in chips) 
Seat 4: Rysiff ($110.16 in chips) 
Seat 5: R.M.Farcas ($92.77 in chips) 
Seat 6: Melenya ($104.70 in chips) 
MAO_DZEDYN_S: posts small blind $0.50
Twistenko: posts big blind $1
*** HOLE CARDS ***
Rysiff: folds 
R.M.Farcas: folds 
Melenya: folds 
radovan202: raises $2 to $3
MAO_DZEDYN_S: folds 
Twistenko: calls $2
*** FLOP *** [Kh 8c 7h]
Twistenko: checks 
radovan202: checks 
*** TURN *** [Kh 8c 7h] [Td]
Twistenko: checks 
radovan202: bets $3.09
Twistenko: folds 
Uncalled bet ($3.09) returned to radovan202
radovan202 collected $6.18 from pot
radovan202: doesn't show hand 
*** SUMMARY ***
Total pot $6.50 | Rake $0.32 
Board [Kh 8c 7h Td]
Seat 1: radovan202 (button) collected ($6.18)
Seat 2: MAO_DZEDYN_S (small blind) folded before Flop
Seat 3: Twistenko (big blind) folded on the Turn
Seat 4: Rysiff folded before Flop (didn't bet)
Seat 5: R.M.Farcas folded before Flop (didn't bet)
Seat 6: Melenya folded before Flop (didn't bet)



PokerStars Hand #254498002264:  Hold'em No Limit ($0.50/$1.00 USD) - 2025/01/22 13:05:56 WET [2025/01/22 8:05:56 ET]
Table 'Boliviana IV' 6-max Seat #2 is the button
Seat 1: radovan202 ($133.85 in chips) 
Seat 2: MAO_DZEDYN_S ($141.52 in chips) 
Seat 3: Twistenko ($133.89 in chips) 
Seat 4: Rysiff ($110.16 in chips) 
Seat 5: R.M.Farcas ($92.77 in chips) 
Seat 6: Melenya ($104.70 in chips) 
Twistenko: posts small blind $0.50
Rysiff: posts big blind $1
*** HOLE CARDS ***
R.M.Farcas: folds 
Melenya: folds 
radovan202: folds 
MAO_DZEDYN_S: folds 
Twistenko: folds 
Uncalled bet ($0.50) returned to Rysiff
Rysiff collected $1 from pot
Rysiff: doesn't show hand 
*** SUMMARY ***
Total pot $1 | Rake $0 
Seat 1: radovan202 folded before Flop (didn't bet)
Seat 2: MAO_DZEDYN_S (button) folded before Flop (didn't bet)
Seat 3: Twistenko (small blind) folded before Flop
Seat 4: Rysiff (big blind) collected ($1)
Seat 5: R.M.Farcas folded before Flop (didn't bet)
Seat 6: Melenya folded before Flop (didn't bet)



PokerStars Hand #254498003648:  Hold'em No Limit ($0.50/$1.00 USD) - 2025/01/22 13:06:05 WET [2025/01/22 8:06:05 ET]
Table 'Boliviana IV' 6-max Seat #3 is the button
Seat 1: radovan202 ($133.85 in chips) 
Seat 2: MAO_DZEDYN_S ($141.52 in chips) 
Seat 3: Twistenko ($133.39 in chips) 
Seat 4: Rysiff ($110.66 in chips) 
Seat 5: R.M.Farcas ($92.77 in chips) 
Seat 6: Melenya ($104.70 in chips) 
Rysiff: posts small blind $0.50
R.M.Farcas: posts big blind $1
*** HOLE CARDS ***
Melenya: raises $1 to $2
radovan202: folds 
MAO_DZEDYN_S: folds 
Twistenko: folds 
Rysiff: folds 
R.M.Farcas: folds 
Uncalled bet ($1) returned to Melenya
Melenya collected $2.50 from pot
Melenya: doesn't show hand 
*** SUMMARY ***
Total pot $2.50 | Rake $0 
Seat 1: radovan202 folded before Flop (didn't bet)
Seat 2: MAO_DZEDYN_S folded before Flop (didn't bet)
Seat 3: Twistenko (button) folded before Flop (didn't bet)
Seat 4: Rysiff (small blind) folded before Flop
Seat 5: R.M.Farcas (big blind) folded before Flop
Seat 6: Melenya collected ($2.50)



PokerStars Hand #254498005368:  Hold'em No Limit ($0.50/$1.00 USD) - 2025/01/22 13:06:16 WET [2025/01/22 8:06:16 ET]
Table 'Boliviana IV' 6-max Seat #4 is the button
Seat 1: radovan202 ($133.85 in chips) 
Seat 2: MAO_DZEDYN_S ($141.52 in chips) 
Seat 3: Twistenko ($133.39 in chips) 
Seat 4: Rysiff ($110.16 in chips) 
Seat 5: R.M.Farcas ($91.77 in chips) 
Seat 6: Melenya ($106.20 in chips) 
R.M.Farcas: posts small blind $0.50
Melenya: posts big blind $1
*** HOLE CARDS ***
radovan202: folds 
MAO_DZEDYN_S: folds 
Twistenko: folds 
Rysiff: folds 
R.M.Farcas: raises $2 to $3
Melenya: folds 
Uncalled bet ($2) returned to R.M.Farcas
R.M.Farcas collected $2 from pot
R.M.Farcas: doesn't show hand 
*** SUMMARY ***
Total pot $2 | Rake $0 
Seat 1: radovan202 folded before Flop (didn't bet)
Seat 2: MAO_DZEDYN_S folded before Flop (didn't bet)
Seat 3: Twistenko folded before Flop (didn't bet)
Seat 4: Rysiff (button) folded before Flop (didn't bet)
Seat 5: R.M.Farcas (small blind) collected ($2)
Seat 6: Melenya (big blind) folded before Flop



PokerStars Hand #254498008606:  Hold'em No Limit ($0.50/$1.00 USD) - 2025/01/22 13:06:37 WET [2025/01/22 8:06:37 ET]
Table 'Boliviana IV' 6-max Seat #5 is the button
Seat 1: radovan202 ($133.85 in chips) 
Seat 2: MAO_DZEDYN_S ($141.52 in chips) 
Seat 3: Twistenko ($133.39 in chips) 
Seat 4: Rysiff ($110.16 in chips) 
Seat 5: R.M.Farcas ($92.77 in chips) 
Seat 6: Melenya ($105.20 in chips) 
Melenya: posts small blind $0.50
radovan202: posts big blind $1
*** HOLE CARDS ***
MAO_DZEDYN_S: folds 
Twistenko: folds 
Rysiff: folds 
R.M.Farcas: raises $1.50 to $2.50
Melenya: folds 
radovan202: calls $1.50
*** FLOP *** [9d 8c Ks]
radovan202: checks 
R.M.Farcas: bets $2.61
radovan202: folds 
Uncalled bet ($2.61) returned to R.M.Farcas
R.M.Farcas collected $5.22 from pot
R.M.Farcas: doesn't show hand 
*** SUMMARY ***
Total pot $5.50 | Rake $0.28 
Board [9d 8c Ks]
Seat 1: radovan202 (big blind) folded on the Flop
Seat 2: MAO_DZEDYN_S folded before Flop (didn't bet)
Seat 3: Twistenko folded before Flop (didn't bet)
Seat 4: Rysiff folded before Flop (didn't bet)
Seat 5: R.M.Farcas (button) collected ($5.22)
Seat 6: Melenya (small blind) folded before Flop



PokerStars Hand #254498012745:  Hold'em No Limit ($0.50/$1.00 USD) - 2025/01/22 13:07:03 WET [2025/01/22 8:07:03 ET]
Table 'Boliviana IV' 6-max Seat #6 is the button
Seat 1: radovan202 ($131.35 in chips) 
Seat 2: MAO_DZEDYN_S ($141.52 in chips) 
Seat 3: Twistenko ($133.39 in chips) 
Seat 4: Rysiff ($110.16 in chips) 
Seat 5: R.M.Farcas ($95.49 in chips) 
Seat 6: Melenya ($104.70 in chips) 
radovan202: posts small blind $0.50
MAO_DZEDYN_S: posts big blind $1
*** HOLE CARDS ***
Twistenko: folds 
Rysiff: raises $1.50 to $2.50
R.M.Farcas: folds 
Melenya: folds 
radovan202: folds 
MAO_DZEDYN_S: folds 
Uncalled bet ($1.50) returned to Rysiff
Rysiff collected $2.50 from pot
Rysiff: doesn't show hand 
*** SUMMARY ***
Total pot $2.50 | Rake $0 
Seat 1: radovan202 (small blind) folded before Flop
Seat 2: MAO_DZEDYN_S (big blind) folded before Flop
Seat 3: Twistenko folded before Flop (didn't bet)
Seat 4: Rysiff collected ($2.50)
Seat 5: R.M.Farcas folded before Flop (didn't bet)
Seat 6: Melenya (button) folded before Flop (didn't bet)



PokerStars Hand #254498015970:  Hold'em No Limit ($0.50/$1.00 USD) - 2025/01/22 13:07:24 WET [2025/01/22 8:07:24 ET]
Table 'Boliviana IV' 6-max Seat #1 is the button
Seat 1: radovan202 ($130.85 in chips) 
Seat 2: MAO_DZEDYN_S ($140.52 in chips) 
Seat 3: Twistenko ($133.39 in chips) 
Seat 4: Rysiff ($111.66 in chips) 
Seat 5: R.M.Farcas ($95.49 in chips) 
Seat 6: Melenya ($104.70 in chips) 
MAO_DZEDYN_S: posts small blind $0.50
Twistenko: posts big blind $1
*** HOLE CARDS ***
Rysiff: folds 
R.M.Farcas: folds 
Melenya: folds 
radovan202: raises $2 to $3
MAO_DZEDYN_S: folds 
Twistenko: folds 
Uncalled bet ($2) returned to radovan202
radovan202 collected $2.50 from pot
radovan202: doesn't show hand 
*** SUMMARY ***
Total pot $2.50 | Rake $0 
Seat 1: radovan202 (button) collected ($2.50)
Seat 2: MAO_DZEDYN_S (small blind) folded before Flop
Seat 3: Twistenko (big blind) folded before Flop
Seat 4: Rysiff folded before Flop (didn't bet)
Seat 5: R.M.Farcas folded before Flop (didn't bet)
Seat 6: Melenya folded before Flop (didn't bet)



PokerStars Hand #254498017782:  Hold'em No Limit ($0.50/$1.00 USD) - 2025/01/22 13:07:36 WET [2025/01/22 8:07:36 ET]
Table 'Boliviana IV' 6-max Seat #2 is the button
Seat 1: radovan202 ($132.35 in chips) 
Seat 2: MAO_DZEDYN_S ($140.02 in chips) 
Seat 3: Twistenko ($132.39 in chips) 
Seat 4: Rysiff ($111.66 in chips) 
Seat 5: R.M.Farcas ($95.49 in chips) 
Seat 6: Melenya ($104.70 in chips) 
Twistenko: posts small blind $0.50
Rysiff: posts big blind $1
*** HOLE CARDS ***
R.M.Farcas: folds 
Melenya: folds 
radovan202: raises $1.50 to $2.50
MAO_DZEDYN_S: folds 
Twistenko: folds 
Rysiff: folds 
Uncalled bet ($1.50) returned to radovan202
radovan202 collected $2.50 from pot
radovan202: doesn't show hand 
*** SUMMARY ***
Total pot $2.50 | Rake $0 
Seat 1: radovan202 collected ($2.50)
Seat 2: MAO_DZEDYN_S (button) folded before Flop (didn't bet)
Seat 3: Twistenko (small blind) folded before Flop
Seat 4: Rysiff (big blind) folded before Flop
Seat 5: R.M.Farcas folded before Flop (didn't bet)
Seat 6: Melenya folded before Flop (didn't bet)



PokerStars Hand #254498019968:  Hold'em No Limit ($0.50/$1.00 USD) - 2025/01/22 13:07:50 WET [2025/01/22 8:07:50 ET]
Table 'Boliviana IV' 6-max Seat #3 is the button
Seat 1: radovan202 ($133.85 in chips) 
Seat 2: MAO_DZEDYN_S ($140.02 in chips) 
Seat 3: Twistenko ($131.89 in chips) 
Seat 4: Rysiff ($110.66 in chips) 
Seat 5: R.M.Farcas ($95.49 in chips) 
Seat 6: Melenya ($104.70 in chips) 
Rysiff: posts small blind $0.50
R.M.Farcas: posts big blind $1
*** HOLE CARDS ***
Melenya: folds 
radovan202: folds 
MAO_DZEDYN_S: raises $1.25 to $2.25
Twistenko: raises $5.25 to $7.50
Rysiff: folds 
R.M.Farcas: folds 
MAO_DZEDYN_S: folds 
Uncalled bet ($5.25) returned to Twistenko
Twistenko collected $6 from pot
Twistenko: doesn't show hand 
*** SUMMARY ***
Total pot $6 | Rake $0 
Seat 1: radovan202 folded before Flop (didn't bet)
Seat 2: MAO_DZEDYN_S folded before Flop
Seat 3: Twistenko (button) collected ($6)
Seat 4: Rysiff (small blind) folded before Flop
Seat 5: R.M.Farcas (big blind) folded before Flop
Seat 6: Melenya folded before Flop (didn't bet)



PokerStars Hand #254498024066:  Hold'em No Limit ($0.50/$1.00 USD) - 2025/01/22 13:08:16 WET [2025/01/22 8:08:16 ET]
Table 'Boliviana IV' 6-max Seat #4 is the button
Seat 6: Melenya ($104.70 in chips) is sitting out
Seat 1: radovan202 ($133.85 in chips) 
Seat 2: MAO_DZEDYN_S ($137.77 in chips) 
Seat 3: Twistenko ($135.64 in chips) 
Seat 4: Rysiff ($110.16 in chips) 
Seat 5: R.M.Farcas ($94.49 in chips) 
R.M.Farcas: posts small blind $0.50
Melenya: is sitting out 
radovan202: posts big blind $1
*** HOLE CARDS ***
MAO_DZEDYN_S: folds 
Twistenko: folds 
Melenya leaves the table
Rysiff: folds 
R.M.Farcas: raises $2 to $3
radovan202: calls $2
*** FLOP *** [Qs Kh 7s]
R.M.Farcas: checks 
radovan202: bets $1.88
R.M.Farcas: calls $1.88
*** TURN *** [Qs Kh 7s] [Jh]
R.M.Farcas: checks 
radovan202: checks 
*** RIVER *** [Qs Kh 7s Jh] [4h]
R.M.Farcas: checks 
radovan202: checks 
*** SHOW DOWN ***
R.M.Farcas: shows [2d 2c] (a pair of Deuces)
radovan202: shows [8s 8c] (a pair of Eights)
radovan202 collected $9.27 from pot
*** SUMMARY ***
Total pot $9.76 | Rake $0.49 
Board [Qs Kh 7s Jh 4h]
Seat 6: Melenya
Seat 1: radovan202 (big blind) showed [8s 8c] and won ($9.27) with a pair of Eights
Seat 2: MAO_DZEDYN_S folded before Flop (didn't bet)
Seat 3: Twistenko folded before Flop (didn't bet)
Seat 4: Rysiff (button) folded before Flop (didn't bet)
Seat 5: R.M.Farcas (small blind) showed [2d 2c] and lost with a pair of Deuces



PokerStars Hand #254498028313:  Hold'em No Limit ($0.50/$1.00 USD) - 2025/01/22 13:08:43 WET [2025/01/22 8:08:43 ET]
Table 'Boliviana IV' 6-max Seat #5 is the button
Seat 1: radovan202 ($138.24 in chips) 
Seat 2: MAO_DZEDYN_S ($137.77 in chips) 
Seat 3: Twistenko ($135.64 in chips) 
Seat 4: Rysiff ($110.16 in chips) 
Seat 5: R.M.Farcas ($89.61 in chips) 
radovan202: posts small blind $0.50
MAO_DZEDYN_S: posts big blind $1
*** HOLE CARDS ***
Evelexy1 joins the table at seat #6 
Twistenko: folds 
Rysiff: folds 
R.M.Farcas: folds 
radovan202: raises $1.50 to $2.50
MAO_DZEDYN_S: raises $6 to $8.50
radovan202: folds 
Uncalled bet ($6) returned to MAO_DZEDYN_S
MAO_DZEDYN_S collected $5 from pot
MAO_DZEDYN_S: doesn't show hand 
*** SUMMARY ***
Total pot $5 | Rake $0 
Seat 1: radovan202 (small blind) folded before Flop
Seat 2: MAO_DZEDYN_S (big blind) collected ($5)
Seat 3: Twistenko folded before Flop (didn't bet)
Seat 4: Rysiff folded before Flop (didn't bet)
Seat 5: R.M.Farcas (button) folded before Flop (didn't bet)



PokerStars Hand #254498034548:  Hold'em No Limit ($0.50/$1.00 USD) - 2025/01/22 13:09:24 WET [2025/01/22 8:09:24 ET]
Table 'Boliviana IV' 6-max Seat #1 is the button
Seat 6: Evelexy1 ($209.43 in chips) is sitting out
Seat 1: radovan202 ($135.74 in chips) 
Seat 2: MAO_DZEDYN_S ($140.27 in chips) 
Seat 3: Twistenko ($135.64 in chips) 
Seat 4: Rysiff ($110.16 in chips) 
Seat 5: R.M.Farcas ($89.61 in chips) 
MAO_DZEDYN_S: posts small blind $0.50
Twistenko: posts big blind $1
Evelexy1: sits out 
*** HOLE CARDS ***
Rysiff: folds 
R.M.Farcas: folds 
radovan202: folds 
MAO_DZEDYN_S: folds 
Uncalled bet ($0.50) returned to Twistenko
Twistenko collected $1 from pot
Twistenko: doesn't show hand 
*** SUMMARY ***
Total pot $1 | Rake $0 
Seat 6: Evelexy1
Seat 1: radovan202 (button) folded before Flop (didn't bet)
Seat 2: MAO_DZEDYN_S (small blind) folded before Flop
Seat 3: Twistenko (big blind) collected ($1)
Seat 4: Rysiff folded before Flop (didn't bet)
Seat 5: R.M.Farcas folded before Flop (didn't bet)



PokerStars Hand #254498035813:  Hold'em No Limit ($0.50/$1.00 USD) - 2025/01/22 13:09:32 WET [2025/01/22 8:09:32 ET]
Table 'Boliviana IV' 6-max Seat #2 is the button
Seat 6: Evelexy1 ($209.43 in chips) is sitting out
Seat 1: radovan202 ($135.74 in chips) 
Seat 2: MAO_DZEDYN_S ($139.77 in chips) 
Seat 3: Twistenko ($136.14 in chips) 
Seat 4: Rysiff ($110.16 in chips) 
Seat 5: R.M.Farcas ($89.61 in chips) 
Twistenko: posts small blind $0.50
Rysiff: posts big blind $1
Evelexy1: sits out 
*** HOLE CARDS ***
R.M.Farcas: folds 
radovan202: raises $1.50 to $2.50
MAO_DZEDYN_S: folds 
Twistenko: folds 
Rysiff: folds 
Uncalled bet ($1.50) returned to radovan202
radovan202 collected $2.50 from pot
radovan202: doesn't show hand 
*** SUMMARY ***
Total pot $2.50 | Rake $0 
Seat 6: Evelexy1
Seat 1: radovan202 collected ($2.50)
Seat 2: MAO_DZEDYN_S (button) folded before Flop (didn't bet)
Seat 3: Twistenko (small blind) folded before Flop
Seat 4: Rysiff (big blind) folded before Flop
Seat 5: R.M.Farcas folded before Flop (didn't bet)



PokerStars Hand #254498037814:  Hold'em No Limit ($0.50/$1.00 USD) - 2025/01/22 13:09:45 WET [2025/01/22 8:09:45 ET]
Table 'Boliviana IV' 6-max Seat #3 is the button
Seat 6: Evelexy1 ($209.43 in chips) is sitting out
Seat 1: radovan202 ($137.24 in chips) 
Seat 2: MAO_DZEDYN_S ($139.77 in chips) 
Seat 3: Twistenko ($135.64 in chips) 
Seat 4: Rysiff ($109.16 in chips) 
Seat 5: R.M.Farcas ($89.61 in chips) 
Rysiff: posts small blind $0.50
R.M.Farcas: posts big blind $1
Evelexy1: sits out 
*** HOLE CARDS ***
radovan202: folds 
MAO_DZEDYN_S: folds 
Twistenko: folds 
Rysiff: folds 
Uncalled bet ($0.50) returned to R.M.Farcas
R.M.Farcas collected $1 from pot
R.M.Farcas: doesn't show hand 
*** SUMMARY ***
Total pot $1 | Rake $0 
Seat 6: Evelexy1
Seat 1: radovan202 folded before Flop (didn't bet)
Seat 2: MAO_DZEDYN_S folded before Flop (didn't bet)
Seat 3: Twistenko (button) folded before Flop (didn't bet)
Seat 4: Rysiff (small blind) folded before Flop
Seat 5: R.M.Farcas (big blind) collected ($1)



PokerStars Hand #254498039100:  Hold'em No Limit ($0.50/$1.00 USD) - 2025/01/22 13:09:53 WET [2025/01/22 8:09:53 ET]
Table 'Boliviana IV' 6-max Seat #4 is the button
Seat 1: radovan202 ($137.24 in chips) 
Seat 2: MAO_DZEDYN_S ($139.77 in chips) 
Seat 3: Twistenko ($135.64 in chips) 
Seat 4: Rysiff ($108.66 in chips) 
Seat 5: R.M.Farcas ($90.11 in chips) 
Seat 6: Evelexy1 ($209.43 in chips) 
R.M.Farcas: posts small blind $0.50
Evelexy1: posts big blind $1
*** HOLE CARDS ***
radovan202: folds 
MAO_DZEDYN_S: raises $1.25 to $2.25
Twistenko: folds 
Rysiff: folds 
R.M.Farcas: folds 
Evelexy1: folds 
Uncalled bet ($1.25) returned to MAO_DZEDYN_S
MAO_DZEDYN_S collected $2.50 from pot
MAO_DZEDYN_S: doesn't show hand 
*** SUMMARY ***
Total pot $2.50 | Rake $0 
Seat 1: radovan202 folded before Flop (didn't bet)
Seat 2: MAO_DZEDYN_S collected ($2.50)
Seat 3: Twistenko folded before Flop (didn't bet)
Seat 4: Rysiff (button) folded before Flop (didn't bet)
Seat 5: R.M.Farcas (small blind) folded before Flop
Seat 6: Evelexy1 (big blind) folded before Flop



PokerStars Hand #254498041419:  Hold'em No Limit ($0.50/$1.00 USD) - 2025/01/22 13:10:09 WET [2025/01/22 8:10:09 ET]
Table 'Boliviana IV' 6-max Seat #5 is the button
Seat 1: radovan202 ($137.24 in chips) 
Seat 2: MAO_DZEDYN_S ($141.27 in chips) 
Seat 3: Twistenko ($135.64 in chips) 
Seat 4: Rysiff ($108.66 in chips) 
Seat 5: R.M.Farcas ($89.61 in chips) 
Seat 6: Evelexy1 ($208.43 in chips) 
Evelexy1: posts small blind $0.50
radovan202: posts big blind $1
*** HOLE CARDS ***
MAO_DZEDYN_S: raises $1.25 to $2.25
Twistenko: folds 
Rysiff: folds 
R.M.Farcas: folds 
Evelexy1: folds 
radovan202: folds 
Uncalled bet ($1.25) returned to MAO_DZEDYN_S
MAO_DZEDYN_S collected $2.50 from pot
MAO_DZEDYN_S: doesn't show hand 
*** SUMMARY ***
Total pot $2.50 | Rake $0 
Seat 1: radovan202 (big blind) folded before Flop
Seat 2: MAO_DZEDYN_S collected ($2.50)
Seat 3: Twistenko folded before Flop (didn't bet)
Seat 4: Rysiff folded before Flop (didn't bet)
Seat 5: R.M.Farcas (button) folded before Flop (didn't bet)
Seat 6: Evelexy1 (small blind) folded before Flop



PokerStars Hand #254498044592:  Hold'em No Limit ($0.50/$1.00 USD) - 2025/01/22 13:10:29 WET [2025/01/22 8:10:29 ET]
Table 'Boliviana IV' 6-max Seat #6 is the button
Seat 1: radovan202 ($136.24 in chips) 
Seat 2: MAO_DZEDYN_S ($142.77 in chips) 
Seat 3: Twistenko ($135.64 in chips) 
Seat 4: Rysiff ($108.66 in chips) 
Seat 5: R.M.Farcas ($89.61 in chips) 
Seat 6: Evelexy1 ($207.93 in chips) 
radovan202: posts small blind $0.50
MAO_DZEDYN_S: posts big blind $1
*** HOLE CARDS ***
Twistenko: folds 
Rysiff: folds 
R.M.Farcas: raises $1.50 to $2.50
Evelexy1: folds 
radovan202: folds 
MAO_DZEDYN_S: folds 
Uncalled bet ($1.50) returned to R.M.Farcas
R.M.Farcas collected $2.50 from pot
R.M.Farcas: doesn't show hand 
*** SUMMARY ***
Total pot $2.50 | Rake $0 
Seat 1: radovan202 (small blind) folded before Flop
Seat 2: MAO_DZEDYN_S (big blind) folded before Flop
Seat 3: Twistenko folded before Flop (didn't bet)
Seat 4: Rysiff folded before Flop (didn't bet)
Seat 5: R.M.Farcas collected ($2.50)
Seat 6: Evelexy1 (button) folded before Flop (didn't bet)



PokerStars Hand #254498046626:  Hold'em No Limit ($0.50/$1.00 USD) - 2025/01/22 13:10:42 WET [2025/01/22 8:10:42 ET]
Table 'Boliviana IV' 6-max Seat #1 is the button
Seat 1: radovan202 ($135.74 in chips) 
Seat 2: MAO_DZEDYN_S ($141.77 in chips) 
Seat 3: Twistenko ($135.64 in chips) 
Seat 4: Rysiff ($108.66 in chips) 
Seat 5: R.M.Farcas ($91.11 in chips) 
Seat 6: Evelexy1 ($207.93 in chips) 
MAO_DZEDYN_S: posts small blind $0.50
Twistenko: posts big blind $1
*** HOLE CARDS ***
Rysiff: folds 
R.M.Farcas: folds 
Evelexy1: folds 
radovan202: raises $2 to $3
MAO_DZEDYN_S: folds 
Twistenko: folds 
Uncalled bet ($2) returned to radovan202
radovan202 collected $2.50 from pot
radovan202: doesn't show hand 
*** SUMMARY ***
Total pot $2.50 | Rake $0 
Seat 1: radovan202 (button) collected ($2.50)
Seat 2: MAO_DZEDYN_S (small blind) folded before Flop
Seat 3: Twistenko (big blind) folded before Flop
Seat 4: Rysiff folded before Flop (didn't bet)
Seat 5: R.M.Farcas folded before Flop (didn't bet)
Seat 6: Evelexy1 folded before Flop (didn't bet)



PokerStars Hand #254498048776:  Hold'em No Limit ($0.50/$1.00 USD) - 2025/01/22 13:10:57 WET [2025/01/22 8:10:57 ET]
Table 'Boliviana IV' 6-max Seat #2 is the button
Seat 1: radovan202 ($137.24 in chips) 
Seat 2: MAO_DZEDYN_S ($141.27 in chips) 
Seat 3: Twistenko ($134.64 in chips) 
Seat 4: Rysiff ($108.66 in chips) 
Seat 5: R.M.Farcas ($91.11 in chips) 
Seat 6: Evelexy1 ($207.93 in chips) 
Twistenko: posts small blind $0.50
Rysiff: posts big blind $1
*** HOLE CARDS ***
R.M.Farcas: raises $1.50 to $2.50
Evelexy1: folds 
radovan202: folds 
MAO_DZEDYN_S: raises $5.50 to $8
Twistenko: folds 
Rysiff: folds 
R.M.Farcas: raises $83.11 to $91.11 and is all-in
MAO_DZEDYN_S: folds 
Uncalled bet ($83.11) returned to R.M.Farcas
R.M.Farcas collected $17.50 from pot
R.M.Farcas: doesn't show hand 
*** SUMMARY ***
Total pot $17.50 | Rake $0 
Seat 1: radovan202 folded before Flop (didn't bet)
Seat 2: MAO_DZEDYN_S (button) folded before Flop
Seat 3: Twistenko (small blind) folded before Flop
Seat 4: Rysiff (big blind) folded before Flop
Seat 5: R.M.Farcas collected ($17.50)
Seat 6: Evelexy1 folded before Flop (didn't bet)



PokerStars Hand #254498060042:  Hold'em No Limit ($0.50/$1.00 USD) - 2025/01/22 13:12:10 WET [2025/01/22 8:12:10 ET]
Table 'Boliviana IV' 6-max Seat #3 is the button
Seat 1: radovan202 ($137.24 in chips) 
Seat 2: MAO_DZEDYN_S ($133.27 in chips) 
Seat 3: Twistenko ($134.14 in chips) 
Seat 4: Rysiff ($107.66 in chips) 
Seat 5: R.M.Farcas ($100.61 in chips) 
Seat 6: Evelexy1 ($207.93 in chips) 
Rysiff: posts small blind $0.50
R.M.Farcas: posts big blind $1
*** HOLE CARDS ***
Evelexy1: folds 
radovan202: folds 
MAO_DZEDYN_S: folds 
Twistenko: folds 
Rysiff: folds 
Uncalled bet ($0.50) returned to R.M.Farcas
R.M.Farcas collected $1 from pot
R.M.Farcas: doesn't show hand 
*** SUMMARY ***
Total pot $1 | Rake $0 
Seat 1: radovan202 folded before Flop (didn't bet)
Seat 2: MAO_DZEDYN_S folded before Flop (didn't bet)
Seat 3: Twistenko (button) folded before Flop (didn't bet)
Seat 4: Rysiff (small blind) folded before Flop
Seat 5: R.M.Farcas (big blind) collected ($1)
Seat 6: Evelexy1 folded before Flop (didn't bet)



PokerStars Hand #254498062341:  Hold'em No Limit ($0.50/$1.00 USD) - 2025/01/22 13:12:25 WET [2025/01/22 8:12:25 ET]
Table 'Boliviana IV' 6-max Seat #4 is the button
Seat 1: radovan202 ($137.24 in chips) 
Seat 2: MAO_DZEDYN_S ($133.27 in chips) 
Seat 3: Twistenko ($134.14 in chips) 
Seat 4: Rysiff ($107.16 in chips) 
Seat 5: R.M.Farcas ($101.11 in chips) 
Seat 6: Evelexy1 ($207.93 in chips) 
R.M.Farcas: posts small blind $0.50
Evelexy1: posts big blind $1
*** HOLE CARDS ***
radovan202: folds 
MAO_DZEDYN_S: folds 
Twistenko: folds 
Rysiff: folds 
R.M.Farcas: folds 
Uncalled bet ($0.50) returned to Evelexy1
Evelexy1 collected $1 from pot
Evelexy1: doesn't show hand 
*** SUMMARY ***
Total pot $1 | Rake $0 
Seat 1: radovan202 folded before Flop (didn't bet)
Seat 2: MAO_DZEDYN_S folded before Flop (didn't bet)
Seat 3: Twistenko folded before Flop (didn't bet)
Seat 4: Rysiff (button) folded before Flop (didn't bet)
Seat 5: R.M.Farcas (small blind) folded before Flop
Seat 6: Evelexy1 (big blind) collected ($1)



PokerStars Hand #254498064147:  Hold'em No Limit ($0.50/$1.00 USD) - 2025/01/22 13:12:36 WET [2025/01/22 8:12:36 ET]
Table 'Boliviana IV' 6-max Seat #5 is the button
Seat 1: radovan202 ($137.24 in chips) 
Seat 2: MAO_DZEDYN_S ($133.27 in chips) 
Seat 3: Twistenko ($134.14 in chips) 
Seat 4: Rysiff ($107.16 in chips) 
Seat 5: R.M.Farcas ($100.61 in chips) 
Seat 6: Evelexy1 ($208.43 in chips) 
Evelexy1: posts small blind $0.50
radovan202: posts big blind $1
*** HOLE CARDS ***
MAO_DZEDYN_S: folds 
Twistenko: folds 
Rysiff: folds 
R.M.Farcas: raises $1.50 to $2.50
Evelexy1: calls $2
radovan202: calls $1.50
*** FLOP *** [Qd Ks 5s]
Evelexy1: checks 
radovan202: checks 
R.M.Farcas: bets $3.56
Evelexy1: folds 
radovan202: calls $3.56
*** TURN *** [Qd Ks 5s] [Jc]
radovan202: checks 
R.M.Farcas: bets $12
radovan202: calls $12
*** RIVER *** [Qd Ks 5s Jc] [4c]
radovan202: checks 
R.M.Farcas: bets $27.52
radovan202: folds 
Uncalled bet ($27.52) returned to R.M.Farcas
R.M.Farcas collected $36.69 from pot
R.M.Farcas: doesn't show hand 
*** SUMMARY ***
Total pot $38.62 | Rake $1.93 
Board [Qd Ks 5s Jc 4c]
Seat 1: radovan202 (big blind) folded on the River
Seat 2: MAO_DZEDYN_S folded before Flop (didn't bet)
Seat 3: Twistenko folded before Flop (didn't bet)
Seat 4: Rysiff folded before Flop (didn't bet)
Seat 5: R.M.Farcas (button) collected ($36.69)
Seat 6: Evelexy1 (small blind) folded on the Flop



PokerStars Hand #254498071758:  Hold'em No Limit ($0.50/$1.00 USD) - 2025/01/22 13:13:25 WET [2025/01/22 8:13:25 ET]
Table 'Boliviana IV' 6-max Seat #6 is the button
Seat 1: radovan202 ($119.18 in chips) 
Seat 2: MAO_DZEDYN_S ($133.27 in chips) 
Seat 3: Twistenko ($134.14 in chips) 
Seat 4: Rysiff ($107.16 in chips) 
Seat 5: R.M.Farcas ($119.24 in chips) 
Seat 6: Evelexy1 ($205.93 in chips) 
radovan202: posts small blind $0.50
MAO_DZEDYN_S: posts big blind $1
*** HOLE CARDS ***
Twistenko: raises $1.30 to $2.30
Rysiff: calls $2.30
R.M.Farcas is connected 
R.M.Farcas: folds 
Evelexy1: folds 
radovan202: folds 
MAO_DZEDYN_S: folds 
*** FLOP *** [Th Jh 7c]
Twistenko: checks 
Rysiff: checks 
*** TURN *** [Th Jh 7c] [3s]
Twistenko: bets $14.50
Rysiff: folds 
Uncalled bet ($14.50) returned to Twistenko
Twistenko collected $5.80 from pot
Twistenko: doesn't show hand 
*** SUMMARY ***
Total pot $6.10 | Rake $0.30 
Board [Th Jh 7c 3s]
Seat 1: radovan202 (small blind) folded before Flop
Seat 2: MAO_DZEDYN_S (big blind) folded before Flop
Seat 3: Twistenko collected ($5.80)
Seat 4: Rysiff folded on the Turn
Seat 5: R.M.Farcas folded before Flop (didn't bet)
Seat 6: Evelexy1 (button) folded before Flop (didn't bet)



PokerStars Hand #254498078943:  Hold'em No Limit ($0.50/$1.00 USD) - 2025/01/22 13:14:11 WET [2025/01/22 8:14:11 ET]
Table 'Boliviana IV' 6-max Seat #1 is the button
Seat 1: radovan202 ($118.68 in chips) 
Seat 2: MAO_DZEDYN_S ($132.27 in chips) 
Seat 3: Twistenko ($137.64 in chips) 
Seat 4: Rysiff ($104.86 in chips) 
Seat 5: R.M.Farcas ($119.24 in chips) 
Seat 6: Evelexy1 ($205.93 in chips) 
MAO_DZEDYN_S: posts small blind $0.50
Twistenko: posts big blind $1
*** HOLE CARDS ***
Rysiff: folds 
R.M.Farcas: folds 
Evelexy1: raises $1.50 to $2.50
radovan202: calls $2.50
MAO_DZEDYN_S: folds 
Twistenko: folds 
*** FLOP *** [6s 3s 2c]
Evelexy1: bets $3.09
radovan202: calls $3.09
*** TURN *** [6s 3s 2c] [Kh]
Evelexy1: bets $6.03
radovan202: folds 
Uncalled bet ($6.03) returned to Evelexy1
Evelexy1 collected $12.05 from pot
Evelexy1: doesn't show hand 
*** SUMMARY ***
Total pot $12.68 | Rake $0.63 
Board [6s 3s 2c Kh]
Seat 1: radovan202 (button) folded on the Turn
Seat 2: MAO_DZEDYN_S (small blind) folded before Flop
Seat 3: Twistenko (big blind) folded before Flop
Seat 4: Rysiff folded before Flop (didn't bet)
Seat 5: R.M.Farcas folded before Flop (didn't bet)
Seat 6: Evelexy1 collected ($12.05)



PokerStars Hand #254498084068:  Hold'em No Limit ($0.50/$1.00 USD) - 2025/01/22 13:14:44 WET [2025/01/22 8:14:44 ET]
Table 'Boliviana IV' 6-max Seat #2 is the button
Seat 1: radovan202 ($113.09 in chips) 
Seat 2: MAO_DZEDYN_S ($131.77 in chips) 
Seat 3: Twistenko ($136.64 in chips) 
Seat 4: Rysiff ($104.86 in chips) 
Seat 5: R.M.Farcas ($119.24 in chips) 
Seat 6: Evelexy1 ($212.39 in chips) 
Twistenko: posts small blind $0.50
Rysiff: posts big blind $1
*** HOLE CARDS ***
R.M.Farcas: folds 
Evelexy1: raises $1 to $2
radovan202: folds 
MAO_DZEDYN_S: folds 
Twistenko: folds 
Rysiff: folds 
Uncalled bet ($1) returned to Evelexy1
Evelexy1 collected $2.50 from pot
Evelexy1: doesn't show hand 
*** SUMMARY ***
Total pot $2.50 | Rake $0 
Seat 1: radovan202 folded before Flop (didn't bet)
Seat 2: MAO_DZEDYN_S (button) folded before Flop (didn't bet)
Seat 3: Twistenko (small blind) folded before Flop
Seat 4: Rysiff (big blind) folded before Flop
Seat 5: R.M.Farcas folded before Flop (didn't bet)
Seat 6: Evelexy1 collected ($2.50)



PokerStars Hand #254498086850:  Hold'em No Limit ($0.50/$1.00 USD) - 2025/01/22 13:15:01 WET [2025/01/22 8:15:01 ET]
Table 'Boliviana IV' 6-max Seat #3 is the button
Seat 1: radovan202 ($113.09 in chips) 
Seat 2: MAO_DZEDYN_S ($131.77 in chips) 
Seat 3: Twistenko ($136.14 in chips) 
Seat 4: Rysiff ($103.86 in chips) 
Seat 5: R.M.Farcas ($119.24 in chips) 
Seat 6: Evelexy1 ($213.89 in chips) 
Rysiff: posts small blind $0.50
R.M.Farcas: posts big blind $1
*** HOLE CARDS ***
Evelexy1: folds 
radovan202: raises $1 to $2
MAO_DZEDYN_S: folds 
Twistenko: folds 
Rysiff: folds 
R.M.Farcas: folds 
Uncalled bet ($1) returned to radovan202
radovan202 collected $2.50 from pot
radovan202: doesn't show hand 
*** SUMMARY ***
Total pot $2.50 | Rake $0 
Seat 1: radovan202 collected ($2.50)
Seat 2: MAO_DZEDYN_S folded before Flop (didn't bet)
Seat 3: Twistenko (button) folded before Flop (didn't bet)
Seat 4: Rysiff (small blind) folded before Flop
Seat 5: R.M.Farcas (big blind) folded before Flop
Seat 6: Evelexy1 folded before Flop (didn't bet)



PokerStars Hand #254498088862:  Hold'em No Limit ($0.50/$1.00 USD) - 2025/01/22 13:15:13 WET [2025/01/22 8:15:13 ET]
Table 'Boliviana IV' 6-max Seat #4 is the button
Seat 1: radovan202 ($114.59 in chips) 
Seat 2: MAO_DZEDYN_S ($131.77 in chips) 
Seat 3: Twistenko ($136.14 in chips) 
Seat 4: Rysiff ($103.36 in chips) 
Seat 5: R.M.Farcas ($118.24 in chips) 
Seat 6: Evelexy1 ($213.89 in chips) 
R.M.Farcas: posts small blind $0.50
Evelexy1: posts big blind $1
*** HOLE CARDS ***
radovan202: raises $1 to $2
MAO_DZEDYN_S: folds 
Twistenko: folds 
Rysiff: raises $7 to $9
R.M.Farcas: folds 
Evelexy1: folds 
radovan202: calls $7
*** FLOP *** [Qd 7d 6s]
radovan202: checks 
Rysiff: bets $9.26
radovan202: raises $19.26 to $28.52
Rysiff: raises $65.84 to $94.36 and is all-in
radovan202: calls $65.84
*** TURN *** [Qd 7d 6s] [Kd]
*** RIVER *** [Qd 7d 6s Kd] [9c]
*** SHOW DOWN ***
radovan202: shows [7c Qc] (two pair, Queens and Sevens)
Rysiff: shows [As Ah] (a pair of Aces)
radovan202 collected $205.72 from pot
*** SUMMARY ***
Total pot $208.22 | Rake $2.50 
Board [Qd 7d 6s Kd 9c]
Seat 1: radovan202 showed [7c Qc] and won ($205.72) with two pair, Queens and Sevens
Seat 2: MAO_DZEDYN_S folded before Flop (didn't bet)
Seat 3: Twistenko folded before Flop (didn't bet)
Seat 4: Rysiff (button) showed [As Ah] and lost with a pair of Aces
Seat 5: R.M.Farcas (small blind) folded before Flop
Seat 6: Evelexy1 (big blind) folded before Flop



PokerStars Hand #254498098068:  Hold'em No Limit ($0.50/$1.00 USD) - 2025/01/22 13:16:11 WET [2025/01/22 8:16:11 ET]
Table 'Boliviana IV' 6-max Seat #5 is the button
Seat 1: radovan202 ($216.95 in chips) 
Seat 2: MAO_DZEDYN_S ($131.77 in chips) 
Seat 3: Twistenko ($136.14 in chips) 
Seat 4: Rysiff ($100 in chips) 
Seat 5: R.M.Farcas ($117.74 in chips) 
Seat 6: Evelexy1 ($212.89 in chips) 
Evelexy1: posts small blind $0.50
radovan202: posts big blind $1
*** HOLE CARDS ***
MAO_DZEDYN_S: folds 
Twistenko: folds 
Rysiff: folds 
R.M.Farcas: raises $1.50 to $2.50
Evelexy1: folds 
radovan202: folds 
Uncalled bet ($1.50) returned to R.M.Farcas
R.M.Farcas collected $2.50 from pot
R.M.Farcas: doesn't show hand 
*** SUMMARY ***
Total pot $2.50 | Rake $0 
Seat 1: radovan202 (big blind) folded before Flop
Seat 2: MAO_DZEDYN_S folded before Flop (didn't bet)
Seat 3: Twistenko folded before Flop (didn't bet)
Seat 4: Rysiff folded before Flop (didn't bet)
Seat 5: R.M.Farcas (button) collected ($2.50)
Seat 6: Evelexy1 (small blind) folded before Flop



PokerStars Hand #254498100203:  Hold'em No Limit ($0.50/$1.00 USD) - 2025/01/22 13:16:25 WET [2025/01/22 8:16:25 ET]
Table 'Boliviana IV' 6-max Seat #6 is the button
Seat 1: radovan202 ($215.95 in chips) 
Seat 2: MAO_DZEDYN_S ($131.77 in chips) 
Seat 3: Twistenko ($136.14 in chips) 
Seat 4: Rysiff ($100 in chips) 
Seat 5: R.M.Farcas ($119.24 in chips) 
Seat 6: Evelexy1 ($212.39 in chips) 
radovan202: posts small blind $0.50
MAO_DZEDYN_S: posts big blind $1
*** HOLE CARDS ***
Twistenko: raises $1.30 to $2.30
Rysiff: raises $5.70 to $8
R.M.Farcas: folds 
Evelexy1: folds 
radovan202: folds 
MAO_DZEDYN_S: folds 
Twistenko: folds 
Uncalled bet ($5.70) returned to Rysiff
Rysiff collected $6.10 from pot
Rysiff: doesn't show hand 
*** SUMMARY ***
Total pot $6.10 | Rake $0 
Seat 1: radovan202 (small blind) folded before Flop
Seat 2: MAO_DZEDYN_S (big blind) folded before Flop
Seat 3: Twistenko folded before Flop
Seat 4: Rysiff collected ($6.10)
Seat 5: R.M.Farcas folded before Flop (didn't bet)
Seat 6: Evelexy1 (button) folded before Flop (didn't bet)



PokerStars Hand #254498103202:  Hold'em No Limit ($0.50/$1.00 USD) - 2025/01/22 13:16:43 WET [2025/01/22 8:16:43 ET]
Table 'Boliviana IV' 6-max Seat #2 is the button
Seat 1: radovan202 ($215.45 in chips) is sitting out
Seat 2: MAO_DZEDYN_S ($130.77 in chips) 
Seat 3: Twistenko ($133.84 in chips) 
Seat 4: Rysiff ($103.80 in chips) 
Seat 5: R.M.Farcas ($119.24 in chips) 
Seat 6: Evelexy1 ($212.39 in chips) 
Twistenko: posts small blind $0.50
Rysiff: posts big blind $1
*** HOLE CARDS ***
R.M.Farcas: folds 
Evelexy1: raises $1.50 to $2.50
MAO_DZEDYN_S: folds 
Twistenko: folds 
Rysiff: folds 
Uncalled bet ($1.50) returned to Evelexy1
Evelexy1 collected $2.50 from pot
Evelexy1: doesn't show hand 
*** SUMMARY ***
Total pot $2.50 | Rake $0 
Seat 1: radovan202
Seat 2: MAO_DZEDYN_S (button) folded before Flop (didn't bet)
Seat 3: Twistenko (small blind) folded before Flop
Seat 4: Rysiff (big blind) folded before Flop
Seat 5: R.M.Farcas folded before Flop (didn't bet)
Seat 6: Evelexy1 collected ($2.50)



PokerStars Hand #254498105474:  Hold'em No Limit ($0.50/$1.00 USD) - 2025/01/22 13:16:57 WET [2025/01/22 8:16:57 ET]
Table 'Boliviana IV' 6-max Seat #3 is the button
Seat 1: radovan202 ($215.45 in chips) is sitting out
Seat 5: R.M.Farcas ($119.24 in chips) is sitting out
Seat 2: MAO_DZEDYN_S ($130.77 in chips) 
Seat 3: Twistenko ($133.34 in chips) 
Seat 4: Rysiff ($102.80 in chips) 
Seat 6: Evelexy1 ($213.89 in chips) 
Rysiff: posts small blind $0.50
Evelexy1: posts big blind $1
*** HOLE CARDS ***
MAO_DZEDYN_S: raises $1.25 to $2.25
Twistenko: folds 
Rysiff: folds 
Evelexy1: calls $1.25
*** FLOP *** [4c 2s Jc]
Evelexy1: checks 
MAO_DZEDYN_S: bets $1.43
Evelexy1: calls $1.43
*** TURN *** [4c 2s Jc] [Qh]
Evelexy1: checks 
MAO_DZEDYN_S: bets $5.60
Evelexy1: calls $5.60
*** RIVER *** [4c 2s Jc Qh] [Jd]
Evelexy1: checks 
MAO_DZEDYN_S: checks 
*** SHOW DOWN ***
Evelexy1: shows [Kd Jh] (three of a kind, Jacks)
MAO_DZEDYN_S: mucks hand 
Evelexy1 collected $18.11 from pot
*** SUMMARY ***
Total pot $19.06 | Rake $0.95 
Board [4c 2s Jc Qh Jd]
Seat 1: radovan202
Seat 5: R.M.Farcas
Seat 2: MAO_DZEDYN_S mucked
Seat 3: Twistenko (button) folded before Flop (didn't bet)
Seat 4: Rysiff (small blind) folded before Flop
Seat 6: Evelexy1 (big blind) showed [Kd Jh] and won ($18.11) with three of a kind, Jacks



PokerStars Hand #254498115271:  Hold'em No Limit ($0.50/$1.00 USD) - 2025/01/22 13:17:58 WET [2025/01/22 8:17:58 ET]
Table 'Boliviana IV' 6-max Seat #4 is the button
Seat 1: radovan202 ($215.45 in chips) is sitting out
Seat 5: R.M.Farcas ($119.24 in chips) is sitting out
Seat 2: MAO_DZEDYN_S ($121.49 in chips) 
Seat 3: Twistenko ($133.34 in chips) 
Seat 4: Rysiff ($102.30 in chips) 
Seat 6: Evelexy1 ($222.72 in chips) 
Evelexy1: posts small blind $0.50
MAO_DZEDYN_S: posts big blind $1
*** HOLE CARDS ***
Twistenko: folds 
Rysiff: raises $1.50 to $2.50
Evelexy1: folds 
MAO_DZEDYN_S: folds 
Uncalled bet ($1.50) returned to Rysiff
Rysiff collected $2.50 from pot
Rysiff: doesn't show hand 
*** SUMMARY ***
Total pot $2.50 | Rake $0 
Seat 1: radovan202
Seat 5: R.M.Farcas
Seat 2: MAO_DZEDYN_S (big blind) folded before Flop
Seat 3: Twistenko folded before Flop (didn't bet)
Seat 4: Rysiff (button) collected ($2.50)
Seat 6: Evelexy1 (small blind) folded before Flop



PokerStars Hand #254498118703:  Hold'em No Limit ($0.50/$1.00 USD) - 2025/01/22 13:18:20 WET [2025/01/22 8:18:20 ET]
Table 'Boliviana IV' 6-max Seat #6 is the button
Seat 1: radovan202 ($215.45 in chips) is sitting out
Seat 3: Twistenko ($133.34 in chips) is sitting out
Seat 5: R.M.Farcas ($119.24 in chips) is sitting out
Seat 2: MAO_DZEDYN_S ($120.49 in chips) 
Seat 4: Rysiff ($103.80 in chips) 
Seat 6: Evelexy1 ($222.22 in chips) 
MAO_DZEDYN_S: posts small blind $0.50
Twistenko: is sitting out 
Rysiff: posts big blind $1
*** HOLE CARDS ***
Evelexy1: folds 
Twistenko leaves the table
MAO_DZEDYN_S: folds 
Uncalled bet ($0.50) returned to Rysiff
Rysiff collected $1 from pot
Rysiff: doesn't show hand 
*** SUMMARY ***
Total pot $1 | Rake $0 
Seat 1: radovan202
Seat 3: Twistenko
Seat 5: R.M.Farcas
Seat 2: MAO_DZEDYN_S (small blind) folded before Flop
Seat 4: Rysiff (big blind) collected ($1)
Seat 6: Evelexy1 (button) folded before Flop (didn't bet)



PokerStars Hand #254498120302:  Hold'em No Limit ($0.50/$1.00 USD) - 2025/01/22 13:18:29 WET [2025/01/22 8:18:29 ET]
Table 'Boliviana IV' 6-max Seat #2 is the button
Seat 1: radovan202 ($215.45 in chips) is sitting out
Seat 5: R.M.Farcas ($119.24 in chips) is sitting out
Seat 2: MAO_DZEDYN_S ($119.99 in chips) 
Seat 4: Rysiff ($104.30 in chips) 
Seat 6: Evelexy1 ($222.22 in chips) 
Rysiff: posts small blind $0.50
Evelexy1: posts big blind $1
*** HOLE CARDS ***
MAO_DZEDYN_S: raises $1.50 to $2.50
Rysiff: folds 
Evelexy1: calls $1.50
*** FLOP *** [9d 3h 4s]
Evelexy1: checks 
MAO_DZEDYN_S: bets $6.02
joaquin612 joins the table at seat #3 
Evelexy1: calls $6.02
*** TURN *** [9d 3h 4s] [2s]
Evelexy1: checks 
MAO_DZEDYN_S: bets $19.21
Evelexy1: folds 
Uncalled bet ($19.21) returned to MAO_DZEDYN_S
MAO_DZEDYN_S collected $16.66 from pot
MAO_DZEDYN_S: doesn't show hand 
*** SUMMARY ***
Total pot $17.54 | Rake $0.88 
Board [9d 3h 4s 2s]
Seat 1: radovan202
Seat 5: R.M.Farcas
Seat 2: MAO_DZEDYN_S (button) collected ($16.66)
Seat 4: Rysiff (small blind) folded before Flop
Seat 6: Evelexy1 (big blind) folded on the Turn



PokerStars Hand #254498130652:  Hold'em No Limit ($0.50/$1.00 USD) - 2025/01/22 13:19:34 WET [2025/01/22 8:19:34 ET]
Table 'Boliviana IV' 6-max Seat #4 is the button
Seat 1: radovan202 ($215.45 in chips) is sitting out
Seat 3: joaquin612 ($100 in chips) is sitting out
Seat 5: R.M.Farcas ($119.24 in chips) is sitting out
Seat 2: MAO_DZEDYN_S ($128.13 in chips) 
Seat 4: Rysiff ($103.80 in chips) 
Seat 6: Evelexy1 ($213.70 in chips) 
Evelexy1: posts small blind $0.50
MAO_DZEDYN_S: posts big blind $1
joaquin612: sits out 
*** HOLE CARDS ***
Rysiff: folds 
Evelexy1: raises $1.50 to $2.50
MAO_DZEDYN_S: raises $5.50 to $8
Evelexy1: folds 
Uncalled bet ($5.50) returned to MAO_DZEDYN_S
MAO_DZEDYN_S collected $5 from pot
MAO_DZEDYN_S: doesn't show hand 
*** SUMMARY ***
Total pot $5 | Rake $0 
Seat 1: radovan202
Seat 3: joaquin612
Seat 5: R.M.Farcas
Seat 2: MAO_DZEDYN_S (big blind) collected ($5)
Seat 4: Rysiff (button) folded before Flop (didn't bet)
Seat 6: Evelexy1 (small blind) folded before Flop



PokerStars Hand #254498135451:  Hold'em No Limit ($0.50/$1.00 USD) - 2025/01/22 13:20:05 WET [2025/01/22 8:20:05 ET]
Table 'Boliviana IV' 6-max Seat #6 is the button
Seat 1: radovan202 ($215.45 in chips) is sitting out
Seat 5: R.M.Farcas ($119.24 in chips) is sitting out
Seat 2: MAO_DZEDYN_S ($130.63 in chips) 
Seat 3: joaquin612 ($100 in chips) 
Seat 4: Rysiff ($103.80 in chips) 
Seat 6: Evelexy1 ($211.20 in chips) 
MAO_DZEDYN_S: posts small blind $0.50
joaquin612: posts big blind $1
R.M.Farcas: sits out 
*** HOLE CARDS ***
Rysiff: folds 
Evelexy1: raises $1.50 to $2.50
MAO_DZEDYN_S: folds 
joaquin612: folds 
Uncalled bet ($1.50) returned to Evelexy1
Evelexy1 collected $2.50 from pot
Evelexy1: doesn't show hand 
*** SUMMARY ***
Total pot $2.50 | Rake $0 
Seat 1: radovan202
Seat 5: R.M.Farcas
Seat 2: MAO_DZEDYN_S (small blind) folded before Flop
Seat 3: joaquin612 (big blind) folded before Flop
Seat 4: Rysiff folded before Flop (didn't bet)
Seat 6: Evelexy1 (button) collected ($2.50)



PokerStars Hand #254498139900:  Hold'em No Limit ($0.50/$1.00 USD) - 2025/01/22 13:20:33 WET [2025/01/22 8:20:33 ET]
Table 'Boliviana IV' 6-max Seat #2 is the button
Seat 1: radovan202 ($215.45 in chips) is sitting out
Seat 5: R.M.Farcas ($119.24 in chips) is sitting out
Seat 2: MAO_DZEDYN_S ($130.13 in chips) 
Seat 3: joaquin612 ($100 in chips) 
Seat 4: Rysiff ($103.80 in chips) 
Seat 6: Evelexy1 ($212.70 in chips) 
joaquin612: posts small blind $0.50
Rysiff: posts big blind $1
R.M.Farcas: sits out 
*** HOLE CARDS ***
Evelexy1: raises $1.50 to $2.50
MAO_DZEDYN_S: folds 
joaquin612: folds 
Rysiff: calls $1.50
*** FLOP *** [Jh Qh 5c]
Rysiff: checks 
Evelexy1: bets $1.74
Rysiff: folds 
Uncalled bet ($1.74) returned to Evelexy1
Evelexy1 collected $5.22 from pot
Evelexy1: doesn't show hand 
*** SUMMARY ***
Total pot $5.50 | Rake $0.28 
Board [Jh Qh 5c]
Seat 1: radovan202
Seat 5: R.M.Farcas
Seat 2: MAO_DZEDYN_S (button) folded before Flop (didn't bet)
Seat 3: joaquin612 (small blind) folded before Flop
Seat 4: Rysiff (big blind) folded on the Flop
Seat 6: Evelexy1 collected ($5.22)



PokerStars Hand #254498144244:  Hold'em No Limit ($0.50/$1.00 USD) - 2025/01/22 13:21:00 WET [2025/01/22 8:21:00 ET]
Table 'Boliviana IV' 6-max Seat #3 is the button
Seat 1: radovan202 ($215.45 in chips) is sitting out
Seat 2: MAO_DZEDYN_S ($130.13 in chips) 
Seat 3: joaquin612 ($100 in chips) 
Seat 4: Rysiff ($101.30 in chips) 
Seat 5: R.M.Farcas ($119.24 in chips) 
Seat 6: Evelexy1 ($215.42 in chips) 
Rysiff: posts small blind $0.50
R.M.Farcas: posts big blind $1
radovan202: sits out 
*** HOLE CARDS ***
Evelexy1: folds 
MAO_DZEDYN_S: raises $1.25 to $2.25
joaquin612: folds 
Rysiff: folds 
R.M.Farcas: folds 
Uncalled bet ($1.25) returned to MAO_DZEDYN_S
MAO_DZEDYN_S collected $2.50 from pot
MAO_DZEDYN_S: doesn't show hand 
*** SUMMARY ***
Total pot $2.50 | Rake $0 
Seat 1: radovan202
Seat 2: MAO_DZEDYN_S collected ($2.50)
Seat 3: joaquin612 (button) folded before Flop (didn't bet)
Seat 4: Rysiff (small blind) folded before Flop
Seat 5: R.M.Farcas (big blind) folded before Flop
Seat 6: Evelexy1 folded before Flop (didn't bet)



PokerStars Hand #254498146819:  Hold'em No Limit ($0.50/$1.00 USD) - 2025/01/22 13:21:16 WET [2025/01/22 8:21:16 ET]
Table 'Boliviana IV' 6-max Seat #4 is the button
Seat 1: radovan202 ($215.45 in chips) is sitting out
Seat 2: MAO_DZEDYN_S ($131.63 in chips) 
Seat 3: joaquin612 ($100 in chips) 
Seat 4: Rysiff ($100.80 in chips) 
Seat 5: R.M.Farcas ($118.24 in chips) 
Seat 6: Evelexy1 ($215.42 in chips) 
R.M.Farcas: posts small blind $0.50
Evelexy1: posts big blind $1
radovan202: sits out 
*** HOLE CARDS ***
MAO_DZEDYN_S: folds 
joaquin612: folds 
Rysiff: raises $1.50 to $2.50
R.M.Farcas: folds 
Evelexy1: folds 
Uncalled bet ($1.50) returned to Rysiff
Rysiff collected $2.50 from pot
Rysiff: doesn't show hand 
*** SUMMARY ***
Total pot $2.50 | Rake $0 
Seat 1: radovan202
Seat 2: MAO_DZEDYN_S folded before Flop (didn't bet)
Seat 3: joaquin612 folded before Flop (didn't bet)
Seat 4: Rysiff (button) collected ($2.50)
Seat 5: R.M.Farcas (small blind) folded before Flop
Seat 6: Evelexy1 (big blind) folded before Flop



PokerStars Hand #254498149379:  Hold'em No Limit ($0.50/$1.00 USD) - 2025/01/22 13:21:32 WET [2025/01/22 8:21:32 ET]
Table 'Boliviana IV' 6-max Seat #5 is the button
Seat 1: radovan202 ($215.45 in chips) 
Seat 2: MAO_DZEDYN_S ($131.63 in chips) 
Seat 3: joaquin612 ($100 in chips) 
Seat 4: Rysiff ($102.30 in chips) 
Seat 5: R.M.Farcas ($117.74 in chips) 
Seat 6: Evelexy1 ($214.42 in chips) 
Evelexy1: posts small blind $0.50
radovan202: posts big blind $1
*** HOLE CARDS ***
MAO_DZEDYN_S: folds 
joaquin612: folds 
Rysiff: folds 
R.M.Farcas: folds 
Evelexy1: raises $1.50 to $2.50
radovan202: calls $1.50
*** FLOP *** [2d 7d 5s]
Evelexy1: bets $1.57
radovan202: calls $1.57
*** TURN *** [2d 7d 5s] [Jc]
Evelexy1: checks 
radovan202: bets $3.87
Evelexy1: calls $3.87
*** RIVER *** [2d 7d 5s Jc] [Qh]
Evelexy1: checks 
radovan202: bets $7.55
Evelexy1: folds 
Uncalled bet ($7.55) returned to radovan202
radovan202 collected $15.09 from pot
radovan202: doesn't show hand 
*** SUMMARY ***
Total pot $15.88 | Rake $0.79 
Board [2d 7d 5s Jc Qh]
Seat 1: radovan202 (big blind) collected ($15.09)
Seat 2: MAO_DZEDYN_S folded before Flop (didn't bet)
Seat 3: joaquin612 folded before Flop (didn't bet)
Seat 4: Rysiff folded before Flop (didn't bet)
Seat 5: R.M.Farcas (button) folded before Flop (didn't bet)
Seat 6: Evelexy1 (small blind) folded on the River



PokerStars Hand #254498153844:  Hold'em No Limit ($0.50/$1.00 USD) - 2025/01/22 13:22:00 WET [2025/01/22 8:22:00 ET]
Table 'Boliviana IV' 6-max Seat #6 is the button
Seat 2: MAO_DZEDYN_S ($131.63 in chips) is sitting out
Seat 1: radovan202 ($222.60 in chips) 
Seat 3: joaquin612 ($100 in chips) 
Seat 4: Rysiff ($102.30 in chips) 
Seat 5: R.M.Farcas ($117.74 in chips) 
Seat 6: Evelexy1 ($206.48 in chips) 
radovan202: posts small blind $0.50
MAO_DZEDYN_S: is sitting out 
joaquin612: posts big blind $1
*** HOLE CARDS ***
Rysiff: folds 
R.M.Farcas: folds 
Evelexy1: raises $2 to $3
radovan202: folds 
joaquin612: calls $2
*** FLOP *** [2h Js 5s]
joaquin612: checks 
Evelexy1: bets $3.09
joaquin612: calls $3.09
*** TURN *** [2h Js 5s] [Ad]
joaquin612: checks 
Evelexy1: checks 
*** RIVER *** [2h Js 5s Ad] [2d]
joaquin612: checks 
Evelexy1: checks 
*** SHOW DOWN ***
joaquin612: shows [7h 7d] (two pair, Sevens and Deuces)
Evelexy1: mucks hand 
joaquin612 collected $12.05 from pot
*** SUMMARY ***
Total pot $12.68 | Rake $0.63 
Board [2h Js 5s Ad 2d]
Seat 2: MAO_DZEDYN_S
Seat 1: radovan202 (small blind) folded before Flop
Seat 3: joaquin612 (big blind) showed [7h 7d] and won ($12.05) with two pair, Sevens and Deuces
Seat 4: Rysiff folded before Flop (didn't bet)
Seat 5: R.M.Farcas folded before Flop (didn't bet)
Seat 6: Evelexy1 (button) mucked



PokerStars Hand #254498160245:  Hold'em No Limit ($0.50/$1.00 USD) - 2025/01/22 13:22:40 WET [2025/01/22 8:22:40 ET]
Table 'Boliviana IV' 6-max Seat #1 is the button
Seat 2: MAO_DZEDYN_S ($131.63 in chips) is sitting out
Seat 1: radovan202 ($222.10 in chips) 
Seat 3: joaquin612 ($105.96 in chips) 
Seat 4: Rysiff ($102.30 in chips) 
Seat 5: R.M.Farcas ($117.74 in chips) 
Seat 6: Evelexy1 ($200.39 in chips) 
joaquin612: posts small blind $0.50
Rysiff: posts big blind $1
*** HOLE CARDS ***
R.M.Farcas: folds 
Evelexy1: folds 
radovan202: raises $2 to $3
joaquin612: folds 
Rysiff: folds 
Uncalled bet ($2) returned to radovan202
radovan202 collected $2.50 from pot
radovan202: doesn't show hand 
*** SUMMARY ***
Total pot $2.50 | Rake $0 
Seat 2: MAO_DZEDYN_S
Seat 1: radovan202 (button) collected ($2.50)
Seat 3: joaquin612 (small blind) folded before Flop
Seat 4: Rysiff (big blind) folded before Flop
Seat 5: R.M.Farcas folded before Flop (didn't bet)
Seat 6: Evelexy1 folded before Flop (didn't bet)



PokerStars Hand #254498162513:  Hold'em No Limit ($0.50/$1.00 USD) - 2025/01/22 13:22:53 WET [2025/01/22 8:22:53 ET]
Table 'Boliviana IV' 6-max Seat #3 is the button
Seat 2: MAO_DZEDYN_S ($131.63 in chips) is sitting out
Seat 1: radovan202 ($223.60 in chips) 
Seat 3: joaquin612 ($105.46 in chips) 
Seat 4: Rysiff ($101.30 in chips) 
Seat 5: R.M.Farcas ($117.74 in chips) 
Seat 6: Evelexy1 ($200.39 in chips) 
Rysiff: posts small blind $0.50
R.M.Farcas: posts big blind $1
MAO_DZEDYN_S: sits out 
*** HOLE CARDS ***
Evelexy1: folds 
radovan202: raises $1.50 to $2.50
joaquin612: folds 
Rysiff: folds 
R.M.Farcas: folds 
Uncalled bet ($1.50) returned to radovan202
radovan202 collected $2.50 from pot
radovan202: doesn't show hand 
*** SUMMARY ***
Total pot $2.50 | Rake $0 
Seat 2: MAO_DZEDYN_S
Seat 1: radovan202 collected ($2.50)
Seat 3: joaquin612 (button) folded before Flop (didn't bet)
Seat 4: Rysiff (small blind) folded before Flop
Seat 5: R.M.Farcas (big blind) folded before Flop
Seat 6: Evelexy1 folded before Flop (didn't bet)



PokerStars Hand #254498164503:  Hold'em No Limit ($0.50/$1.00 USD) - 2025/01/22 13:23:06 WET [2025/01/22 8:23:06 ET]
Table 'Boliviana IV' 6-max Seat #4 is the button
Seat 2: MAO_DZEDYN_S ($131.63 in chips) is sitting out
Seat 1: radovan202 ($225.10 in chips) 
Seat 3: joaquin612 ($105.46 in chips) 
Seat 4: Rysiff ($100.80 in chips) 
Seat 5: R.M.Farcas ($116.74 in chips) 
Seat 6: Evelexy1 ($200.39 in chips) 
R.M.Farcas: posts small blind $0.50
Evelexy1: posts big blind $1
MAO_DZEDYN_S: sits out 
*** HOLE CARDS ***
radovan202: raises $1 to $2
joaquin612: folds 
Rysiff: folds 
R.M.Farcas: calls $1.50
Evelexy1: raises $10 to $12
radovan202: calls $10
R.M.Farcas: folds 
*** FLOP *** [4d 2s Ad]
Evelexy1: checks 
radovan202: checks 
*** TURN *** [4d 2s Ad] [6h]
Evelexy1: checks 
radovan202: checks 
*** RIVER *** [4d 2s Ad 6h] [8c]
Evelexy1: checks 
radovan202: checks 
*** SHOW DOWN ***
Evelexy1: shows [Jc Qc] (high card Ace)
radovan202: shows [As 9s] (a pair of Aces)
radovan202 collected $24.70 from pot
*** SUMMARY ***
Total pot $26 | Rake $1.30 
Board [4d 2s Ad 6h 8c]
Seat 2: MAO_DZEDYN_S
Seat 1: radovan202 showed [As 9s] and won ($24.70) with a pair of Aces
Seat 3: joaquin612 folded before Flop (didn't bet)
Seat 4: Rysiff (button) folded before Flop (didn't bet)
Seat 5: R.M.Farcas (small blind) folded before Flop
Seat 6: Evelexy1 (big blind) showed [Jc Qc] and lost with high card Ace



PokerStars Hand #254498168839:  Hold'em No Limit ($0.50/$1.00 USD) - 2025/01/22 13:23:33 WET [2025/01/22 8:23:33 ET]
Table 'Boliviana IV' 6-max Seat #5 is the button
Seat 2: MAO_DZEDYN_S ($131.63 in chips) is sitting out
Seat 1: radovan202 ($237.80 in chips) 
Seat 3: joaquin612 ($105.46 in chips) 
Seat 4: Rysiff ($100.80 in chips) 
Seat 5: R.M.Farcas ($114.74 in chips) 
Seat 6: Evelexy1 ($188.39 in chips) 
Evelexy1: posts small blind $0.50
radovan202: posts big blind $1
MAO_DZEDYN_S: sits out 
*** HOLE CARDS ***
joaquin612: folds 
Rysiff: raises $1.50 to $2.50
R.M.Farcas: folds 
Evelexy1: raises $9.50 to $12
radovan202: folds 
Rysiff: calls $9.50
*** FLOP *** [6d Ad 8c]
Evelexy1: bets $7.92
Rysiff: calls $7.92
*** TURN *** [6d Ad 8c] [Jd]
Evelexy1: checks 
Rysiff: checks 
*** RIVER *** [6d Ad 8c Jd] [8s]
Evelexy1: checks 
Rysiff: checks 
*** SHOW DOWN ***
Evelexy1: shows [Qh Qs] (two pair, Queens and Eights)
Rysiff: shows [4c Ac] (two pair, Aces and Eights)
Rysiff collected $38.80 from pot
*** SUMMARY ***
Total pot $40.84 | Rake $2.04 
Board [6d Ad 8c Jd 8s]
Seat 2: MAO_DZEDYN_S
Seat 1: radovan202 (big blind) folded before Flop
Seat 3: joaquin612 folded before Flop (didn't bet)
Seat 4: Rysiff showed [4c Ac] and won ($38.80) with two pair, Aces and Eights
Seat 5: R.M.Farcas (button) folded before Flop (didn't bet)
Seat 6: Evelexy1 (small blind) showed [Qh Qs] and lost with two pair, Queens and Eights



PokerStars Hand #254498177824:  Hold'em No Limit ($0.50/$1.00 USD) - 2025/01/22 13:24:29 WET [2025/01/22 8:24:29 ET]
Table 'Boliviana IV' 6-max Seat #6 is the button
Seat 1: radovan202 ($236.80 in chips) 
Seat 2: MAO_DZEDYN_S ($131.63 in chips) 
Seat 3: joaquin612 ($105.46 in chips) 
Seat 4: Rysiff ($119.68 in chips) 
Seat 5: R.M.Farcas ($114.74 in chips) 
Seat 6: Evelexy1 ($168.47 in chips) 
radovan202: posts small blind $0.50
MAO_DZEDYN_S: posts big blind $1
*** HOLE CARDS ***
joaquin612: folds 
Rysiff: folds 
R.M.Farcas: raises $1.50 to $2.50
Evelexy1: folds 
radovan202: folds 
MAO_DZEDYN_S has timed out
MAO_DZEDYN_S: folds 
Uncalled bet ($1.50) returned to R.M.Farcas
R.M.Farcas collected $2.50 from pot
R.M.Farcas: doesn't show hand 
*** SUMMARY ***
Total pot $2.50 | Rake $0 
Seat 1: radovan202 (small blind) folded before Flop
Seat 2: MAO_DZEDYN_S (big blind) folded before Flop
Seat 3: joaquin612 folded before Flop (didn't bet)
Seat 4: Rysiff folded before Flop (didn't bet)
Seat 5: R.M.Farcas collected ($2.50)
Seat 6: Evelexy1 (button) folded before Flop (didn't bet)



PokerStars Hand #254498183478:  Hold'em No Limit ($0.50/$1.00 USD) - 2025/01/22 13:25:04 WET [2025/01/22 8:25:04 ET]
Table 'Boliviana IV' 6-max Seat #1 is the button
Seat 1: radovan202 ($236.30 in chips) 
Seat 2: MAO_DZEDYN_S ($130.63 in chips) 
Seat 3: joaquin612 ($105.46 in chips) 
Seat 4: Rysiff ($119.68 in chips) 
Seat 5: R.M.Farcas ($116.24 in chips) 
Seat 6: Evelexy1 ($168.47 in chips) 
MAO_DZEDYN_S: posts small blind $0.50
joaquin612: posts big blind $1
*** HOLE CARDS ***
Rysiff: folds 
R.M.Farcas: folds 
Evelexy1: raises $1.50 to $2.50
radovan202: folds 
MAO_DZEDYN_S: folds 
joaquin612: folds 
Uncalled bet ($1.50) returned to Evelexy1
Evelexy1 collected $2.50 from pot
Evelexy1: doesn't show hand 
*** SUMMARY ***
Total pot $2.50 | Rake $0 
Seat 1: radovan202 (button) folded before Flop (didn't bet)
Seat 2: MAO_DZEDYN_S (small blind) folded before Flop
Seat 3: joaquin612 (big blind) folded before Flop
Seat 4: Rysiff folded before Flop (didn't bet)
Seat 5: R.M.Farcas folded before Flop (didn't bet)
Seat 6: Evelexy1 collected ($2.50)



PokerStars Hand #254498186015:  Hold'em No Limit ($0.50/$1.00 USD) - 2025/01/22 13:25:20 WET [2025/01/22 8:25:20 ET]
Table 'Boliviana IV' 6-max Seat #2 is the button
Seat 1: radovan202 ($236.30 in chips) 
Seat 2: MAO_DZEDYN_S ($130.13 in chips) 
Seat 3: joaquin612 ($104.46 in chips) 
Seat 4: Rysiff ($119.68 in chips) 
Seat 5: R.M.Farcas ($116.24 in chips) 
Seat 6: Evelexy1 ($169.97 in chips) 
joaquin612: posts small blind $0.50
Rysiff: posts big blind $1
*** HOLE CARDS ***
R.M.Farcas: raises $1.50 to $2.50
Evelexy1: folds 
radovan202: calls $2.50
MAO_DZEDYN_S: folds 
joaquin612: folds 
Rysiff: folds 
*** FLOP *** [6d 9h 6s]
R.M.Farcas: bets $3.09
radovan202: calls $3.09
*** TURN *** [6d 9h 6s] [8c]
R.M.Farcas: bets $9.04
radovan202: calls $9.04
*** RIVER *** [6d 9h 6s 8c] [2h]
R.M.Farcas: bets $21.92
radovan202: folds 
Uncalled bet ($21.92) returned to R.M.Farcas
R.M.Farcas collected $29.22 from pot
R.M.Farcas: doesn't show hand 
*** SUMMARY ***
Total pot $30.76 | Rake $1.54 
Board [6d 9h 6s 8c 2h]
Seat 1: radovan202 folded on the River
Seat 2: MAO_DZEDYN_S (button) folded before Flop (didn't bet)
Seat 3: joaquin612 (small blind) folded before Flop
Seat 4: Rysiff (big blind) folded before Flop
Seat 5: R.M.Farcas collected ($29.22)
Seat 6: Evelexy1 folded before Flop (didn't bet)



PokerStars Hand #254498190139:  Hold'em No Limit ($0.50/$1.00 USD) - 2025/01/22 13:25:46 WET [2025/01/22 8:25:46 ET]
Table 'Boliviana IV' 6-max Seat #3 is the button
Seat 1: radovan202 ($221.67 in chips) 
Seat 2: MAO_DZEDYN_S ($130.13 in chips) 
Seat 3: joaquin612 ($103.96 in chips) 
Seat 4: Rysiff ($118.68 in chips) 
Seat 5: R.M.Farcas ($130.83 in chips) 
Seat 6: Evelexy1 ($169.97 in chips) 
Rysiff: posts small blind $0.50
R.M.Farcas: posts big blind $1
*** HOLE CARDS ***
Evelexy1: folds 
radovan202: raises $1.50 to $2.50
MAO_DZEDYN_S: folds 
joaquin612: folds 
Rysiff: raises $9.50 to $12
R.M.Farcas: folds 
radovan202: calls $9.50
*** FLOP *** [Kc 2h Jh]
Rysiff: bets $11.88
radovan202: calls $11.88
*** TURN *** [Kc 2h Jh] [6c]
Rysiff: bets $23.16
radovan202: calls $23.16
*** RIVER *** [Kc 2h Jh 6c] [9h]
Rysiff: bets $71.64 and is all-in
radovan202: folds 
Uncalled bet ($71.64) returned to Rysiff
Rysiff collected $92.58 from pot
Rysiff: doesn't show hand 
*** SUMMARY ***
Total pot $95.08 | Rake $2.50 
Board [Kc 2h Jh 6c 9h]
Seat 1: radovan202 folded on the River
Seat 2: MAO_DZEDYN_S folded before Flop (didn't bet)
Seat 3: joaquin612 (button) folded before Flop (didn't bet)
Seat 4: Rysiff (small blind) collected ($92.58)
Seat 5: R.M.Farcas (big blind) folded before Flop
Seat 6: Evelexy1 folded before Flop (didn't bet)



PokerStars Hand #254498198218:  Hold'em No Limit ($0.50/$1.00 USD) - 2025/01/22 13:26:37 WET [2025/01/22 8:26:37 ET]
Table 'Boliviana IV' 6-max Seat #4 is the button
Seat 1: radovan202 ($174.63 in chips) 
Seat 2: MAO_DZEDYN_S ($130.13 in chips) 
Seat 3: joaquin612 ($103.96 in chips) 
Seat 4: Rysiff ($164.22 in chips) 
Seat 5: R.M.Farcas ($129.83 in chips) 
Seat 6: Evelexy1 ($169.97 in chips) 
R.M.Farcas: posts small blind $0.50
Evelexy1: posts big blind $1
*** HOLE CARDS ***
radovan202: raises $1 to $2
MAO_DZEDYN_S: folds 
joaquin612: folds 
Rysiff: folds 
R.M.Farcas: folds 
Evelexy1: calls $1
*** FLOP *** [2c Qc 5h]
Evelexy1: checks 
radovan202: checks 
*** TURN *** [2c Qc 5h] [Ts]
Evelexy1: checks 
radovan202: bets $2.14
Evelexy1: calls $2.14
*** RIVER *** [2c Qc 5h Ts] [2h]
Evelexy1: bets $2.78
radovan202: calls $2.78
*** SHOW DOWN ***
Evelexy1: shows [Tc Ad] (two pair, Tens and Deuces)
radovan202: mucks hand 
Evelexy1 collected $13.62 from pot
*** SUMMARY ***
Total pot $14.34 | Rake $0.72 
Board [2c Qc 5h Ts 2h]
Seat 1: radovan202 mucked
Seat 2: MAO_DZEDYN_S folded before Flop (didn't bet)
Seat 3: joaquin612 folded before Flop (didn't bet)
Seat 4: Rysiff (button) folded before Flop (didn't bet)
Seat 5: R.M.Farcas (small blind) folded before Flop
Seat 6: Evelexy1 (big blind) showed [Tc Ad] and won ($13.62) with two pair, Tens and Deuces



PokerStars Hand #254498201443:  Hold'em No Limit ($0.50/$1.00 USD) - 2025/01/22 13:26:57 WET [2025/01/22 8:26:57 ET]
Table 'Boliviana IV' 6-max Seat #5 is the button
Seat 1: radovan202 ($167.71 in chips) 
Seat 2: MAO_DZEDYN_S ($130.13 in chips) 
Seat 3: joaquin612 ($103.96 in chips) 
Seat 4: Rysiff ($164.22 in chips) 
Seat 5: R.M.Farcas ($129.33 in chips) 
Seat 6: Evelexy1 ($176.67 in chips) 
Evelexy1: posts small blind $0.50
radovan202: posts big blind $1
*** HOLE CARDS ***
MAO_DZEDYN_S: raises $1.25 to $2.25
joaquin612: folds 
Rysiff: folds 
R.M.Farcas: folds 
Evelexy1: folds 
radovan202: folds 
Uncalled bet ($1.25) returned to MAO_DZEDYN_S
MAO_DZEDYN_S collected $2.50 from pot
MAO_DZEDYN_S: doesn't show hand 
*** SUMMARY ***
Total pot $2.50 | Rake $0 
Seat 1: radovan202 (big blind) folded before Flop
Seat 2: MAO_DZEDYN_S collected ($2.50)
Seat 3: joaquin612 folded before Flop (didn't bet)
Seat 4: Rysiff folded before Flop (didn't bet)
Seat 5: R.M.Farcas (button) folded before Flop (didn't bet)
Seat 6: Evelexy1 (small blind) folded before Flop



PokerStars Hand #254498204824:  Hold'em No Limit ($0.50/$1.00 USD) - 2025/01/22 13:27:19 WET [2025/01/22 8:27:19 ET]
Table 'Boliviana IV' 6-max Seat #6 is the button
Seat 1: radovan202 ($166.71 in chips) 
Seat 2: MAO_DZEDYN_S ($131.63 in chips) 
Seat 3: joaquin612 ($103.96 in chips) 
Seat 4: Rysiff ($164.22 in chips) 
Seat 5: R.M.Farcas ($129.33 in chips) 
Seat 6: Evelexy1 ($176.17 in chips) 
radovan202: posts small blind $0.50
MAO_DZEDYN_S: posts big blind $1
*** HOLE CARDS ***
joaquin612: raises $1.50 to $2.50
Rysiff: folds 
R.M.Farcas: folds 
Evelexy1: folds 
radovan202: calls $2
MAO_DZEDYN_S: raises $11.68 to $14.18
joaquin612: folds 
radovan202: folds 
Uncalled bet ($11.68) returned to MAO_DZEDYN_S
MAO_DZEDYN_S collected $7.50 from pot
MAO_DZEDYN_S: doesn't show hand 
*** SUMMARY ***
Total pot $7.50 | Rake $0 
Seat 1: radovan202 (small blind) folded before Flop
Seat 2: MAO_DZEDYN_S (big blind) collected ($7.50)
Seat 3: joaquin612 folded before Flop
Seat 4: Rysiff folded before Flop (didn't bet)
Seat 5: R.M.Farcas folded before Flop (didn't bet)
Seat 6: Evelexy1 (button) folded before Flop (didn't bet)



PokerStars Hand #254498211773:  Hold'em No Limit ($0.50/$1.00 USD) - 2025/01/22 13:28:03 WET [2025/01/22 8:28:03 ET]
Table 'Boliviana IV' 6-max Seat #1 is the button
Seat 1: radovan202 ($164.21 in chips) 
Seat 2: MAO_DZEDYN_S ($136.63 in chips) 
Seat 3: joaquin612 ($101.46 in chips) 
Seat 4: Rysiff ($164.22 in chips) 
Seat 5: R.M.Farcas ($129.33 in chips) 
Seat 6: Evelexy1 ($176.17 in chips) 
MAO_DZEDYN_S: posts small blind $0.50
joaquin612: posts big blind $1
*** HOLE CARDS ***
Rysiff: folds 
R.M.Farcas: folds 
Evelexy1: folds 
radovan202: raises $2 to $3
MAO_DZEDYN_S: folds 
joaquin612: raises $13 to $16
radovan202: folds 
Uncalled bet ($13) returned to joaquin612
joaquin612 collected $6.50 from pot
joaquin612: doesn't show hand 
*** SUMMARY ***
Total pot $6.50 | Rake $0 
Seat 1: radovan202 (button) folded before Flop
Seat 2: MAO_DZEDYN_S (small blind) folded before Flop
Seat 3: joaquin612 (big blind) collected ($6.50)
Seat 4: Rysiff folded before Flop (didn't bet)
Seat 5: R.M.Farcas folded before Flop (didn't bet)
Seat 6: Evelexy1 folded before Flop (didn't bet)



PokerStars Hand #254498214309:  Hold'em No Limit ($0.50/$1.00 USD) - 2025/01/22 13:28:18 WET [2025/01/22 8:28:18 ET]
Table 'Boliviana IV' 6-max Seat #2 is the button
Seat 1: radovan202 ($161.21 in chips) 
Seat 2: MAO_DZEDYN_S ($136.13 in chips) 
Seat 3: joaquin612 ($104.96 in chips) 
Seat 4: Rysiff ($164.22 in chips) 
Seat 5: R.M.Farcas ($129.33 in chips) 
Seat 6: Evelexy1 ($176.17 in chips) 
joaquin612: posts small blind $0.50
Rysiff: posts big blind $1
*** HOLE CARDS ***
R.M.Farcas: folds 
Evelexy1: folds 
radovan202: raises $1.50 to $2.50
MAO_DZEDYN_S: folds 
joaquin612: folds 
Rysiff: calls $1.50
*** FLOP *** [Ac 2c 8h]
Rysiff: checks 
radovan202: checks 
*** TURN *** [Ac 2c 8h] [Qh]
Rysiff: bets $4.18
radovan202: raises $6.18 to $10.36
Rysiff: calls $6.18
*** RIVER *** [Ac 2c 8h Qh] [6s]
Rysiff: checks 
radovan202: bets $12.22
Rysiff: folds 
Uncalled bet ($12.22) returned to radovan202
radovan202 collected $24.91 from pot
radovan202: doesn't show hand 
*** SUMMARY ***
Total pot $26.22 | Rake $1.31 
Board [Ac 2c 8h Qh 6s]
Seat 1: radovan202 collected ($24.91)
Seat 2: MAO_DZEDYN_S (button) folded before Flop (didn't bet)
Seat 3: joaquin612 (small blind) folded before Flop
Seat 4: Rysiff (big blind) folded on the River
Seat 5: R.M.Farcas folded before Flop (didn't bet)
Seat 6: Evelexy1 folded before Flop (didn't bet)



PokerStars Hand #254498222338:  Hold'em No Limit ($0.50/$1.00 USD) - 2025/01/22 13:29:08 WET [2025/01/22 8:29:08 ET]
Table 'Boliviana IV' 6-max Seat #3 is the button
Seat 1: radovan202 ($173.26 in chips) 
Seat 2: MAO_DZEDYN_S ($136.13 in chips) 
Seat 3: joaquin612 ($104.46 in chips) 
Seat 4: Rysiff ($151.36 in chips) 
Seat 5: R.M.Farcas ($129.33 in chips) 
Seat 6: Evelexy1 ($176.17 in chips) 
Rysiff: posts small blind $0.50
R.M.Farcas: posts big blind $1
*** HOLE CARDS ***
Evelexy1: folds 
radovan202: raises $1.50 to $2.50
MAO_DZEDYN_S: folds 
joaquin612: folds 
Rysiff: folds 
R.M.Farcas: calls $1.50
*** FLOP *** [8h 9c 6d]
R.M.Farcas: checks 
radovan202: checks 
*** TURN *** [8h 9c 6d] [5d]
R.M.Farcas: checks 
radovan202: bets $3.92
R.M.Farcas: calls $3.92
*** RIVER *** [8h 9c 6d 5d] [4d]
R.M.Farcas: checks 
radovan202: bets $9.50
R.M.Farcas: folds 
Uncalled bet ($9.50) returned to radovan202
radovan202 collected $12.67 from pot
radovan202: doesn't show hand 
*** SUMMARY ***
Total pot $13.34 | Rake $0.67 
Board [8h 9c 6d 5d 4d]
Seat 1: radovan202 collected ($12.67)
Seat 2: MAO_DZEDYN_S folded before Flop (didn't bet)
Seat 3: joaquin612 (button) folded before Flop (didn't bet)
Seat 4: Rysiff (small blind) folded before Flop
Seat 5: R.M.Farcas (big blind) folded on the River
Seat 6: Evelexy1 folded before Flop (didn't bet)



PokerStars Hand #254498226266:  Hold'em No Limit ($0.50/$1.00 USD) - 2025/01/22 13:29:32 WET [2025/01/22 8:29:32 ET]
Table 'Boliviana IV' 6-max Seat #4 is the button
Seat 1: radovan202 ($179.51 in chips) 
Seat 2: MAO_DZEDYN_S ($136.13 in chips) 
Seat 3: joaquin612 ($104.46 in chips) 
Seat 4: Rysiff ($150.86 in chips) 
Seat 5: R.M.Farcas ($122.91 in chips) 
Seat 6: Evelexy1 ($176.17 in chips) 
R.M.Farcas: posts small blind $0.50
Evelexy1: posts big blind $1
*** HOLE CARDS ***
radovan202: folds 
MAO_DZEDYN_S: folds 
joaquin612: folds 
Rysiff: raises $1.50 to $2.50
R.M.Farcas: folds 
Evelexy1: calls $1.50
*** FLOP *** [Th 8c 4s]
Evelexy1: checks 
Rysiff: bets $1.72
Evelexy1: folds 
Uncalled bet ($1.72) returned to Rysiff
Rysiff collected $5.22 from pot
Rysiff: doesn't show hand 
*** SUMMARY ***
Total pot $5.50 | Rake $0.28 
Board [Th 8c 4s]
Seat 1: radovan202 folded before Flop (didn't bet)
Seat 2: MAO_DZEDYN_S folded before Flop (didn't bet)
Seat 3: joaquin612 folded before Flop (didn't bet)
Seat 4: Rysiff (button) collected ($5.22)
Seat 5: R.M.Farcas (small blind) folded before Flop
Seat 6: Evelexy1 (big blind) folded on the Flop



PokerStars Hand #254498231716:  Hold'em No Limit ($0.50/$1.00 USD) - 2025/01/22 13:30:05 WET [2025/01/22 8:30:05 ET]
Table 'Boliviana IV' 6-max Seat #5 is the button
Seat 1: radovan202 ($179.51 in chips) 
Seat 2: MAO_DZEDYN_S ($136.13 in chips) 
Seat 3: joaquin612 ($104.46 in chips) 
Seat 4: Rysiff ($153.58 in chips) 
Seat 5: R.M.Farcas ($122.41 in chips) 
Seat 6: Evelexy1 ($173.67 in chips) 
Evelexy1: posts small blind $0.50
radovan202: posts big blind $1
*** HOLE CARDS ***
MAO_DZEDYN_S: folds 
joaquin612: folds 
Rysiff: raises $1.50 to $2.50
R.M.Farcas: folds 
Evelexy1: folds 
radovan202: calls $1.50
*** FLOP *** [4d Qs Js]
radovan202: checks 
Rysiff: bets $5
radovan202: folds 
Uncalled bet ($5) returned to Rysiff
Rysiff collected $5.22 from pot
Rysiff: doesn't show hand 
*** SUMMARY ***
Total pot $5.50 | Rake $0.28 
Board [4d Qs Js]
Seat 1: radovan202 (big blind) folded on the Flop
Seat 2: MAO_DZEDYN_S folded before Flop (didn't bet)
Seat 3: joaquin612 folded before Flop (didn't bet)
Seat 4: Rysiff collected ($5.22)
Seat 5: R.M.Farcas (button) folded before Flop (didn't bet)
Seat 6: Evelexy1 (small blind) folded before Flop



PokerStars Hand #254498236352:  Hold'em No Limit ($0.50/$1.00 USD) - 2025/01/22 13:30:33 WET [2025/01/22 8:30:33 ET]
Table 'Boliviana IV' 6-max Seat #6 is the button
Seat 1: radovan202 ($177.01 in chips) 
Seat 2: MAO_DZEDYN_S ($136.13 in chips) 
Seat 3: joaquin612 ($104.46 in chips) 
Seat 4: Rysiff ($156.30 in chips) 
Seat 5: R.M.Farcas ($122.41 in chips) 
Seat 6: Evelexy1 ($173.17 in chips) 
radovan202: posts small blind $0.50
MAO_DZEDYN_S: posts big blind $1
*** HOLE CARDS ***
joaquin612: folds 
Rysiff: folds 
R.M.Farcas: raises $1.50 to $2.50
Evelexy1: raises $5 to $7.50
radovan202: folds 
MAO_DZEDYN_S: folds 
R.M.Farcas: raises $16.50 to $24
Evelexy1: folds 
Uncalled bet ($16.50) returned to R.M.Farcas
R.M.Farcas collected $16.50 from pot
R.M.Farcas: doesn't show hand 
*** SUMMARY ***
Total pot $16.50 | Rake $0 
Seat 1: radovan202 (small blind) folded before Flop
Seat 2: MAO_DZEDYN_S (big blind) folded before Flop
Seat 3: joaquin612 folded before Flop (didn't bet)
Seat 4: Rysiff folded before Flop (didn't bet)
Seat 5: R.M.Farcas collected ($16.50)
Seat 6: Evelexy1 (button) folded before Flop



PokerStars Hand #254498241421:  Hold'em No Limit ($0.50/$1.00 USD) - 2025/01/22 13:31:04 WET [2025/01/22 8:31:04 ET]
Table 'Boliviana IV' 6-max Seat #1 is the button
Seat 1: radovan202 ($176.51 in chips) 
Seat 2: MAO_DZEDYN_S ($135.13 in chips) 
Seat 3: joaquin612 ($104.46 in chips) 
Seat 4: Rysiff ($156.30 in chips) 
Seat 5: R.M.Farcas ($131.41 in chips) 
Seat 6: Evelexy1 ($165.67 in chips) 
MAO_DZEDYN_S: posts small blind $0.50
joaquin612: posts big blind $1
*** HOLE CARDS ***
Rysiff: folds 
R.M.Farcas: folds 
Evelexy1: folds 
radovan202: folds 
MAO_DZEDYN_S: raises $2 to $3
joaquin612: folds 
Uncalled bet ($2) returned to MAO_DZEDYN_S
MAO_DZEDYN_S collected $2 from pot
MAO_DZEDYN_S: doesn't show hand 
*** SUMMARY ***
Total pot $2 | Rake $0 
Seat 1: radovan202 (button) folded before Flop (didn't bet)
Seat 2: MAO_DZEDYN_S (small blind) collected ($2)
Seat 3: joaquin612 (big blind) folded before Flop
Seat 4: Rysiff folded before Flop (didn't bet)
Seat 5: R.M.Farcas folded before Flop (didn't bet)
Seat 6: Evelexy1 folded before Flop (didn't bet)



PokerStars Hand #254498244230:  Hold'em No Limit ($0.50/$1.00 USD) - 2025/01/22 13:31:21 WET [2025/01/22 8:31:21 ET]
Table 'Boliviana IV' 6-max Seat #2 is the button
Seat 1: radovan202 ($176.51 in chips) 
Seat 2: MAO_DZEDYN_S ($136.13 in chips) 
Seat 3: joaquin612 ($103.46 in chips) 
Seat 4: Rysiff ($156.30 in chips) 
Seat 5: R.M.Farcas ($131.41 in chips) 
Seat 6: Evelexy1 ($165.67 in chips) 
joaquin612: posts small blind $0.50
Rysiff: posts big blind $1
*** HOLE CARDS ***
R.M.Farcas: folds 
Evelexy1: folds 
radovan202: raises $1.50 to $2.50
MAO_DZEDYN_S: folds 
joaquin612: folds 
Rysiff: folds 
Uncalled bet ($1.50) returned to radovan202
radovan202 collected $2.50 from pot
radovan202: doesn't show hand 
*** SUMMARY ***
Total pot $2.50 | Rake $0 
Seat 1: radovan202 collected ($2.50)
Seat 2: MAO_DZEDYN_S (button) folded before Flop (didn't bet)
Seat 3: joaquin612 (small blind) folded before Flop
Seat 4: Rysiff (big blind) folded before Flop
Seat 5: R.M.Farcas folded before Flop (didn't bet)
Seat 6: Evelexy1 folded before Flop (didn't bet)



PokerStars Hand #254498247513:  Hold'em No Limit ($0.50/$1.00 USD) - 2025/01/22 13:31:41 WET [2025/01/22 8:31:41 ET]
Table 'Boliviana IV' 6-max Seat #3 is the button
Seat 1: radovan202 ($178.01 in chips) 
Seat 2: MAO_DZEDYN_S ($136.13 in chips) 
Seat 3: joaquin612 ($102.96 in chips) 
Seat 4: Rysiff ($155.30 in chips) 
Seat 5: R.M.Farcas ($131.41 in chips) 
Seat 6: Evelexy1 ($165.67 in chips) 
Rysiff: posts small blind $0.50
R.M.Farcas: posts big blind $1
*** HOLE CARDS ***
Evelexy1: folds 
radovan202: raises $1.50 to $2.50
MAO_DZEDYN_S: folds 
joaquin612: folds 
Rysiff: raises $7.50 to $10
R.M.Farcas: folds 
radovan202: folds 
Uncalled bet ($7.50) returned to Rysiff
Rysiff collected $6 from pot
Rysiff: doesn't show hand 
*** SUMMARY ***
Total pot $6 | Rake $0 
Seat 1: radovan202 folded before Flop
Seat 2: MAO_DZEDYN_S folded before Flop (didn't bet)
Seat 3: joaquin612 (button) folded before Flop (didn't bet)
Seat 4: Rysiff (small blind) collected ($6)
Seat 5: R.M.Farcas (big blind) folded before Flop
Seat 6: Evelexy1 folded before Flop (didn't bet)



PokerStars Hand #254498251418:  Hold'em No Limit ($0.50/$1.00 USD) - 2025/01/22 13:32:04 WET [2025/01/22 8:32:04 ET]
Table 'Boliviana IV' 6-max Seat #4 is the button
Seat 1: radovan202 ($175.51 in chips) 
Seat 2: MAO_DZEDYN_S ($136.13 in chips) 
Seat 3: joaquin612 ($102.96 in chips) 
Seat 4: Rysiff ($158.80 in chips) 
Seat 5: R.M.Farcas ($130.41 in chips) 
Seat 6: Evelexy1 ($165.67 in chips) 
R.M.Farcas: posts small blind $0.50
Evelexy1: posts big blind $1
*** HOLE CARDS ***
radovan202: folds 
MAO_DZEDYN_S: folds 
joaquin612: folds 
Rysiff: folds 
R.M.Farcas: raises $2 to $3
Evelexy1: folds 
Uncalled bet ($2) returned to R.M.Farcas
R.M.Farcas collected $2 from pot
R.M.Farcas: doesn't show hand 
*** SUMMARY ***
Total pot $2 | Rake $0 
Seat 1: radovan202 folded before Flop (didn't bet)
Seat 2: MAO_DZEDYN_S folded before Flop (didn't bet)
Seat 3: joaquin612 folded before Flop (didn't bet)
Seat 4: Rysiff (button) folded before Flop (didn't bet)
Seat 5: R.M.Farcas (small blind) collected ($2)
Seat 6: Evelexy1 (big blind) folded before Flop



PokerStars Hand #254498254514:  Hold'em No Limit ($0.50/$1.00 USD) - 2025/01/22 13:32:23 WET [2025/01/22 8:32:23 ET]
Table 'Boliviana IV' 6-max Seat #5 is the button
Seat 1: radovan202 ($175.51 in chips) 
Seat 2: MAO_DZEDYN_S ($136.13 in chips) 
Seat 3: joaquin612 ($102.96 in chips) 
Seat 4: Rysiff ($158.80 in chips) 
Seat 5: R.M.Farcas ($131.41 in chips) 
Seat 6: Evelexy1 ($164.67 in chips) 
Evelexy1: posts small blind $0.50
radovan202: posts big blind $1
*** HOLE CARDS ***
MAO_DZEDYN_S: folds 
joaquin612: folds 
Rysiff: folds 
R.M.Farcas: folds 
Evelexy1: raises $2 to $3
radovan202: calls $2
*** FLOP *** [Td 6h As]
Evelexy1: bets $1.90
radovan202: calls $1.90
*** TURN *** [Td 6h As] [3c]
Evelexy1: checks 
radovan202: bets $3.07
Evelexy1: folds 
Uncalled bet ($3.07) returned to radovan202
radovan202 collected $9.31 from pot
radovan202: doesn't show hand 
*** SUMMARY ***
Total pot $9.80 | Rake $0.49 
Board [Td 6h As 3c]
Seat 1: radovan202 (big blind) collected ($9.31)
Seat 2: MAO_DZEDYN_S folded before Flop (didn't bet)
Seat 3: joaquin612 folded before Flop (didn't bet)
Seat 4: Rysiff folded before Flop (didn't bet)
Seat 5: R.M.Farcas (button) folded before Flop (didn't bet)
Seat 6: Evelexy1 (small blind) folded on the Turn



PokerStars Hand #254498258418:  Hold'em No Limit ($0.50/$1.00 USD) - 2025/01/22 13:32:46 WET [2025/01/22 8:32:46 ET]
Table 'Boliviana IV' 6-max Seat #6 is the button
Seat 1: radovan202 ($179.92 in chips) 
Seat 2: MAO_DZEDYN_S ($136.13 in chips) 
Seat 3: joaquin612 ($102.96 in chips) 
Seat 4: Rysiff ($158.80 in chips) 
Seat 5: R.M.Farcas ($131.41 in chips) 
Seat 6: Evelexy1 ($159.77 in chips) 
radovan202: posts small blind $0.50
MAO_DZEDYN_S: posts big blind $1
*** HOLE CARDS ***
joaquin612: raises $1.50 to $2.50
Rysiff: folds 
R.M.Farcas: folds 
Evelexy1: folds 
radovan202: calls $2
MAO_DZEDYN_S: calls $1.50
*** FLOP *** [2d 5s 2c]
radovan202: checks 
MAO_DZEDYN_S: checks 
joaquin612: checks 
*** TURN *** [2d 5s 2c] [9d]
radovan202: checks 
MAO_DZEDYN_S: bets $5.34
joaquin612: folds 
radovan202: calls $5.34
*** RIVER *** [2d 5s 2c 9d] [Qs]
radovan202: checks 
MAO_DZEDYN_S: bets $8.74
radovan202: calls $8.74
*** SHOW DOWN ***
MAO_DZEDYN_S: shows [9s As] (two pair, Nines and Deuces)
radovan202: mucks hand 
MAO_DZEDYN_S collected $33.88 from pot
*** SUMMARY ***
Total pot $35.66 | Rake $1.78 
Board [2d 5s 2c 9d Qs]
Seat 1: radovan202 (small blind) mucked
Seat 2: MAO_DZEDYN_S (big blind) showed [9s As] and won ($33.88) with two pair, Nines and Deuces
Seat 3: joaquin612 folded on the Turn
Seat 4: Rysiff folded before Flop (didn't bet)
Seat 5: R.M.Farcas folded before Flop (didn't bet)
Seat 6: Evelexy1 (button) folded before Flop (didn't bet)



PokerStars Hand #254498270653:  Hold'em No Limit ($0.50/$1.00 USD) - 2025/01/22 13:33:58 WET [2025/01/22 8:33:58 ET]
Table 'Boliviana IV' 6-max Seat #1 is the button
Seat 1: radovan202 ($163.34 in chips) 
Seat 2: MAO_DZEDYN_S ($153.43 in chips) 
Seat 3: joaquin612 ($100.46 in chips) 
Seat 4: Rysiff ($158.80 in chips) 
Seat 5: R.M.Farcas ($131.41 in chips) 
Seat 6: Evelexy1 ($159.77 in chips) 
MAO_DZEDYN_S: posts small blind $0.50
joaquin612: posts big blind $1
*** HOLE CARDS ***
Rysiff: raises $1.50 to $2.50
R.M.Farcas: folds 
Evelexy1: folds 
radovan202: folds 
MAO_DZEDYN_S: folds 
joaquin612: calls $1.50
*** FLOP *** [4h 4s 9h]
joaquin612: checks 
Rysiff: bets $2.61
joaquin612: folds 
Uncalled bet ($2.61) returned to Rysiff
Rysiff collected $5.22 from pot
Rysiff: doesn't show hand 
*** SUMMARY ***
Total pot $5.50 | Rake $0.28 
Board [4h 4s 9h]
Seat 1: radovan202 (button) folded before Flop (didn't bet)
Seat 2: MAO_DZEDYN_S (small blind) folded before Flop
Seat 3: joaquin612 (big blind) folded on the Flop
Seat 4: Rysiff collected ($5.22)
Seat 5: R.M.Farcas folded before Flop (didn't bet)
Seat 6: Evelexy1 folded before Flop (didn't bet)



PokerStars Hand #254498274237:  Hold'em No Limit ($0.50/$1.00 USD) - 2025/01/22 13:34:19 WET [2025/01/22 8:34:19 ET]
Table 'Boliviana IV' 6-max Seat #2 is the button
Seat 1: radovan202 ($163.34 in chips) 
Seat 2: MAO_DZEDYN_S ($152.93 in chips) 
Seat 3: joaquin612 ($100 in chips) 
Seat 4: Rysiff ($161.52 in chips) 
Seat 5: R.M.Farcas ($131.41 in chips) 
Seat 6: Evelexy1 ($159.77 in chips) 
joaquin612: posts small blind $0.50
Rysiff: posts big blind $1
*** HOLE CARDS ***
R.M.Farcas: folds 
Evelexy1: folds 
radovan202: raises $1.50 to $2.50
MAO_DZEDYN_S: folds 
joaquin612: folds 
Rysiff: folds 
Uncalled bet ($1.50) returned to radovan202
radovan202 collected $2.50 from pot
radovan202: doesn't show hand 
*** SUMMARY ***
Total pot $2.50 | Rake $0 
Seat 1: radovan202 collected ($2.50)
Seat 2: MAO_DZEDYN_S (button) folded before Flop (didn't bet)
Seat 3: joaquin612 (small blind) folded before Flop
Seat 4: Rysiff (big blind) folded before Flop
Seat 5: R.M.Farcas folded before Flop (didn't bet)
Seat 6: Evelexy1 folded before Flop (didn't bet)



PokerStars Hand #254498277155:  Hold'em No Limit ($0.50/$1.00 USD) - 2025/01/22 13:34:36 WET [2025/01/22 8:34:36 ET]
Table 'Boliviana IV' 6-max Seat #3 is the button
Seat 1: radovan202 ($164.84 in chips) 
Seat 2: MAO_DZEDYN_S ($152.93 in chips) 
Seat 3: joaquin612 ($100 in chips) 
Seat 4: Rysiff ($160.52 in chips) 
Seat 5: R.M.Farcas ($131.41 in chips) 
Seat 6: Evelexy1 ($159.77 in chips) 
Rysiff: posts small blind $0.50
R.M.Farcas: posts big blind $1
*** HOLE CARDS ***
Evelexy1: folds 
radovan202: raises $1.50 to $2.50
MAO_DZEDYN_S: raises $5 to $7.50
joaquin612: folds 
Rysiff: folds 
R.M.Farcas: folds 
radovan202: calls $5
*** FLOP *** [4c 6h Kc]
radovan202: checks 
MAO_DZEDYN_S: bets $4.70
radovan202: calls $4.70
*** TURN *** [4c 6h Kc] [9s]
radovan202: checks 
MAO_DZEDYN_S: checks 
*** RIVER *** [4c 6h Kc 9s] [8h]
radovan202: checks 
MAO_DZEDYN_S: checks 
*** SHOW DOWN ***
radovan202: shows [5c As] (high card Ace)
MAO_DZEDYN_S: shows [9d Jd] (a pair of Nines)
MAO_DZEDYN_S collected $24.60 from pot
*** SUMMARY ***
Total pot $25.90 | Rake $1.30 
Board [4c 6h Kc 9s 8h]
Seat 1: radovan202 showed [5c As] and lost with high card Ace
Seat 2: MAO_DZEDYN_S showed [9d Jd] and won ($24.60) with a pair of Nines
Seat 3: joaquin612 (button) folded before Flop (didn't bet)
Seat 4: Rysiff (small blind) folded before Flop
Seat 5: R.M.Farcas (big blind) folded before Flop
Seat 6: Evelexy1 folded before Flop (didn't bet)



PokerStars Hand #254498285760:  Hold'em No Limit ($0.50/$1.00 USD) - 2025/01/22 13:35:25 WET [2025/01/22 8:35:25 ET]
Table 'Boliviana IV' 6-max Seat #4 is the button
Seat 1: radovan202 ($152.64 in chips) 
Seat 2: MAO_DZEDYN_S ($165.33 in chips) 
Seat 3: joaquin612 ($100 in chips) 
Seat 4: Rysiff ($160.02 in chips) 
Seat 5: R.M.Farcas ($130.41 in chips) 
Seat 6: Evelexy1 ($159.77 in chips) 
R.M.Farcas: posts small blind $0.50
Evelexy1: posts big blind $1
*** HOLE CARDS ***
radovan202: raises $1 to $2
MAO_DZEDYN_S: raises $5.50 to $7.50
joaquin612: folds 
Rysiff: folds 
R.M.Farcas: folds 
Evelexy1: folds 
radovan202: calls $5.50
*** FLOP *** [4d Tc 2h]
radovan202: checks 
MAO_DZEDYN_S: bets $4.70
radovan202: calls $4.70
*** TURN *** [4d Tc 2h] [7c]
radovan202: checks 
MAO_DZEDYN_S: checks 
*** RIVER *** [4d Tc 2h 7c] [As]
radovan202: bets $14.30
MAO_DZEDYN_S: calls $14.30
*** SHOW DOWN ***
radovan202: shows [Kc 9h] (high card Ace)
MAO_DZEDYN_S: shows [Ah Ks] (a pair of Aces)
MAO_DZEDYN_S collected $52 from pot
*** SUMMARY ***
Total pot $54.50 | Rake $2.50 
Board [4d Tc 2h 7c As]
Seat 1: radovan202 showed [Kc 9h] and lost with high card Ace
Seat 2: MAO_DZEDYN_S showed [Ah Ks] and won ($52) with a pair of Aces
Seat 3: joaquin612 folded before Flop (didn't bet)
Seat 4: Rysiff (button) folded before Flop (didn't bet)
Seat 5: R.M.Farcas (small blind) folded before Flop
Seat 6: Evelexy1 (big blind) folded before Flop



PokerStars Hand #254498297751:  Hold'em No Limit ($0.50/$1.00 USD) - 2025/01/22 13:36:35 WET [2025/01/22 8:36:35 ET]
Table 'Boliviana IV' 6-max Seat #5 is the button
Seat 1: radovan202 ($126.14 in chips) 
Seat 2: MAO_DZEDYN_S ($190.83 in chips) 
Seat 3: joaquin612 ($100 in chips) 
Seat 4: Rysiff ($160.02 in chips) 
Seat 5: R.M.Farcas ($129.91 in chips) 
Seat 6: Evelexy1 ($158.77 in chips) 
Evelexy1: posts small blind $0.50
radovan202: posts big blind $1
*** HOLE CARDS ***
MAO_DZEDYN_S: folds 
joaquin612: folds 
Rysiff: folds 
R.M.Farcas: folds 
Evelexy1: folds 
Uncalled bet ($0.50) returned to radovan202
radovan202 collected $1 from pot
radovan202: doesn't show hand 
*** SUMMARY ***
Total pot $1 | Rake $0 
Seat 1: radovan202 (big blind) collected ($1)
Seat 2: MAO_DZEDYN_S folded before Flop (didn't bet)
Seat 3: joaquin612 folded before Flop (didn't bet)
Seat 4: Rysiff folded before Flop (didn't bet)
Seat 5: R.M.Farcas (button) folded before Flop (didn't bet)
Seat 6: Evelexy1 (small blind) folded before Flop



PokerStars Hand #254498299537:  Hold'em No Limit ($0.50/$1.00 USD) - 2025/01/22 13:36:45 WET [2025/01/22 8:36:45 ET]
Table 'Boliviana IV' 6-max Seat #6 is the button
Seat 1: radovan202 ($126.64 in chips) 
Seat 2: MAO_DZEDYN_S ($190.83 in chips) 
Seat 3: joaquin612 ($100 in chips) 
Seat 4: Rysiff ($160.02 in chips) 
Seat 5: R.M.Farcas ($129.91 in chips) 
Seat 6: Evelexy1 ($158.27 in chips) 
radovan202: posts small blind $0.50
MAO_DZEDYN_S: posts big blind $1
*** HOLE CARDS ***
joaquin612: folds 
Rysiff has timed out
Rysiff: folds 
R.M.Farcas: folds 
Evelexy1: raises $1.50 to $2.50
radovan202: calls $2
MAO_DZEDYN_S: folds 
*** FLOP *** [4c Qc 6d]
radovan202: checks 
Evelexy1: bets $2.85
radovan202: calls $2.85
*** TURN *** [4c Qc 6d] [Qd]
radovan202: bets $9.56
Evelexy1: calls $9.56
*** RIVER *** [4c Qc 6d Qd] [8d]
radovan202: bets $14.64
Evelexy1: calls $14.64
*** SHOW DOWN ***
radovan202: shows [7c Tc] (a pair of Queens)
Evelexy1: shows [Th Qh] (three of a kind, Queens)
Evelexy1 collected $57.60 from pot
*** SUMMARY ***
Total pot $60.10 | Rake $2.50 
Board [4c Qc 6d Qd 8d]
Seat 1: radovan202 (small blind) showed [7c Tc] and lost with a pair of Queens
Seat 2: MAO_DZEDYN_S (big blind) folded before Flop
Seat 3: joaquin612 folded before Flop (didn't bet)
Seat 4: Rysiff folded before Flop (didn't bet)
Seat 5: R.M.Farcas folded before Flop (didn't bet)
Seat 6: Evelexy1 (button) showed [Th Qh] and won ($57.60) with three of a kind, Queens



PokerStars Hand #254498306492:  Hold'em No Limit ($0.50/$1.00 USD) - 2025/01/22 13:37:25 WET [2025/01/22 8:37:25 ET]
Table 'Boliviana IV' 6-max Seat #1 is the button
Seat 1: radovan202 ($97.09 in chips) 
Seat 2: MAO_DZEDYN_S ($189.83 in chips) 
Seat 3: joaquin612 ($100 in chips) 
Seat 4: Rysiff ($160.02 in chips) 
Seat 5: R.M.Farcas ($129.91 in chips) 
Seat 6: Evelexy1 ($186.32 in chips) 
MAO_DZEDYN_S: posts small blind $0.50
joaquin612: posts big blind $1
*** HOLE CARDS ***
Rysiff: folds 
R.M.Farcas: folds 
Evelexy1: folds 
radovan202: folds 
MAO_DZEDYN_S: raises $2 to $3
radovan202 leaves the table
joaquin612: calls $2
*** FLOP *** [Kh Kc 7h]
MAO_DZEDYN_S: bets $1.71
joaquin612: calls $1.71
*** TURN *** [Kh Kc 7h] [8h]
Evelexy1 leaves the table
MAO_DZEDYN_S: checks 
joaquin612: bets $2.95
MAO_DZEDYN_S: folds 
Uncalled bet ($2.95) returned to joaquin612
joaquin612 collected $8.95 from pot
joaquin612: doesn't show hand 
*** SUMMARY ***
Total pot $9.42 | Rake $0.47 
Board [Kh Kc 7h 8h]
Seat 1: radovan202 (button) folded before Flop (didn't bet)
Seat 2: MAO_DZEDYN_S (small blind) folded on the Turn
Seat 3: joaquin612 (big blind) collected ($8.95)
Seat 4: Rysiff folded before Flop (didn't bet)
Seat 5: R.M.Farcas folded before Flop (didn't bet)
Seat 6: Evelexy1 folded before Flop (didn't bet)



PokerStars Hand #254498314476:  Hold'em No Limit ($0.50/$1.00 USD) - 2025/01/22 13:38:11 WET [2025/01/22 8:38:11 ET]
Table 'Boliviana IV' 6-max Seat #2 is the button
Seat 2: MAO_DZEDYN_S ($185.12 in chips) 
Seat 3: joaquin612 ($104.24 in chips) 
Seat 4: Rysiff ($160.02 in chips) 
Seat 5: R.M.Farcas ($129.91 in chips) 
joaquin612: posts small blind $0.50
Rysiff: posts big blind $1
*** HOLE CARDS ***
R.M.Farcas: folds 
takeaway man28 joins the table at seat #6 
takeaway man28 is disconnected 
MAO_DZEDYN_S: raises $1.50 to $2.50
CaHek-Ty3 joins the table at seat #1 
joaquin612: folds 
Rysiff: folds 
Uncalled bet ($1.50) returned to MAO_DZEDYN_S
MAO_DZEDYN_S collected $2.50 from pot
MAO_DZEDYN_S: doesn't show hand 
*** SUMMARY ***
Total pot $2.50 | Rake $0 
Seat 2: MAO_DZEDYN_S (button) collected ($2.50)
Seat 3: joaquin612 (small blind) folded before Flop
Seat 4: Rysiff (big blind) folded before Flop
Seat 5: R.M.Farcas folded before Flop (didn't bet)



PokerStars Hand #254498318544:  Hold'em No Limit ($0.50/$1.00 USD) - 2025/01/22 13:38:34 WET [2025/01/22 8:38:34 ET]
Table 'Boliviana IV' 6-max Seat #3 is the button
Seat 1: CaHek-Ty3 ($100 in chips) is sitting out
Seat 6: takeaway man28 ($50.62 in chips) is sitting out
Seat 2: MAO_DZEDYN_S ($186.62 in chips) 
Seat 3: joaquin612 ($103.74 in chips) 
Seat 4: Rysiff ($159.02 in chips) 
Seat 5: R.M.Farcas ($129.91 in chips) 
Rysiff: posts small blind $0.50
R.M.Farcas: posts big blind $1
takeaway man28: sits out 
CaHek-Ty3: sits out 
*** HOLE CARDS ***
MAO_DZEDYN_S: folds 
joaquin612: raises $1.50 to $2.50
Rysiff: folds 
R.M.Farcas: calls $1.50
*** FLOP *** [9s 7d 2c]
R.M.Farcas: checks 
joaquin612: bets $2.61
R.M.Farcas: folds 
Uncalled bet ($2.61) returned to joaquin612
joaquin612 collected $5.22 from pot
joaquin612: doesn't show hand 
*** SUMMARY ***
Total pot $5.50 | Rake $0.28 
Board [9s 7d 2c]
Seat 1: CaHek-Ty3
Seat 6: takeaway man28
Seat 2: MAO_DZEDYN_S folded before Flop (didn't bet)
Seat 3: joaquin612 (button) collected ($5.22)
Seat 4: Rysiff (small blind) folded before Flop
Seat 5: R.M.Farcas (big blind) folded on the Flop



PokerStars Hand #254498323816:  Hold'em No Limit ($0.50/$1.00 USD) - 2025/01/22 13:39:05 WET [2025/01/22 8:39:05 ET]
Table 'Boliviana IV' 6-max Seat #4 is the button
Seat 1: CaHek-Ty3 ($100 in chips) is sitting out
Seat 2: MAO_DZEDYN_S ($186.62 in chips) 
Seat 3: joaquin612 ($106.46 in chips) 
Seat 4: Rysiff ($158.52 in chips) 
Seat 5: R.M.Farcas ($127.41 in chips) 
Seat 6: takeaway man28 ($50.62 in chips) 
R.M.Farcas: posts small blind $0.50
takeaway man28: posts big blind $1
CaHek-Ty3: sits out 
*** HOLE CARDS ***
MAO_DZEDYN_S: raises $1.25 to $2.25
joaquin612: folds 
Rysiff: folds 
R.M.Farcas: folds 
takeaway man28: folds 
Uncalled bet ($1.25) returned to MAO_DZEDYN_S
MAO_DZEDYN_S collected $2.50 from pot
MAO_DZEDYN_S: doesn't show hand 
*** SUMMARY ***
Total pot $2.50 | Rake $0 
Seat 1: CaHek-Ty3
Seat 2: MAO_DZEDYN_S collected ($2.50)
Seat 3: joaquin612 folded before Flop (didn't bet)
Seat 4: Rysiff (button) folded before Flop (didn't bet)
Seat 5: R.M.Farcas (small blind) folded before Flop
Seat 6: takeaway man28 (big blind) folded before Flop



PokerStars Hand #254498325848:  Hold'em No Limit ($0.50/$1.00 USD) - 2025/01/22 13:39:16 WET [2025/01/22 8:39:16 ET]
Table 'Boliviana IV' 6-max Seat #5 is the button
Seat 1: CaHek-Ty3 ($100 in chips) 
Seat 2: MAO_DZEDYN_S ($188.12 in chips) 
Seat 3: joaquin612 ($106.46 in chips) 
Seat 4: Rysiff ($158.52 in chips) 
Seat 5: R.M.Farcas ($126.91 in chips) 
Seat 6: takeaway man28 ($49.62 in chips) 
takeaway man28: posts small blind $0.50
CaHek-Ty3: posts big blind $1
*** HOLE CARDS ***
MAO_DZEDYN_S: folds 
joaquin612: folds 
Rysiff: folds 
MAO_DZEDYN_S leaves the table
R.M.Farcas: raises $1.50 to $2.50
takeaway man28: calls $2
CaHek-Ty3: calls $1.50
*** FLOP *** [4h Ks 3s]
Joe_Li7 joins the table at seat #2 
takeaway man28: checks 
CaHek-Ty3: checks 
R.M.Farcas: checks 
*** TURN *** [4h Ks 3s] [6h]
takeaway man28: bets $3.56
CaHek-Ty3: calls $3.56
R.M.Farcas: folds 
*** RIVER *** [4h Ks 3s 6h] [6d]
takeaway man28: bets $6.95
Rysiff leaves the table
CaHek-Ty3: folds 
Uncalled bet ($6.95) returned to takeaway man28
takeaway man28 collected $13.89 from pot
*** SUMMARY ***
Total pot $14.62 | Rake $0.73 
Board [4h Ks 3s 6h 6d]
Seat 1: CaHek-Ty3 (big blind) folded on the River
Seat 2: MAO_DZEDYN_S folded before Flop (didn't bet)
Seat 3: joaquin612 folded before Flop (didn't bet)
Seat 4: Rysiff folded before Flop (didn't bet)
Seat 5: R.M.Farcas (button) folded on the Turn
Seat 6: takeaway man28 (small blind) collected ($13.89)



PokerStars Hand #254498337424:  Hold'em No Limit ($0.50/$1.00 USD) - 2025/01/22 13:40:23 WET [2025/01/22 8:40:23 ET]
Table 'Boliviana IV' 6-max Seat #6 is the button
Seat 1: CaHek-Ty3 ($100 in chips) 
Seat 2: Joe_Li7 ($100 in chips) 
Seat 3: joaquin612 ($106.46 in chips) 
Seat 5: R.M.Farcas ($124.41 in chips) 
Seat 6: takeaway man28 ($57.45 in chips) 
CaHek-Ty3: posts small blind $0.50
Joe_Li7: posts big blind $1
*** HOLE CARDS ***
joaquin612: folds 
joaquin612 leaves the table
whlzor joins the table at seat #4 
R.M.Farcas: folds 
takeaway man28: raises $1 to $2
CaHek-Ty3: calls $1.50
Joe_Li7: folds 
*** FLOP *** [Th 7d 6h]
CaHek-Ty3: checks 
takeaway man28: bets $2.38
CaHek-Ty3: folds 
Uncalled bet ($2.38) returned to takeaway man28
takeaway man28 collected $4.75 from pot
*** SUMMARY ***
Total pot $5 | Rake $0.25 
Board [Th 7d 6h]
Seat 1: CaHek-Ty3 (small blind) folded on the Flop
Seat 2: Joe_Li7 (big blind) folded before Flop
Seat 3: joaquin612 folded before Flop (didn't bet)
Seat 5: R.M.Farcas folded before Flop (didn't bet)
Seat 6: takeaway man28 (button) collected ($4.75)



PokerStars Hand #254498341216:  Hold'em No Limit ($0.50/$1.00 USD) - 2025/01/22 13:40:45 WET [2025/01/22 8:40:45 ET]
Table 'Boliviana IV' 6-max Seat #1 is the button
Seat 1: CaHek-Ty3 ($100 in chips) 
Seat 2: Joe_Li7 ($100 in chips) 
Seat 4: whlzor ($100 in chips) 
Seat 5: R.M.Farcas ($124.41 in chips) 
Seat 6: takeaway man28 ($60.20 in chips) 
Joe_Li7: posts small blind $0.50
whlzor: posts big blind $1
*** HOLE CARDS ***
R.M.Farcas: folds 
takeaway man28: calls $1
CaHek-Ty3: raises $3 to $4
Evelexy1 joins the table at seat #3 
Joe_Li7: folds 
whlzor: folds 
takeaway man28: folds 
Uncalled bet ($3) returned to CaHek-Ty3
CaHek-Ty3 collected $3.50 from pot
*** SUMMARY ***
Total pot $3.50 | Rake $0 
Seat 1: CaHek-Ty3 (button) collected ($3.50)
Seat 2: Joe_Li7 (small blind) folded before Flop
Seat 4: whlzor (big blind) folded before Flop
Seat 5: R.M.Farcas folded before Flop (didn't bet)
Seat 6: takeaway man28 folded before Flop



PokerStars Hand #254498347898:  Hold'em No Limit ($0.50/$1.00 USD) - 2025/01/22 13:41:23 WET [2025/01/22 8:41:23 ET]
Table 'Boliviana IV' 6-max Seat #2 is the button
Seat 3: Evelexy1 ($186.32 in chips) is sitting out
Seat 1: CaHek-Ty3 ($102.50 in chips) 
Seat 2: Joe_Li7 ($100 in chips) 
Seat 4: whlzor ($100 in chips) 
Seat 5: R.M.Farcas ($124.41 in chips) 
Seat 6: takeaway man28 ($59.20 in chips) 
whlzor: posts small blind $0.50
R.M.Farcas: posts big blind $1
*** HOLE CARDS ***
takeaway man28: calls $1
CaHek-Ty3: folds 
Joe_Li7: folds 
whlzor: folds 
R.M.Farcas: checks 
*** FLOP *** [Kh 5d 9h]
R.M.Farcas: checks 
takeaway man28: bets $1.19
R.M.Farcas: calls $1.19
*** TURN *** [Kh 5d 9h] [Jd]
R.M.Farcas: checks 
takeaway man28: bets $2.32
R.M.Farcas: calls $2.32
*** RIVER *** [Kh 5d 9h Jd] [Ad]
R.M.Farcas: checks 
takeaway man28: checks 
*** SHOW DOWN ***
R.M.Farcas: shows [4h 9s] (a pair of Nines)
takeaway man28: shows [Th Jc] (a pair of Jacks)
takeaway man28 collected $9.04 from pot
*** SUMMARY ***
Total pot $9.52 | Rake $0.48 
Board [Kh 5d 9h Jd Ad]
Seat 3: Evelexy1
Seat 1: CaHek-Ty3 folded before Flop (didn't bet)
Seat 2: Joe_Li7 (button) folded before Flop (didn't bet)
Seat 4: whlzor (small blind) folded before Flop
Seat 5: R.M.Farcas (big blind) showed [4h 9s] and lost with a pair of Nines
Seat 6: takeaway man28 showed [Th Jc] and won ($9.04) with a pair of Jacks



PokerStars Hand #254498353391:  Hold'em No Limit ($0.50/$1.00 USD) - 2025/01/22 13:41:55 WET [2025/01/22 8:41:55 ET]
Table 'Boliviana IV' 6-max Seat #4 is the button
Seat 3: Evelexy1 ($186.32 in chips) is sitting out
Seat 1: CaHek-Ty3 ($102.50 in chips) 
Seat 2: Joe_Li7 ($100 in chips) 
Seat 4: whlzor ($100 in chips) 
Seat 5: R.M.Farcas ($119.90 in chips) 
Seat 6: takeaway man28 ($63.73 in chips) 
R.M.Farcas: posts small blind $0.50
takeaway man28: posts big blind $1
Evelexy1: sits out 
*** HOLE CARDS ***
CaHek-Ty3: folds 
Joe_Li7: folds 
whlzor: raises $1.50 to $2.50
R.M.Farcas: folds 
takeaway man28: folds 
Uncalled bet ($1.50) returned to whlzor
whlzor collected $2.50 from pot
whlzor: doesn't show hand 
*** SUMMARY ***
Total pot $2.50 | Rake $0 
Seat 3: Evelexy1
Seat 1: CaHek-Ty3 folded before Flop (didn't bet)
Seat 2: Joe_Li7 folded before Flop (didn't bet)
Seat 4: whlzor (button) collected ($2.50)
Seat 5: R.M.Farcas (small blind) folded before Flop
Seat 6: takeaway man28 (big blind) folded before Flop



PokerStars Hand #254498355476:  Hold'em No Limit ($0.50/$1.00 USD) - 2025/01/22 13:42:07 WET [2025/01/22 8:42:07 ET]
Table 'Boliviana IV' 6-max Seat #5 is the button
Seat 3: Evelexy1 ($186.32 in chips) is sitting out
Seat 1: CaHek-Ty3 ($102.50 in chips) 
Seat 2: Joe_Li7 ($100 in chips) 
Seat 4: whlzor ($101.50 in chips) 
Seat 5: R.M.Farcas ($119.40 in chips) 
Seat 6: takeaway man28 ($62.73 in chips) 
takeaway man28: posts small blind $0.50
CaHek-Ty3: posts big blind $1
Evelexy1: sits out 
*** HOLE CARDS ***
Joe_Li7: raises $1.20 to $2.20
whlzor: calls $2.20
R.M.Farcas: folds 
takeaway man28: folds 
CaHek-Ty3: raises $11.80 to $14
Joe_Li7: raises $14 to $28
whlzor: folds 
CaHek-Ty3: folds 
Uncalled bet ($14) returned to Joe_Li7
Joe_Li7 collected $30.70 from pot
*** SUMMARY ***
Total pot $30.70 | Rake $0 
Seat 3: Evelexy1
Seat 1: CaHek-Ty3 (big blind) folded before Flop
Seat 2: Joe_Li7 collected ($30.70)
Seat 4: whlzor folded before Flop
Seat 5: R.M.Farcas (button) folded before Flop (didn't bet)
Seat 6: takeaway man28 (small blind) folded before Flop



PokerStars Hand #254498363672:  Hold'em No Limit ($0.50/$1.00 USD) - 2025/01/22 13:42:55 WET [2025/01/22 8:42:55 ET]
Table 'Boliviana IV' 6-max Seat #6 is the button
Seat 3: Evelexy1 ($186.32 in chips) is sitting out
Seat 1: CaHek-Ty3 ($100 in chips) 
Seat 2: Joe_Li7 ($116.70 in chips) 
Seat 4: whlzor ($100 in chips) 
Seat 5: R.M.Farcas ($119.40 in chips) 
Seat 6: takeaway man28 ($62.23 in chips) 
CaHek-Ty3: posts small blind $0.50
Joe_Li7: posts big blind $1
Evelexy1: sits out 
*** HOLE CARDS ***
whlzor: raises $1.50 to $2.50
R.M.Farcas: folds 
takeaway man28: calls $2.50
CaHek-Ty3: folds 
Joe_Li7: calls $1.50
*** FLOP *** [Jd 3d 4c]
Joe_Li7: checks 
whlzor: checks 
takeaway man28: bets $3.80
Joe_Li7: folds 
whlzor: folds 
Uncalled bet ($3.80) returned to takeaway man28
takeaway man28 collected $7.60 from pot
*** SUMMARY ***
Total pot $8 | Rake $0.40 
Board [Jd 3d 4c]
Seat 3: Evelexy1
Seat 1: CaHek-Ty3 (small blind) folded before Flop
Seat 2: Joe_Li7 (big blind) folded on the Flop
Seat 4: whlzor folded on the Flop
Seat 5: R.M.Farcas folded before Flop (didn't bet)
Seat 6: takeaway man28 (button) collected ($7.60)



PokerStars Hand #254498371439:  Hold'em No Limit ($0.50/$1.00 USD) - 2025/01/22 13:43:41 WET [2025/01/22 8:43:41 ET]
Table 'Boliviana IV' 6-max Seat #1 is the button
Seat 1: CaHek-Ty3 ($100 in chips) 
Seat 2: Joe_Li7 ($114.20 in chips) 
Seat 3: Evelexy1 ($186.32 in chips) 
Seat 4: whlzor ($100 in chips) 
Seat 5: R.M.Farcas ($119.40 in chips) 
Seat 6: takeaway man28 ($67.33 in chips) 
Joe_Li7: posts small blind $0.50
Evelexy1: posts big blind $1
*** HOLE CARDS ***
whlzor: folds 
whlzor leaves the table
R.M.Farcas: folds 
takeaway man28: calls $1
CaHek-Ty3: raises $4 to $5
Rdalonso joins the table at seat #4 
Joe_Li7: folds 
Evelexy1: folds 
takeaway man28: folds 
Uncalled bet ($4) returned to CaHek-Ty3
CaHek-Ty3 collected $3.50 from pot
*** SUMMARY ***
Total pot $3.50 | Rake $0 
Seat 1: CaHek-Ty3 (button) collected ($3.50)
Seat 2: Joe_Li7 (small blind) folded before Flop
Seat 3: Evelexy1 (big blind) folded before Flop
Seat 4: whlzor folded before Flop (didn't bet)
Seat 5: R.M.Farcas folded before Flop (didn't bet)
Seat 6: takeaway man28 folded before Flop



PokerStars Hand #254498374225:  Hold'em No Limit ($0.50/$1.00 USD) - 2025/01/22 13:43:57 WET [2025/01/22 8:43:57 ET]
Table 'Boliviana IV' 6-max Seat #2 is the button
Seat 1: CaHek-Ty3 ($102.50 in chips) 
Seat 2: Joe_Li7 ($113.70 in chips) 
Seat 3: Evelexy1 ($185.32 in chips) 
Seat 4: Rdalonso ($100 in chips) 
Seat 5: R.M.Farcas ($119.40 in chips) 
Seat 6: takeaway man28 ($66.33 in chips) 
Evelexy1: posts small blind $0.50
Rdalonso: posts big blind $1
*** HOLE CARDS ***
R.M.Farcas: folds 
takeaway man28: calls $1
CaHek-Ty3: folds 
Joe_Li7: folds 
Evelexy1: folds 
Rdalonso: raises $4 to $5
takeaway man28: calls $4
*** FLOP *** [Kd Jh 2c]
Rdalonso: bets $1.50
takeaway man28: raises $6.49 to $7.99
Rdalonso: calls $6.49
*** TURN *** [Kd Jh 2c] [Qh]
Rdalonso: checks 
takeaway man28: bets $12.58
Rdalonso: calls $12.58
*** RIVER *** [Kd Jh 2c Qh] [9d]
Rdalonso: checks 
takeaway man28: bets $40.76 and is all-in
Rdalonso: calls $40.76
*** SHOW DOWN ***
takeaway man28: shows [Ac 6c] (high card Ace)
Rdalonso: shows [9c 9s] (three of a kind, Nines)
Rdalonso collected $130.66 from pot
*** SUMMARY ***
Total pot $133.16 | Rake $2.50 
Board [Kd Jh 2c Qh 9d]
Seat 1: CaHek-Ty3 folded before Flop (didn't bet)
Seat 2: Joe_Li7 (button) folded before Flop (didn't bet)
Seat 3: Evelexy1 (small blind) folded before Flop
Seat 4: Rdalonso (big blind) showed [9c 9s] and won ($130.66) with three of a kind, Nines
Seat 5: R.M.Farcas folded before Flop (didn't bet)
Seat 6: takeaway man28 showed [Ac 6c] and lost with high card Ace



PokerStars Hand #254498389484:  Hold'em No Limit ($0.50/$1.00 USD) - 2025/01/22 13:45:25 WET [2025/01/22 8:45:25 ET]
Table 'Boliviana IV' 6-max Seat #3 is the button
Seat 6: takeaway man28 ($0 in chips) is sitting out
Seat 1: CaHek-Ty3 ($102.50 in chips) 
Seat 2: Joe_Li7 ($113.70 in chips) 
Seat 3: Evelexy1 ($184.82 in chips) 
Seat 4: Rdalonso ($164.33 in chips) 
Seat 5: R.M.Farcas ($119.40 in chips) 
Rdalonso: posts small blind $0.50
R.M.Farcas: posts big blind $1
*** HOLE CARDS ***
CaHek-Ty3: folds 
Joe_Li7: folds 
Evelexy1: raises $1.50 to $2.50
Rdalonso: folds 
R.M.Farcas: calls $1.50
*** FLOP *** [7s 5c 9s]
R.M.Farcas: checks 
Evelexy1: bets $2.61
R.M.Farcas: calls $2.61
*** TURN *** [7s 5c 9s] [3c]
R.M.Farcas: checks 
Evelexy1: bets $15.27
R.M.Farcas: folds 
Uncalled bet ($15.27) returned to Evelexy1
Evelexy1 collected $10.18 from pot
Evelexy1: doesn't show hand 
*** SUMMARY ***
Total pot $10.72 | Rake $0.54 
Board [7s 5c 9s 3c]
Seat 6: takeaway man28
Seat 1: CaHek-Ty3 folded before Flop (didn't bet)
Seat 2: Joe_Li7 folded before Flop (didn't bet)
Seat 3: Evelexy1 (button) collected ($10.18)
Seat 4: Rdalonso (small blind) folded before Flop
Seat 5: R.M.Farcas (big blind) folded on the Turn



PokerStars Hand #254498393649:  Hold'em No Limit ($0.50/$1.00 USD) - 2025/01/22 13:45:49 WET [2025/01/22 8:45:49 ET]
Table 'Boliviana IV' 6-max Seat #4 is the button
Seat 6: takeaway man28 ($0 in chips) is sitting out
Seat 1: CaHek-Ty3 ($102.50 in chips) 
Seat 2: Joe_Li7 ($113.70 in chips) 
Seat 3: Evelexy1 ($189.89 in chips) 
Seat 4: Rdalonso ($163.83 in chips) 
Seat 5: R.M.Farcas ($114.29 in chips) 
R.M.Farcas: posts small blind $0.50
CaHek-Ty3: posts big blind $1
*** HOLE CARDS ***
Joe_Li7: folds 
Evelexy1: folds 
Rdalonso: raises $1.50 to $2.50
R.M.Farcas: folds 
CaHek-Ty3: folds 
Uncalled bet ($1.50) returned to Rdalonso
Rdalonso collected $2.50 from pot
Rdalonso: doesn't show hand 
*** SUMMARY ***
Total pot $2.50 | Rake $0 
Seat 6: takeaway man28
Seat 1: CaHek-Ty3 (big blind) folded before Flop
Seat 2: Joe_Li7 folded before Flop (didn't bet)
Seat 3: Evelexy1 folded before Flop (didn't bet)
Seat 4: Rdalonso (button) collected ($2.50)
Seat 5: R.M.Farcas (small blind) folded before Flop



PokerStars Hand #254498397199:  Hold'em No Limit ($0.50/$1.00 USD) - 2025/01/22 13:46:10 WET [2025/01/22 8:46:10 ET]
Table 'Boliviana IV' 6-max Seat #5 is the button
Seat 6: takeaway man28 ($50.62 in chips) is sitting out
Seat 1: CaHek-Ty3 ($101.50 in chips) 
Seat 2: Joe_Li7 ($113.70 in chips) 
Seat 3: Evelexy1 ($189.89 in chips) 
Seat 4: Rdalonso ($165.33 in chips) 
Seat 5: R.M.Farcas ($113.79 in chips) 
CaHek-Ty3: posts small blind $0.50
Joe_Li7: posts big blind $1
*** HOLE CARDS ***
Evelexy1: folds 
Rdalonso: raises $1.50 to $2.50
R.M.Farcas: folds 
CaHek-Ty3: folds 
Joe_Li7: folds 
Uncalled bet ($1.50) returned to Rdalonso
Rdalonso collected $2.50 from pot
Rdalonso: doesn't show hand 
*** SUMMARY ***
Total pot $2.50 | Rake $0 
Seat 6: takeaway man28
Seat 1: CaHek-Ty3 (small blind) folded before Flop
Seat 2: Joe_Li7 (big blind) folded before Flop
Seat 3: Evelexy1 folded before Flop (didn't bet)
Seat 4: Rdalonso collected ($2.50)
Seat 5: R.M.Farcas (button) folded before Flop (didn't bet)



PokerStars Hand #254498400714:  Hold'em No Limit ($0.50/$1.00 USD) - 2025/01/22 13:46:30 WET [2025/01/22 8:46:30 ET]
Table 'Boliviana IV' 6-max Seat #1 is the button
Seat 1: CaHek-Ty3 ($101 in chips) 
Seat 2: Joe_Li7 ($112.70 in chips) 
Seat 3: Evelexy1 ($189.89 in chips) 
Seat 4: Rdalonso ($166.83 in chips) 
Seat 5: R.M.Farcas ($113.79 in chips) 
Seat 6: takeaway man28 ($50.62 in chips) 
Joe_Li7: posts small blind $0.50
Evelexy1: posts big blind $1
takeaway man28: posts small & big blinds $1.50
*** HOLE CARDS ***
Rdalonso: folds 
R.M.Farcas: raises $4 to $5
takeaway man28: folds 
CaHek-Ty3: folds 
Joe_Li7: folds 
Evelexy1: calls $4
*** FLOP *** [Qd 7h Ks]
Evelexy1: checks 
R.M.Farcas: bets $5.70
Evelexy1: raises $14.30 to $20
R.M.Farcas: folds 
Uncalled bet ($14.30) returned to Evelexy1
Evelexy1 collected $22.23 from pot
Evelexy1: doesn't show hand 
*** SUMMARY ***
Total pot $23.40 | Rake $1.17 
Board [Qd 7h Ks]
Seat 1: CaHek-Ty3 (button) folded before Flop (didn't bet)
Seat 2: Joe_Li7 (small blind) folded before Flop
Seat 3: Evelexy1 (big blind) collected ($22.23)
Seat 4: Rdalonso folded before Flop (didn't bet)
Seat 5: R.M.Farcas folded on the Flop
Seat 6: takeaway man28 folded before Flop (didn't bet)



PokerStars Hand #254498406900:  Hold'em No Limit ($0.50/$1.00 USD) - 2025/01/22 13:47:06 WET [2025/01/22 8:47:06 ET]
Table 'Boliviana IV' 6-max Seat #2 is the button
Seat 1: CaHek-Ty3 ($101 in chips) 
Seat 2: Joe_Li7 ($112.20 in chips) 
Seat 3: Evelexy1 ($201.42 in chips) 
Seat 4: Rdalonso ($166.83 in chips) 
Seat 5: R.M.Farcas ($103.09 in chips) 
Seat 6: takeaway man28 ($49.12 in chips) 
Evelexy1: posts small blind $0.50
Rdalonso: posts big blind $1
*** HOLE CARDS ***
R.M.Farcas: folds 
takeaway man28: calls $1
CaHek-Ty3: folds 
Joe_Li7: folds 
Evelexy1: raises $3.50 to $4.50
Rdalonso: folds 
takeaway man28: calls $3.50
*** FLOP *** [7h Kd 3c]
Evelexy1: bets $3.17
takeaway man28: folds 
Uncalled bet ($3.17) returned to Evelexy1
Evelexy1 collected $9.50 from pot
Evelexy1: doesn't show hand 
*** SUMMARY ***
Total pot $10 | Rake $0.50 
Board [7h Kd 3c]
Seat 1: CaHek-Ty3 folded before Flop (didn't bet)
Seat 2: Joe_Li7 (button) folded before Flop (didn't bet)
Seat 3: Evelexy1 (small blind) collected ($9.50)
Seat 4: Rdalonso (big blind) folded before Flop
Seat 5: R.M.Farcas folded before Flop (didn't bet)
Seat 6: takeaway man28 folded on the Flop



PokerStars Hand #254498410738:  Hold'em No Limit ($0.50/$1.00 USD) - 2025/01/22 13:47:28 WET [2025/01/22 8:47:28 ET]
Table 'Boliviana IV' 6-max Seat #3 is the button
Seat 1: CaHek-Ty3 ($101 in chips) 
Seat 2: Joe_Li7 ($112.20 in chips) 
Seat 3: Evelexy1 ($206.42 in chips) 
Seat 4: Rdalonso ($165.83 in chips) 
Seat 5: R.M.Farcas ($103.09 in chips) 
Seat 6: takeaway man28 ($44.62 in chips) 
Rdalonso: posts small blind $0.50
R.M.Farcas: posts big blind $1
*** HOLE CARDS ***
takeaway man28: raises $1 to $2
CaHek-Ty3: folds 
Joe_Li7: raises $9 to $11
Evelexy1: folds 
Rdalonso: folds 
R.M.Farcas: folds 
takeaway man28: calls $9
*** FLOP *** [5h As 9c]
takeaway man28: checks 
Joe_Li7: bets $4
takeaway man28: calls $4
*** TURN *** [5h As 9c] [Ts]
takeaway man28: checks 
Joe_Li7: bets $8.97
takeaway man28: calls $8.97
*** RIVER *** [5h As 9c Ts] [8c]
takeaway man28: checks 
Joe_Li7: bets $23.50
takeaway man28: calls $20.65 and is all-in
Uncalled bet ($2.85) returned to Joe_Li7
*** SHOW DOWN ***
Joe_Li7: shows [Kd Ac] (a pair of Aces)
takeaway man28: shows [Qc Jc] (a straight, Eight to Queen)
takeaway man28 collected $88.24 from pot
*** SUMMARY ***
Total pot $90.74 | Rake $2.50 
Board [5h As 9c Ts 8c]
Seat 1: CaHek-Ty3 folded before Flop (didn't bet)
Seat 2: Joe_Li7 showed [Kd Ac] and lost with a pair of Aces
Seat 3: Evelexy1 (button) folded before Flop (didn't bet)
Seat 4: Rdalonso (small blind) folded before Flop
Seat 5: R.M.Farcas (big blind) folded before Flop
Seat 6: takeaway man28 showed [Qc Jc] and won ($88.24) with a straight, Eight to Queen



PokerStars Hand #254498424453:  Hold'em No Limit ($0.50/$1.00 USD) - 2025/01/22 13:48:49 WET [2025/01/22 8:48:49 ET]
Table 'Boliviana IV' 6-max Seat #4 is the button
Seat 1: CaHek-Ty3 ($101 in chips) 
Seat 2: Joe_Li7 ($100 in chips) 
Seat 3: Evelexy1 ($206.42 in chips) 
Seat 4: Rdalonso ($165.33 in chips) 
Seat 5: R.M.Farcas ($102.09 in chips) 
Seat 6: takeaway man28 ($88.24 in chips) 
R.M.Farcas: posts small blind $0.50
takeaway man28: posts big blind $1
*** HOLE CARDS ***
CaHek-Ty3: folds 
Joe_Li7: folds 
Evelexy1: folds 
Rdalonso: folds 
R.M.Farcas: folds 
Uncalled bet ($0.50) returned to takeaway man28
takeaway man28 collected $1 from pot
*** SUMMARY ***
Total pot $1 | Rake $0 
Seat 1: CaHek-Ty3 folded before Flop (didn't bet)
Seat 2: Joe_Li7 folded before Flop (didn't bet)
Seat 3: Evelexy1 folded before Flop (didn't bet)
Seat 4: Rdalonso (button) folded before Flop (didn't bet)
Seat 5: R.M.Farcas (small blind) folded before Flop
Seat 6: takeaway man28 (big blind) collected ($1)



PokerStars Hand #254498426183:  Hold'em No Limit ($0.50/$1.00 USD) - 2025/01/22 13:49:00 WET [2025/01/22 8:49:00 ET]
Table 'Boliviana IV' 6-max Seat #5 is the button
Seat 1: CaHek-Ty3 ($101 in chips) 
Seat 2: Joe_Li7 ($100 in chips) 
Seat 3: Evelexy1 ($206.42 in chips) 
Seat 4: Rdalonso ($165.33 in chips) 
Seat 5: R.M.Farcas ($101.59 in chips) 
Seat 6: takeaway man28 ($88.74 in chips) 
takeaway man28: posts small blind $0.50
CaHek-Ty3: posts big blind $1
*** HOLE CARDS ***
Joe_Li7: folds 
Evelexy1: raises $1 to $2
Rdalonso: folds 
R.M.Farcas: calls $2
takeaway man28: folds 
CaHek-Ty3: folds 
*** FLOP *** [Js 9h 8c]
takeaway man28 leaves the table
Evelexy1: checks 
R.M.Farcas: checks 
*** TURN *** [Js 9h 8c] [5s]
RAidakCo joins the table at seat #6 
Evelexy1: checks 
RAidakCo leaves the table
R.M.Farcas: bets $2.61
Evelexy1: folds 
Uncalled bet ($2.61) returned to R.M.Farcas
R.M.Farcas collected $5.22 from pot
R.M.Farcas: doesn't show hand 
*** SUMMARY ***
Total pot $5.50 | Rake $0.28 
Board [Js 9h 8c 5s]
Seat 1: CaHek-Ty3 (big blind) folded before Flop
Seat 2: Joe_Li7 folded before Flop (didn't bet)
Seat 3: Evelexy1 folded on the Turn
Seat 4: Rdalonso folded before Flop (didn't bet)
Seat 5: R.M.Farcas (button) collected ($5.22)
Seat 6: takeaway man28 (small blind) folded before Flop



PokerStars Hand #254498431148:  Hold'em No Limit ($0.50/$1.00 USD) - 2025/01/22 13:49:28 WET [2025/01/22 8:49:28 ET]
Table 'Boliviana IV' 6-max Seat #1 is the button
Seat 1: CaHek-Ty3 ($100 in chips) 
Seat 2: Joe_Li7 ($100 in chips) 
Seat 3: Evelexy1 ($204.42 in chips) 
Seat 4: Rdalonso ($165.33 in chips) 
Seat 5: R.M.Farcas ($104.81 in chips) 
Joe_Li7: posts small blind $0.50
Evelexy1: posts big blind $1
*** HOLE CARDS ***
Rdalonso: folds 
R.M.Farcas: folds 
CaHek-Ty3: raises $1.50 to $2.50
Joe_Li7: folds 
Evelexy1: folds 
Uncalled bet ($1.50) returned to CaHek-Ty3
CaHek-Ty3 collected $2.50 from pot
*** SUMMARY ***
Total pot $2.50 | Rake $0 
Seat 1: CaHek-Ty3 (button) collected ($2.50)
Seat 2: Joe_Li7 (small blind) folded before Flop
Seat 3: Evelexy1 (big blind) folded before Flop
Seat 4: Rdalonso folded before Flop (didn't bet)
Seat 5: R.M.Farcas folded before Flop (didn't bet)



PokerStars Hand #254498432713:  Hold'em No Limit ($0.50/$1.00 USD) - 2025/01/22 13:49:38 WET [2025/01/22 8:49:38 ET]
Table 'Boliviana IV' 6-max Seat #2 is the button
Seat 4: Rdalonso ($165.33 in chips) is sitting out
Seat 1: CaHek-Ty3 ($101.50 in chips) 
Seat 2: Joe_Li7 ($100 in chips) 
Seat 3: Evelexy1 ($203.42 in chips) 
Seat 5: R.M.Farcas ($104.81 in chips) 
Evelexy1: posts small blind $0.50
Rdalonso: is sitting out 
R.M.Farcas: posts big blind $1
*** HOLE CARDS ***
CaHek-Ty3: folds 
Joe_Li7: folds 
Evelexy1: raises $2 to $3
R.M.Farcas: folds 
Uncalled bet ($2) returned to Evelexy1
Evelexy1 collected $2 from pot
Evelexy1: doesn't show hand 
*** SUMMARY ***
Total pot $2 | Rake $0 
Seat 4: Rdalonso
Seat 1: CaHek-Ty3 folded before Flop (didn't bet)
Seat 2: Joe_Li7 (button) folded before Flop (didn't bet)
Seat 3: Evelexy1 (small blind) collected ($2)
Seat 5: R.M.Farcas (big blind) folded before Flop



PokerStars Hand #254498434374:  Hold'em No Limit ($0.50/$1.00 USD) - 2025/01/22 13:49:48 WET [2025/01/22 8:49:48 ET]
Table 'Boliviana IV' 6-max Seat #5 is the button
Seat 1: CaHek-Ty3 ($101.50 in chips) is sitting out
Seat 2: Joe_Li7 ($100 in chips) is sitting out
Seat 3: Evelexy1 ($204.42 in chips) 
Seat 5: R.M.Farcas ($103.81 in chips) 
Rdalonso leaves the table
R.M.Farcas: posts small blind $0.50
CaHek-Ty3: is sitting out 
Joe_Li7: is sitting out 
Evelexy1: posts big blind $1
*** HOLE CARDS ***
Joe_Li7 leaves the table
CaHek-Ty3 leaves the table
R.M.Farcas: folds 
Uncalled bet ($0.50) returned to Evelexy1
Evelexy1 collected $1 from pot
Evelexy1: doesn't show hand 
*** SUMMARY ***
Total pot $1 | Rake $0 
Seat 1: CaHek-Ty3
Seat 2: Joe_Li7
Seat 3: Evelexy1 (big blind) collected ($1)
Seat 5: R.M.Farcas (button) (small blind) folded before Flop



