PokerStars Hand #254507249094:  Hold'em No Limit ($0.50/$1.00 USD) - 2025/01/22 22:42:13 WET [2025/01/22 17:42:13 ET]
Table 'Aristaeus III' 6-max Seat #1 is the button
Seat 1: mr.Jckpot ($100 in chips) 
Seat 2: vezis3 ($100 in chips) 
Seat 3: yzuk ($100 in chips) 
Seat 4: SeaHawksOnAir ($24.27 in chips) 
Seat 5: Poker9803 ($100 in chips) 
vezis3: posts small blind $0.50
yzuk: posts big blind $1
*** HOLE CARDS ***
SeaHawksOnAir: folds 
Poker9803: folds 
mr.Jckpot: folds 
EasyGamerrr joins the table at seat #6 
vezis3: raises $2 to $3
yzuk: folds 
Uncalled bet ($2) returned to vezis3
vezis3 collected $2 from pot
vezis3: doesn't show hand 
*** SUMMARY ***
Total pot $2 | Rake $0 
Seat 1: mr.Jckpot (button) folded before Flop (didn't bet)
Seat 2: vezis3 (small blind) collected ($2)
Seat 3: yzuk (big blind) folded before Flop
Seat 4: SeaHawksOnAir folded before Flop (didn't bet)
Seat 5: Poker9803 folded before Flop (didn't bet)



PokerStars Hand #254507251796:  Hold'em No Limit ($0.50/$1.00 USD) - 2025/01/22 22:42:23 WET [2025/01/22 17:42:23 ET]
Table 'Aristaeus III' 6-max Seat #2 is the button
Seat 6: EasyGamerrr ($100 in chips) is sitting out
Seat 1: mr.Jckpot ($100 in chips) 
Seat 2: vezis3 ($101 in chips) 
Seat 3: yzuk ($100 in chips) 
Seat 4: SeaHawksOnAir ($24.27 in chips) 
Seat 5: Poker9803 ($100 in chips) 
yzuk: posts small blind $0.50
SeaHawksOnAir: posts big blind $1
EasyGamerrr: sits out 
*** HOLE CARDS ***
Poker9803: folds 
mr.Jckpot: folds 
vezis3: folds 
yzuk: raises $2 to $3
SeaHawksOnAir: calls $2
*** FLOP *** [9h Qd 8c]
yzuk: checks 
SeaHawksOnAir: bets $2.85
yzuk: calls $2.85
*** TURN *** [9h Qd 8c] [As]
yzuk: checks 
SeaHawksOnAir: bets $3
yzuk: calls $3
*** RIVER *** [9h Qd 8c As] [Ac]
yzuk: checks 
SeaHawksOnAir: bets $15.42 and is all-in
yzuk: folds 
Uncalled bet ($15.42) returned to SeaHawksOnAir
SeaHawksOnAir collected $16.82 from pot
*** SUMMARY ***
Total pot $17.70 | Rake $0.88 
Board [9h Qd 8c As Ac]
Seat 6: EasyGamerrr
Seat 1: mr.Jckpot folded before Flop (didn't bet)
Seat 2: vezis3 (button) folded before Flop (didn't bet)
Seat 3: yzuk (small blind) folded on the River
Seat 4: SeaHawksOnAir (big blind) collected ($16.82)
Seat 5: Poker9803 folded before Flop (didn't bet)



PokerStars Hand #254507264849:  Hold'em No Limit ($0.50/$1.00 USD) - 2025/01/22 22:43:12 WET [2025/01/22 17:43:12 ET]
Table 'Aristaeus III' 6-max Seat #3 is the button
Seat 6: EasyGamerrr ($100 in chips) is sitting out
Seat 1: mr.Jckpot ($100 in chips) 
Seat 2: vezis3 ($101 in chips) 
Seat 3: yzuk ($100 in chips) 
Seat 4: SeaHawksOnAir ($32.24 in chips) 
Seat 5: Poker9803 ($100 in chips) 
SeaHawksOnAir: posts small blind $0.50
Poker9803: posts big blind $1
EasyGamerrr: sits out 
*** HOLE CARDS ***
mr.Jckpot: folds 
vezis3: folds 
yzuk: folds 
SeaHawksOnAir: folds 
Uncalled bet ($0.50) returned to Poker9803
Poker9803 collected $1 from pot
Poker9803: doesn't show hand 
*** SUMMARY ***
Total pot $1 | Rake $0 
Seat 6: EasyGamerrr
Seat 1: mr.Jckpot folded before Flop (didn't bet)
Seat 2: vezis3 folded before Flop (didn't bet)
Seat 3: yzuk (button) folded before Flop (didn't bet)
Seat 4: SeaHawksOnAir (small blind) folded before Flop
Seat 5: Poker9803 (big blind) collected ($1)



PokerStars Hand #254507267550:  Hold'em No Limit ($0.50/$1.00 USD) - 2025/01/22 22:43:22 WET [2025/01/22 17:43:22 ET]
Table 'Aristaeus III' 6-max Seat #4 is the button
Seat 1: mr.Jckpot ($100 in chips) 
Seat 2: vezis3 ($101 in chips) 
Seat 3: yzuk ($100 in chips) 
Seat 4: SeaHawksOnAir ($31.74 in chips) 
Seat 5: Poker9803 ($100.50 in chips) 
Seat 6: EasyGamerrr ($100 in chips) 
Poker9803: posts small blind $0.50
EasyGamerrr: posts big blind $1
*** HOLE CARDS ***
mr.Jckpot: folds 
vezis3: folds 
yzuk: folds 
SeaHawksOnAir: calls $1
Poker9803: folds 
EasyGamerrr: checks 
*** FLOP *** [5h 9c 4h]
EasyGamerrr: bets $1.24
SeaHawksOnAir: calls $1.24
*** TURN *** [5h 9c 4h] [Tc]
EasyGamerrr: checks 
SeaHawksOnAir: bets $2.37
EasyGamerrr: folds 
Uncalled bet ($2.37) returned to SeaHawksOnAir
SeaHawksOnAir collected $4.73 from pot
*** SUMMARY ***
Total pot $4.98 | Rake $0.25 
Board [5h 9c 4h Tc]
Seat 1: mr.Jckpot folded before Flop (didn't bet)
Seat 2: vezis3 folded before Flop (didn't bet)
Seat 3: yzuk folded before Flop (didn't bet)
Seat 4: SeaHawksOnAir (button) collected ($4.73)
Seat 5: Poker9803 (small blind) folded before Flop
Seat 6: EasyGamerrr (big blind) folded on the Turn



PokerStars Hand #254507277940:  Hold'em No Limit ($0.50/$1.00 USD) - 2025/01/22 22:44:01 WET [2025/01/22 17:44:01 ET]
Table 'Aristaeus III' 6-max Seat #5 is the button
Seat 1: mr.Jckpot ($100 in chips) 
Seat 2: vezis3 ($101 in chips) 
Seat 3: yzuk ($100 in chips) 
Seat 4: SeaHawksOnAir ($34.23 in chips) 
Seat 5: Poker9803 ($100 in chips) 
Seat 6: EasyGamerrr ($100 in chips) 
EasyGamerrr: posts small blind $0.50
mr.Jckpot: posts big blind $1
*** HOLE CARDS ***
vezis3: folds 
yzuk: folds 
SeaHawksOnAir: calls $1
Poker9803: raises $2.50 to $3.50
SeaHawksOnAir is disconnected 
EasyGamerrr: folds 
mr.Jckpot: calls $2.50
SeaHawksOnAir is connected 
SeaHawksOnAir: calls $2.50
*** FLOP *** [Td 3d As]
mr.Jckpot: checks 
SeaHawksOnAir: bets $10.45
Poker9803: raises $23.51 to $33.96
mr.Jckpot: folds 
SeaHawksOnAir: folds 
Uncalled bet ($23.51) returned to Poker9803
Poker9803 collected $30.30 from pot
Poker9803: doesn't show hand 
*** SUMMARY ***
Total pot $31.90 | Rake $1.60 
Board [Td 3d As]
Seat 1: mr.Jckpot (big blind) folded on the Flop
Seat 2: vezis3 folded before Flop (didn't bet)
Seat 3: yzuk folded before Flop (didn't bet)
Seat 4: SeaHawksOnAir folded on the Flop
Seat 5: Poker9803 (button) collected ($30.30)
Seat 6: EasyGamerrr (small blind) folded before Flop



PokerStars Hand #254507292163:  Hold'em No Limit ($0.50/$1.00 USD) - 2025/01/22 22:44:55 WET [2025/01/22 17:44:55 ET]
Table 'Aristaeus III' 6-max Seat #6 is the button
Seat 1: mr.Jckpot ($100 in chips) 
Seat 2: vezis3 ($101 in chips) 
Seat 3: yzuk ($100 in chips) 
Seat 4: SeaHawksOnAir ($20.28 in chips) 
Seat 5: Poker9803 ($116.35 in chips) 
Seat 6: EasyGamerrr ($100 in chips) 
mr.Jckpot: posts small blind $0.50
vezis3: posts big blind $1
*** HOLE CARDS ***
yzuk: folds 
SeaHawksOnAir: folds 
Poker9803: folds 
EasyGamerrr: folds 
mr.Jckpot: folds 
Uncalled bet ($0.50) returned to vezis3
vezis3 collected $1 from pot
vezis3: doesn't show hand 
*** SUMMARY ***
Total pot $1 | Rake $0 
Seat 1: mr.Jckpot (small blind) folded before Flop
Seat 2: vezis3 (big blind) collected ($1)
Seat 3: yzuk folded before Flop (didn't bet)
Seat 4: SeaHawksOnAir folded before Flop (didn't bet)
Seat 5: Poker9803 folded before Flop (didn't bet)
Seat 6: EasyGamerrr (button) folded before Flop (didn't bet)



PokerStars Hand #254507296008:  Hold'em No Limit ($0.50/$1.00 USD) - 2025/01/22 22:45:09 WET [2025/01/22 17:45:09 ET]
Table 'Aristaeus III' 6-max Seat #1 is the button
Seat 1: mr.Jckpot ($100 in chips) 
Seat 2: vezis3 ($101.50 in chips) 
Seat 3: yzuk ($100 in chips) 
Seat 4: SeaHawksOnAir ($20.28 in chips) 
Seat 5: Poker9803 ($116.35 in chips) 
Seat 6: EasyGamerrr ($100 in chips) 
vezis3: posts small blind $0.50
yzuk: posts big blind $1
*** HOLE CARDS ***
SeaHawksOnAir: raises $1 to $2
Poker9803: folds 
EasyGamerrr: folds 
mr.Jckpot: folds 
vezis3: calls $1.50
yzuk: folds 
*** FLOP *** [8c Qs 7c]
vezis3: checks 
SeaHawksOnAir: bets $4.75
vezis3: folds 
Uncalled bet ($4.75) returned to SeaHawksOnAir
SeaHawksOnAir collected $4.75 from pot
*** SUMMARY ***
Total pot $5 | Rake $0.25 
Board [8c Qs 7c]
Seat 1: mr.Jckpot (button) folded before Flop (didn't bet)
Seat 2: vezis3 (small blind) folded on the Flop
Seat 3: yzuk (big blind) folded before Flop
Seat 4: SeaHawksOnAir collected ($4.75)
Seat 5: Poker9803 folded before Flop (didn't bet)
Seat 6: EasyGamerrr folded before Flop (didn't bet)



PokerStars Hand #254507303840:  Hold'em No Limit ($0.50/$1.00 USD) - 2025/01/22 22:45:39 WET [2025/01/22 17:45:39 ET]
Table 'Aristaeus III' 6-max Seat #2 is the button
Seat 1: mr.Jckpot ($100 in chips) 
Seat 2: vezis3 ($100 in chips) 
Seat 3: yzuk ($100 in chips) 
Seat 4: SeaHawksOnAir ($23.03 in chips) 
Seat 5: Poker9803 ($116.35 in chips) 
Seat 6: EasyGamerrr ($100 in chips) 
yzuk: posts small blind $0.50
SeaHawksOnAir: posts big blind $1
*** HOLE CARDS ***
Poker9803: folds 
EasyGamerrr: folds 
mr.Jckpot: folds 
vezis3: folds 
yzuk: folds 
Uncalled bet ($0.50) returned to SeaHawksOnAir
SeaHawksOnAir collected $1 from pot
*** SUMMARY ***
Total pot $1 | Rake $0 
Seat 1: mr.Jckpot folded before Flop (didn't bet)
Seat 2: vezis3 (button) folded before Flop (didn't bet)
Seat 3: yzuk (small blind) folded before Flop
Seat 4: SeaHawksOnAir (big blind) collected ($1)
Seat 5: Poker9803 folded before Flop (didn't bet)
Seat 6: EasyGamerrr folded before Flop (didn't bet)



PokerStars Hand #254507307082:  Hold'em No Limit ($0.50/$1.00 USD) - 2025/01/22 22:45:51 WET [2025/01/22 17:45:51 ET]
Table 'Aristaeus III' 6-max Seat #3 is the button
Seat 1: mr.Jckpot ($100 in chips) 
Seat 2: vezis3 ($100 in chips) 
Seat 3: yzuk ($100 in chips) 
Seat 4: SeaHawksOnAir ($23.53 in chips) 
Seat 5: Poker9803 ($116.35 in chips) 
Seat 6: EasyGamerrr ($100 in chips) 
SeaHawksOnAir: posts small blind $0.50
Poker9803: posts big blind $1
*** HOLE CARDS ***
EasyGamerrr: folds 
mr.Jckpot: folds 
vezis3: folds 
yzuk: folds 
SeaHawksOnAir: folds 
Uncalled bet ($0.50) returned to Poker9803
Poker9803 collected $1 from pot
Poker9803: doesn't show hand 
*** SUMMARY ***
Total pot $1 | Rake $0 
Seat 1: mr.Jckpot folded before Flop (didn't bet)
Seat 2: vezis3 folded before Flop (didn't bet)
Seat 3: yzuk (button) folded before Flop (didn't bet)
Seat 4: SeaHawksOnAir (small blind) folded before Flop
Seat 5: Poker9803 (big blind) collected ($1)
Seat 6: EasyGamerrr folded before Flop (didn't bet)



PokerStars Hand #254507310698:  Hold'em No Limit ($0.50/$1.00 USD) - 2025/01/22 22:46:04 WET [2025/01/22 17:46:04 ET]
Table 'Aristaeus III' 6-max Seat #4 is the button
Seat 1: mr.Jckpot ($100 in chips) 
Seat 2: vezis3 ($100 in chips) 
Seat 3: yzuk ($100 in chips) 
Seat 4: SeaHawksOnAir ($23.03 in chips) 
Seat 5: Poker9803 ($116.85 in chips) 
Seat 6: EasyGamerrr ($100 in chips) 
Poker9803: posts small blind $0.50
EasyGamerrr: posts big blind $1
*** HOLE CARDS ***
mr.Jckpot: folds 
vezis3: folds 
yzuk: folds 
SeaHawksOnAir: folds 
Poker9803: folds 
Uncalled bet ($0.50) returned to EasyGamerrr
EasyGamerrr collected $1 from pot
EasyGamerrr: doesn't show hand 
*** SUMMARY ***
Total pot $1 | Rake $0 
Seat 1: mr.Jckpot folded before Flop (didn't bet)
Seat 2: vezis3 folded before Flop (didn't bet)
Seat 3: yzuk folded before Flop (didn't bet)
Seat 4: SeaHawksOnAir (button) folded before Flop (didn't bet)
Seat 5: Poker9803 (small blind) folded before Flop
Seat 6: EasyGamerrr (big blind) collected ($1)



PokerStars Hand #254507313452:  Hold'em No Limit ($0.50/$1.00 USD) - 2025/01/22 22:46:14 WET [2025/01/22 17:46:14 ET]
Table 'Aristaeus III' 6-max Seat #5 is the button
Seat 1: mr.Jckpot ($100 in chips) 
Seat 2: vezis3 ($100 in chips) 
Seat 3: yzuk ($100 in chips) 
Seat 4: SeaHawksOnAir ($23.03 in chips) 
Seat 5: Poker9803 ($116.35 in chips) 
Seat 6: EasyGamerrr ($100.50 in chips) 
EasyGamerrr: posts small blind $0.50
mr.Jckpot: posts big blind $1
*** HOLE CARDS ***
vezis3: folds 
yzuk: folds 
SeaHawksOnAir: raises $1 to $2
Poker9803: folds 
EasyGamerrr: folds 
mr.Jckpot: folds 
Uncalled bet ($1) returned to SeaHawksOnAir
SeaHawksOnAir collected $2.50 from pot
*** SUMMARY ***
Total pot $2.50 | Rake $0 
Seat 1: mr.Jckpot (big blind) folded before Flop
Seat 2: vezis3 folded before Flop (didn't bet)
Seat 3: yzuk folded before Flop (didn't bet)
Seat 4: SeaHawksOnAir collected ($2.50)
Seat 5: Poker9803 (button) folded before Flop (didn't bet)
Seat 6: EasyGamerrr (small blind) folded before Flop



PokerStars Hand #254507319359:  Hold'em No Limit ($0.50/$1.00 USD) - 2025/01/22 22:46:36 WET [2025/01/22 17:46:36 ET]
Table 'Aristaeus III' 6-max Seat #6 is the button
Seat 1: mr.Jckpot ($100 in chips) 
Seat 2: vezis3 ($100 in chips) 
Seat 3: yzuk ($100 in chips) 
Seat 4: SeaHawksOnAir ($24.53 in chips) 
Seat 5: Poker9803 ($116.35 in chips) 
Seat 6: EasyGamerrr ($100 in chips) 
mr.Jckpot: posts small blind $0.50
vezis3: posts big blind $1
*** HOLE CARDS ***
yzuk: folds 
SeaHawksOnAir: folds 
Poker9803: folds 
EasyGamerrr: folds 
mr.Jckpot: raises $2 to $3
vezis3: calls $2
*** FLOP *** [Kh 8c 2d]
mr.Jckpot: bets $3.14
vezis3: calls $3.14
*** TURN *** [Kh 8c 2d] [Tc]
mr.Jckpot: checks 
vezis3: bets $6
mr.Jckpot: folds 
Uncalled bet ($6) returned to vezis3
vezis3 collected $11.67 from pot
vezis3: doesn't show hand 
*** SUMMARY ***
Total pot $12.28 | Rake $0.61 
Board [Kh 8c 2d Tc]
Seat 1: mr.Jckpot (small blind) folded on the Turn
Seat 2: vezis3 (big blind) collected ($11.67)
Seat 3: yzuk folded before Flop (didn't bet)
Seat 4: SeaHawksOnAir folded before Flop (didn't bet)
Seat 5: Poker9803 folded before Flop (didn't bet)
Seat 6: EasyGamerrr (button) folded before Flop (didn't bet)



PokerStars Hand #254507332473:  Hold'em No Limit ($0.50/$1.00 USD) - 2025/01/22 22:47:25 WET [2025/01/22 17:47:25 ET]
Table 'Aristaeus III' 6-max Seat #1 is the button
Seat 1: mr.Jckpot ($100 in chips) 
Seat 2: vezis3 ($105.53 in chips) 
Seat 3: yzuk ($100 in chips) 
Seat 4: SeaHawksOnAir ($24.53 in chips) 
Seat 5: Poker9803 ($116.35 in chips) 
Seat 6: EasyGamerrr ($100 in chips) 
vezis3: posts small blind $0.50
yzuk: posts big blind $1
*** HOLE CARDS ***
SeaHawksOnAir: folds 
Poker9803: folds 
EasyGamerrr: folds 
mr.Jckpot: folds 
vezis3: raises $2 to $3
yzuk: raises $6 to $9
vezis3: folds 
Uncalled bet ($6) returned to yzuk
yzuk collected $6 from pot
yzuk: doesn't show hand 
*** SUMMARY ***
Total pot $6 | Rake $0 
Seat 1: mr.Jckpot (button) folded before Flop (didn't bet)
Seat 2: vezis3 (small blind) folded before Flop
Seat 3: yzuk (big blind) collected ($6)
Seat 4: SeaHawksOnAir folded before Flop (didn't bet)
Seat 5: Poker9803 folded before Flop (didn't bet)
Seat 6: EasyGamerrr folded before Flop (didn't bet)



PokerStars Hand #254507341076:  Hold'em No Limit ($0.50/$1.00 USD) - 2025/01/22 22:47:57 WET [2025/01/22 17:47:57 ET]
Table 'Aristaeus III' 6-max Seat #2 is the button
Seat 1: mr.Jckpot ($100 in chips) 
Seat 2: vezis3 ($102.53 in chips) 
Seat 3: yzuk ($103 in chips) 
Seat 4: SeaHawksOnAir ($24.53 in chips) 
Seat 5: Poker9803 ($116.35 in chips) 
Seat 6: EasyGamerrr ($100 in chips) 
yzuk: posts small blind $0.50
SeaHawksOnAir: posts big blind $1
*** HOLE CARDS ***
Poker9803: folds 
EasyGamerrr: raises $1.50 to $2.50
mr.Jckpot: folds 
vezis3: folds 
yzuk: folds 
SeaHawksOnAir: calls $1.50
*** FLOP *** [Jc 5d Qd]
SeaHawksOnAir: checks 
EasyGamerrr: bets $2.19
SeaHawksOnAir: folds 
Uncalled bet ($2.19) returned to EasyGamerrr
EasyGamerrr collected $5.22 from pot
EasyGamerrr: doesn't show hand 
*** SUMMARY ***
Total pot $5.50 | Rake $0.28 
Board [Jc 5d Qd]
Seat 1: mr.Jckpot folded before Flop (didn't bet)
Seat 2: vezis3 (button) folded before Flop (didn't bet)
Seat 3: yzuk (small blind) folded before Flop
Seat 4: SeaHawksOnAir (big blind) folded on the Flop
Seat 5: Poker9803 folded before Flop (didn't bet)
Seat 6: EasyGamerrr collected ($5.22)



PokerStars Hand #254507350064:  Hold'em No Limit ($0.50/$1.00 USD) - 2025/01/22 22:48:30 WET [2025/01/22 17:48:30 ET]
Table 'Aristaeus III' 6-max Seat #3 is the button
Seat 1: mr.Jckpot ($100 in chips) 
Seat 2: vezis3 ($102.53 in chips) 
Seat 3: yzuk ($102.50 in chips) 
Seat 4: SeaHawksOnAir ($22.03 in chips) 
Seat 5: Poker9803 ($116.35 in chips) 
Seat 6: EasyGamerrr ($102.72 in chips) 
SeaHawksOnAir: posts small blind $0.50
Poker9803: posts big blind $1
*** HOLE CARDS ***
EasyGamerrr: raises $1.50 to $2.50
mr.Jckpot: folds 
vezis3: folds 
yzuk: folds 
SeaHawksOnAir: calls $2
Poker9803: folds 
*** FLOP *** [Js 6d 4s]
SeaHawksOnAir: bets $2.85
EasyGamerrr: folds 
Uncalled bet ($2.85) returned to SeaHawksOnAir
SeaHawksOnAir collected $5.70 from pot
*** SUMMARY ***
Total pot $6 | Rake $0.30 
Board [Js 6d 4s]
Seat 1: mr.Jckpot folded before Flop (didn't bet)
Seat 2: vezis3 folded before Flop (didn't bet)
Seat 3: yzuk (button) folded before Flop (didn't bet)
Seat 4: SeaHawksOnAir (small blind) collected ($5.70)
Seat 5: Poker9803 (big blind) folded before Flop
Seat 6: EasyGamerrr folded on the Flop



PokerStars Hand #254507357063:  Hold'em No Limit ($0.50/$1.00 USD) - 2025/01/22 22:48:56 WET [2025/01/22 17:48:56 ET]
Table 'Aristaeus III' 6-max Seat #4 is the button
Seat 1: mr.Jckpot ($100 in chips) 
Seat 2: vezis3 ($102.53 in chips) 
Seat 3: yzuk ($102.50 in chips) 
Seat 4: SeaHawksOnAir ($25.23 in chips) 
Seat 5: Poker9803 ($115.35 in chips) 
Seat 6: EasyGamerrr ($100.22 in chips) 
Poker9803: posts small blind $0.50
EasyGamerrr: posts big blind $1
*** HOLE CARDS ***
mr.Jckpot: folds 
vezis3: raises $1.40 to $2.40
yzuk: folds 
SeaHawksOnAir: calls $2.40
Poker9803: folds 
EasyGamerrr: folds 
*** FLOP *** [9h Ad 2h]
vezis3: checks 
SeaHawksOnAir: bets $1
vezis3: folds 
Uncalled bet ($1) returned to SeaHawksOnAir
SeaHawksOnAir collected $5.98 from pot
*** SUMMARY ***
Total pot $6.30 | Rake $0.32 
Board [9h Ad 2h]
Seat 1: mr.Jckpot folded before Flop (didn't bet)
Seat 2: vezis3 folded on the Flop
Seat 3: yzuk folded before Flop (didn't bet)
Seat 4: SeaHawksOnAir (button) collected ($5.98)
Seat 5: Poker9803 (small blind) folded before Flop
Seat 6: EasyGamerrr (big blind) folded before Flop



PokerStars Hand #254507368057:  Hold'em No Limit ($0.50/$1.00 USD) - 2025/01/22 22:49:37 WET [2025/01/22 17:49:37 ET]
Table 'Aristaeus III' 6-max Seat #5 is the button
Seat 1: mr.Jckpot ($100 in chips) 
Seat 2: vezis3 ($100.13 in chips) 
Seat 3: yzuk ($102.50 in chips) 
Seat 4: SeaHawksOnAir ($28.81 in chips) 
Seat 5: Poker9803 ($114.85 in chips) 
Seat 6: EasyGamerrr ($100 in chips) 
EasyGamerrr: posts small blind $0.50
mr.Jckpot: posts big blind $1
*** HOLE CARDS ***
vezis3: folds 
yzuk: folds 
SeaHawksOnAir: raises $1 to $2
Poker9803: folds 
EasyGamerrr: folds 
mr.Jckpot: folds 
Uncalled bet ($1) returned to SeaHawksOnAir
SeaHawksOnAir collected $2.50 from pot
*** SUMMARY ***
Total pot $2.50 | Rake $0 
Seat 1: mr.Jckpot (big blind) folded before Flop
Seat 2: vezis3 folded before Flop (didn't bet)
Seat 3: yzuk folded before Flop (didn't bet)
Seat 4: SeaHawksOnAir collected ($2.50)
Seat 5: Poker9803 (button) folded before Flop (didn't bet)
Seat 6: EasyGamerrr (small blind) folded before Flop



PokerStars Hand #254507371081:  Hold'em No Limit ($0.50/$1.00 USD) - 2025/01/22 22:49:48 WET [2025/01/22 17:49:48 ET]
Table 'Aristaeus III' 6-max Seat #6 is the button
Seat 1: mr.Jckpot ($100 in chips) 
Seat 2: vezis3 ($100.13 in chips) 
Seat 3: yzuk ($102.50 in chips) 
Seat 4: SeaHawksOnAir ($30.31 in chips) 
Seat 5: Poker9803 ($114.85 in chips) 
Seat 6: EasyGamerrr ($100 in chips) 
mr.Jckpot: posts small blind $0.50
vezis3: posts big blind $1
*** HOLE CARDS ***
yzuk: folds 
SeaHawksOnAir: calls $1
Poker9803: folds 
EasyGamerrr: folds 
mr.Jckpot: folds 
vezis3: checks 
*** FLOP *** [9d 5h Tc]
vezis3: checks 
SeaHawksOnAir: bets $1
vezis3: calls $1
*** TURN *** [9d 5h Tc] [8h]
vezis3: checks 
SeaHawksOnAir: bets $1
vezis3: calls $1
*** RIVER *** [9d 5h Tc 8h] [Qh]
vezis3: checks 
SeaHawksOnAir: bets $6.18
vezis3: folds 
Uncalled bet ($6.18) returned to SeaHawksOnAir
SeaHawksOnAir collected $6.18 from pot
*** SUMMARY ***
Total pot $6.50 | Rake $0.32 
Board [9d 5h Tc 8h Qh]
Seat 1: mr.Jckpot (small blind) folded before Flop
Seat 2: vezis3 (big blind) folded on the River
Seat 3: yzuk folded before Flop (didn't bet)
Seat 4: SeaHawksOnAir collected ($6.18)
Seat 5: Poker9803 folded before Flop (didn't bet)
Seat 6: EasyGamerrr (button) folded before Flop (didn't bet)



PokerStars Hand #254507386898:  Hold'em No Limit ($0.50/$1.00 USD) - 2025/01/22 22:50:47 WET [2025/01/22 17:50:47 ET]
Table 'Aristaeus III' 6-max Seat #1 is the button
Seat 1: mr.Jckpot ($100 in chips) 
Seat 2: vezis3 ($100 in chips) 
Seat 3: yzuk ($102.50 in chips) 
Seat 4: SeaHawksOnAir ($33.49 in chips) 
Seat 5: Poker9803 ($114.85 in chips) 
Seat 6: EasyGamerrr ($100 in chips) 
vezis3: posts small blind $0.50
yzuk: posts big blind $1
*** HOLE CARDS ***
SeaHawksOnAir: raises $1 to $2
Poker9803: folds 
EasyGamerrr: folds 
mr.Jckpot: folds 
vezis3: folds 
yzuk: folds 
Uncalled bet ($1) returned to SeaHawksOnAir
SeaHawksOnAir collected $2.50 from pot
*** SUMMARY ***
Total pot $2.50 | Rake $0 
Seat 1: mr.Jckpot (button) folded before Flop (didn't bet)
Seat 2: vezis3 (small blind) folded before Flop
Seat 3: yzuk (big blind) folded before Flop
Seat 4: SeaHawksOnAir collected ($2.50)
Seat 5: Poker9803 folded before Flop (didn't bet)
Seat 6: EasyGamerrr folded before Flop (didn't bet)



PokerStars Hand #254507391430:  Hold'em No Limit ($0.50/$1.00 USD) - 2025/01/22 22:51:04 WET [2025/01/22 17:51:04 ET]
Table 'Aristaeus III' 6-max Seat #2 is the button
Seat 1: mr.Jckpot ($100 in chips) 
Seat 2: vezis3 ($100 in chips) 
Seat 3: yzuk ($101.50 in chips) 
Seat 4: SeaHawksOnAir ($34.99 in chips) 
Seat 5: Poker9803 ($114.85 in chips) 
Seat 6: EasyGamerrr ($100 in chips) 
yzuk: posts small blind $0.50
SeaHawksOnAir: posts big blind $1
*** HOLE CARDS ***
Poker9803: folds 
EasyGamerrr: folds 
mr.Jckpot: folds 
vezis3: raises $1.40 to $2.40
yzuk: folds 
SeaHawksOnAir: calls $1.40
*** FLOP *** [Td 8d Qh]
SeaHawksOnAir: bets $32.59 and is all-in
vezis3: folds 
Uncalled bet ($32.59) returned to SeaHawksOnAir
SeaHawksOnAir collected $5.04 from pot
*** SUMMARY ***
Total pot $5.30 | Rake $0.26 
Board [Td 8d Qh]
Seat 1: mr.Jckpot folded before Flop (didn't bet)
Seat 2: vezis3 (button) folded on the Flop
Seat 3: yzuk (small blind) folded before Flop
Seat 4: SeaHawksOnAir (big blind) collected ($5.04)
Seat 5: Poker9803 folded before Flop (didn't bet)
Seat 6: EasyGamerrr folded before Flop (didn't bet)



PokerStars Hand #254507398148:  Hold'em No Limit ($0.50/$1.00 USD) - 2025/01/22 22:51:30 WET [2025/01/22 17:51:30 ET]
Table 'Aristaeus III' 6-max Seat #3 is the button
Seat 1: mr.Jckpot ($100 in chips) 
Seat 2: vezis3 ($100 in chips) 
Seat 3: yzuk ($101 in chips) 
Seat 4: SeaHawksOnAir ($37.63 in chips) 
Seat 5: Poker9803 ($114.85 in chips) 
Seat 6: EasyGamerrr ($100 in chips) 
SeaHawksOnAir: posts small blind $0.50
Poker9803: posts big blind $1
*** HOLE CARDS ***
EasyGamerrr: folds 
mr.Jckpot: folds 
vezis3: folds 
yzuk: folds 
SeaHawksOnAir: calls $0.50
Poker9803: raises $2.50 to $3.50
SeaHawksOnAir: calls $2.50
*** FLOP *** [7d 2s Ts]
SeaHawksOnAir: checks 
Poker9803: checks 
*** TURN *** [7d 2s Ts] [6h]
SeaHawksOnAir: checks 
Poker9803: checks 
*** RIVER *** [7d 2s Ts 6h] [7s]
SeaHawksOnAir: bets $3.33
Poker9803: folds 
Uncalled bet ($3.33) returned to SeaHawksOnAir
SeaHawksOnAir collected $6.65 from pot
*** SUMMARY ***
Total pot $7 | Rake $0.35 
Board [7d 2s Ts 6h 7s]
Seat 1: mr.Jckpot folded before Flop (didn't bet)
Seat 2: vezis3 folded before Flop (didn't bet)
Seat 3: yzuk (button) folded before Flop (didn't bet)
Seat 4: SeaHawksOnAir (small blind) collected ($6.65)
Seat 5: Poker9803 (big blind) folded on the River
Seat 6: EasyGamerrr folded before Flop (didn't bet)



PokerStars Hand #254507414994:  Hold'em No Limit ($0.50/$1.00 USD) - 2025/01/22 22:52:34 WET [2025/01/22 17:52:34 ET]
Table 'Aristaeus III' 6-max Seat #4 is the button
Seat 1: mr.Jckpot ($100 in chips) 
Seat 2: vezis3 ($100 in chips) 
Seat 3: yzuk ($101 in chips) 
Seat 4: SeaHawksOnAir ($40.78 in chips) 
Seat 5: Poker9803 ($111.35 in chips) 
Seat 6: EasyGamerrr ($100 in chips) 
Poker9803: posts small blind $0.50
EasyGamerrr: posts big blind $1
*** HOLE CARDS ***
mr.Jckpot: raises $1.50 to $2.50
vezis3: folds 
yzuk: folds 
SeaHawksOnAir: folds 
Poker9803: raises $9 to $11.50
EasyGamerrr: folds 
mr.Jckpot: folds 
Uncalled bet ($9) returned to Poker9803
Poker9803 collected $6 from pot
Poker9803: doesn't show hand 
*** SUMMARY ***
Total pot $6 | Rake $0 
Seat 1: mr.Jckpot folded before Flop
Seat 2: vezis3 folded before Flop (didn't bet)
Seat 3: yzuk folded before Flop (didn't bet)
Seat 4: SeaHawksOnAir (button) folded before Flop (didn't bet)
Seat 5: Poker9803 (small blind) collected ($6)
Seat 6: EasyGamerrr (big blind) folded before Flop



PokerStars Hand #254507420353:  Hold'em No Limit ($0.50/$1.00 USD) - 2025/01/22 22:52:54 WET [2025/01/22 17:52:54 ET]
Table 'Aristaeus III' 6-max Seat #5 is the button
Seat 1: mr.Jckpot ($100 in chips) 
Seat 2: vezis3 ($100 in chips) 
Seat 3: yzuk ($101 in chips) 
Seat 4: SeaHawksOnAir ($40.78 in chips) 
Seat 5: Poker9803 ($114.85 in chips) 
Seat 6: EasyGamerrr ($100 in chips) 
EasyGamerrr: posts small blind $0.50
mr.Jckpot: posts big blind $1
*** HOLE CARDS ***
vezis3: raises $1 to $2
yzuk: folds 
SeaHawksOnAir: folds 
Poker9803: folds 
EasyGamerrr: folds 
mr.Jckpot: folds 
Uncalled bet ($1) returned to vezis3
vezis3 collected $2.50 from pot
vezis3: doesn't show hand 
*** SUMMARY ***
Total pot $2.50 | Rake $0 
Seat 1: mr.Jckpot (big blind) folded before Flop
Seat 2: vezis3 collected ($2.50)
Seat 3: yzuk folded before Flop (didn't bet)
Seat 4: SeaHawksOnAir folded before Flop (didn't bet)
Seat 5: Poker9803 (button) folded before Flop (didn't bet)
Seat 6: EasyGamerrr (small blind) folded before Flop



PokerStars Hand #254507423560:  Hold'em No Limit ($0.50/$1.00 USD) - 2025/01/22 22:53:06 WET [2025/01/22 17:53:06 ET]
Table 'Aristaeus III' 6-max Seat #6 is the button
Seat 1: mr.Jckpot ($100 in chips) 
Seat 2: vezis3 ($101.50 in chips) 
Seat 3: yzuk ($101 in chips) 
Seat 4: SeaHawksOnAir ($40.78 in chips) 
Seat 5: Poker9803 ($114.85 in chips) 
Seat 6: EasyGamerrr ($100 in chips) 
mr.Jckpot: posts small blind $0.50
vezis3: posts big blind $1
*** HOLE CARDS ***
yzuk: folds 
SeaHawksOnAir: folds 
Poker9803: raises $1.50 to $2.50
EasyGamerrr: folds 
mr.Jckpot: folds 
vezis3: folds 
Uncalled bet ($1.50) returned to Poker9803
Poker9803 collected $2.50 from pot
Poker9803: doesn't show hand 
*** SUMMARY ***
Total pot $2.50 | Rake $0 
Seat 1: mr.Jckpot (small blind) folded before Flop
Seat 2: vezis3 (big blind) folded before Flop
Seat 3: yzuk folded before Flop (didn't bet)
Seat 4: SeaHawksOnAir folded before Flop (didn't bet)
Seat 5: Poker9803 collected ($2.50)
Seat 6: EasyGamerrr (button) folded before Flop (didn't bet)



PokerStars Hand #254507426994:  Hold'em No Limit ($0.50/$1.00 USD) - 2025/01/22 22:53:20 WET [2025/01/22 17:53:20 ET]
Table 'Aristaeus III' 6-max Seat #1 is the button
Seat 1: mr.Jckpot ($100 in chips) 
Seat 2: vezis3 ($100.50 in chips) 
Seat 3: yzuk ($101 in chips) 
Seat 4: SeaHawksOnAir ($40.78 in chips) 
Seat 5: Poker9803 ($116.35 in chips) 
Seat 6: EasyGamerrr ($100 in chips) 
vezis3: posts small blind $0.50
yzuk: posts big blind $1
*** HOLE CARDS ***
SeaHawksOnAir: folds 
Poker9803: folds 
EasyGamerrr: raises $1.50 to $2.50
mr.Jckpot: folds 
vezis3: folds 
yzuk: folds 
Uncalled bet ($1.50) returned to EasyGamerrr
EasyGamerrr collected $2.50 from pot
EasyGamerrr: doesn't show hand 
*** SUMMARY ***
Total pot $2.50 | Rake $0 
Seat 1: mr.Jckpot (button) folded before Flop (didn't bet)
Seat 2: vezis3 (small blind) folded before Flop
Seat 3: yzuk (big blind) folded before Flop
Seat 4: SeaHawksOnAir folded before Flop (didn't bet)
Seat 5: Poker9803 folded before Flop (didn't bet)
Seat 6: EasyGamerrr collected ($2.50)



PokerStars Hand #254507430171:  Hold'em No Limit ($0.50/$1.00 USD) - 2025/01/22 22:53:32 WET [2025/01/22 17:53:32 ET]
Table 'Aristaeus III' 6-max Seat #2 is the button
Seat 1: mr.Jckpot ($100 in chips) 
Seat 2: vezis3 ($100 in chips) 
Seat 3: yzuk ($100 in chips) 
Seat 4: SeaHawksOnAir ($40.78 in chips) 
Seat 5: Poker9803 ($116.35 in chips) 
Seat 6: EasyGamerrr ($101.50 in chips) 
yzuk: posts small blind $0.50
SeaHawksOnAir: posts big blind $1
*** HOLE CARDS ***
Poker9803: folds 
EasyGamerrr: folds 
mr.Jckpot: folds 
vezis3: folds 
yzuk: folds 
Uncalled bet ($0.50) returned to SeaHawksOnAir
SeaHawksOnAir collected $1 from pot
*** SUMMARY ***
Total pot $1 | Rake $0 
Seat 1: mr.Jckpot folded before Flop (didn't bet)
Seat 2: vezis3 (button) folded before Flop (didn't bet)
Seat 3: yzuk (small blind) folded before Flop
Seat 4: SeaHawksOnAir (big blind) collected ($1)
Seat 5: Poker9803 folded before Flop (didn't bet)
Seat 6: EasyGamerrr folded before Flop (didn't bet)



PokerStars Hand #254507434399:  Hold'em No Limit ($0.50/$1.00 USD) - 2025/01/22 22:53:48 WET [2025/01/22 17:53:48 ET]
Table 'Aristaeus III' 6-max Seat #3 is the button
Seat 1: mr.Jckpot ($100 in chips) 
Seat 2: vezis3 ($100 in chips) 
Seat 3: yzuk ($100 in chips) 
Seat 4: SeaHawksOnAir ($41.28 in chips) 
Seat 5: Poker9803 ($116.35 in chips) 
Seat 6: EasyGamerrr ($101.50 in chips) 
SeaHawksOnAir: posts small blind $0.50
Poker9803: posts big blind $1
*** HOLE CARDS ***
EasyGamerrr: folds 
mr.Jckpot: folds 
vezis3: folds 
yzuk: raises $1.50 to $2.50
SeaHawksOnAir: calls $2
Poker9803: folds 
*** FLOP *** [Qc 4c 4h]
SeaHawksOnAir: checks 
yzuk: checks 
*** TURN *** [Qc 4c 4h] [2d]
SeaHawksOnAir: bets $1
yzuk: folds 
Uncalled bet ($1) returned to SeaHawksOnAir
SeaHawksOnAir collected $5.70 from pot
*** SUMMARY ***
Total pot $6 | Rake $0.30 
Board [Qc 4c 4h 2d]
Seat 1: mr.Jckpot folded before Flop (didn't bet)
Seat 2: vezis3 folded before Flop (didn't bet)
Seat 3: yzuk (button) folded on the Turn
Seat 4: SeaHawksOnAir (small blind) collected ($5.70)
Seat 5: Poker9803 (big blind) folded before Flop
Seat 6: EasyGamerrr folded before Flop (didn't bet)



PokerStars Hand #254507446566:  Hold'em No Limit ($0.50/$1.00 USD) - 2025/01/22 22:54:35 WET [2025/01/22 17:54:35 ET]
Table 'Aristaeus III' 6-max Seat #4 is the button
Seat 1: mr.Jckpot ($100 in chips) 
Seat 2: vezis3 ($100 in chips) 
Seat 3: yzuk ($100 in chips) 
Seat 4: SeaHawksOnAir ($44.48 in chips) 
Seat 5: Poker9803 ($115.35 in chips) 
Seat 6: EasyGamerrr ($101.50 in chips) 
Poker9803: posts small blind $0.50
EasyGamerrr: posts big blind $1
*** HOLE CARDS ***
mr.Jckpot: folds 
vezis3: raises $1 to $2
yzuk: folds 
SeaHawksOnAir: calls $2
Poker9803: folds 
EasyGamerrr: folds 
*** FLOP *** [Ks 5c 7d]
vezis3: checks 
SeaHawksOnAir: bets $2.61
vezis3: folds 
Uncalled bet ($2.61) returned to SeaHawksOnAir
SeaHawksOnAir collected $5.22 from pot
*** SUMMARY ***
Total pot $5.50 | Rake $0.28 
Board [Ks 5c 7d]
Seat 1: mr.Jckpot folded before Flop (didn't bet)
Seat 2: vezis3 folded on the Flop
Seat 3: yzuk folded before Flop (didn't bet)
Seat 4: SeaHawksOnAir (button) collected ($5.22)
Seat 5: Poker9803 (small blind) folded before Flop
Seat 6: EasyGamerrr (big blind) folded before Flop



PokerStars Hand #254507454432:  Hold'em No Limit ($0.50/$1.00 USD) - 2025/01/22 22:55:05 WET [2025/01/22 17:55:05 ET]
Table 'Aristaeus III' 6-max Seat #5 is the button
Seat 1: mr.Jckpot ($100 in chips) 
Seat 2: vezis3 ($100 in chips) 
Seat 3: yzuk ($100 in chips) 
Seat 4: SeaHawksOnAir ($47.70 in chips) 
Seat 5: Poker9803 ($114.85 in chips) 
Seat 6: EasyGamerrr ($100.50 in chips) 
EasyGamerrr: posts small blind $0.50
mr.Jckpot: posts big blind $1
*** HOLE CARDS ***
vezis3: folds 
yzuk: raises $1.50 to $2.50
SeaHawksOnAir: folds 
Poker9803: folds 
EasyGamerrr: folds 
mr.Jckpot: folds 
Uncalled bet ($1.50) returned to yzuk
yzuk collected $2.50 from pot
yzuk: doesn't show hand 
*** SUMMARY ***
Total pot $2.50 | Rake $0 
Seat 1: mr.Jckpot (big blind) folded before Flop
Seat 2: vezis3 folded before Flop (didn't bet)
Seat 3: yzuk collected ($2.50)
Seat 4: SeaHawksOnAir folded before Flop (didn't bet)
Seat 5: Poker9803 (button) folded before Flop (didn't bet)
Seat 6: EasyGamerrr (small blind) folded before Flop



PokerStars Hand #254507457673:  Hold'em No Limit ($0.50/$1.00 USD) - 2025/01/22 22:55:19 WET [2025/01/22 17:55:19 ET]
Table 'Aristaeus III' 6-max Seat #6 is the button
Seat 1: mr.Jckpot ($100 in chips) 
Seat 2: vezis3 ($100 in chips) 
Seat 3: yzuk ($101.50 in chips) 
Seat 4: SeaHawksOnAir ($47.70 in chips) 
Seat 5: Poker9803 ($114.85 in chips) 
Seat 6: EasyGamerrr ($100 in chips) 
mr.Jckpot: posts small blind $0.50
vezis3: posts big blind $1
*** HOLE CARDS ***
yzuk: folds 
SeaHawksOnAir: calls $1
Poker9803: folds 
EasyGamerrr: folds 
mr.Jckpot: folds 
vezis3: checks 
*** FLOP *** [5c Th 8s]
vezis3: checks 
SeaHawksOnAir: bets $1
vezis3: calls $1
*** TURN *** [5c Th 8s] [Kc]
vezis3: bets $1.41
SeaHawksOnAir: calls $1.41
*** RIVER *** [5c Th 8s Kc] [7s]
vezis3: checks 
SeaHawksOnAir: checks 
*** SHOW DOWN ***
vezis3: shows [4h Td] (a pair of Tens)
SeaHawksOnAir: mucks hand 
vezis3 collected $6.95 from pot
*** SUMMARY ***
Total pot $7.32 | Rake $0.37 
Board [5c Th 8s Kc 7s]
Seat 1: mr.Jckpot (small blind) folded before Flop
Seat 2: vezis3 (big blind) showed [4h Td] and won ($6.95) with a pair of Tens
Seat 3: yzuk folded before Flop (didn't bet)
Seat 4: SeaHawksOnAir mucked
Seat 5: Poker9803 folded before Flop (didn't bet)
Seat 6: EasyGamerrr (button) folded before Flop (didn't bet)



PokerStars Hand #254507468530:  Hold'em No Limit ($0.50/$1.00 USD) - 2025/01/22 22:56:14 WET [2025/01/22 17:56:14 ET]
Table 'Aristaeus III' 6-max Seat #1 is the button
Seat 1: mr.Jckpot ($100 in chips) 
Seat 2: vezis3 ($103.54 in chips) 
Seat 3: yzuk ($101.50 in chips) 
Seat 4: SeaHawksOnAir ($44.29 in chips) 
Seat 5: Poker9803 ($114.85 in chips) 
Seat 6: EasyGamerrr ($100 in chips) 
vezis3: posts small blind $0.50
yzuk: posts big blind $1
*** HOLE CARDS ***
SeaHawksOnAir: raises $1 to $2
Poker9803: raises $4 to $6
EasyGamerrr: folds 
mr.Jckpot: folds 
vezis3: folds 
yzuk: folds 
SeaHawksOnAir: calls $4
*** FLOP *** [2c Tc Ac]
SeaHawksOnAir: checks 
Poker9803: checks 
*** TURN *** [2c Tc Ac] [9s]
SeaHawksOnAir: bets $6.41
Poker9803: folds 
Uncalled bet ($6.41) returned to SeaHawksOnAir
SeaHawksOnAir collected $12.82 from pot
*** SUMMARY ***
Total pot $13.50 | Rake $0.68 
Board [2c Tc Ac 9s]
Seat 1: mr.Jckpot (button) folded before Flop (didn't bet)
Seat 2: vezis3 (small blind) folded before Flop
Seat 3: yzuk (big blind) folded before Flop
Seat 4: SeaHawksOnAir collected ($12.82)
Seat 5: Poker9803 folded on the Turn
Seat 6: EasyGamerrr folded before Flop (didn't bet)



PokerStars Hand #254507474779:  Hold'em No Limit ($0.50/$1.00 USD) - 2025/01/22 22:56:45 WET [2025/01/22 17:56:45 ET]
Table 'Aristaeus III' 6-max Seat #2 is the button
Seat 1: mr.Jckpot ($100 in chips) 
Seat 2: vezis3 ($103.04 in chips) 
Seat 3: yzuk ($100.50 in chips) 
Seat 4: SeaHawksOnAir ($51.11 in chips) 
Seat 5: Poker9803 ($108.85 in chips) 
Seat 6: EasyGamerrr ($100 in chips) 
yzuk: posts small blind $0.50
SeaHawksOnAir: posts big blind $1
*** HOLE CARDS ***
Poker9803: folds 
EasyGamerrr: raises $1.50 to $2.50
mr.Jckpot: folds 
vezis3: raises $5.50 to $8
yzuk: folds 
SeaHawksOnAir: folds 
EasyGamerrr: folds 
Uncalled bet ($5.50) returned to vezis3
SeaHawksOnAir leaves the table
vezis3 collected $6.50 from pot
vezis3: doesn't show hand 
*** SUMMARY ***
Total pot $6.50 | Rake $0 
Seat 1: mr.Jckpot folded before Flop (didn't bet)
Seat 2: vezis3 (button) collected ($6.50)
Seat 3: yzuk (small blind) folded before Flop
Seat 4: SeaHawksOnAir (big blind) folded before Flop
Seat 5: Poker9803 folded before Flop (didn't bet)
Seat 6: EasyGamerrr folded before Flop



PokerStars Hand #254507478857:  Hold'em No Limit ($0.50/$1.00 USD) - 2025/01/22 22:57:05 WET [2025/01/22 17:57:05 ET]
Table 'Aristaeus III' 6-max Seat #3 is the button
Seat 1: mr.Jckpot ($100 in chips) 
Seat 2: vezis3 ($107.04 in chips) 
Seat 3: yzuk ($100 in chips) 
Seat 5: Poker9803 ($108.85 in chips) 
Seat 6: EasyGamerrr ($100 in chips) 
Poker9803: posts small blind $0.50
EasyGamerrr: posts big blind $1
*** HOLE CARDS ***
mr.Jckpot: folds 
vezis3: folds 
yzuk: raises $1.50 to $2.50
Poker9803: folds 
EasyGamerrr: calls $1.50
*** FLOP *** [7s Ks 8s]
EasyGamerrr: checks 
yzuk: checks 
*** TURN *** [7s Ks 8s] [Td]
EasyGamerrr: checks 
yzuk: checks 
*** RIVER *** [7s Ks 8s Td] [8c]
EasyGamerrr: bets $7.83
yzuk: folds 
Uncalled bet ($7.83) returned to EasyGamerrr
EasyGamerrr collected $5.22 from pot
EasyGamerrr: doesn't show hand 
*** SUMMARY ***
Total pot $5.50 | Rake $0.28 
Board [7s Ks 8s Td 8c]
Seat 1: mr.Jckpot folded before Flop (didn't bet)
Seat 2: vezis3 folded before Flop (didn't bet)
Seat 3: yzuk (button) folded on the River
Seat 5: Poker9803 (small blind) folded before Flop
Seat 6: EasyGamerrr (big blind) collected ($5.22)



PokerStars Hand #254507490889:  Hold'em No Limit ($0.50/$1.00 USD) - 2025/01/22 22:58:05 WET [2025/01/22 17:58:05 ET]
Table 'Aristaeus III' 6-max Seat #5 is the button
Seat 6: EasyGamerrr ($102.72 in chips) is sitting out
Seat 1: mr.Jckpot ($100 in chips) 
Seat 2: vezis3 ($107.04 in chips) 
Seat 3: yzuk ($100 in chips) 
Seat 5: Poker9803 ($108.35 in chips) 
mr.Jckpot: posts small blind $0.50
vezis3: posts big blind $1
*** HOLE CARDS ***
EasyGamerrr leaves the table
yzuk: folds 
Poker9803: folds 
mr.Jckpot: raises $2 to $3
vezis3: calls $2
*** FLOP *** [Js 5h 8c]
yzuk leaves the table
mr.Jckpot: checks 
Poker9803 leaves the table
vezis3: checks 
*** TURN *** [Js 5h 8c] [7h]
mr.Jckpot: checks 
vezis3: bets $4.39
mr.Jckpot: folds 
Uncalled bet ($4.39) returned to vezis3
vezis3 collected $5.70 from pot
vezis3: doesn't show hand 
*** SUMMARY ***
Total pot $6 | Rake $0.30 
Board [Js 5h 8c 7h]
Seat 6: EasyGamerrr
Seat 1: mr.Jckpot (small blind) folded on the Turn
Seat 2: vezis3 (big blind) collected ($5.70)
Seat 3: yzuk folded before Flop (didn't bet)
Seat 5: Poker9803 (button) folded before Flop (didn't bet)



PokerStars Hand #254507563501:  Hold'em No Limit ($0.50/$1.00 USD) - 2025/01/22 23:03:30 WET [2025/01/22 18:03:30 ET]
Table 'Aristaeus III' 6-max Seat #6 is the button
Seat 2: vezis3 ($109.74 in chips) 
Seat 6: benedi2004 ($100 in chips) 
benedi2004: posts small blind $0.50
vezis3: posts big blind $1
*** HOLE CARDS ***
benedi2004: raises $1 to $2
vezis3: calls $1
*** FLOP *** [9d 6d 2h]
vezis3: checks 
tukeiron joins the table at seat #1 
benedi2004: bets $3.80
vezis3: calls $3.80
*** TURN *** [9d 6d 2h] [3c]
vezis3: checks 
benedi2004: checks 
*** RIVER *** [9d 6d 2h 3c] [6s]
Joker007r joins the table at seat #3 
vezis3: checks 
benedi2004: checks 
*** SHOW DOWN ***
vezis3: shows [5h 5c] (two pair, Sixes and Fives)
benedi2004: mucks hand 
vezis3 collected $11.02 from pot
*** SUMMARY ***
Total pot $11.60 | Rake $0.58 
Board [9d 6d 2h 3c 6s]
Seat 2: vezis3 (big blind) showed [5h 5c] and won ($11.02) with two pair, Sixes and Fives
Seat 6: benedi2004 (button) (small blind) mucked



PokerStars Hand #254507571645:  Hold'em No Limit ($0.50/$1.00 USD) - 2025/01/22 23:04:03 WET [2025/01/22 18:04:03 ET]
Table 'Aristaeus III' 6-max Seat #2 is the button
Seat 3: Joker007r ($100 in chips) is sitting out
Seat 1: tukeiron ($100 in chips) 
Seat 2: vezis3 ($114.96 in chips) 
Seat 6: benedi2004 ($100 in chips) 
benedi2004: posts small blind $0.50
tukeiron: posts big blind $1
*** HOLE CARDS ***
vezis3: raises $1 to $2
benedi2004: raises $5 to $7
tukeiron: folds 
vezis3: calls $5
*** FLOP *** [7c Qh 3s]
benedi2004: bets $14.25
vezis3: calls $14.25
*** TURN *** [7c Qh 3s] [5s]
benedi2004: checks 
Mr_Dick666 joins the table at seat #4 
vezis3: checks 
*** RIVER *** [7c Qh 3s 5s] [6h]
benedi2004: bets $42.50
vezis3: folds 
Uncalled bet ($42.50) returned to benedi2004
benedi2004 collected $42.25 from pot
benedi2004: doesn't show hand 
*** SUMMARY ***
Total pot $43.50 | Rake $1.25 
Board [7c Qh 3s 5s 6h]
Seat 3: Joker007r
Seat 1: tukeiron (big blind) folded before Flop
Seat 2: vezis3 (button) folded on the River
Seat 6: benedi2004 (small blind) collected ($42.25)



PokerStars Hand #254507580387:  Hold'em No Limit ($0.50/$1.00 USD) - 2025/01/22 23:04:37 WET [2025/01/22 18:04:37 ET]
Table 'Aristaeus III' 6-max Seat #6 is the button
Seat 3: Joker007r ($100 in chips) is sitting out
Seat 4: Mr_Dick666 ($100 in chips) is sitting out
Seat 1: tukeiron ($100 in chips) 
Seat 2: vezis3 ($100 in chips) 
Seat 6: benedi2004 ($121 in chips) 
tukeiron: posts small blind $0.50
vezis3: posts big blind $1
Unipoker11 joins the table at seat #5 
Joker007r: sits out 
Mr_Dick666: sits out 
*** HOLE CARDS ***
benedi2004: raises $1 to $2
tukeiron: folds 
vezis3: folds 
Uncalled bet ($1) returned to benedi2004
benedi2004 collected $2.50 from pot
benedi2004: doesn't show hand 
*** SUMMARY ***
Total pot $2.50 | Rake $0 
Seat 3: Joker007r
Seat 4: Mr_Dick666
Seat 1: tukeiron (small blind) folded before Flop
Seat 2: vezis3 (big blind) folded before Flop
Seat 6: benedi2004 (button) collected ($2.50)



PokerStars Hand #254507583630:  Hold'em No Limit ($0.50/$1.00 USD) - 2025/01/22 23:04:50 WET [2025/01/22 18:04:50 ET]
Table 'Aristaeus III' 6-max Seat #1 is the button
Seat 4: Mr_Dick666 ($100 in chips) is sitting out
Seat 5: Unipoker11 ($100 in chips) is sitting out
Seat 1: tukeiron ($100 in chips) 
Seat 2: vezis3 ($100 in chips) 
Seat 3: Joker007r ($100 in chips) 
Seat 6: benedi2004 ($122.50 in chips) 
vezis3: posts small blind $0.50
Joker007r: posts big blind $1
Mr_Dick666: sits out 
Unipoker11: sits out 
*** HOLE CARDS ***
benedi2004: folds 
tukeiron: raises $1.50 to $2.50
vezis3: folds 
Joker007r: folds 
Uncalled bet ($1.50) returned to tukeiron
tukeiron collected $2.50 from pot
*** SUMMARY ***
Total pot $2.50 | Rake $0 
Seat 4: Mr_Dick666
Seat 5: Unipoker11
Seat 1: tukeiron (button) collected ($2.50)
Seat 2: vezis3 (small blind) folded before Flop
Seat 3: Joker007r (big blind) folded before Flop
Seat 6: benedi2004 folded before Flop (didn't bet)



PokerStars Hand #254507587897:  Hold'em No Limit ($0.50/$1.00 USD) - 2025/01/22 23:05:06 WET [2025/01/22 18:05:06 ET]
Table 'Aristaeus III' 6-max Seat #2 is the button
Seat 5: Unipoker11 ($100 in chips) is sitting out
Seat 1: tukeiron ($101.50 in chips) 
Seat 2: vezis3 ($100 in chips) 
Seat 3: Joker007r ($100 in chips) 
Seat 4: Mr_Dick666 ($100 in chips) 
Seat 6: benedi2004 ($122.50 in chips) 
Joker007r: posts small blind $0.50
Mr_Dick666: posts big blind $1
Unipoker11: sits out 
*** HOLE CARDS ***
benedi2004: folds 
tukeiron: raises $1.50 to $2.50
vezis3: raises $5.50 to $8
Joker007r: folds 
Mr_Dick666: folds 
tukeiron: folds 
Uncalled bet ($5.50) returned to vezis3
vezis3 collected $6.50 from pot
vezis3: doesn't show hand 
*** SUMMARY ***
Total pot $6.50 | Rake $0 
Seat 5: Unipoker11
Seat 1: tukeiron folded before Flop
Seat 2: vezis3 (button) collected ($6.50)
Seat 3: Joker007r (small blind) folded before Flop
Seat 4: Mr_Dick666 (big blind) folded before Flop
Seat 6: benedi2004 folded before Flop (didn't bet)



PokerStars Hand #254507594864:  Hold'em No Limit ($0.50/$1.00 USD) - 2025/01/22 23:05:34 WET [2025/01/22 18:05:34 ET]
Table 'Aristaeus III' 6-max Seat #3 is the button
Seat 1: tukeiron ($100 in chips) 
Seat 2: vezis3 ($104 in chips) 
Seat 3: Joker007r ($100 in chips) 
Seat 4: Mr_Dick666 ($100 in chips) 
Seat 5: Unipoker11 ($100 in chips) 
Seat 6: benedi2004 ($122.50 in chips) 
Mr_Dick666: posts small blind $0.50
Unipoker11: posts big blind $1
*** HOLE CARDS ***
benedi2004: folds 
tukeiron: raises $1.50 to $2.50
vezis3: folds 
Joker007r: folds 
Mr_Dick666: folds 
Unipoker11: folds 
Uncalled bet ($1.50) returned to tukeiron
tukeiron collected $2.50 from pot
*** SUMMARY ***
Total pot $2.50 | Rake $0 
Seat 1: tukeiron collected ($2.50)
Seat 2: vezis3 folded before Flop (didn't bet)
Seat 3: Joker007r (button) folded before Flop (didn't bet)
Seat 4: Mr_Dick666 (small blind) folded before Flop
Seat 5: Unipoker11 (big blind) folded before Flop
Seat 6: benedi2004 folded before Flop (didn't bet)



PokerStars Hand #254507601313:  Hold'em No Limit ($0.50/$1.00 USD) - 2025/01/22 23:05:59 WET [2025/01/22 18:05:59 ET]
Table 'Aristaeus III' 6-max Seat #4 is the button
Seat 1: tukeiron ($101.50 in chips) 
Seat 2: vezis3 ($104 in chips) 
Seat 3: Joker007r ($100 in chips) 
Seat 4: Mr_Dick666 ($100 in chips) 
Seat 5: Unipoker11 ($100 in chips) 
Seat 6: benedi2004 ($122.50 in chips) 
Unipoker11: posts small blind $0.50
benedi2004: posts big blind $1
*** HOLE CARDS ***
tukeiron: folds 
vezis3: folds 
Joker007r: folds 
Mr_Dick666: raises $1.50 to $2.50
Unipoker11: folds 
benedi2004: folds 
Uncalled bet ($1.50) returned to Mr_Dick666
Mr_Dick666 collected $2.50 from pot
Mr_Dick666: doesn't show hand 
*** SUMMARY ***
Total pot $2.50 | Rake $0 
Seat 1: tukeiron folded before Flop (didn't bet)
Seat 2: vezis3 folded before Flop (didn't bet)
Seat 3: Joker007r folded before Flop (didn't bet)
Seat 4: Mr_Dick666 (button) collected ($2.50)
Seat 5: Unipoker11 (small blind) folded before Flop
Seat 6: benedi2004 (big blind) folded before Flop



PokerStars Hand #254507607155:  Hold'em No Limit ($0.50/$1.00 USD) - 2025/01/22 23:06:22 WET [2025/01/22 18:06:22 ET]
Table 'Aristaeus III' 6-max Seat #5 is the button
Seat 1: tukeiron ($101.50 in chips) 
Seat 2: vezis3 ($104 in chips) 
Seat 3: Joker007r ($100 in chips) 
Seat 4: Mr_Dick666 ($101.50 in chips) 
Seat 5: Unipoker11 ($100 in chips) 
Seat 6: benedi2004 ($121.50 in chips) 
benedi2004: posts small blind $0.50
tukeiron: posts big blind $1
*** HOLE CARDS ***
vezis3: folds 
Joker007r: folds 
Mr_Dick666: folds 
Unipoker11: folds 
benedi2004: raises $1 to $2
tukeiron: folds 
Uncalled bet ($1) returned to benedi2004
benedi2004 collected $2 from pot
benedi2004: doesn't show hand 
*** SUMMARY ***
Total pot $2 | Rake $0 
Seat 1: tukeiron (big blind) folded before Flop
Seat 2: vezis3 folded before Flop (didn't bet)
Seat 3: Joker007r folded before Flop (didn't bet)
Seat 4: Mr_Dick666 folded before Flop (didn't bet)
Seat 5: Unipoker11 (button) folded before Flop (didn't bet)
Seat 6: benedi2004 (small blind) collected ($2)



PokerStars Hand #254507611618:  Hold'em No Limit ($0.50/$1.00 USD) - 2025/01/22 23:06:39 WET [2025/01/22 18:06:39 ET]
Table 'Aristaeus III' 6-max Seat #6 is the button
Seat 2: vezis3 ($104 in chips) is sitting out
Seat 1: tukeiron ($100.50 in chips) 
Seat 3: Joker007r ($100 in chips) 
Seat 4: Mr_Dick666 ($101.50 in chips) 
Seat 5: Unipoker11 ($100 in chips) 
Seat 6: benedi2004 ($122.50 in chips) 
tukeiron: posts small blind $0.50
vezis3: is sitting out 
Joker007r: posts big blind $1
*** HOLE CARDS ***
Mr_Dick666: folds 
vezis3 leaves the table
Unipoker11: folds 
benedi2004: raises $2 to $3
tukeiron: folds 
Xenicide joins the table at seat #2 
Joker007r: calls $2
*** FLOP *** [8h Kc Jh]
Joker007r: checks 
benedi2004: checks 
*** TURN *** [8h Kc Jh] [8d]
Joker007r: bets $3.21
benedi2004: calls $3.21
*** RIVER *** [8h Kc Jh 8d] [2h]
Joker007r: checks 
benedi2004: checks 
*** SHOW DOWN ***
Joker007r: shows [7h 7d] (two pair, Eights and Sevens)
benedi2004: shows [Jd Ad] (two pair, Jacks and Eights)
benedi2004 collected $12.11 from pot
*** SUMMARY ***
Total pot $12.92 | Rake $0.81 
Board [8h Kc Jh 8d 2h]
Seat 2: vezis3
Seat 1: tukeiron (small blind) folded before Flop
Seat 3: Joker007r (big blind) showed [7h 7d] and lost with two pair, Eights and Sevens
Seat 4: Mr_Dick666 folded before Flop (didn't bet)
Seat 5: Unipoker11 folded before Flop (didn't bet)
Seat 6: benedi2004 (button) showed [Jd Ad] and won ($12.11) with two pair, Jacks and Eights



PokerStars Hand #254507622780:  Hold'em No Limit ($0.50/$1.00 USD) - 2025/01/22 23:07:23 WET [2025/01/22 18:07:23 ET]
Table 'Aristaeus III' 6-max Seat #1 is the button
Seat 2: Xenicide ($100 in chips) is sitting out
Seat 1: tukeiron ($100 in chips) 
Seat 3: Joker007r ($100 in chips) 
Seat 4: Mr_Dick666 ($101.50 in chips) 
Seat 5: Unipoker11 ($100 in chips) 
Seat 6: benedi2004 ($128.40 in chips) 
Joker007r: posts small blind $0.50
Mr_Dick666: posts big blind $1
*** HOLE CARDS ***
Unipoker11: folds 
benedi2004: raises $1 to $2
tukeiron: folds 
Joker007r: raises $8 to $10
Mr_Dick666: folds 
benedi2004: folds 
Uncalled bet ($8) returned to Joker007r
Joker007r collected $5 from pot
Joker007r: doesn't show hand 
*** SUMMARY ***
Total pot $5 | Rake $0 
Seat 2: Xenicide
Seat 1: tukeiron (button) folded before Flop (didn't bet)
Seat 3: Joker007r (small blind) collected ($5)
Seat 4: Mr_Dick666 (big blind) folded before Flop
Seat 5: Unipoker11 folded before Flop (didn't bet)
Seat 6: benedi2004 folded before Flop



PokerStars Hand #254507632406:  Hold'em No Limit ($0.50/$1.00 USD) - 2025/01/22 23:08:01 WET [2025/01/22 18:08:01 ET]
Table 'Aristaeus III' 6-max Seat #3 is the button
Seat 2: Xenicide ($100 in chips) is sitting out
Seat 1: tukeiron ($100 in chips) 
Seat 3: Joker007r ($103 in chips) 
Seat 4: Mr_Dick666 ($100.50 in chips) 
Seat 5: Unipoker11 ($100 in chips) 
Seat 6: benedi2004 ($126.40 in chips) 
Mr_Dick666: posts small blind $0.50
Unipoker11: posts big blind $1
Xenicide: sits out 
*** HOLE CARDS ***
benedi2004: folds 
tukeiron: folds 
benedi2004 leaves the table
Joker007r: folds 
Mr_Dick666: folds 
Uncalled bet ($0.50) returned to Unipoker11
Unipoker11 collected $1 from pot
Unipoker11: doesn't show hand 
*** SUMMARY ***
Total pot $1 | Rake $0 
Seat 2: Xenicide
Seat 1: tukeiron folded before Flop (didn't bet)
Seat 3: Joker007r (button) folded before Flop (didn't bet)
Seat 4: Mr_Dick666 (small blind) folded before Flop
Seat 5: Unipoker11 (big blind) collected ($1)
Seat 6: benedi2004 folded before Flop (didn't bet)



PokerStars Hand #254507635473:  Hold'em No Limit ($0.50/$1.00 USD) - 2025/01/22 23:08:13 WET [2025/01/22 18:08:13 ET]
Table 'Aristaeus III' 6-max Seat #4 is the button
Seat 2: Xenicide ($100 in chips) is sitting out
Seat 1: tukeiron ($100 in chips) 
Seat 3: Joker007r ($103 in chips) 
Seat 4: Mr_Dick666 ($100 in chips) 
Seat 5: Unipoker11 ($100.50 in chips) 
Unipoker11: posts small blind $0.50
tukeiron: posts big blind $1
Xenicide: sits out 
*** HOLE CARDS ***
Joker007r: folds 
Mr_Dick666: raises $1.50 to $2.50
Unipoker11: raises $8.50 to $11
tukeiron: raises $12.50 to $23.50
Mr_Dick666: folds 
Unipoker11: folds 
Uncalled bet ($12.50) returned to tukeiron
tukeiron collected $24.50 from pot
*** SUMMARY ***
Total pot $24.50 | Rake $0 
Seat 2: Xenicide
Seat 1: tukeiron (big blind) collected ($24.50)
Seat 3: Joker007r folded before Flop (didn't bet)
Seat 4: Mr_Dick666 (button) folded before Flop
Seat 5: Unipoker11 (small blind) folded before Flop



PokerStars Hand #254507646587:  Hold'em No Limit ($0.50/$1.00 USD) - 2025/01/22 23:08:57 WET [2025/01/22 18:08:57 ET]
Table 'Aristaeus III' 6-max Seat #5 is the button
Seat 1: tukeiron ($113.50 in chips) 
Seat 2: Xenicide ($100 in chips) 
Seat 3: Joker007r ($103 in chips) 
Seat 4: Mr_Dick666 ($100 in chips) 
Seat 5: Unipoker11 ($100 in chips) 
tukeiron: posts small blind $0.50
Xenicide: posts big blind $1
*** HOLE CARDS ***
Joker007r: folds 
Joker007r leaves the table
Mr_Dick666: folds 
Unipoker11: folds 
tukeiron: folds 
Uncalled bet ($0.50) returned to Xenicide
Xenicide collected $1 from pot
tukeiron leaves the table
*** SUMMARY ***
Total pot $1 | Rake $0 
Seat 1: tukeiron (small blind) folded before Flop
Seat 2: Xenicide (big blind) collected ($1)
Seat 3: Joker007r folded before Flop (didn't bet)
Seat 4: Mr_Dick666 folded before Flop (didn't bet)
Seat 5: Unipoker11 (button) folded before Flop (didn't bet)



PokerStars Hand #254507649931:  Hold'em No Limit ($0.50/$1.00 USD) - 2025/01/22 23:09:10 WET [2025/01/22 18:09:10 ET]
Table 'Aristaeus III' 6-max Seat #2 is the button
Seat 2: Xenicide ($100.50 in chips) 
Seat 4: Mr_Dick666 ($100 in chips) 
Seat 5: Unipoker11 ($100 in chips) 
Mr_Dick666: posts small blind $0.50
Unipoker11: posts big blind $1
*** HOLE CARDS ***
Xenicide: raises $1.25 to $2.25
Mr_Dick666: folds 
Unipoker11: folds 
Uncalled bet ($1.25) returned to Xenicide
Xenicide collected $2.50 from pot
*** SUMMARY ***
Total pot $2.50 | Rake $0 
Seat 2: Xenicide (button) collected ($2.50)
Seat 4: Mr_Dick666 (small blind) folded before Flop
Seat 5: Unipoker11 (big blind) folded before Flop



PokerStars Hand #254507653038:  Hold'em No Limit ($0.50/$1.00 USD) - 2025/01/22 23:09:22 WET [2025/01/22 18:09:22 ET]
Table 'Aristaeus III' 6-max Seat #4 is the button
Seat 2: Xenicide ($102 in chips) 
Seat 4: Mr_Dick666 ($100 in chips) 
Seat 5: Unipoker11 ($100 in chips) 
Unipoker11: posts small blind $0.50
Xenicide: posts big blind $1
*** HOLE CARDS ***
Mr_Dick666: folds 
Unipoker11: raises $2 to $3
michasia joins the table at seat #1 
Xenicide: calls $2
*** FLOP *** [8s 8h Kc]
Unipoker11: checks 
Xenicide: checks 
*** TURN *** [8s 8h Kc] [As]
Unipoker11: checks 
Xenicide: bets $5.70
Unipoker11: folds 
Uncalled bet ($5.70) returned to Xenicide
Xenicide collected $5.70 from pot
*** SUMMARY ***
Total pot $6 | Rake $0.30 
Board [8s 8h Kc As]
Seat 2: Xenicide (big blind) collected ($5.70)
Seat 4: Mr_Dick666 (button) folded before Flop (didn't bet)
Seat 5: Unipoker11 (small blind) folded on the Turn



PokerStars Hand #254507673230:  Hold'em No Limit ($0.50/$1.00 USD) - 2025/01/22 23:10:41 WET [2025/01/22 18:10:41 ET]
Table 'Aristaeus III' 6-max Seat #2 is the button
Seat 1: michasia ($100 in chips) is sitting out
Seat 4: Mr_Dick666 ($100 in chips) is sitting out
Seat 2: Xenicide ($104.70 in chips) 
Seat 5: Unipoker11 ($100 in chips) 
Xenicide: posts small blind $0.50
Mr_Dick666: is sitting out 
Unipoker11: posts big blind $1
*** HOLE CARDS ***
Mr_Dick666 leaves the table
Xenicide: raises $1.25 to $2.25
Unipoker11: raises $7.75 to $10
Xenicide: raises $94.70 to $104.70 and is all-in
Unipoker11: folds 
Uncalled bet ($94.70) returned to Xenicide
Xenicide collected $20 from pot
*** SUMMARY ***
Total pot $20 | Rake $0 
Seat 1: michasia
Seat 4: Mr_Dick666
Seat 2: Xenicide (button) (small blind) collected ($20)
Seat 5: Unipoker11 (big blind) folded before Flop



PokerStars Hand #254507683253:  Hold'em No Limit ($0.50/$1.00 USD) - 2025/01/22 23:11:20 WET [2025/01/22 18:11:20 ET]
Table 'Aristaeus III' 6-max Seat #2 is the button
Seat 1: michasia ($100 in chips) 
Seat 2: Xenicide ($114.70 in chips) 
Seat 5: Unipoker11 ($100 in chips) 
Unipoker11: posts small blind $0.50
michasia: posts big blind $1
*** HOLE CARDS ***
Xenicide: folds 
Unipoker11: folds 
Uncalled bet ($0.50) returned to michasia
michasia collected $1 from pot
michasia: doesn't show hand 
*** SUMMARY ***
Total pot $1 | Rake $0 
Seat 1: michasia (big blind) collected ($1)
Seat 2: Xenicide (button) folded before Flop (didn't bet)
Seat 5: Unipoker11 (small blind) folded before Flop



PokerStars Hand #254507686098:  Hold'em No Limit ($0.50/$1.00 USD) - 2025/01/22 23:11:32 WET [2025/01/22 18:11:32 ET]
Table 'Aristaeus III' 6-max Seat #5 is the button
Seat 1: michasia ($100.50 in chips) 
Seat 2: Xenicide ($114.70 in chips) 
Seat 5: Unipoker11 ($100 in chips) 
michasia: posts small blind $0.50
Xenicide: posts big blind $1
*** HOLE CARDS ***
Unipoker11: folds 
michasia: folds 
Uncalled bet ($0.50) returned to Xenicide
Xenicide collected $1 from pot
*** SUMMARY ***
Total pot $1 | Rake $0 
Seat 1: michasia (small blind) folded before Flop
Seat 2: Xenicide (big blind) collected ($1)
Seat 5: Unipoker11 (button) folded before Flop (didn't bet)



PokerStars Hand #254507688428:  Hold'em No Limit ($0.50/$1.00 USD) - 2025/01/22 23:11:41 WET [2025/01/22 18:11:41 ET]
Table 'Aristaeus III' 6-max Seat #1 is the button
Seat 1: michasia ($100 in chips) 
Seat 2: Xenicide ($115.20 in chips) 
Seat 5: Unipoker11 ($100 in chips) 
Xenicide: posts small blind $0.50
Unipoker11: posts big blind $1
*** HOLE CARDS ***
michasia: folds 
Xenicide: folds 
Uncalled bet ($0.50) returned to Unipoker11
Unipoker11 collected $1 from pot
michasia leaves the table
Unipoker11: doesn't show hand 
*** SUMMARY ***
Total pot $1 | Rake $0 
Seat 1: michasia (button) folded before Flop (didn't bet)
Seat 2: Xenicide (small blind) folded before Flop
Seat 5: Unipoker11 (big blind) collected ($1)



PokerStars Hand #254507689955:  Hold'em No Limit ($0.50/$1.00 USD) - 2025/01/22 23:11:47 WET [2025/01/22 18:11:47 ET]
Table 'Aristaeus III' 6-max Seat #5 is the button
Seat 2: Xenicide ($114.70 in chips) 
Seat 5: Unipoker11 ($100.50 in chips) 
Unipoker11: posts small blind $0.50
Xenicide: posts big blind $1
*** HOLE CARDS ***
Unipoker11: raises $1.50 to $2.50
Xenicide: calls $1.50
*** FLOP *** [3h 9d 2h]
Xenicide: checks 
Unipoker11: checks 
*** TURN *** [3h 9d 2h] [3s]
Xenicide: checks 
Unipoker11: bets $2.38
Xenicide: folds 
Uncalled bet ($2.38) returned to Unipoker11
Unipoker11 collected $4.75 from pot
Unipoker11: doesn't show hand 
*** SUMMARY ***
Total pot $5 | Rake $0.25 
Board [3h 9d 2h 3s]
Seat 2: Xenicide (big blind) folded on the Turn
Seat 5: Unipoker11 (button) (small blind) collected ($4.75)



PokerStars Hand #254507711136:  Hold'em No Limit ($0.50/$1.00 USD) - 2025/01/22 23:13:10 WET [2025/01/22 18:13:10 ET]
Table 'Aristaeus III' 6-max Seat #2 is the button
Seat 2: Xenicide ($112.20 in chips) 
Seat 5: Unipoker11 ($102.75 in chips) 
Xenicide: posts small blind $0.50
Unipoker11: posts big blind $1
*** HOLE CARDS ***
Xenicide: raises $1.25 to $2.25
Unipoker11: folds 
Uncalled bet ($1.25) returned to Xenicide
Xenicide collected $2 from pot
*** SUMMARY ***
Total pot $2 | Rake $0 
Seat 2: Xenicide (button) (small blind) collected ($2)
Seat 5: Unipoker11 (big blind) folded before Flop



PokerStars Hand #254507838748:  Hold'em No Limit ($0.50/$1.00 USD) - 2025/01/22 23:21:46 WET [2025/01/22 18:21:46 ET]
Table 'Aristaeus III' 6-max Seat #6 is the button
Seat 1: SAKISS2023 ($10 in chips) is sitting out
Seat 2: Xenicide ($100 in chips) 
Seat 3: tintin641 ($103 in chips) 
Seat 4: chelsea16730 ($46.02 in chips) 
Seat 5: Unipoker11 ($110.12 in chips) 
Seat 6: Espada Fish ($104.91 in chips) 
Xenicide: posts small blind $0.50
tintin641: posts big blind $1
*** HOLE CARDS ***
chelsea16730: calls $1
Unipoker11: folds 
Espada Fish: folds 
Xenicide: calls $0.50
tintin641: checks 
*** FLOP *** [8d Kh 2c]
Xenicide: checks 
tintin641: checks 
chelsea16730: checks 
*** TURN *** [8d Kh 2c] [8s]
Xenicide: bets $1.43
tintin641: folds 
chelsea16730: folds 
Uncalled bet ($1.43) returned to Xenicide
Xenicide collected $2.85 from pot
*** SUMMARY ***
Total pot $3 | Rake $0.15 
Board [8d Kh 2c 8s]
Seat 1: SAKISS2023
Seat 2: Xenicide (small blind) collected ($2.85)
Seat 3: tintin641 (big blind) folded on the Turn
Seat 4: chelsea16730 folded on the Turn
Seat 5: Unipoker11 folded before Flop (didn't bet)
Seat 6: Espada Fish (button) folded before Flop (didn't bet)



PokerStars Hand #254507850336:  Hold'em No Limit ($0.50/$1.00 USD) - 2025/01/22 23:22:32 WET [2025/01/22 18:22:32 ET]
Table 'Aristaeus III' 6-max Seat #2 is the button
Seat 1: SAKISS2023 ($10 in chips) 
Seat 2: Xenicide ($101.85 in chips) 
Seat 3: tintin641 ($102 in chips) 
Seat 4: chelsea16730 ($45.02 in chips) 
Seat 5: Unipoker11 ($110.12 in chips) 
Seat 6: Espada Fish ($104.91 in chips) 
tintin641: posts small blind $0.50
chelsea16730: posts big blind $1
SAKISS2023: posts small & big blinds $1.50
*** HOLE CARDS ***
Unipoker11: folds 
Espada Fish: raises $2.50 to $3.50
SAKISS2023: calls $2.50
Xenicide: calls $3.50
tintin641: folds 
chelsea16730: calls $2.50
*** FLOP *** [4s 6d 3s]
chelsea16730: checks 
Espada Fish: checks 
SAKISS2023: bets $6 and is all-in
Xenicide: raises $14.44 to $20.44
chelsea16730: folds 
Espada Fish: folds 
Uncalled bet ($14.44) returned to Xenicide
*** TURN *** [4s 6d 3s] [Kd]
*** RIVER *** [4s 6d 3s Kd] [8s]
*** SHOW DOWN ***
SAKISS2023: shows [4d 5d] (a pair of Fours)
Xenicide: shows [5c 5s] (a pair of Fives)
Xenicide collected $25.65 from pot
*** SUMMARY ***
Total pot $27 | Rake $1.35 
Board [4s 6d 3s Kd 8s]
Seat 1: SAKISS2023 showed [4d 5d] and lost with a pair of Fours
Seat 2: Xenicide (button) showed [5c 5s] and won ($25.65) with a pair of Fives
Seat 3: tintin641 (small blind) folded before Flop
Seat 4: chelsea16730 (big blind) folded on the Flop
Seat 5: Unipoker11 folded before Flop (didn't bet)
Seat 6: Espada Fish folded on the Flop



PokerStars Hand #254507867664:  Hold'em No Limit ($0.50/$1.00 USD) - 2025/01/22 23:23:43 WET [2025/01/22 18:23:43 ET]
Table 'Aristaeus III' 6-max Seat #3 is the button
Seat 1: SAKISS2023 ($0 in chips) is sitting out
Seat 2: Xenicide ($118 in chips) 
Seat 3: tintin641 ($101.50 in chips) 
Seat 4: chelsea16730 ($41.52 in chips) 
Seat 5: Unipoker11 ($110.12 in chips) 
Seat 6: Espada Fish ($101.41 in chips) 
chelsea16730: posts small blind $0.50
Unipoker11: posts big blind $1
*** HOLE CARDS ***
Espada Fish: folds 
Xenicide: folds 
tintin641: folds 
chelsea16730: calls $0.50
SAKISS2023 leaves the table
Unipoker11: checks 
*** FLOP *** [Qh 5c Ad]
chelsea16730: checks 
Unipoker11: checks 
*** TURN *** [Qh 5c Ad] [Qc]
chelsea16730: checks 
Unipoker11: checks 
*** RIVER *** [Qh 5c Ad Qc] [8d]
chelsea16730: checks 
BGS013 joins the table at seat #1 
Unipoker11: checks 
*** SHOW DOWN ***
chelsea16730: shows [Jd Js] (two pair, Queens and Jacks)
Unipoker11: mucks hand 
chelsea16730 collected $1.90 from pot
*** SUMMARY ***
Total pot $2 | Rake $0.10 
Board [Qh 5c Ad Qc 8d]
Seat 1: SAKISS2023
Seat 2: Xenicide folded before Flop (didn't bet)
Seat 3: tintin641 (button) folded before Flop (didn't bet)
Seat 4: chelsea16730 (small blind) showed [Jd Js] and won ($1.90) with two pair, Queens and Jacks
Seat 5: Unipoker11 (big blind) mucked
Seat 6: Espada Fish folded before Flop (didn't bet)



PokerStars Hand #254507877759:  Hold'em No Limit ($0.50/$1.00 USD) - 2025/01/22 23:24:24 WET [2025/01/22 18:24:24 ET]
Table 'Aristaeus III' 6-max Seat #4 is the button
Seat 1: BGS013 ($100 in chips) is sitting out
Seat 2: Xenicide ($118 in chips) 
Seat 3: tintin641 ($101.50 in chips) 
Seat 4: chelsea16730 ($42.42 in chips) 
Seat 5: Unipoker11 ($109.12 in chips) 
Seat 6: Espada Fish ($101.41 in chips) 
Unipoker11: posts small blind $0.50
Espada Fish: posts big blind $1
BGS013: sits out 
*** HOLE CARDS ***
Xenicide: folds 
tintin641: folds 
chelsea16730: folds 
Unipoker11: folds 
Uncalled bet ($0.50) returned to Espada Fish
Espada Fish collected $1 from pot
Espada Fish: doesn't show hand 
*** SUMMARY ***
Total pot $1 | Rake $0 
Seat 1: BGS013
Seat 2: Xenicide folded before Flop (didn't bet)
Seat 3: tintin641 folded before Flop (didn't bet)
Seat 4: chelsea16730 (button) folded before Flop (didn't bet)
Seat 5: Unipoker11 (small blind) folded before Flop
Seat 6: Espada Fish (big blind) collected ($1)



PokerStars Hand #254507885796:  Hold'em No Limit ($0.50/$1.00 USD) - 2025/01/22 23:24:57 WET [2025/01/22 18:24:57 ET]
Table 'Aristaeus III' 6-max Seat #5 is the button
Seat 1: BGS013 ($100 in chips) 
Seat 2: Xenicide ($118 in chips) 
Seat 3: tintin641 ($101.50 in chips) 
Seat 4: chelsea16730 ($42.42 in chips) 
Seat 5: Unipoker11 ($108.62 in chips) 
Seat 6: Espada Fish ($101.91 in chips) 
Espada Fish: posts small blind $0.50
BGS013: posts big blind $1
*** HOLE CARDS ***
Xenicide: folds 
tintin641: folds 
chelsea16730 has timed out
chelsea16730: folds 
Unipoker11: raises $1.50 to $2.50
Espada Fish: folds 
BGS013: folds 
Uncalled bet ($1.50) returned to Unipoker11
Unipoker11 collected $2.50 from pot
Unipoker11: doesn't show hand 
*** SUMMARY ***
Total pot $2.50 | Rake $0 
Seat 1: BGS013 (big blind) folded before Flop
Seat 2: Xenicide folded before Flop (didn't bet)
Seat 3: tintin641 folded before Flop (didn't bet)
Seat 4: chelsea16730 folded before Flop (didn't bet)
Seat 5: Unipoker11 (button) collected ($2.50)
Seat 6: Espada Fish (small blind) folded before Flop



PokerStars Hand #254507895934:  Hold'em No Limit ($0.50/$1.00 USD) - 2025/01/22 23:25:37 WET [2025/01/22 18:25:37 ET]
Table 'Aristaeus III' 6-max Seat #6 is the button
Seat 1: BGS013 ($100 in chips) 
Seat 2: Xenicide ($118 in chips) 
Seat 3: tintin641 ($101.50 in chips) 
Seat 4: chelsea16730 ($42.42 in chips) 
Seat 5: Unipoker11 ($110.12 in chips) 
Seat 6: Espada Fish ($101.41 in chips) 
BGS013: posts small blind $0.50
Xenicide: posts big blind $1
*** HOLE CARDS ***
tintin641: raises $1.50 to $2.50
chelsea16730: calls $2.50
Unipoker11: folds 
Espada Fish: folds 
BGS013: folds 
Xenicide: folds 
*** FLOP *** [Js Kh Ah]
tintin641: bets $4.64
chelsea16730: calls $4.64
*** TURN *** [Js Kh Ah] [As]
tintin641: bets $11.24
chelsea16730: calls $11.24
*** RIVER *** [Js Kh Ah As] [3s]
tintin641: bets $27.26
chelsea16730: folds 
Uncalled bet ($27.26) returned to tintin641
tintin641 collected $36.35 from pot
tintin641: doesn't show hand 
*** SUMMARY ***
Total pot $38.26 | Rake $1.91 
Board [Js Kh Ah As 3s]
Seat 1: BGS013 (small blind) folded before Flop
Seat 2: Xenicide (big blind) folded before Flop
Seat 3: tintin641 collected ($36.35)
Seat 4: chelsea16730 folded on the River
Seat 5: Unipoker11 folded before Flop (didn't bet)
Seat 6: Espada Fish (button) folded before Flop (didn't bet)



PokerStars Hand #254507909998:  Hold'em No Limit ($0.50/$1.00 USD) - 2025/01/22 23:26:34 WET [2025/01/22 18:26:34 ET]
Table 'Aristaeus III' 6-max Seat #1 is the button
Seat 3: tintin641 ($119.47 in chips) is sitting out
Seat 1: BGS013 ($100 in chips) 
Seat 2: Xenicide ($117 in chips) 
Seat 4: chelsea16730 ($24.04 in chips) 
Seat 5: Unipoker11 ($110.12 in chips) 
Seat 6: Espada Fish ($101.41 in chips) 
Xenicide: posts small blind $0.50
tintin641: is sitting out 
chelsea16730: posts big blind $1
*** HOLE CARDS ***
tintin641 leaves the table
Unipoker11: folds 
Espada Fish: folds 
BGS013: raises $1 to $2
Xenicide: folds 
chelsea16730: folds 
Uncalled bet ($1) returned to BGS013
BGS013 collected $2.50 from pot
BGS013: doesn't show hand 
*** SUMMARY ***
Total pot $2.50 | Rake $0 
Seat 3: tintin641
Seat 1: BGS013 (button) collected ($2.50)
Seat 2: Xenicide (small blind) folded before Flop
Seat 4: chelsea16730 (big blind) folded before Flop
Seat 5: Unipoker11 folded before Flop (didn't bet)
Seat 6: Espada Fish folded before Flop (didn't bet)



PokerStars Hand #254507914076:  Hold'em No Limit ($0.50/$1.00 USD) - 2025/01/22 23:26:50 WET [2025/01/22 18:26:50 ET]
Table 'Aristaeus III' 6-max Seat #2 is the button
Seat 1: BGS013 ($101.50 in chips) 
Seat 2: Xenicide ($116.50 in chips) 
Seat 4: chelsea16730 ($23.04 in chips) 
Seat 5: Unipoker11 ($110.12 in chips) 
Seat 6: Espada Fish ($101.41 in chips) 
chelsea16730: posts small blind $0.50
Unipoker11: posts big blind $1
*** HOLE CARDS ***
Espada Fish: folds 
BGS013: folds 
Xenicide: folds 
chelsea16730: calls $0.50
Unipoker11: checks 
*** FLOP *** [Td Qc As]
chelsea16730: checks 
Unipoker11: checks 
*** TURN *** [Td Qc As] [6h]
chelsea16730: checks 
Unipoker11: checks 
*** RIVER *** [Td Qc As 6h] [Ac]
chelsea16730: checks 
Unipoker11: checks 
*** SHOW DOWN ***
chelsea16730: shows [2d 5d] (a pair of Aces)
Unipoker11: shows [Jc 4c] (a pair of Aces - Queen+Jack kicker)
Unipoker11 collected $1.90 from pot
*** SUMMARY ***
Total pot $2 | Rake $0.10 
Board [Td Qc As 6h Ac]
Seat 1: BGS013 folded before Flop (didn't bet)
Seat 2: Xenicide (button) folded before Flop (didn't bet)
Seat 4: chelsea16730 (small blind) showed [2d 5d] and lost with a pair of Aces
Seat 5: Unipoker11 (big blind) showed [Jc 4c] and won ($1.90) with a pair of Aces
Seat 6: Espada Fish folded before Flop (didn't bet)



PokerStars Hand #254507929096:  Hold'em No Limit ($0.50/$1.00 USD) - 2025/01/22 23:27:50 WET [2025/01/22 18:27:50 ET]
Table 'Aristaeus III' 6-max Seat #4 is the button
Seat 1: BGS013 ($101.50 in chips) 
Seat 2: Xenicide ($116.50 in chips) 
Seat 4: chelsea16730 ($22.04 in chips) 
Seat 5: Unipoker11 ($111.02 in chips) 
Seat 6: Espada Fish ($101.41 in chips) 
Unipoker11: posts small blind $0.50
Espada Fish: posts big blind $1
*** HOLE CARDS ***
BGS013: folds 
Xenicide: folds 
chelsea16730: folds 
Unipoker11: folds 
Uncalled bet ($0.50) returned to Espada Fish
Espada Fish collected $1 from pot
Espada Fish: doesn't show hand 
MaRKiToScoK joins the table at seat #3 
*** SUMMARY ***
Total pot $1 | Rake $0 
Seat 1: BGS013 folded before Flop (didn't bet)
Seat 2: Xenicide folded before Flop (didn't bet)
Seat 4: chelsea16730 (button) folded before Flop (didn't bet)
Seat 5: Unipoker11 (small blind) folded before Flop
Seat 6: Espada Fish (big blind) collected ($1)



PokerStars Hand #254507933686:  Hold'em No Limit ($0.50/$1.00 USD) - 2025/01/22 23:28:08 WET [2025/01/22 18:28:08 ET]
Table 'Aristaeus III' 6-max Seat #5 is the button
Seat 3: MaRKiToScoK ($100 in chips) is sitting out
Seat 1: BGS013 ($101.50 in chips) 
Seat 2: Xenicide ($116.50 in chips) 
Seat 4: chelsea16730 ($22.04 in chips) 
Seat 5: Unipoker11 ($110.52 in chips) 
Seat 6: Espada Fish ($101.91 in chips) 
Espada Fish: posts small blind $0.50
BGS013: posts big blind $1
MaRKiToScoK: sits out 
*** HOLE CARDS ***
Xenicide: folds 
chelsea16730: raises $3 to $4
Unipoker11: folds 
Espada Fish: folds 
BGS013: calls $3
*** FLOP *** [5s 9c 2d]
BGS013: checks 
chelsea16730: bets $18.04 and is all-in
BGS013: folds 
Uncalled bet ($18.04) returned to chelsea16730
chelsea16730 collected $8.08 from pot
*** SUMMARY ***
Total pot $8.50 | Rake $0.42 
Board [5s 9c 2d]
Seat 3: MaRKiToScoK
Seat 1: BGS013 (big blind) folded on the Flop
Seat 2: Xenicide folded before Flop (didn't bet)
Seat 4: chelsea16730 collected ($8.08)
Seat 5: Unipoker11 (button) folded before Flop (didn't bet)
Seat 6: Espada Fish (small blind) folded before Flop



PokerStars Hand #254507990385:  Hold'em No Limit ($0.50/$1.00 USD) - 2025/01/22 23:31:57 WET [2025/01/22 18:31:57 ET]
Table 'Aristaeus III' 6-max Seat #5 is the button
Seat 1: BGS013 ($100 in chips) 
Seat 2: Xenicide ($124.22 in chips) 
Seat 3: MaRKiToScoK ($108.02 in chips) 
Seat 4: chelsea16730 ($24.62 in chips) 
Seat 5: Unipoker11 ($109.02 in chips) 
Seat 6: Espada Fish ($101.91 in chips) 
Espada Fish: posts small blind $0.50
BGS013: posts big blind $1
*** HOLE CARDS ***
Xenicide: folds 
MaRKiToScoK has timed out
MaRKiToScoK: folds 
chelsea16730: folds 
Unipoker11: raises $1.50 to $2.50
Espada Fish: folds 
BGS013: folds 
Uncalled bet ($1.50) returned to Unipoker11
Unipoker11 collected $2.50 from pot
Unipoker11: doesn't show hand 
*** SUMMARY ***
Total pot $2.50 | Rake $0 
Seat 1: BGS013 (big blind) folded before Flop
Seat 2: Xenicide folded before Flop (didn't bet)
Seat 3: MaRKiToScoK folded before Flop (didn't bet)
Seat 4: chelsea16730 folded before Flop (didn't bet)
Seat 5: Unipoker11 (button) collected ($2.50)
Seat 6: Espada Fish (small blind) folded before Flop



PokerStars Hand #254508003277:  Hold'em No Limit ($0.50/$1.00 USD) - 2025/01/22 23:32:50 WET [2025/01/22 18:32:50 ET]
Table 'Aristaeus III' 6-max Seat #6 is the button
Seat 3: MaRKiToScoK ($108.02 in chips) is sitting out
Seat 1: BGS013 ($100 in chips) 
Seat 2: Xenicide ($124.22 in chips) 
Seat 4: chelsea16730 ($24.62 in chips) 
Seat 5: Unipoker11 ($110.52 in chips) 
Seat 6: Espada Fish ($101.41 in chips) 
BGS013: posts small blind $0.50
Xenicide: posts big blind $1
*** HOLE CARDS ***
chelsea16730: raises $2 to $3
Unipoker11: folds 
Espada Fish: folds 
BGS013: folds 
Xenicide: folds 
Uncalled bet ($2) returned to chelsea16730
chelsea16730 collected $2.50 from pot
*** SUMMARY ***
Total pot $2.50 | Rake $0 
Seat 3: MaRKiToScoK
Seat 1: BGS013 (small blind) folded before Flop
Seat 2: Xenicide (big blind) folded before Flop
Seat 4: chelsea16730 collected ($2.50)
Seat 5: Unipoker11 folded before Flop (didn't bet)
Seat 6: Espada Fish (button) folded before Flop (didn't bet)



PokerStars Hand #254508010108:  Hold'em No Limit ($0.50/$1.00 USD) - 2025/01/22 23:33:19 WET [2025/01/22 18:33:19 ET]
Table 'Aristaeus III' 6-max Seat #1 is the button
Seat 3: MaRKiToScoK ($108.02 in chips) is sitting out
Seat 1: BGS013 ($100 in chips) 
Seat 2: Xenicide ($123.22 in chips) 
Seat 4: chelsea16730 ($26.12 in chips) 
Seat 5: Unipoker11 ($110.52 in chips) 
Seat 6: Espada Fish ($101.41 in chips) 
Xenicide: posts small blind $0.50
chelsea16730: posts big blind $1
*** HOLE CARDS ***
Unipoker11: raises $1 to $2
Espada Fish: folds 
BGS013: folds 
Xenicide: folds 
chelsea16730: folds 
Uncalled bet ($1) returned to Unipoker11
Unipoker11 collected $2.50 from pot
Unipoker11: doesn't show hand 
*** SUMMARY ***
Total pot $2.50 | Rake $0 
Seat 3: MaRKiToScoK
Seat 1: BGS013 (button) folded before Flop (didn't bet)
Seat 2: Xenicide (small blind) folded before Flop
Seat 4: chelsea16730 (big blind) folded before Flop
Seat 5: Unipoker11 collected ($2.50)
Seat 6: Espada Fish folded before Flop (didn't bet)



PokerStars Hand #254508016662:  Hold'em No Limit ($0.50/$1.00 USD) - 2025/01/22 23:33:45 WET [2025/01/22 18:33:45 ET]
Table 'Aristaeus III' 6-max Seat #2 is the button
Seat 3: MaRKiToScoK ($108.02 in chips) is sitting out
Seat 1: BGS013 ($100 in chips) 
Seat 2: Xenicide ($122.72 in chips) 
Seat 4: chelsea16730 ($25.12 in chips) 
Seat 5: Unipoker11 ($112.02 in chips) 
Seat 6: Espada Fish ($101.41 in chips) 
chelsea16730: posts small blind $0.50
Unipoker11: posts big blind $1
*** HOLE CARDS ***
Espada Fish: folds 
BGS013: folds 
Xenicide: raises $1.25 to $2.25
chelsea16730: folds 
Unipoker11: calls $1.25
*** FLOP *** [4s 9h Qh]
Unipoker11: checks 
Xenicide: bets $1.19
Unipoker11: folds 
Uncalled bet ($1.19) returned to Xenicide
Xenicide collected $4.75 from pot
*** SUMMARY ***
Total pot $5 | Rake $0.25 
Board [4s 9h Qh]
Seat 3: MaRKiToScoK
Seat 1: BGS013 folded before Flop (didn't bet)
Seat 2: Xenicide (button) collected ($4.75)
Seat 4: chelsea16730 (small blind) folded before Flop
Seat 5: Unipoker11 (big blind) folded on the Flop
Seat 6: Espada Fish folded before Flop (didn't bet)



PokerStars Hand #254508034907:  Hold'em No Limit ($0.50/$1.00 USD) - 2025/01/22 23:35:00 WET [2025/01/22 18:35:00 ET]
Table 'Aristaeus III' 6-max Seat #4 is the button
Seat 3: MaRKiToScoK ($108.02 in chips) is sitting out
Seat 1: BGS013 ($100 in chips) 
Seat 2: Xenicide ($125.22 in chips) 
Seat 4: chelsea16730 ($24.62 in chips) 
Seat 5: Unipoker11 ($109.77 in chips) 
Seat 6: Espada Fish ($101.41 in chips) 
Unipoker11: posts small blind $0.50
Espada Fish: posts big blind $1
*** HOLE CARDS ***
BGS013: folds 
Xenicide: folds 
chelsea16730: folds 
Unipoker11: raises $2 to $3
Espada Fish: calls $2
*** FLOP *** [Jd Ad Ah]
Unipoker11: bets $1.43
Espada Fish: calls $1.43
*** TURN *** [Jd Ad Ah] [Qh]
Unipoker11: checks 
Espada Fish: bets $6.32
Unipoker11: calls $6.32
*** RIVER *** [Jd Ad Ah Qh] [2h]
Unipoker11: checks 
Espada Fish: bets $12.25
Unipoker11: calls $12.25
*** SHOW DOWN ***
Espada Fish: shows [9h Ac] (three of a kind, Aces)
Unipoker11: shows [Kd Tc] (a straight, Ten to Ace)
Unipoker11 collected $43.70 from pot
*** SUMMARY ***
Total pot $46 | Rake $2.30 
Board [Jd Ad Ah Qh 2h]
Seat 3: MaRKiToScoK
Seat 1: BGS013 folded before Flop (didn't bet)
Seat 2: Xenicide folded before Flop (didn't bet)
Seat 4: chelsea16730 (button) folded before Flop (didn't bet)
Seat 5: Unipoker11 (small blind) showed [Kd Tc] and won ($43.70) with a straight, Ten to Ace
Seat 6: Espada Fish (big blind) showed [9h Ac] and lost with three of a kind, Aces



PokerStars Hand #254508059100:  Hold'em No Limit ($0.50/$1.00 USD) - 2025/01/22 23:36:39 WET [2025/01/22 18:36:39 ET]
Table 'Aristaeus III' 6-max Seat #5 is the button
Seat 3: MaRKiToScoK ($108.02 in chips) is sitting out
Seat 1: BGS013 ($100 in chips) 
Seat 2: Xenicide ($125.22 in chips) 
Seat 4: chelsea16730 ($24.62 in chips) 
Seat 5: Unipoker11 ($130.47 in chips) 
Seat 6: Espada Fish ($100 in chips) 
Espada Fish: posts small blind $0.50
BGS013: posts big blind $1
MaRKiToScoK: sits out 
*** HOLE CARDS ***
Xenicide: folds 
chelsea16730: folds 
Unipoker11: raises $1.50 to $2.50
Espada Fish: folds 
BGS013: raises $9.50 to $12
Unipoker11: calls $9.50
*** FLOP *** [7d Kd Kh]
BGS013: bets $5.55
Unipoker11: folds 
Uncalled bet ($5.55) returned to BGS013
BGS013 collected $23.28 from pot
BGS013: doesn't show hand 
*** SUMMARY ***
Total pot $24.50 | Rake $1.22 
Board [7d Kd Kh]
Seat 3: MaRKiToScoK
Seat 1: BGS013 (big blind) collected ($23.28)
Seat 2: Xenicide folded before Flop (didn't bet)
Seat 4: chelsea16730 folded before Flop (didn't bet)
Seat 5: Unipoker11 (button) folded on the Flop
Seat 6: Espada Fish (small blind) folded before Flop



PokerStars Hand #254508072312:  Hold'em No Limit ($0.50/$1.00 USD) - 2025/01/22 23:37:34 WET [2025/01/22 18:37:34 ET]
Table 'Aristaeus III' 6-max Seat #6 is the button
Seat 3: MaRKiToScoK ($108.02 in chips) is sitting out
Seat 1: BGS013 ($111.28 in chips) 
Seat 2: Xenicide ($125.22 in chips) 
Seat 4: chelsea16730 ($24.62 in chips) 
Seat 5: Unipoker11 ($118.47 in chips) 
Seat 6: Espada Fish ($100 in chips) 
BGS013: posts small blind $0.50
Xenicide: posts big blind $1
MaRKiToScoK: sits out 
*** HOLE CARDS ***
chelsea16730: folds 
Unipoker11: folds 
Espada Fish: folds 
BGS013: folds 
Uncalled bet ($0.50) returned to Xenicide
Xenicide collected $1 from pot
*** SUMMARY ***
Total pot $1 | Rake $0 
Seat 3: MaRKiToScoK
Seat 1: BGS013 (small blind) folded before Flop
Seat 2: Xenicide (big blind) collected ($1)
Seat 4: chelsea16730 folded before Flop (didn't bet)
Seat 5: Unipoker11 folded before Flop (didn't bet)
Seat 6: Espada Fish (button) folded before Flop (didn't bet)



PokerStars Hand #254508076561:  Hold'em No Limit ($0.50/$1.00 USD) - 2025/01/22 23:37:52 WET [2025/01/22 18:37:52 ET]
Table 'Aristaeus III' 6-max Seat #1 is the button
Seat 1: BGS013 ($110.78 in chips) 
Seat 2: Xenicide ($125.72 in chips) 
Seat 3: MaRKiToScoK ($108.02 in chips) 
Seat 4: chelsea16730 ($24.62 in chips) 
Seat 5: Unipoker11 ($118.47 in chips) 
Seat 6: Espada Fish ($100 in chips) 
Xenicide: posts small blind $0.50
MaRKiToScoK: posts big blind $1
*** HOLE CARDS ***
chelsea16730: folds 
Unipoker11: folds 
Espada Fish: folds 
BGS013: folds 
Xenicide: raises $2.50 to $3.50
MaRKiToScoK: raises $7 to $10.50
Xenicide: folds 
Uncalled bet ($7) returned to MaRKiToScoK
MaRKiToScoK collected $7 from pot
*** SUMMARY ***
Total pot $7 | Rake $0 
Seat 1: BGS013 (button) folded before Flop (didn't bet)
Seat 2: Xenicide (small blind) folded before Flop
Seat 3: MaRKiToScoK (big blind) collected ($7)
Seat 4: chelsea16730 folded before Flop (didn't bet)
Seat 5: Unipoker11 folded before Flop (didn't bet)
Seat 6: Espada Fish folded before Flop (didn't bet)



PokerStars Hand #254508082601:  Hold'em No Limit ($0.50/$1.00 USD) - 2025/01/22 23:38:18 WET [2025/01/22 18:38:18 ET]
Table 'Aristaeus III' 6-max Seat #2 is the button
Seat 1: BGS013 ($110.78 in chips) 
Seat 2: Xenicide ($122.22 in chips) 
Seat 3: MaRKiToScoK ($111.52 in chips) 
Seat 4: chelsea16730 ($24.62 in chips) 
Seat 5: Unipoker11 ($118.47 in chips) 
Seat 6: Espada Fish ($100 in chips) 
MaRKiToScoK: posts small blind $0.50
chelsea16730: posts big blind $1
*** HOLE CARDS ***
Unipoker11: folds 
Espada Fish: folds 
BGS013: folds 
Xenicide: folds 
MaRKiToScoK: calls $0.50
chelsea16730: checks 
*** FLOP *** [Kc Ac 4h]
MaRKiToScoK: bets $1
chelsea16730: folds 
Uncalled bet ($1) returned to MaRKiToScoK
MaRKiToScoK collected $1.90 from pot
*** SUMMARY ***
Total pot $2 | Rake $0.10 
Board [Kc Ac 4h]
Seat 1: BGS013 folded before Flop (didn't bet)
Seat 2: Xenicide (button) folded before Flop (didn't bet)
Seat 3: MaRKiToScoK (small blind) collected ($1.90)
Seat 4: chelsea16730 (big blind) folded on the Flop
Seat 5: Unipoker11 folded before Flop (didn't bet)
Seat 6: Espada Fish folded before Flop (didn't bet)



PokerStars Hand #254508091865:  Hold'em No Limit ($0.50/$1.00 USD) - 2025/01/22 23:38:56 WET [2025/01/22 18:38:56 ET]
Table 'Aristaeus III' 6-max Seat #3 is the button
Seat 1: BGS013 ($110.78 in chips) 
Seat 2: Xenicide ($122.22 in chips) 
Seat 3: MaRKiToScoK ($112.42 in chips) 
Seat 4: chelsea16730 ($23.62 in chips) 
Seat 5: Unipoker11 ($118.47 in chips) 
Seat 6: Espada Fish ($100 in chips) 
chelsea16730: posts small blind $0.50
Unipoker11: posts big blind $1
*** HOLE CARDS ***
Espada Fish: raises $1.20 to $2.20
BGS013: folds 
Xenicide: folds 
MaRKiToScoK: folds 
chelsea16730: folds 
Unipoker11: folds 
Uncalled bet ($1.20) returned to Espada Fish
Espada Fish collected $2.50 from pot
Espada Fish: doesn't show hand 
*** SUMMARY ***
Total pot $2.50 | Rake $0 
Seat 1: BGS013 folded before Flop (didn't bet)
Seat 2: Xenicide folded before Flop (didn't bet)
Seat 3: MaRKiToScoK (button) folded before Flop (didn't bet)
Seat 4: chelsea16730 (small blind) folded before Flop
Seat 5: Unipoker11 (big blind) folded before Flop
Seat 6: Espada Fish collected ($2.50)



PokerStars Hand #254508097247:  Hold'em No Limit ($0.50/$1.00 USD) - 2025/01/22 23:39:18 WET [2025/01/22 18:39:18 ET]
Table 'Aristaeus III' 6-max Seat #4 is the button
Seat 1: BGS013 ($110.78 in chips) 
Seat 2: Xenicide ($122.22 in chips) 
Seat 3: MaRKiToScoK ($112.42 in chips) 
Seat 4: chelsea16730 ($23.12 in chips) 
Seat 5: Unipoker11 ($117.47 in chips) 
Seat 6: Espada Fish ($101.50 in chips) 
Unipoker11: posts small blind $0.50
Espada Fish: posts big blind $1
*** HOLE CARDS ***
BGS013: folds 
Xenicide: folds 
MaRKiToScoK: folds 
chelsea16730: folds 
Unipoker11: raises $2 to $3
Espada Fish: folds 
Uncalled bet ($2) returned to Unipoker11
Unipoker11 collected $2 from pot
Unipoker11: doesn't show hand 
*** SUMMARY ***
Total pot $2 | Rake $0 
Seat 1: BGS013 folded before Flop (didn't bet)
Seat 2: Xenicide folded before Flop (didn't bet)
Seat 3: MaRKiToScoK folded before Flop (didn't bet)
Seat 4: chelsea16730 (button) folded before Flop (didn't bet)
Seat 5: Unipoker11 (small blind) collected ($2)
Seat 6: Espada Fish (big blind) folded before Flop



PokerStars Hand #254508102839:  Hold'em No Limit ($0.50/$1.00 USD) - 2025/01/22 23:39:42 WET [2025/01/22 18:39:42 ET]
Table 'Aristaeus III' 6-max Seat #5 is the button
Seat 1: BGS013 ($110.78 in chips) 
Seat 2: Xenicide ($122.22 in chips) 
Seat 3: MaRKiToScoK ($112.42 in chips) 
Seat 4: chelsea16730 ($23.12 in chips) 
Seat 5: Unipoker11 ($118.47 in chips) 
Seat 6: Espada Fish ($100.50 in chips) 
Espada Fish: posts small blind $0.50
BGS013: posts big blind $1
*** HOLE CARDS ***
Xenicide: folds 
MaRKiToScoK: folds 
chelsea16730: folds 
Unipoker11: raises $1.50 to $2.50
Espada Fish: folds 
BGS013: folds 
Uncalled bet ($1.50) returned to Unipoker11
Unipoker11 collected $2.50 from pot
Unipoker11: doesn't show hand 
*** SUMMARY ***
Total pot $2.50 | Rake $0 
Seat 1: BGS013 (big blind) folded before Flop
Seat 2: Xenicide folded before Flop (didn't bet)
Seat 3: MaRKiToScoK folded before Flop (didn't bet)
Seat 4: chelsea16730 folded before Flop (didn't bet)
Seat 5: Unipoker11 (button) collected ($2.50)
Seat 6: Espada Fish (small blind) folded before Flop



PokerStars Hand #254508107971:  Hold'em No Limit ($0.50/$1.00 USD) - 2025/01/22 23:40:04 WET [2025/01/22 18:40:04 ET]
Table 'Aristaeus III' 6-max Seat #6 is the button
Seat 1: BGS013 ($109.78 in chips) 
Seat 2: Xenicide ($122.22 in chips) 
Seat 3: MaRKiToScoK ($112.42 in chips) 
Seat 4: chelsea16730 ($23.12 in chips) 
Seat 5: Unipoker11 ($119.97 in chips) 
Seat 6: Espada Fish ($100 in chips) 
BGS013: posts small blind $0.50
Xenicide: posts big blind $1
*** HOLE CARDS ***
MaRKiToScoK: raises $1 to $2
chelsea16730: raises $2 to $4
Unipoker11: folds 
Espada Fish: folds 
BGS013: folds 
Xenicide: folds 
MaRKiToScoK: calls $2
*** FLOP *** [Ad 3h 6s]
MaRKiToScoK: checks 
chelsea16730: bets $3
MaRKiToScoK: calls $3
*** TURN *** [Ad 3h 6s] [6c]
MaRKiToScoK: checks 
chelsea16730: checks 
*** RIVER *** [Ad 3h 6s 6c] [9s]
MaRKiToScoK: bets $18.40
chelsea16730: calls $16.12 and is all-in
Uncalled bet ($2.28) returned to MaRKiToScoK
*** SHOW DOWN ***
MaRKiToScoK: shows [Kh 6h] (three of a kind, Sixes)
chelsea16730: shows [As Ac] (a full house, Aces full of Sixes)
chelsea16730 collected $45.35 from pot
*** SUMMARY ***
Total pot $47.74 | Rake $2.39 
Board [Ad 3h 6s 6c 9s]
Seat 1: BGS013 (small blind) folded before Flop
Seat 2: Xenicide (big blind) folded before Flop
Seat 3: MaRKiToScoK showed [Kh 6h] and lost with three of a kind, Sixes
Seat 4: chelsea16730 showed [As Ac] and won ($45.35) with a full house, Aces full of Sixes
Seat 5: Unipoker11 folded before Flop (didn't bet)
Seat 6: Espada Fish (button) folded before Flop (didn't bet)



PokerStars Hand #254508117462:  Hold'em No Limit ($0.50/$1.00 USD) - 2025/01/22 23:40:44 WET [2025/01/22 18:40:44 ET]
Table 'Aristaeus III' 6-max Seat #1 is the button
Seat 1: BGS013 ($109.28 in chips) 
Seat 2: Xenicide ($121.22 in chips) 
Seat 3: MaRKiToScoK ($100 in chips) 
Seat 4: chelsea16730 ($45.35 in chips) 
Seat 5: Unipoker11 ($119.97 in chips) 
Seat 6: Espada Fish ($100 in chips) 
Xenicide: posts small blind $0.50
MaRKiToScoK: posts big blind $1
*** HOLE CARDS ***
chelsea16730: calls $1
Unipoker11: folds 
Espada Fish: folds 
BGS013: folds 
Xenicide: folds 
MaRKiToScoK: checks 
*** FLOP *** [8s Kh 4s]
MaRKiToScoK: checks 
chelsea16730: checks 
*** TURN *** [8s Kh 4s] [Js]
MaRKiToScoK: checks 
chelsea16730: checks 
*** RIVER *** [8s Kh 4s Js] [2d]
MaRKiToScoK: checks 
chelsea16730: bets $4
MaRKiToScoK: folds 
Uncalled bet ($4) returned to chelsea16730
chelsea16730 collected $2.38 from pot
*** SUMMARY ***
Total pot $2.50 | Rake $0.12 
Board [8s Kh 4s Js 2d]
Seat 1: BGS013 (button) folded before Flop (didn't bet)
Seat 2: Xenicide (small blind) folded before Flop
Seat 3: MaRKiToScoK (big blind) folded on the River
Seat 4: chelsea16730 collected ($2.38)
Seat 5: Unipoker11 folded before Flop (didn't bet)
Seat 6: Espada Fish folded before Flop (didn't bet)



PokerStars Hand #254508127974:  Hold'em No Limit ($0.50/$1.00 USD) - 2025/01/22 23:41:29 WET [2025/01/22 18:41:29 ET]
Table 'Aristaeus III' 6-max Seat #2 is the button
Seat 1: BGS013 ($109.28 in chips) 
Seat 2: Xenicide ($120.72 in chips) 
Seat 3: MaRKiToScoK ($100 in chips) 
Seat 4: chelsea16730 ($46.73 in chips) 
Seat 5: Unipoker11 ($119.97 in chips) 
Seat 6: Espada Fish ($100 in chips) 
MaRKiToScoK: posts small blind $0.50
chelsea16730: posts big blind $1
*** HOLE CARDS ***
Unipoker11: raises $1 to $2
Espada Fish: folds 
BGS013: folds 
Xenicide: folds 
MaRKiToScoK: calls $1.50
chelsea16730: calls $1
*** FLOP *** [9c 6c 5c]
MaRKiToScoK: checks 
chelsea16730: checks 
Unipoker11: checks 
*** TURN *** [9c 6c 5c] [Ad]
MaRKiToScoK: checks 
chelsea16730: checks 
Unipoker11: bets $2.85
MaRKiToScoK: raises $10.15 to $13
chelsea16730: folds 
Unipoker11: folds 
Uncalled bet ($10.15) returned to MaRKiToScoK
MaRKiToScoK collected $11.12 from pot
*** SUMMARY ***
Total pot $11.70 | Rake $0.58 
Board [9c 6c 5c Ad]
Seat 1: BGS013 folded before Flop (didn't bet)
Seat 2: Xenicide (button) folded before Flop (didn't bet)
Seat 3: MaRKiToScoK (small blind) collected ($11.12)
Seat 4: chelsea16730 (big blind) folded on the Turn
Seat 5: Unipoker11 folded on the Turn
Seat 6: Espada Fish folded before Flop (didn't bet)



PokerStars Hand #254508144482:  Hold'em No Limit ($0.50/$1.00 USD) - 2025/01/22 23:42:40 WET [2025/01/22 18:42:40 ET]
Table 'Aristaeus III' 6-max Seat #3 is the button
Seat 1: BGS013 ($109.28 in chips) 
Seat 2: Xenicide ($120.72 in chips) 
Seat 3: MaRKiToScoK ($106.27 in chips) 
Seat 4: chelsea16730 ($44.73 in chips) 
Seat 5: Unipoker11 ($115.12 in chips) 
Seat 6: Espada Fish ($100 in chips) 
chelsea16730: posts small blind $0.50
Unipoker11: posts big blind $1
*** HOLE CARDS ***
Espada Fish: folds 
BGS013: folds 
Xenicide: raises $1 to $2
MaRKiToScoK: calls $2
chelsea16730: calls $1.50
Unipoker11: folds 
*** FLOP *** [Kh 5c 8s]
chelsea16730: checks 
Xenicide: checks 
MaRKiToScoK: checks 
*** TURN *** [Kh 5c 8s] [5h]
chelsea16730: checks 
Xenicide: checks 
MaRKiToScoK: checks 
*** RIVER *** [Kh 5c 8s 5h] [Ah]
chelsea16730: checks 
Xenicide: bets $5
MaRKiToScoK: folds 
chelsea16730: folds 
Uncalled bet ($5) returned to Xenicide
Xenicide collected $6.65 from pot
*** SUMMARY ***
Total pot $7 | Rake $0.35 
Board [Kh 5c 8s 5h Ah]
Seat 1: BGS013 folded before Flop (didn't bet)
Seat 2: Xenicide collected ($6.65)
Seat 3: MaRKiToScoK (button) folded on the River
Seat 4: chelsea16730 (small blind) folded on the River
Seat 5: Unipoker11 (big blind) folded before Flop
Seat 6: Espada Fish folded before Flop (didn't bet)



PokerStars Hand #254508164116:  Hold'em No Limit ($0.50/$1.00 USD) - 2025/01/22 23:44:05 WET [2025/01/22 18:44:05 ET]
Table 'Aristaeus III' 6-max Seat #4 is the button
Seat 1: BGS013 ($109.28 in chips) 
Seat 2: Xenicide ($125.37 in chips) 
Seat 3: MaRKiToScoK ($104.27 in chips) 
Seat 4: chelsea16730 ($42.73 in chips) 
Seat 5: Unipoker11 ($114.12 in chips) 
Seat 6: Espada Fish ($100 in chips) 
Unipoker11: posts small blind $0.50
Espada Fish: posts big blind $1
*** HOLE CARDS ***
BGS013: raises $1 to $2
Xenicide: folds 
MaRKiToScoK: folds 
chelsea16730: raises $3 to $5
Unipoker11: folds 
Espada Fish: folds 
BGS013: calls $3
*** FLOP *** [2d Ks 3h]
BGS013: checks 
chelsea16730: checks 
*** TURN *** [2d Ks 3h] [9h]
BGS013: checks 
chelsea16730: checks 
*** RIVER *** [2d Ks 3h 9h] [9d]
BGS013: checks 
chelsea16730: checks 
*** SHOW DOWN ***
BGS013: shows [5h 5s] (two pair, Nines and Fives)
chelsea16730: mucks hand 
BGS013 collected $10.92 from pot
*** SUMMARY ***
Total pot $11.50 | Rake $0.58 
Board [2d Ks 3h 9h 9d]
Seat 1: BGS013 showed [5h 5s] and won ($10.92) with two pair, Nines and Fives
Seat 2: Xenicide folded before Flop (didn't bet)
Seat 3: MaRKiToScoK folded before Flop (didn't bet)
Seat 4: chelsea16730 (button) mucked
Seat 5: Unipoker11 (small blind) folded before Flop
Seat 6: Espada Fish (big blind) folded before Flop



PokerStars Hand #254508172794:  Hold'em No Limit ($0.50/$1.00 USD) - 2025/01/22 23:44:43 WET [2025/01/22 18:44:43 ET]
Table 'Aristaeus III' 6-max Seat #5 is the button
Seat 1: BGS013 ($115.20 in chips) 
Seat 2: Xenicide ($125.37 in chips) 
Seat 3: MaRKiToScoK ($104.27 in chips) 
Seat 4: chelsea16730 ($37.73 in chips) 
Seat 5: Unipoker11 ($113.62 in chips) 
Seat 6: Espada Fish ($100 in chips) 
Espada Fish: posts small blind $0.50
BGS013: posts big blind $1
*** HOLE CARDS ***
Xenicide: folds 
MaRKiToScoK: folds 
chelsea16730: calls $1
Unipoker11: folds 
Espada Fish: folds 
BGS013: raises $81 to $82
chelsea16730: folds 
Uncalled bet ($81) returned to BGS013
BGS013 collected $2.50 from pot
BGS013: doesn't show hand 
*** SUMMARY ***
Total pot $2.50 | Rake $0 
Seat 1: BGS013 (big blind) collected ($2.50)
Seat 2: Xenicide folded before Flop (didn't bet)
Seat 3: MaRKiToScoK folded before Flop (didn't bet)
Seat 4: chelsea16730 folded before Flop
Seat 5: Unipoker11 (button) folded before Flop (didn't bet)
Seat 6: Espada Fish (small blind) folded before Flop



PokerStars Hand #254508178029:  Hold'em No Limit ($0.50/$1.00 USD) - 2025/01/22 23:45:05 WET [2025/01/22 18:45:05 ET]
Table 'Aristaeus III' 6-max Seat #6 is the button
Seat 2: Xenicide ($125.37 in chips) is sitting out
Seat 1: BGS013 ($116.70 in chips) 
Seat 3: MaRKiToScoK ($104.27 in chips) 
Seat 4: chelsea16730 ($36.73 in chips) 
Seat 5: Unipoker11 ($113.62 in chips) 
Seat 6: Espada Fish ($100 in chips) 
BGS013: posts small blind $0.50
Xenicide: is sitting out 
MaRKiToScoK: posts big blind $1
*** HOLE CARDS ***
chelsea16730: raises $1 to $2
Unipoker11: folds 
Xenicide leaves the table
Espada Fish: raises $5 to $7
BGS013: folds 
MaRKiToScoK: folds 
chelsea16730: calls $5
*** FLOP *** [Ah 8s 5s]
chelsea16730: checks 
Tibibacsi joins the table at seat #2 
Espada Fish: bets $7.36
chelsea16730: raises $20.64 to $28
Espada Fish: raises $56 to $84
chelsea16730: calls $1.73 and is all-in
Uncalled bet ($54.27) returned to Espada Fish
*** TURN *** [Ah 8s 5s] [5c]
*** RIVER *** [Ah 8s 5s 5c] [Ts]
*** SHOW DOWN ***
chelsea16730: shows [Jc As] (two pair, Aces and Fives)
Espada Fish: shows [Ad Qd] (two pair, Aces and Fives - Queen kicker)
Espada Fish cashed out the hand for $58.46 | Cash Out Fee $1.19
*** SUMMARY ***
Total pot $74.96 | Rake $2.50 
Board [Ah 8s 5s 5c Ts]
Seat 2: Xenicide
Seat 1: BGS013 (small blind) folded before Flop
Seat 3: MaRKiToScoK (big blind) folded before Flop
Seat 4: chelsea16730 showed [Jc As] and lost with two pair, Aces and Fives
Seat 5: Unipoker11 folded before Flop (didn't bet)
Seat 6: Espada Fish (button) showed [Ad Qd] and won ($72.46) with two pair, Aces and Fives (pot not awarded as player cashed out)



PokerStars Hand #254508189918:  Hold'em No Limit ($0.50/$1.00 USD) - 2025/01/22 23:45:56 WET [2025/01/22 18:45:56 ET]
Table 'Aristaeus III' 6-max Seat #1 is the button
Seat 2: Tibibacsi ($100 in chips) is sitting out
Seat 4: chelsea16730 ($0 in chips) is sitting out
Seat 1: BGS013 ($116.20 in chips) 
Seat 3: MaRKiToScoK ($103.27 in chips) 
Seat 5: Unipoker11 ($113.62 in chips) 
Seat 6: Espada Fish ($121.73 in chips) 
MaRKiToScoK: posts small blind $0.50
Unipoker11: posts big blind $1
*** HOLE CARDS ***
Espada Fish: folds 
BGS013: folds 
chelsea16730 leaves the table
MaRKiToScoK: raises $2 to $3
Unipoker11: folds 
Uncalled bet ($2) returned to MaRKiToScoK
MaRKiToScoK collected $2 from pot
*** SUMMARY ***
Total pot $2 | Rake $0 
Seat 2: Tibibacsi
Seat 4: chelsea16730
Seat 1: BGS013 (button) folded before Flop (didn't bet)
Seat 3: MaRKiToScoK (small blind) collected ($2)
Seat 5: Unipoker11 (big blind) folded before Flop
Seat 6: Espada Fish folded before Flop (didn't bet)



PokerStars Hand #254508196765:  Hold'em No Limit ($0.50/$1.00 USD) - 2025/01/22 23:46:26 WET [2025/01/22 18:46:26 ET]
Table 'Aristaeus III' 6-max Seat #3 is the button
Seat 1: BGS013 ($116.20 in chips) is sitting out
Seat 6: Espada Fish ($121.73 in chips) is sitting out
Seat 2: Tibibacsi ($100 in chips) 
Seat 3: MaRKiToScoK ($104.27 in chips) 
Seat 5: Unipoker11 ($112.62 in chips) 
Unipoker11: posts small blind $0.50
Espada Fish: is sitting out 
BGS013: is sitting out 
Tibibacsi: posts big blind $1
*** HOLE CARDS ***
MaRKiToScoK: folds 
BGS013 leaves the table
Espada Fish leaves the table
MaRKiToScoK leaves the table
Unipoker11: raises $2 to $3
Tibibacsi: calls $2
*** FLOP *** [8d Ad Th]
Unipoker11: checks 
Tibibacsi: checks 
*** TURN *** [8d Ad Th] [3d]
Unipoker11: checks 
Tibibacsi: checks 
*** RIVER *** [8d Ad Th 3d] [6d]
Unipoker11: bets $1
Tibibacsi: folds 
Uncalled bet ($1) returned to Unipoker11
Unipoker11 collected $5.70 from pot
Unipoker11: doesn't show hand 
*** SUMMARY ***
Total pot $6 | Rake $0.30 
Board [8d Ad Th 3d 6d]
Seat 1: BGS013
Seat 6: Espada Fish
Seat 2: Tibibacsi (big blind) folded on the River
Seat 3: MaRKiToScoK (button) folded before Flop (didn't bet)
Seat 5: Unipoker11 (small blind) collected ($5.70)



