PokerStars Hand #254497194236:  Hold'em No Limit ($0.50/$1.00 USD) - 2025/01/22 11:26:14 WET [2025/01/22 6:26:14 ET]
Table 'Demoulina III' 6-max Seat #5 is the button
Seat 1: ImaPeppaPig ($100 in chips) 
Seat 2: takeaway man28 ($56.22 in chips) 
Seat 3: fobot21 ($100 in chips) 
Seat 4: gig.gyty ($104 in chips) 
Seat 5: ESTMULK ($55.91 in chips) 
Seat 6: jujupipa27 ($29.57 in chips) 
jujupipa27: posts small blind $0.50
ImaPeppaPig: posts big blind $1
*** HOLE CARDS ***
takeaway man28: folds 
fobot21: folds 
gig.gyty: folds 
ESTMULK: calls $1
jujupipa27: folds 
ImaPeppaPig: checks 
*** FLOP *** [3s 8s Ah]
ImaPeppaPig: checks 
ESTMULK: checks 
*** TURN *** [3s 8s Ah] [Kc]
ImaPeppaPig: checks 
ESTMULK: bets $1
ImaPeppaPig: calls $1
*** RIVER *** [3s 8s Ah Kc] [7h]
ImaPeppaPig: checks 
ESTMULK: bets $3.14
ImaPeppaPig: folds 
Uncalled bet ($3.14) returned to ESTMULK
ESTMULK collected $4.28 from pot
*** SUMMARY ***
Total pot $4.50 | Rake $0.22 
Board [3s 8s Ah Kc 7h]
Seat 1: ImaPeppaPig (big blind) folded on the River
Seat 2: takeaway man28 folded before Flop (didn't bet)
Seat 3: fobot21 folded before Flop (didn't bet)
Seat 4: gig.gyty folded before Flop (didn't bet)
Seat 5: ESTMULK (button) collected ($4.28)
Seat 6: jujupipa27 (small blind) folded before Flop



PokerStars Hand #254497201510:  Hold'em No Limit ($0.50/$1.00 USD) - 2025/01/22 11:27:13 WET [2025/01/22 6:27:13 ET]
Table 'Demoulina III' 6-max Seat #6 is the button
Seat 1: ImaPeppaPig ($100 in chips) 
Seat 2: takeaway man28 ($56.22 in chips) 
Seat 3: fobot21 ($100 in chips) 
Seat 4: gig.gyty ($104 in chips) 
Seat 5: ESTMULK ($58.19 in chips) 
Seat 6: jujupipa27 ($29.07 in chips) 
ImaPeppaPig: posts small blind $0.50
takeaway man28: posts big blind $1
*** HOLE CARDS ***
fobot21: folds 
gig.gyty: folds 
ESTMULK: calls $1
jujupipa27: calls $1
ImaPeppaPig: calls $0.50
takeaway man28: checks 
*** FLOP *** [2c 6d 3d]
ImaPeppaPig: checks 
takeaway man28: bets $1.90
ESTMULK: folds 
jujupipa27: calls $1.90
ImaPeppaPig: folds 
*** TURN *** [2c 6d 3d] [5c]
takeaway man28: checks 
jujupipa27: checks 
*** RIVER *** [2c 6d 3d 5c] [8s]
takeaway man28: checks 
jujupipa27: checks 
*** SHOW DOWN ***
takeaway man28: shows [2d Tc] (a pair of Deuces)
jujupipa27: shows [2s As] (a pair of Deuces - Ace kicker)
jujupipa27 collected $7.41 from pot
*** SUMMARY ***
Total pot $7.80 | Rake $0.39 
Board [2c 6d 3d 5c 8s]
Seat 1: ImaPeppaPig (small blind) folded on the Flop
Seat 2: takeaway man28 (big blind) showed [2d Tc] and lost with a pair of Deuces
Seat 3: fobot21 folded before Flop (didn't bet)
Seat 4: gig.gyty folded before Flop (didn't bet)
Seat 5: ESTMULK folded on the Flop
Seat 6: jujupipa27 (button) showed [2s As] and won ($7.41) with a pair of Deuces



PokerStars Hand #254497207155:  Hold'em No Limit ($0.50/$1.00 USD) - 2025/01/22 11:27:59 WET [2025/01/22 6:27:59 ET]
Table 'Demoulina III' 6-max Seat #1 is the button
Seat 1: ImaPeppaPig ($100 in chips) 
Seat 2: takeaway man28 ($53.32 in chips) 
Seat 3: fobot21 ($100 in chips) 
Seat 4: gig.gyty ($104 in chips) 
Seat 5: ESTMULK ($57.19 in chips) 
Seat 6: jujupipa27 ($33.58 in chips) 
takeaway man28: posts small blind $0.50
fobot21: posts big blind $1
*** HOLE CARDS ***
gig.gyty: folds 
ESTMULK: folds 
jujupipa27: folds 
ImaPeppaPig: folds 
takeaway man28: raises $1 to $2
fobot21: folds 
Uncalled bet ($1) returned to takeaway man28
takeaway man28 collected $2 from pot
*** SUMMARY ***
Total pot $2 | Rake $0 
Seat 1: ImaPeppaPig (button) folded before Flop (didn't bet)
Seat 2: takeaway man28 (small blind) collected ($2)
Seat 3: fobot21 (big blind) folded before Flop
Seat 4: gig.gyty folded before Flop (didn't bet)
Seat 5: ESTMULK folded before Flop (didn't bet)
Seat 6: jujupipa27 folded before Flop (didn't bet)



PokerStars Hand #254497208813:  Hold'em No Limit ($0.50/$1.00 USD) - 2025/01/22 11:28:13 WET [2025/01/22 6:28:13 ET]
Table 'Demoulina III' 6-max Seat #2 is the button
Seat 1: ImaPeppaPig ($100 in chips) 
Seat 2: takeaway man28 ($54.32 in chips) 
Seat 3: fobot21 ($100 in chips) 
Seat 4: gig.gyty ($104 in chips) 
Seat 5: ESTMULK ($57.19 in chips) 
Seat 6: jujupipa27 ($33.58 in chips) 
fobot21: posts small blind $0.50
gig.gyty: posts big blind $1
*** HOLE CARDS ***
ESTMULK: folds 
jujupipa27: folds 
ImaPeppaPig: folds 
takeaway man28: folds 
fobot21: folds 
Uncalled bet ($0.50) returned to gig.gyty
gig.gyty collected $1 from pot
gig.gyty: doesn't show hand 
*** SUMMARY ***
Total pot $1 | Rake $0 
Seat 1: ImaPeppaPig folded before Flop (didn't bet)
Seat 2: takeaway man28 (button) folded before Flop (didn't bet)
Seat 3: fobot21 (small blind) folded before Flop
Seat 4: gig.gyty (big blind) collected ($1)
Seat 5: ESTMULK folded before Flop (didn't bet)
Seat 6: jujupipa27 folded before Flop (didn't bet)



PokerStars Hand #254497210133:  Hold'em No Limit ($0.50/$1.00 USD) - 2025/01/22 11:28:23 WET [2025/01/22 6:28:23 ET]
Table 'Demoulina III' 6-max Seat #3 is the button
Seat 1: ImaPeppaPig ($100 in chips) 
Seat 2: takeaway man28 ($54.32 in chips) 
Seat 3: fobot21 ($100 in chips) 
Seat 4: gig.gyty ($104.50 in chips) 
Seat 5: ESTMULK ($57.19 in chips) 
Seat 6: jujupipa27 ($33.58 in chips) 
gig.gyty: posts small blind $0.50
ESTMULK: posts big blind $1
*** HOLE CARDS ***
jujupipa27: folds 
ImaPeppaPig: folds 
takeaway man28: folds 
fobot21: raises $1.50 to $2.50
gig.gyty: folds 
ESTMULK: calls $1.50
*** FLOP *** [Js 2h 9s]
ESTMULK: checks 
fobot21: bets $3.97
ESTMULK: folds 
Uncalled bet ($3.97) returned to fobot21
fobot21 collected $5.22 from pot
fobot21: doesn't show hand 
*** SUMMARY ***
Total pot $5.50 | Rake $0.28 
Board [Js 2h 9s]
Seat 1: ImaPeppaPig folded before Flop (didn't bet)
Seat 2: takeaway man28 folded before Flop (didn't bet)
Seat 3: fobot21 (button) collected ($5.22)
Seat 4: gig.gyty (small blind) folded before Flop
Seat 5: ESTMULK (big blind) folded on the Flop
Seat 6: jujupipa27 folded before Flop (didn't bet)



PokerStars Hand #254497215023:  Hold'em No Limit ($0.50/$1.00 USD) - 2025/01/22 11:29:03 WET [2025/01/22 6:29:03 ET]
Table 'Demoulina III' 6-max Seat #4 is the button
Seat 1: ImaPeppaPig ($100 in chips) 
Seat 2: takeaway man28 ($54.32 in chips) 
Seat 3: fobot21 ($102.72 in chips) 
Seat 4: gig.gyty ($104 in chips) 
Seat 5: ESTMULK ($54.69 in chips) 
Seat 6: jujupipa27 ($33.58 in chips) 
ESTMULK: posts small blind $0.50
jujupipa27: posts big blind $1
*** HOLE CARDS ***
ImaPeppaPig: folds 
takeaway man28: raises $1 to $2
fobot21: folds 
gig.gyty: folds 
ESTMULK: folds 
jujupipa27: calls $1
*** FLOP *** [5c Jd 3d]
jujupipa27: checks 
takeaway man28: bets $2.14
jujupipa27: calls $2.14
*** TURN *** [5c Jd 3d] [Qs]
jujupipa27: checks 
takeaway man28: checks 
*** RIVER *** [5c Jd 3d Qs] [2h]
jujupipa27: bets $3
takeaway man28: folds 
Uncalled bet ($3) returned to jujupipa27
jujupipa27 collected $8.34 from pot
*** SUMMARY ***
Total pot $8.78 | Rake $0.44 
Board [5c Jd 3d Qs 2h]
Seat 1: ImaPeppaPig folded before Flop (didn't bet)
Seat 2: takeaway man28 folded on the River
Seat 3: fobot21 folded before Flop (didn't bet)
Seat 4: gig.gyty (button) folded before Flop (didn't bet)
Seat 5: ESTMULK (small blind) folded before Flop
Seat 6: jujupipa27 (big blind) collected ($8.34)



PokerStars Hand #254497222045:  Hold'em No Limit ($0.50/$1.00 USD) - 2025/01/22 11:29:59 WET [2025/01/22 6:29:59 ET]
Table 'Demoulina III' 6-max Seat #5 is the button
Seat 1: ImaPeppaPig ($100 in chips) 
Seat 2: takeaway man28 ($50.18 in chips) 
Seat 3: fobot21 ($102.72 in chips) 
Seat 4: gig.gyty ($104 in chips) 
Seat 5: ESTMULK ($54.19 in chips) 
Seat 6: jujupipa27 ($37.78 in chips) 
jujupipa27: posts small blind $0.50
ImaPeppaPig: posts big blind $1
*** HOLE CARDS ***
takeaway man28: folds 
fobot21: folds 
gig.gyty: folds 
ESTMULK: folds 
jujupipa27: calls $0.50
ImaPeppaPig: checks 
*** FLOP *** [Ah 7s Tc]
jujupipa27: checks 
ImaPeppaPig: checks 
*** TURN *** [Ah 7s Tc] [3h]
jujupipa27: bets $1
ImaPeppaPig: calls $1
*** RIVER *** [Ah 7s Tc 3h] [Jd]
jujupipa27: bets $3
ImaPeppaPig: folds 
Uncalled bet ($3) returned to jujupipa27
jujupipa27 collected $3.80 from pot
*** SUMMARY ***
Total pot $4 | Rake $0.20 
Board [Ah 7s Tc 3h Jd]
Seat 1: ImaPeppaPig (big blind) folded on the River
Seat 2: takeaway man28 folded before Flop (didn't bet)
Seat 3: fobot21 folded before Flop (didn't bet)
Seat 4: gig.gyty folded before Flop (didn't bet)
Seat 5: ESTMULK (button) folded before Flop (didn't bet)
Seat 6: jujupipa27 (small blind) collected ($3.80)



PokerStars Hand #254497227482:  Hold'em No Limit ($0.50/$1.00 USD) - 2025/01/22 11:30:43 WET [2025/01/22 6:30:43 ET]
Table 'Demoulina III' 6-max Seat #6 is the button
Seat 1: ImaPeppaPig ($100 in chips) 
Seat 2: takeaway man28 ($50.18 in chips) 
Seat 3: fobot21 ($102.72 in chips) 
Seat 4: gig.gyty ($104 in chips) 
Seat 5: ESTMULK ($54.19 in chips) 
Seat 6: jujupipa27 ($39.58 in chips) 
ImaPeppaPig: posts small blind $0.50
takeaway man28: posts big blind $1
*** HOLE CARDS ***
fobot21: raises $1 to $2
gig.gyty: folds 
ESTMULK: folds 
jujupipa27: folds 
ImaPeppaPig: folds 
takeaway man28: calls $1
*** FLOP *** [Tc 9s 4d]
takeaway man28: checks 
fobot21: checks 
*** TURN *** [Tc 9s 4d] [2s]
takeaway man28: bets $2.14
fobot21: calls $2.14
*** RIVER *** [Tc 9s 4d 2s] [8s]
takeaway man28: checks 
fobot21: checks 
*** SHOW DOWN ***
takeaway man28: shows [Jc 8d] (a pair of Eights)
fobot21: shows [8c Qc] (a pair of Eights - Queen kicker)
fobot21 collected $8.34 from pot
*** SUMMARY ***
Total pot $8.78 | Rake $0.44 
Board [Tc 9s 4d 2s 8s]
Seat 1: ImaPeppaPig (small blind) folded before Flop
Seat 2: takeaway man28 (big blind) showed [Jc 8d] and lost with a pair of Eights
Seat 3: fobot21 showed [8c Qc] and won ($8.34) with a pair of Eights
Seat 4: gig.gyty folded before Flop (didn't bet)
Seat 5: ESTMULK folded before Flop (didn't bet)
Seat 6: jujupipa27 (button) folded before Flop (didn't bet)



PokerStars Hand #254497233119:  Hold'em No Limit ($0.50/$1.00 USD) - 2025/01/22 11:31:28 WET [2025/01/22 6:31:28 ET]
Table 'Demoulina III' 6-max Seat #1 is the button
Seat 1: ImaPeppaPig ($100 in chips) 
Seat 2: takeaway man28 ($46.04 in chips) 
Seat 3: fobot21 ($106.92 in chips) 
Seat 4: gig.gyty ($104 in chips) 
Seat 5: ESTMULK ($54.19 in chips) 
Seat 6: jujupipa27 ($39.58 in chips) 
takeaway man28: posts small blind $0.50
fobot21: posts big blind $1
*** HOLE CARDS ***
gig.gyty: folds 
ESTMULK: raises $2 to $3
jujupipa27: folds 
ImaPeppaPig: folds 
takeaway man28: folds 
fobot21: folds 
Uncalled bet ($2) returned to ESTMULK
ESTMULK collected $2.50 from pot
*** SUMMARY ***
Total pot $2.50 | Rake $0 
Seat 1: ImaPeppaPig (button) folded before Flop (didn't bet)
Seat 2: takeaway man28 (small blind) folded before Flop
Seat 3: fobot21 (big blind) folded before Flop
Seat 4: gig.gyty folded before Flop (didn't bet)
Seat 5: ESTMULK collected ($2.50)
Seat 6: jujupipa27 folded before Flop (didn't bet)



PokerStars Hand #254497234994:  Hold'em No Limit ($0.50/$1.00 USD) - 2025/01/22 11:31:43 WET [2025/01/22 6:31:43 ET]
Table 'Demoulina III' 6-max Seat #2 is the button
Seat 1: ImaPeppaPig ($100 in chips) 
Seat 2: takeaway man28 ($45.54 in chips) 
Seat 3: fobot21 ($105.92 in chips) 
Seat 4: gig.gyty ($104 in chips) 
Seat 5: ESTMULK ($55.69 in chips) 
Seat 6: jujupipa27 ($39.58 in chips) 
fobot21: posts small blind $0.50
gig.gyty: posts big blind $1
*** HOLE CARDS ***
ESTMULK: folds 
jujupipa27: folds 
ImaPeppaPig: folds 
takeaway man28: calls $1
fobot21: raises $3.50 to $4.50
gig.gyty: folds 
takeaway man28: folds 
Uncalled bet ($3.50) returned to fobot21
fobot21 collected $3 from pot
fobot21: doesn't show hand 
*** SUMMARY ***
Total pot $3 | Rake $0 
Seat 1: ImaPeppaPig folded before Flop (didn't bet)
Seat 2: takeaway man28 (button) folded before Flop
Seat 3: fobot21 (small blind) collected ($3)
Seat 4: gig.gyty (big blind) folded before Flop
Seat 5: ESTMULK folded before Flop (didn't bet)
Seat 6: jujupipa27 folded before Flop (didn't bet)



PokerStars Hand #254497236917:  Hold'em No Limit ($0.50/$1.00 USD) - 2025/01/22 11:31:58 WET [2025/01/22 6:31:58 ET]
Table 'Demoulina III' 6-max Seat #3 is the button
Seat 1: ImaPeppaPig ($100 in chips) 
Seat 2: takeaway man28 ($44.54 in chips) 
Seat 3: fobot21 ($107.92 in chips) 
Seat 4: gig.gyty ($103 in chips) 
Seat 5: ESTMULK ($55.69 in chips) 
Seat 6: jujupipa27 ($39.58 in chips) 
gig.gyty: posts small blind $0.50
ESTMULK: posts big blind $1
*** HOLE CARDS ***
jujupipa27: folds 
ImaPeppaPig: folds 
takeaway man28: raises $1 to $2
fobot21: calls $2
gig.gyty: calls $1.50
ESTMULK: calls $1
*** FLOP *** [Kh 7c 2h]
gig.gyty: checks 
ESTMULK: checks 
takeaway man28: checks 
fobot21: bets $5.78
gig.gyty: folds 
ESTMULK: folds 
takeaway man28: calls $5.78
*** TURN *** [Kh 7c 2h] [Qh]
takeaway man28: checks 
fobot21: checks 
*** RIVER *** [Kh 7c 2h Qh] [9s]
takeaway man28: checks 
fobot21: bets $14.12
takeaway man28: calls $14.12
*** SHOW DOWN ***
fobot21: shows [Jh Ks] (a pair of Kings)
takeaway man28: mucks hand 
fobot21 collected $45.41 from pot
*** SUMMARY ***
Total pot $47.80 | Rake $2.39 
Board [Kh 7c 2h Qh 9s]
Seat 1: ImaPeppaPig folded before Flop (didn't bet)
Seat 2: takeaway man28 mucked
Seat 3: fobot21 (button) showed [Jh Ks] and won ($45.41) with a pair of Kings
Seat 4: gig.gyty (small blind) folded on the Flop
Seat 5: ESTMULK (big blind) folded on the Flop
Seat 6: jujupipa27 folded before Flop (didn't bet)



PokerStars Hand #254497246573:  Hold'em No Limit ($0.50/$1.00 USD) - 2025/01/22 11:33:16 WET [2025/01/22 6:33:16 ET]
Table 'Demoulina III' 6-max Seat #4 is the button
Seat 1: ImaPeppaPig ($100 in chips) 
Seat 2: takeaway man28 ($22.64 in chips) 
Seat 3: fobot21 ($131.43 in chips) 
Seat 4: gig.gyty ($101 in chips) 
Seat 5: ESTMULK ($53.69 in chips) 
Seat 6: jujupipa27 ($39.58 in chips) 
ESTMULK: posts small blind $0.50
jujupipa27: posts big blind $1
*** HOLE CARDS ***
ImaPeppaPig: folds 
takeaway man28: raises $1 to $2
fobot21: folds 
gig.gyty: folds 
ESTMULK: raises $5 to $7
jujupipa27: folds 
takeaway man28: folds 
Uncalled bet ($5) returned to ESTMULK
ESTMULK collected $5 from pot
*** SUMMARY ***
Total pot $5 | Rake $0 
Seat 1: ImaPeppaPig folded before Flop (didn't bet)
Seat 2: takeaway man28 folded before Flop
Seat 3: fobot21 folded before Flop (didn't bet)
Seat 4: gig.gyty (button) folded before Flop (didn't bet)
Seat 5: ESTMULK (small blind) collected ($5)
Seat 6: jujupipa27 (big blind) folded before Flop



PokerStars Hand #254497249027:  Hold'em No Limit ($0.50/$1.00 USD) - 2025/01/22 11:33:35 WET [2025/01/22 6:33:35 ET]
Table 'Demoulina III' 6-max Seat #5 is the button
Seat 1: ImaPeppaPig ($100 in chips) 
Seat 2: takeaway man28 ($20.64 in chips) 
Seat 3: fobot21 ($131.43 in chips) 
Seat 4: gig.gyty ($101 in chips) 
Seat 5: ESTMULK ($56.69 in chips) 
Seat 6: jujupipa27 ($38.58 in chips) 
jujupipa27: posts small blind $0.50
ImaPeppaPig: posts big blind $1
*** HOLE CARDS ***
takeaway man28: folds 
fobot21: folds 
gig.gyty: raises $1.25 to $2.25
ESTMULK: calls $2.25
jujupipa27: folds 
ImaPeppaPig: raises $10.75 to $13
gig.gyty: folds 
ESTMULK: calls $10.75
*** FLOP *** [7s 6h Js]
ImaPeppaPig: checks 
ESTMULK: bets $7
ImaPeppaPig: calls $7
*** TURN *** [7s 6h Js] [7h]
ImaPeppaPig: checks 
ESTMULK: checks 
*** RIVER *** [7s 6h Js 7h] [5h]
ImaPeppaPig: checks 
ESTMULK: bets $36.69 and is all-in
ImaPeppaPig: folds 
Uncalled bet ($36.69) returned to ESTMULK
ESTMULK collected $40.61 from pot
*** SUMMARY ***
Total pot $42.75 | Rake $2.14 
Board [7s 6h Js 7h 5h]
Seat 1: ImaPeppaPig (big blind) folded on the River
Seat 2: takeaway man28 folded before Flop (didn't bet)
Seat 3: fobot21 folded before Flop (didn't bet)
Seat 4: gig.gyty folded before Flop
Seat 5: ESTMULK (button) collected ($40.61)
Seat 6: jujupipa27 (small blind) folded before Flop



PokerStars Hand #254497260798:  Hold'em No Limit ($0.50/$1.00 USD) - 2025/01/22 11:35:05 WET [2025/01/22 6:35:05 ET]
Table 'Demoulina III' 6-max Seat #6 is the button
Seat 1: ImaPeppaPig ($100 in chips) 
Seat 2: takeaway man28 ($20.64 in chips) 
Seat 3: fobot21 ($131.43 in chips) 
Seat 4: gig.gyty ($100 in chips) 
Seat 5: ESTMULK ($77.30 in chips) 
Seat 6: jujupipa27 ($38.08 in chips) 
ImaPeppaPig: posts small blind $0.50
takeaway man28: posts big blind $1
*** HOLE CARDS ***
fobot21: folds 
gig.gyty: folds 
ESTMULK: calls $1
jujupipa27: calls $1
ImaPeppaPig: folds 
takeaway man28: checks 
*** FLOP *** [Ac 5s 6d]
takeaway man28: checks 
ESTMULK: checks 
jujupipa27: checks 
*** TURN *** [Ac 5s 6d] [Jd]
takeaway man28: bets $1.66
ESTMULK: calls $1.66
jujupipa27: folds 
*** RIVER *** [Ac 5s 6d Jd] [Td]
takeaway man28: bets $17.98 and is all-in
ESTMULK: calls $17.98
*** SHOW DOWN ***
takeaway man28: shows [8d 4d] (a flush, Jack high)
ESTMULK: shows [Qc Kc] (a straight, Ten to Ace)
takeaway man28 collected $40.64 from pot
*** SUMMARY ***
Total pot $42.78 | Rake $2.14 
Board [Ac 5s 6d Jd Td]
Seat 1: ImaPeppaPig (small blind) folded before Flop
Seat 2: takeaway man28 (big blind) showed [8d 4d] and won ($40.64) with a flush, Jack high
Seat 3: fobot21 folded before Flop (didn't bet)
Seat 4: gig.gyty folded before Flop (didn't bet)
Seat 5: ESTMULK showed [Qc Kc] and lost with a straight, Ten to Ace
Seat 6: jujupipa27 (button) folded on the Turn



PokerStars Hand #254497265362:  Hold'em No Limit ($0.50/$1.00 USD) - 2025/01/22 11:35:40 WET [2025/01/22 6:35:40 ET]
Table 'Demoulina III' 6-max Seat #1 is the button
Seat 1: ImaPeppaPig ($100 in chips) 
Seat 2: takeaway man28 ($40.64 in chips) 
Seat 3: fobot21 ($131.43 in chips) 
Seat 4: gig.gyty ($100 in chips) 
Seat 5: ESTMULK ($56.66 in chips) 
Seat 6: jujupipa27 ($37.08 in chips) 
takeaway man28: posts small blind $0.50
fobot21: posts big blind $1
*** HOLE CARDS ***
gig.gyty: folds 
ESTMULK: folds 
jujupipa27: folds 
ImaPeppaPig: folds 
takeaway man28: raises $1 to $2
fobot21: calls $1
*** FLOP *** [Kd 8h 9s]
takeaway man28: checks 
fobot21: checks 
*** TURN *** [Kd 8h 9s] [6d]
takeaway man28: bets $3.80
fobot21: calls $3.80
*** RIVER *** [Kd 8h 9s 6d] [Qd]
takeaway man28: bets $34.84 and is all-in
fobot21: folds 
Uncalled bet ($34.84) returned to takeaway man28
takeaway man28 collected $11.02 from pot
*** SUMMARY ***
Total pot $11.60 | Rake $0.58 
Board [Kd 8h 9s 6d Qd]
Seat 1: ImaPeppaPig (button) folded before Flop (didn't bet)
Seat 2: takeaway man28 (small blind) collected ($11.02)
Seat 3: fobot21 (big blind) folded on the River
Seat 4: gig.gyty folded before Flop (didn't bet)
Seat 5: ESTMULK folded before Flop (didn't bet)
Seat 6: jujupipa27 folded before Flop (didn't bet)



PokerStars Hand #254497273111:  Hold'em No Limit ($0.50/$1.00 USD) - 2025/01/22 11:36:40 WET [2025/01/22 6:36:40 ET]
Table 'Demoulina III' 6-max Seat #2 is the button
Seat 1: ImaPeppaPig ($100 in chips) 
Seat 2: takeaway man28 ($45.86 in chips) 
Seat 3: fobot21 ($125.63 in chips) 
Seat 4: gig.gyty ($100 in chips) 
Seat 5: ESTMULK ($56.66 in chips) 
Seat 6: jujupipa27 ($37.08 in chips) 
fobot21: posts small blind $0.50
gig.gyty: posts big blind $1
*** HOLE CARDS ***
ESTMULK: calls $1
jujupipa27: folds 
ImaPeppaPig: folds 
takeaway man28: calls $1
fobot21: folds 
gig.gyty: checks 
*** FLOP *** [Td 9d 3h]
gig.gyty: checks 
ESTMULK: bets $3.32
takeaway man28: calls $3.32
gig.gyty: folds 
*** TURN *** [Td 9d 3h] [5d]
ESTMULK: bets $3.82
takeaway man28: calls $3.82
*** RIVER *** [Td 9d 3h 5d] [9h]
ESTMULK: bets $8.45
takeaway man28: calls $8.45
*** SHOW DOWN ***
ESTMULK: shows [9c 2c] (three of a kind, Nines)
takeaway man28: mucks hand 
ESTMULK collected $32.95 from pot
*** SUMMARY ***
Total pot $34.68 | Rake $1.73 
Board [Td 9d 3h 5d 9h]
Seat 1: ImaPeppaPig folded before Flop (didn't bet)
Seat 2: takeaway man28 (button) mucked
Seat 3: fobot21 (small blind) folded before Flop
Seat 4: gig.gyty (big blind) folded on the Flop
Seat 5: ESTMULK showed [9c 2c] and won ($32.95) with three of a kind, Nines
Seat 6: jujupipa27 folded before Flop (didn't bet)



PokerStars Hand #254497280827:  Hold'em No Limit ($0.50/$1.00 USD) - 2025/01/22 11:37:41 WET [2025/01/22 6:37:41 ET]
Table 'Demoulina III' 6-max Seat #3 is the button
Seat 1: ImaPeppaPig ($100 in chips) 
Seat 2: takeaway man28 ($29.27 in chips) 
Seat 3: fobot21 ($125.13 in chips) 
Seat 4: gig.gyty ($100 in chips) 
Seat 5: ESTMULK ($73.02 in chips) 
Seat 6: jujupipa27 ($37.08 in chips) 
gig.gyty: posts small blind $0.50
ESTMULK: posts big blind $1
*** HOLE CARDS ***
jujupipa27: folds 
ImaPeppaPig: folds 
takeaway man28: calls $1
fobot21: raises $2.50 to $3.50
gig.gyty: folds 
ESTMULK: calls $2.50
takeaway man28: calls $2.50
*** FLOP *** [3h 9c 6c]
ESTMULK: checks 
takeaway man28: bets $5.23
fobot21: raises $10.46 to $15.69
ESTMULK: folds 
takeaway man28: raises $10.08 to $25.77 and is all-in
fobot21: calls $10.08
*** TURN *** [3h 9c 6c] [Ah]
*** RIVER *** [3h 9c 6c Ah] [3s]
*** SHOW DOWN ***
takeaway man28: shows [As 9d] (two pair, Aces and Nines)
fobot21: shows [Qc Ac] (two pair, Aces and Threes)
takeaway man28 collected $60.04 from pot
*** SUMMARY ***
Total pot $62.54 | Rake $2.50 
Board [3h 9c 6c Ah 3s]
Seat 1: ImaPeppaPig folded before Flop (didn't bet)
Seat 2: takeaway man28 showed [As 9d] and won ($60.04) with two pair, Aces and Nines
Seat 3: fobot21 (button) showed [Qc Ac] and lost with two pair, Aces and Threes
Seat 4: gig.gyty (small blind) folded before Flop
Seat 5: ESTMULK (big blind) folded on the Flop
Seat 6: jujupipa27 folded before Flop (didn't bet)



PokerStars Hand #254497289137:  Hold'em No Limit ($0.50/$1.00 USD) - 2025/01/22 11:38:46 WET [2025/01/22 6:38:46 ET]
Table 'Demoulina III' 6-max Seat #4 is the button
Seat 1: ImaPeppaPig ($100 in chips) 
Seat 2: takeaway man28 ($60.04 in chips) 
Seat 3: fobot21 ($100 in chips) 
Seat 4: gig.gyty ($100 in chips) 
Seat 5: ESTMULK ($69.52 in chips) 
Seat 6: jujupipa27 ($37.08 in chips) 
ESTMULK: posts small blind $0.50
jujupipa27: posts big blind $1
*** HOLE CARDS ***
ImaPeppaPig: folds 
takeaway man28: calls $1
fobot21: folds 
gig.gyty: folds 
ESTMULK: raises $2 to $3
jujupipa27: calls $2
takeaway man28: calls $2
*** FLOP *** [Kd Qd 2d]
ESTMULK: checks 
jujupipa27: checks 
takeaway man28: checks 
*** TURN *** [Kd Qd 2d] [2c]
ESTMULK: bets $3
jujupipa27: folds 
takeaway man28: calls $3
*** RIVER *** [Kd Qd 2d 2c] [4h]
ESTMULK: bets $7.13
takeaway man28: calls $7.13
*** SHOW DOWN ***
ESTMULK: shows [9h 7d] (a pair of Deuces)
takeaway man28: shows [8s Qs] (two pair, Queens and Deuces)
takeaway man28 collected $27.80 from pot
*** SUMMARY ***
Total pot $29.26 | Rake $1.46 
Board [Kd Qd 2d 2c 4h]
Seat 1: ImaPeppaPig folded before Flop (didn't bet)
Seat 2: takeaway man28 showed [8s Qs] and won ($27.80) with two pair, Queens and Deuces
Seat 3: fobot21 folded before Flop (didn't bet)
Seat 4: gig.gyty (button) folded before Flop (didn't bet)
Seat 5: ESTMULK (small blind) showed [9h 7d] and lost with a pair of Deuces
Seat 6: jujupipa27 (big blind) folded on the Turn



PokerStars Hand #254497296102:  Hold'em No Limit ($0.50/$1.00 USD) - 2025/01/22 11:39:41 WET [2025/01/22 6:39:41 ET]
Table 'Demoulina III' 6-max Seat #5 is the button
Seat 1: ImaPeppaPig ($100 in chips) 
Seat 2: takeaway man28 ($74.71 in chips) 
Seat 3: fobot21 ($100 in chips) 
Seat 4: gig.gyty ($100 in chips) 
Seat 5: ESTMULK ($56.39 in chips) 
Seat 6: jujupipa27 ($34.08 in chips) 
jujupipa27: posts small blind $0.50
ImaPeppaPig: posts big blind $1
*** HOLE CARDS ***
takeaway man28: calls $1
fobot21: folds 
gig.gyty: folds 
ESTMULK: calls $1
jujupipa27: calls $0.50
ImaPeppaPig: checks 
*** FLOP *** [7d 7s 4s]
jujupipa27: bets $1
ImaPeppaPig: folds 
takeaway man28: calls $1
ESTMULK: calls $1
*** TURN *** [7d 7s 4s] [Ah]
jujupipa27: bets $2
takeaway man28: calls $2
ESTMULK: folds 
*** RIVER *** [7d 7s 4s Ah] [3d]
jujupipa27: bets $5
takeaway man28: calls $5
*** SHOW DOWN ***
jujupipa27: shows [4h Ad] (two pair, Aces and Sevens)
takeaway man28: shows [Ac Kd] (two pair, Aces and Sevens - King kicker)
takeaway man28 collected $19.95 from pot
*** SUMMARY ***
Total pot $21 | Rake $1.05 
Board [7d 7s 4s Ah 3d]
Seat 1: ImaPeppaPig (big blind) folded on the Flop
Seat 2: takeaway man28 showed [Ac Kd] and won ($19.95) with two pair, Aces and Sevens
Seat 3: fobot21 folded before Flop (didn't bet)
Seat 4: gig.gyty folded before Flop (didn't bet)
Seat 5: ESTMULK (button) folded on the Turn
Seat 6: jujupipa27 (small blind) showed [4h Ad] and lost with two pair, Aces and Sevens



PokerStars Hand #254497301400:  Hold'em No Limit ($0.50/$1.00 USD) - 2025/01/22 11:40:21 WET [2025/01/22 6:40:21 ET]
Table 'Demoulina III' 6-max Seat #6 is the button
Seat 1: ImaPeppaPig ($100 in chips) 
Seat 2: takeaway man28 ($85.66 in chips) 
Seat 3: fobot21 ($100 in chips) 
Seat 4: gig.gyty ($100 in chips) 
Seat 5: ESTMULK ($54.39 in chips) 
Seat 6: jujupipa27 ($25.08 in chips) 
ImaPeppaPig: posts small blind $0.50
takeaway man28: posts big blind $1
*** HOLE CARDS ***
fobot21: folds 
gig.gyty: folds 
ESTMULK: folds 
jujupipa27: folds 
ImaPeppaPig: folds 
Uncalled bet ($0.50) returned to takeaway man28
takeaway man28 collected $1 from pot
*** SUMMARY ***
Total pot $1 | Rake $0 
Seat 1: ImaPeppaPig (small blind) folded before Flop
Seat 2: takeaway man28 (big blind) collected ($1)
Seat 3: fobot21 folded before Flop (didn't bet)
Seat 4: gig.gyty folded before Flop (didn't bet)
Seat 5: ESTMULK folded before Flop (didn't bet)
Seat 6: jujupipa27 (button) folded before Flop (didn't bet)



PokerStars Hand #254497303092:  Hold'em No Limit ($0.50/$1.00 USD) - 2025/01/22 11:40:34 WET [2025/01/22 6:40:34 ET]
Table 'Demoulina III' 6-max Seat #1 is the button
Seat 1: ImaPeppaPig ($100 in chips) 
Seat 2: takeaway man28 ($86.16 in chips) 
Seat 3: fobot21 ($100 in chips) 
Seat 4: gig.gyty ($100 in chips) 
Seat 5: ESTMULK ($54.39 in chips) 
Seat 6: jujupipa27 ($25.08 in chips) 
takeaway man28: posts small blind $0.50
fobot21: posts big blind $1
*** HOLE CARDS ***
gig.gyty: folds 
ESTMULK: raises $2 to $3
jujupipa27: folds 
ImaPeppaPig: folds 
takeaway man28: folds 
fobot21: folds 
Uncalled bet ($2) returned to ESTMULK
ESTMULK collected $2.50 from pot
*** SUMMARY ***
Total pot $2.50 | Rake $0 
Seat 1: ImaPeppaPig (button) folded before Flop (didn't bet)
Seat 2: takeaway man28 (small blind) folded before Flop
Seat 3: fobot21 (big blind) folded before Flop
Seat 4: gig.gyty folded before Flop (didn't bet)
Seat 5: ESTMULK collected ($2.50)
Seat 6: jujupipa27 folded before Flop (didn't bet)



PokerStars Hand #254497305972:  Hold'em No Limit ($0.50/$1.00 USD) - 2025/01/22 11:40:56 WET [2025/01/22 6:40:56 ET]
Table 'Demoulina III' 6-max Seat #2 is the button
Seat 1: ImaPeppaPig ($100 in chips) 
Seat 2: takeaway man28 ($85.66 in chips) 
Seat 3: fobot21 ($100 in chips) 
Seat 4: gig.gyty ($100 in chips) 
Seat 5: ESTMULK ($55.89 in chips) 
Seat 6: jujupipa27 ($25.08 in chips) 
fobot21: posts small blind $0.50
gig.gyty: posts big blind $1
*** HOLE CARDS ***
ESTMULK: calls $1
jujupipa27: folds 
ImaPeppaPig: raises $3 to $4
takeaway man28: calls $4
fobot21: raises $12 to $16
gig.gyty: folds 
ESTMULK: calls $15
ImaPeppaPig: calls $12
takeaway man28: calls $12
*** FLOP *** [8d 7c 9s]
fobot21: bets $84 and is all-in
ESTMULK: calls $39.89 and is all-in
ImaPeppaPig: calls $84 and is all-in
takeaway man28: calls $69.66 and is all-in
*** TURN *** [8d 7c 9s] [5c]
*** RIVER *** [8d 7c 9s 5c] [4s]
*** SHOW DOWN ***
fobot21: shows [Tc Th] (a pair of Tens)
ImaPeppaPig: shows [8s 8h] (three of a kind, Eights)
ImaPeppaPig collected $28.68 from side pot-2 
takeaway man28: shows [9c 9h] (three of a kind, Nines)
takeaway man28 collected $89.31 from side pot-1 
ESTMULK: shows [Kd Kh] (a pair of Kings)
takeaway man28 collected $222.06 from main pot
*** SUMMARY ***
Total pot $342.55 Main pot $222.06. Side pot-1 $89.31. Side pot-2 $28.68. | Rake $2.50 
Board [8d 7c 9s 5c 4s]
Seat 1: ImaPeppaPig showed [8s 8h] and won ($28.68) with three of a kind, Eights
Seat 2: takeaway man28 (button) showed [9c 9h] and won ($311.37) with three of a kind, Nines
Seat 3: fobot21 (small blind) showed [Tc Th] and lost with a pair of Tens
Seat 4: gig.gyty (big blind) folded before Flop
Seat 5: ESTMULK showed [Kd Kh] and lost with a pair of Kings
Seat 6: jujupipa27 folded before Flop (didn't bet)



PokerStars Hand #254497315168:  Hold'em No Limit ($0.50/$1.00 USD) - 2025/01/22 11:42:07 WET [2025/01/22 6:42:07 ET]
Table 'Demoulina III' 6-max Seat #3 is the button
Seat 5: ESTMULK ($0 in chips) is sitting out
Seat 1: ImaPeppaPig ($100 in chips) 
Seat 2: takeaway man28 ($311.37 in chips) 
Seat 3: fobot21 ($100 in chips) 
Seat 4: gig.gyty ($100 in chips) 
Seat 6: jujupipa27 ($25.08 in chips) 
gig.gyty: posts small blind $0.50
jujupipa27: posts big blind $1
*** HOLE CARDS ***
ImaPeppaPig: folds 
takeaway man28: calls $1
fobot21: raises $2.50 to $3.50
gig.gyty: folds 
jujupipa27: folds 
takeaway man28: calls $2.50
*** FLOP *** [3h 7d 2c]
takeaway man28: checks 
fobot21: bets $2.42
takeaway man28: calls $2.42
*** TURN *** [3h 7d 2c] [2d]
takeaway man28: checks 
fobot21: checks 
*** RIVER *** [3h 7d 2c 2d] [Kd]
takeaway man28: checks 
fobot21: checks 
*** SHOW DOWN ***
takeaway man28: shows [As 4s] (a pair of Deuces)
fobot21: shows [8c 7c] (two pair, Sevens and Deuces)
fobot21 collected $12.67 from pot
*** SUMMARY ***
Total pot $13.34 | Rake $0.67 
Board [3h 7d 2c 2d Kd]
Seat 5: ESTMULK
Seat 1: ImaPeppaPig folded before Flop (didn't bet)
Seat 2: takeaway man28 showed [As 4s] and lost with a pair of Deuces
Seat 3: fobot21 (button) showed [8c 7c] and won ($12.67) with two pair, Sevens and Deuces
Seat 4: gig.gyty (small blind) folded before Flop
Seat 6: jujupipa27 (big blind) folded before Flop



PokerStars Hand #254497320278:  Hold'em No Limit ($0.50/$1.00 USD) - 2025/01/22 11:42:46 WET [2025/01/22 6:42:46 ET]
Table 'Demoulina III' 6-max Seat #4 is the button
Seat 5: ESTMULK ($0 in chips) is sitting out
Seat 1: ImaPeppaPig ($100 in chips) 
Seat 2: takeaway man28 ($305.45 in chips) 
Seat 3: fobot21 ($106.75 in chips) 
Seat 4: gig.gyty ($100 in chips) 
Seat 6: jujupipa27 ($24.08 in chips) 
jujupipa27: posts small blind $0.50
ImaPeppaPig: posts big blind $1
*** HOLE CARDS ***
takeaway man28: calls $1
fobot21: folds 
gig.gyty: folds 
jujupipa27: raises $2 to $3
ImaPeppaPig: folds 
takeaway man28: calls $2
*** FLOP *** [4h 4c 3s]
jujupipa27: bets $21.08 and is all-in
takeaway man28: folds 
Uncalled bet ($21.08) returned to jujupipa27
jujupipa27 collected $6.65 from pot
*** SUMMARY ***
Total pot $7 | Rake $0.35 
Board [4h 4c 3s]
Seat 5: ESTMULK
Seat 1: ImaPeppaPig (big blind) folded before Flop
Seat 2: takeaway man28 folded on the Flop
Seat 3: fobot21 folded before Flop (didn't bet)
Seat 4: gig.gyty (button) folded before Flop (didn't bet)
Seat 6: jujupipa27 (small blind) collected ($6.65)



PokerStars Hand #254497324886:  Hold'em No Limit ($0.50/$1.00 USD) - 2025/01/22 11:43:20 WET [2025/01/22 6:43:20 ET]
Table 'Demoulina III' 6-max Seat #6 is the button
Seat 5: ESTMULK ($0 in chips) is sitting out
Seat 1: ImaPeppaPig ($100 in chips) 
Seat 2: takeaway man28 ($302.45 in chips) 
Seat 3: fobot21 ($106.75 in chips) 
Seat 4: gig.gyty ($100 in chips) 
Seat 6: jujupipa27 ($27.73 in chips) 
ImaPeppaPig: posts small blind $0.50
takeaway man28: posts big blind $1
*** HOLE CARDS ***
ESTMULK leaves the table
fobot21: folds 
gig.gyty: raises $1.25 to $2.25
jujupipa27: folds 
Evelexy1 joins the table at seat #5 
ImaPeppaPig: folds 
takeaway man28: calls $1.25
*** FLOP *** [Tc 3s 2c]
takeaway man28: checks 
gig.gyty: bets $3.66
takeaway man28: folds 
Uncalled bet ($3.66) returned to gig.gyty
gig.gyty collected $4.75 from pot
gig.gyty: doesn't show hand 
*** SUMMARY ***
Total pot $5 | Rake $0.25 
Board [Tc 3s 2c]
Seat 5: ESTMULK
Seat 1: ImaPeppaPig (small blind) folded before Flop
Seat 2: takeaway man28 (big blind) folded on the Flop
Seat 3: fobot21 folded before Flop (didn't bet)
Seat 4: gig.gyty collected ($4.75)
Seat 6: jujupipa27 (button) folded before Flop (didn't bet)



PokerStars Hand #254497329598:  Hold'em No Limit ($0.50/$1.00 USD) - 2025/01/22 11:43:57 WET [2025/01/22 6:43:57 ET]
Table 'Demoulina III' 6-max Seat #1 is the button
Seat 5: Evelexy1 ($100 in chips) is sitting out
Seat 1: ImaPeppaPig ($100 in chips) 
Seat 2: takeaway man28 ($300.20 in chips) 
Seat 3: fobot21 ($106.75 in chips) 
Seat 4: gig.gyty ($102.50 in chips) 
Seat 6: jujupipa27 ($27.73 in chips) 
takeaway man28: posts small blind $0.50
fobot21: posts big blind $1
Evelexy1: sits out 
*** HOLE CARDS ***
gig.gyty: folds 
jujupipa27: folds 
ImaPeppaPig: folds 
takeaway man28: raises $1 to $2
fobot21: calls $1
*** FLOP *** [Js Ks 3s]
takeaway man28: bets $1.90
fobot21: folds 
Uncalled bet ($1.90) returned to takeaway man28
takeaway man28 collected $3.80 from pot
*** SUMMARY ***
Total pot $4 | Rake $0.20 
Board [Js Ks 3s]
Seat 5: Evelexy1
Seat 1: ImaPeppaPig (button) folded before Flop (didn't bet)
Seat 2: takeaway man28 (small blind) collected ($3.80)
Seat 3: fobot21 (big blind) folded on the Flop
Seat 4: gig.gyty folded before Flop (didn't bet)
Seat 6: jujupipa27 folded before Flop (didn't bet)



PokerStars Hand #254497332704:  Hold'em No Limit ($0.50/$1.00 USD) - 2025/01/22 11:44:21 WET [2025/01/22 6:44:21 ET]
Table 'Demoulina III' 6-max Seat #2 is the button
Seat 5: Evelexy1 ($100 in chips) is sitting out
Seat 1: ImaPeppaPig ($100 in chips) 
Seat 2: takeaway man28 ($302 in chips) 
Seat 3: fobot21 ($104.75 in chips) 
Seat 4: gig.gyty ($102.50 in chips) 
Seat 6: jujupipa27 ($27.73 in chips) 
fobot21: posts small blind $0.50
gig.gyty: posts big blind $1
Evelexy1: sits out 
*** HOLE CARDS ***
jujupipa27: calls $1
ImaPeppaPig: raises $3 to $4
takeaway man28: folds 
fobot21: folds 
gig.gyty: folds 
jujupipa27: raises $23.73 to $27.73 and is all-in
ImaPeppaPig: folds 
Uncalled bet ($23.73) returned to jujupipa27
jujupipa27 collected $9.50 from pot
*** SUMMARY ***
Total pot $9.50 | Rake $0 
Seat 5: Evelexy1
Seat 1: ImaPeppaPig folded before Flop
Seat 2: takeaway man28 (button) folded before Flop (didn't bet)
Seat 3: fobot21 (small blind) folded before Flop
Seat 4: gig.gyty (big blind) folded before Flop
Seat 6: jujupipa27 collected ($9.50)



PokerStars Hand #254497336939:  Hold'em No Limit ($0.50/$1.00 USD) - 2025/01/22 11:44:53 WET [2025/01/22 6:44:53 ET]
Table 'Demoulina III' 6-max Seat #3 is the button
Seat 1: ImaPeppaPig ($100 in chips) 
Seat 2: takeaway man28 ($302 in chips) 
Seat 3: fobot21 ($104.25 in chips) 
Seat 4: gig.gyty ($101.50 in chips) 
Seat 5: Evelexy1 ($100 in chips) 
Seat 6: jujupipa27 ($33.23 in chips) 
gig.gyty: posts small blind $0.50
Evelexy1: posts big blind $1
*** HOLE CARDS ***
jujupipa27: folds 
ImaPeppaPig: folds 
jujupipa27 leaves the table
takeaway man28: folds 
fobot21: folds 
gig.gyty: raises $2 to $3
Evelexy1: raises $6 to $9
gig.gyty: folds 
Uncalled bet ($6) returned to Evelexy1
Evelexy1 collected $6 from pot
Evelexy1: doesn't show hand 
*** SUMMARY ***
Total pot $6 | Rake $0 
Seat 1: ImaPeppaPig folded before Flop (didn't bet)
Seat 2: takeaway man28 folded before Flop (didn't bet)
Seat 3: fobot21 (button) folded before Flop (didn't bet)
Seat 4: gig.gyty (small blind) folded before Flop
Seat 5: Evelexy1 (big blind) collected ($6)
Seat 6: jujupipa27 folded before Flop (didn't bet)



PokerStars Hand #254497340634:  Hold'em No Limit ($0.50/$1.00 USD) - 2025/01/22 11:45:22 WET [2025/01/22 6:45:22 ET]
Table 'Demoulina III' 6-max Seat #4 is the button
Seat 1: ImaPeppaPig ($100 in chips) 
Seat 2: takeaway man28 ($302 in chips) 
Seat 3: fobot21 ($104.25 in chips) 
Seat 4: gig.gyty ($100 in chips) 
Seat 5: Evelexy1 ($103 in chips) 
Evelexy1: posts small blind $0.50
ImaPeppaPig: posts big blind $1
*** HOLE CARDS ***
takeaway man28: calls $1
fobot21: folds 
gig.gyty: folds 
Evelexy1: calls $0.50
ImaPeppaPig: checks 
*** FLOP *** [5d 2c Qs]
Evelexy1: checks 
ImaPeppaPig: checks 
takeaway man28: checks 
*** TURN *** [5d 2c Qs] [7d]
Evelexy1: checks 
ImaPeppaPig: checks 
takeaway man28: bets $1.43
Evelexy1: folds 
ImaPeppaPig: folds 
Uncalled bet ($1.43) returned to takeaway man28
takeaway man28 collected $2.85 from pot
*** SUMMARY ***
Total pot $3 | Rake $0.15 
Board [5d 2c Qs 7d]
Seat 1: ImaPeppaPig (big blind) folded on the Turn
Seat 2: takeaway man28 collected ($2.85)
Seat 3: fobot21 folded before Flop (didn't bet)
Seat 4: gig.gyty (button) folded before Flop (didn't bet)
Seat 5: Evelexy1 (small blind) folded on the Turn



PokerStars Hand #254497344991:  Hold'em No Limit ($0.50/$1.00 USD) - 2025/01/22 11:45:54 WET [2025/01/22 6:45:54 ET]
Table 'Demoulina III' 6-max Seat #5 is the button
Seat 1: ImaPeppaPig ($100 in chips) 
Seat 2: takeaway man28 ($303.85 in chips) 
Seat 3: fobot21 ($104.25 in chips) 
Seat 4: gig.gyty ($100 in chips) 
Seat 5: Evelexy1 ($102 in chips) 
ImaPeppaPig: posts small blind $0.50
takeaway man28: posts big blind $1
*** HOLE CARDS ***
fobot21: folds 
gig.gyty: folds 
Evelexy1: folds 
ImaPeppaPig: folds 
Uncalled bet ($0.50) returned to takeaway man28
takeaway man28 collected $1 from pot
*** SUMMARY ***
Total pot $1 | Rake $0 
Seat 1: ImaPeppaPig (small blind) folded before Flop
Seat 2: takeaway man28 (big blind) collected ($1)
Seat 3: fobot21 folded before Flop (didn't bet)
Seat 4: gig.gyty folded before Flop (didn't bet)
Seat 5: Evelexy1 (button) folded before Flop (didn't bet)



PokerStars Hand #254497346459:  Hold'em No Limit ($0.50/$1.00 USD) - 2025/01/22 11:46:06 WET [2025/01/22 6:46:06 ET]
Table 'Demoulina III' 6-max Seat #1 is the button
Seat 1: ImaPeppaPig ($100 in chips) 
Seat 2: takeaway man28 ($304.35 in chips) 
Seat 3: fobot21 ($104.25 in chips) 
Seat 4: gig.gyty ($100 in chips) 
Seat 5: Evelexy1 ($102 in chips) 
takeaway man28: posts small blind $0.50
fobot21: posts big blind $1
*** HOLE CARDS ***
gig.gyty: folds 
Evelexy1: folds 
ImaPeppaPig: raises $1.50 to $2.50
takeaway man28: folds 
fobot21: folds 
Uncalled bet ($1.50) returned to ImaPeppaPig
ImaPeppaPig collected $2.50 from pot
ImaPeppaPig: doesn't show hand 
*** SUMMARY ***
Total pot $2.50 | Rake $0 
Seat 1: ImaPeppaPig (button) collected ($2.50)
Seat 2: takeaway man28 (small blind) folded before Flop
Seat 3: fobot21 (big blind) folded before Flop
Seat 4: gig.gyty folded before Flop (didn't bet)
Seat 5: Evelexy1 folded before Flop (didn't bet)



PokerStars Hand #254497347984:  Hold'em No Limit ($0.50/$1.00 USD) - 2025/01/22 11:46:17 WET [2025/01/22 6:46:17 ET]
Table 'Demoulina III' 6-max Seat #2 is the button
Seat 3: fobot21 ($103.25 in chips) is sitting out
Seat 1: ImaPeppaPig ($101.50 in chips) 
Seat 2: takeaway man28 ($303.85 in chips) 
Seat 4: gig.gyty ($100 in chips) 
Seat 5: Evelexy1 ($102 in chips) 
gig.gyty: posts small blind $0.50
Evelexy1: posts big blind $1
*** HOLE CARDS ***
ImaPeppaPig: folds 
takeaway man28: folds 
gig.gyty: folds 
Uncalled bet ($0.50) returned to Evelexy1
Evelexy1 collected $1 from pot
Evelexy1: doesn't show hand 
*** SUMMARY ***
Total pot $1 | Rake $0 
Seat 3: fobot21
Seat 1: ImaPeppaPig folded before Flop (didn't bet)
Seat 2: takeaway man28 (button) folded before Flop (didn't bet)
Seat 4: gig.gyty (small blind) folded before Flop
Seat 5: Evelexy1 (big blind) collected ($1)



PokerStars Hand #254497349042:  Hold'em No Limit ($0.50/$1.00 USD) - 2025/01/22 11:46:25 WET [2025/01/22 6:46:25 ET]
Table 'Demoulina III' 6-max Seat #4 is the button
Seat 3: fobot21 ($103.25 in chips) is sitting out
Seat 1: ImaPeppaPig ($101.50 in chips) 
Seat 2: takeaway man28 ($303.85 in chips) 
Seat 4: gig.gyty ($100 in chips) 
Seat 5: Evelexy1 ($102.50 in chips) 
Evelexy1: posts small blind $0.50
ImaPeppaPig: posts big blind $1
fobot21: sits out 
*** HOLE CARDS ***
takeaway man28: folds 
gig.gyty: folds 
Evelexy1: raises $1.50 to $2.50
ImaPeppaPig: folds 
Uncalled bet ($1.50) returned to Evelexy1
Evelexy1 collected $2 from pot
Evelexy1: doesn't show hand 
*** SUMMARY ***
Total pot $2 | Rake $0 
Seat 3: fobot21
Seat 1: ImaPeppaPig (big blind) folded before Flop
Seat 2: takeaway man28 folded before Flop (didn't bet)
Seat 4: gig.gyty (button) folded before Flop (didn't bet)
Seat 5: Evelexy1 (small blind) collected ($2)



PokerStars Hand #254497351686:  Hold'em No Limit ($0.50/$1.00 USD) - 2025/01/22 11:46:46 WET [2025/01/22 6:46:46 ET]
Table 'Demoulina III' 6-max Seat #5 is the button
Seat 3: fobot21 ($103.25 in chips) is sitting out
Seat 1: ImaPeppaPig ($100.50 in chips) 
Seat 2: takeaway man28 ($303.85 in chips) 
Seat 4: gig.gyty ($100 in chips) 
Seat 5: Evelexy1 ($103.50 in chips) 
ImaPeppaPig: posts small blind $0.50
takeaway man28: posts big blind $1
fobot21: sits out 
*** HOLE CARDS ***
elcutez joins the table at seat #6 
elcutez is disconnected 
gig.gyty: folds 
Evelexy1: folds 
ImaPeppaPig: folds 
Uncalled bet ($0.50) returned to takeaway man28
takeaway man28 collected $1 from pot
*** SUMMARY ***
Total pot $1 | Rake $0 
Seat 3: fobot21
Seat 1: ImaPeppaPig (small blind) folded before Flop
Seat 2: takeaway man28 (big blind) collected ($1)
Seat 4: gig.gyty folded before Flop (didn't bet)
Seat 5: Evelexy1 (button) folded before Flop (didn't bet)



PokerStars Hand #254497353461:  Hold'em No Limit ($0.50/$1.00 USD) - 2025/01/22 11:46:59 WET [2025/01/22 6:46:59 ET]
Table 'Demoulina III' 6-max Seat #1 is the button
Seat 1: ImaPeppaPig ($100 in chips) 
Seat 2: takeaway man28 ($304.35 in chips) 
Seat 3: fobot21 ($103.25 in chips) 
Seat 4: gig.gyty ($100 in chips) 
Seat 5: Evelexy1 ($103.50 in chips) 
Seat 6: elcutez ($100 in chips) 
takeaway man28: posts small blind $0.50
fobot21: posts big blind $1
elcutez: posts big blind $1
*** HOLE CARDS ***
gig.gyty: folds 
Evelexy1: folds 
elcutez: checks 
ImaPeppaPig: raises $3 to $4
takeaway man28: calls $3.50
fobot21: folds 
elcutez: folds 
*** FLOP *** [4d 4h 6h]
takeaway man28: bets $4.75
ImaPeppaPig: calls $4.75
*** TURN *** [4d 4h 6h] [Th]
takeaway man28: checks 
ImaPeppaPig: bets $6
takeaway man28: folds 
Uncalled bet ($6) returned to ImaPeppaPig
ImaPeppaPig collected $18.52 from pot
ImaPeppaPig: doesn't show hand 
*** SUMMARY ***
Total pot $19.50 | Rake $0.98 
Board [4d 4h 6h Th]
Seat 1: ImaPeppaPig (button) collected ($18.52)
Seat 2: takeaway man28 (small blind) folded on the Turn
Seat 3: fobot21 (big blind) folded before Flop
Seat 4: gig.gyty folded before Flop (didn't bet)
Seat 5: Evelexy1 folded before Flop (didn't bet)
Seat 6: elcutez folded before Flop (didn't bet)



PokerStars Hand #254497360720:  Hold'em No Limit ($0.50/$1.00 USD) - 2025/01/22 11:47:55 WET [2025/01/22 6:47:55 ET]
Table 'Demoulina III' 6-max Seat #2 is the button
Seat 4: gig.gyty ($100 in chips) is sitting out
Seat 1: ImaPeppaPig ($109.77 in chips) 
Seat 2: takeaway man28 ($295.60 in chips) 
Seat 3: fobot21 ($102.25 in chips) 
Seat 5: Evelexy1 ($103.50 in chips) 
Seat 6: elcutez ($99 in chips) 
fobot21: posts small blind $0.50
gig.gyty: is sitting out 
Evelexy1: posts big blind $1
*** HOLE CARDS ***
elcutez: folds 
ImaPeppaPig: folds 
takeaway man28: raises $2 to $3
fobot21: folds 
gig.gyty leaves the table
Evelexy1: calls $2
*** FLOP *** [8d 2h 4c]
Evelexy1: checks 
takeaway man28: bets $3.09
Evelexy1: folds 
Uncalled bet ($3.09) returned to takeaway man28
takeaway man28 collected $6.18 from pot
*** SUMMARY ***
Total pot $6.50 | Rake $0.32 
Board [8d 2h 4c]
Seat 4: gig.gyty
Seat 1: ImaPeppaPig folded before Flop (didn't bet)
Seat 2: takeaway man28 (button) collected ($6.18)
Seat 3: fobot21 (small blind) folded before Flop
Seat 5: Evelexy1 (big blind) folded on the Flop
Seat 6: elcutez folded before Flop (didn't bet)



PokerStars Hand #254497363575:  Hold'em No Limit ($0.50/$1.00 USD) - 2025/01/22 11:48:16 WET [2025/01/22 6:48:16 ET]
Table 'Demoulina III' 6-max Seat #3 is the button
Seat 1: ImaPeppaPig ($109.77 in chips) 
Seat 2: takeaway man28 ($298.78 in chips) 
Seat 3: fobot21 ($101.75 in chips) 
Seat 5: Evelexy1 ($100.50 in chips) 
Seat 6: elcutez ($99 in chips) 
Evelexy1: posts small blind $0.50
elcutez: posts big blind $1
*** HOLE CARDS ***
ImaPeppaPig: folds 
takeaway man28: raises $1 to $2
fobot21: folds 
Evelexy1: folds 
elcutez: folds 
Uncalled bet ($1) returned to takeaway man28
takeaway man28 collected $2.50 from pot
*** SUMMARY ***
Total pot $2.50 | Rake $0 
Seat 1: ImaPeppaPig folded before Flop (didn't bet)
Seat 2: takeaway man28 collected ($2.50)
Seat 3: fobot21 (button) folded before Flop (didn't bet)
Seat 5: Evelexy1 (small blind) folded before Flop
Seat 6: elcutez (big blind) folded before Flop



PokerStars Hand #254497366024:  Hold'em No Limit ($0.50/$1.00 USD) - 2025/01/22 11:48:35 WET [2025/01/22 6:48:35 ET]
Table 'Demoulina III' 6-max Seat #5 is the button
Seat 1: ImaPeppaPig ($109.77 in chips) 
Seat 2: takeaway man28 ($300.28 in chips) 
Seat 3: fobot21 ($101.75 in chips) 
Seat 5: Evelexy1 ($100 in chips) 
Seat 6: elcutez ($98 in chips) 
elcutez: posts small blind $0.50
ImaPeppaPig: posts big blind $1
*** HOLE CARDS ***
takeaway man28: folds 
fobot21: folds 
Evelexy1: folds 
elcutez: raises $3 to $4
ImaPeppaPig: folds 
Uncalled bet ($3) returned to elcutez
elcutez collected $2 from pot
chenconhaste joins the table at seat #4 
*** SUMMARY ***
Total pot $2 | Rake $0 
Seat 1: ImaPeppaPig (big blind) folded before Flop
Seat 2: takeaway man28 folded before Flop (didn't bet)
Seat 3: fobot21 folded before Flop (didn't bet)
Seat 5: Evelexy1 (button) folded before Flop (didn't bet)
Seat 6: elcutez (small blind) collected ($2)



PokerStars Hand #254497368741:  Hold'em No Limit ($0.50/$1.00 USD) - 2025/01/22 11:48:56 WET [2025/01/22 6:48:56 ET]
Table 'Demoulina III' 6-max Seat #6 is the button
Seat 4: chenconhaste ($100 in chips) is sitting out
Seat 1: ImaPeppaPig ($108.77 in chips) 
Seat 2: takeaway man28 ($300.28 in chips) 
Seat 3: fobot21 ($101.75 in chips) 
Seat 5: Evelexy1 ($100 in chips) 
Seat 6: elcutez ($99 in chips) 
ImaPeppaPig: posts small blind $0.50
takeaway man28: posts big blind $1
chenconhaste: sits out 
*** HOLE CARDS ***
fobot21: folds 
Evelexy1: folds 
elcutez: folds 
ImaPeppaPig: raises $2 to $3
takeaway man28: calls $2
*** FLOP *** [8h 3h 8s]
ImaPeppaPig: checks 
takeaway man28: checks 
*** TURN *** [8h 3h 8s] [2s]
ImaPeppaPig: bets $3
takeaway man28: calls $3
*** RIVER *** [8h 3h 8s 2s] [Td]
ImaPeppaPig: checks 
takeaway man28: checks 
*** SHOW DOWN ***
ImaPeppaPig: shows [7h Kh] (a pair of Eights)
takeaway man28: shows [5d 5s] (two pair, Eights and Fives)
takeaway man28 collected $11.40 from pot
*** SUMMARY ***
Total pot $12 | Rake $0.60 
Board [8h 3h 8s 2s Td]
Seat 4: chenconhaste
Seat 1: ImaPeppaPig (small blind) showed [7h Kh] and lost with a pair of Eights
Seat 2: takeaway man28 (big blind) showed [5d 5s] and won ($11.40) with two pair, Eights and Fives
Seat 3: fobot21 folded before Flop (didn't bet)
Seat 5: Evelexy1 folded before Flop (didn't bet)
Seat 6: elcutez (button) folded before Flop (didn't bet)



PokerStars Hand #254497373238:  Hold'em No Limit ($0.50/$1.00 USD) - 2025/01/22 11:49:29 WET [2025/01/22 6:49:29 ET]
Table 'Demoulina III' 6-max Seat #1 is the button
Seat 4: chenconhaste ($100 in chips) is sitting out
Seat 1: ImaPeppaPig ($102.77 in chips) 
Seat 2: takeaway man28 ($305.68 in chips) 
Seat 3: fobot21 ($101.75 in chips) 
Seat 5: Evelexy1 ($100 in chips) 
Seat 6: elcutez ($99 in chips) 
takeaway man28: posts small blind $0.50
fobot21: posts big blind $1
chenconhaste: sits out 
*** HOLE CARDS ***
Evelexy1: folds 
elcutez: raises $2.50 to $3.50
ImaPeppaPig: folds 
takeaway man28: calls $3
fobot21: folds 
*** FLOP *** [Kc Jh 6h]
takeaway man28: checks 
elcutez: bets $6.40
takeaway man28: calls $6.40
*** TURN *** [Kc Jh 6h] [3s]
takeaway man28: checks 
elcutez: bets $21
takeaway man28: folds 
Uncalled bet ($21) returned to elcutez
elcutez collected $19.76 from pot
*** SUMMARY ***
Total pot $20.80 | Rake $1.04 
Board [Kc Jh 6h 3s]
Seat 4: chenconhaste
Seat 1: ImaPeppaPig (button) folded before Flop (didn't bet)
Seat 2: takeaway man28 (small blind) folded on the Turn
Seat 3: fobot21 (big blind) folded before Flop
Seat 5: Evelexy1 folded before Flop (didn't bet)
Seat 6: elcutez collected ($19.76)



PokerStars Hand #254497378204:  Hold'em No Limit ($0.50/$1.00 USD) - 2025/01/22 11:50:07 WET [2025/01/22 6:50:07 ET]
Table 'Demoulina III' 6-max Seat #2 is the button
Seat 6: elcutez ($108.86 in chips) is sitting out
Seat 1: ImaPeppaPig ($102.77 in chips) 
Seat 2: takeaway man28 ($295.78 in chips) 
Seat 3: fobot21 ($100.75 in chips) 
Seat 4: chenconhaste ($100 in chips) 
Seat 5: Evelexy1 ($100 in chips) 
fobot21: posts small blind $0.50
chenconhaste: posts big blind $1
*** HOLE CARDS ***
Evelexy1: raises $1 to $2
ImaPeppaPig: folds 
takeaway man28: folds 
fobot21: folds 
chenconhaste: folds 
Uncalled bet ($1) returned to Evelexy1
Evelexy1 collected $2.50 from pot
Evelexy1: doesn't show hand 
*** SUMMARY ***
Total pot $2.50 | Rake $0 
Seat 6: elcutez
Seat 1: ImaPeppaPig folded before Flop (didn't bet)
Seat 2: takeaway man28 (button) folded before Flop (didn't bet)
Seat 3: fobot21 (small blind) folded before Flop
Seat 4: chenconhaste (big blind) folded before Flop
Seat 5: Evelexy1 collected ($2.50)



PokerStars Hand #254497381972:  Hold'em No Limit ($0.50/$1.00 USD) - 2025/01/22 11:50:36 WET [2025/01/22 6:50:36 ET]
Table 'Demoulina III' 6-max Seat #3 is the button
Seat 6: elcutez ($108.86 in chips) is sitting out
Seat 1: ImaPeppaPig ($102.77 in chips) 
Seat 2: takeaway man28 ($295.78 in chips) 
Seat 3: fobot21 ($100.25 in chips) 
Seat 4: chenconhaste ($100 in chips) 
Seat 5: Evelexy1 ($101.50 in chips) 
chenconhaste: posts small blind $0.50
Evelexy1: posts big blind $1
*** HOLE CARDS ***
ImaPeppaPig: folds 
takeaway man28: folds 
elcutez is disconnected 
fobot21: folds 
chenconhaste: folds 
Uncalled bet ($0.50) returned to Evelexy1
Evelexy1 collected $1 from pot
Evelexy1: doesn't show hand 
*** SUMMARY ***
Total pot $1 | Rake $0 
Seat 6: elcutez
Seat 1: ImaPeppaPig folded before Flop (didn't bet)
Seat 2: takeaway man28 folded before Flop (didn't bet)
Seat 3: fobot21 (button) folded before Flop (didn't bet)
Seat 4: chenconhaste (small blind) folded before Flop
Seat 5: Evelexy1 (big blind) collected ($1)



PokerStars Hand #254497383966:  Hold'em No Limit ($0.50/$1.00 USD) - 2025/01/22 11:50:52 WET [2025/01/22 6:50:52 ET]
Table 'Demoulina III' 6-max Seat #4 is the button
Seat 6: elcutez ($108.86 in chips) is sitting out
Seat 1: ImaPeppaPig ($102.77 in chips) 
Seat 2: takeaway man28 ($295.78 in chips) 
Seat 3: fobot21 ($100.25 in chips) 
Seat 4: chenconhaste ($100 in chips) 
Seat 5: Evelexy1 ($102 in chips) 
Evelexy1: posts small blind $0.50
ImaPeppaPig: posts big blind $1
*** HOLE CARDS ***
takeaway man28: folds 
fobot21: raises $1.50 to $2.50
chenconhaste: folds 
Evelexy1: folds 
ImaPeppaPig: folds 
Uncalled bet ($1.50) returned to fobot21
fobot21 collected $2.50 from pot
fobot21: doesn't show hand 
*** SUMMARY ***
Total pot $2.50 | Rake $0 
Seat 6: elcutez
Seat 1: ImaPeppaPig (big blind) folded before Flop
Seat 2: takeaway man28 folded before Flop (didn't bet)
Seat 3: fobot21 collected ($2.50)
Seat 4: chenconhaste (button) folded before Flop (didn't bet)
Seat 5: Evelexy1 (small blind) folded before Flop



PokerStars Hand #254497386153:  Hold'em No Limit ($0.50/$1.00 USD) - 2025/01/22 11:51:08 WET [2025/01/22 6:51:08 ET]
Table 'Demoulina III' 6-max Seat #5 is the button
Seat 6: elcutez ($108.86 in chips) is sitting out
Seat 1: ImaPeppaPig ($101.77 in chips) 
Seat 2: takeaway man28 ($295.78 in chips) 
Seat 3: fobot21 ($101.75 in chips) 
Seat 4: chenconhaste ($100 in chips) 
Seat 5: Evelexy1 ($101.50 in chips) 
ImaPeppaPig: posts small blind $0.50
takeaway man28: posts big blind $1
*** HOLE CARDS ***
fobot21: folds 
chenconhaste: folds 
Evelexy1: raises $1.50 to $2.50
ImaPeppaPig: raises $8.50 to $11
takeaway man28: folds 
Evelexy1: calls $8.50
*** FLOP *** [7d 4c Qc]
ImaPeppaPig: checks 
Evelexy1: checks 
*** TURN *** [7d 4c Qc] [8s]
ImaPeppaPig: checks 
Evelexy1: checks 
*** RIVER *** [7d 4c Qc 8s] [Tc]
ImaPeppaPig: checks 
Evelexy1: checks 
*** SHOW DOWN ***
ImaPeppaPig: shows [Th Ah] (a pair of Tens)
Evelexy1: mucks hand 
ImaPeppaPig collected $21.85 from pot
*** SUMMARY ***
Total pot $23 | Rake $1.15 
Board [7d 4c Qc 8s Tc]
Seat 6: elcutez
Seat 1: ImaPeppaPig (small blind) showed [Th Ah] and won ($21.85) with a pair of Tens
Seat 2: takeaway man28 (big blind) folded before Flop
Seat 3: fobot21 folded before Flop (didn't bet)
Seat 4: chenconhaste folded before Flop (didn't bet)
Seat 5: Evelexy1 (button) mucked



PokerStars Hand #254497389890:  Hold'em No Limit ($0.50/$1.00 USD) - 2025/01/22 11:51:37 WET [2025/01/22 6:51:37 ET]
Table 'Demoulina III' 6-max Seat #1 is the button
Seat 6: elcutez ($108.86 in chips) is sitting out
Seat 1: ImaPeppaPig ($112.62 in chips) 
Seat 2: takeaway man28 ($294.78 in chips) 
Seat 3: fobot21 ($101.75 in chips) 
Seat 4: chenconhaste ($100 in chips) 
Seat 5: Evelexy1 ($100 in chips) 
takeaway man28: posts small blind $0.50
fobot21: posts big blind $1
*** HOLE CARDS ***
chenconhaste: folds 
Evelexy1: folds 
ImaPeppaPig: raises $1.50 to $2.50
takeaway man28: calls $2
fobot21: folds 
*** FLOP *** [Qd Kc Td]
takeaway man28: checks 
ImaPeppaPig: checks 
*** TURN *** [Qd Kc Td] [7c]
takeaway man28: bets $2.85
Evelexy1 leaves the table
ImaPeppaPig: folds 
Uncalled bet ($2.85) returned to takeaway man28
takeaway man28 collected $5.70 from pot
*** SUMMARY ***
Total pot $6 | Rake $0.30 
Board [Qd Kc Td 7c]
Seat 6: elcutez
Seat 1: ImaPeppaPig (button) folded on the Turn
Seat 2: takeaway man28 (small blind) collected ($5.70)
Seat 3: fobot21 (big blind) folded before Flop
Seat 4: chenconhaste folded before Flop (didn't bet)
Seat 5: Evelexy1 folded before Flop (didn't bet)



PokerStars Hand #254497394553:  Hold'em No Limit ($0.50/$1.00 USD) - 2025/01/22 11:52:13 WET [2025/01/22 6:52:13 ET]
Table 'Demoulina III' 6-max Seat #2 is the button
Seat 6: elcutez ($108.86 in chips) is sitting out
Seat 1: ImaPeppaPig ($110.12 in chips) 
Seat 2: takeaway man28 ($297.98 in chips) 
Seat 3: fobot21 ($100.75 in chips) 
Seat 4: chenconhaste ($100 in chips) 
fobot21: posts small blind $0.50
chenconhaste: posts big blind $1
*** HOLE CARDS ***
ImaPeppaPig: folds 
takeaway man28: folds 
fobot21: folds 
Uncalled bet ($0.50) returned to chenconhaste
chenconhaste collected $1 from pot
*** SUMMARY ***
Total pot $1 | Rake $0 
Seat 6: elcutez
Seat 1: ImaPeppaPig folded before Flop (didn't bet)
Seat 2: takeaway man28 (button) folded before Flop (didn't bet)
Seat 3: fobot21 (small blind) folded before Flop
Seat 4: chenconhaste (big blind) collected ($1)



PokerStars Hand #254497395658:  Hold'em No Limit ($0.50/$1.00 USD) - 2025/01/22 11:52:22 WET [2025/01/22 6:52:22 ET]
Table 'Demoulina III' 6-max Seat #3 is the button
Seat 6: elcutez ($108.86 in chips) is sitting out
Seat 1: ImaPeppaPig ($110.12 in chips) 
Seat 2: takeaway man28 ($297.98 in chips) 
Seat 3: fobot21 ($100.25 in chips) 
Seat 4: chenconhaste ($100.50 in chips) 
chenconhaste: posts small blind $0.50
ImaPeppaPig: posts big blind $1
*** HOLE CARDS ***
Evelexy1 joins the table at seat #5 
takeaway man28: folds 
fobot21: folds 
chenconhaste: raises $2 to $3
ImaPeppaPig: folds 
Uncalled bet ($2) returned to chenconhaste
chenconhaste collected $2 from pot
*** SUMMARY ***
Total pot $2 | Rake $0 
Seat 6: elcutez
Seat 1: ImaPeppaPig (big blind) folded before Flop
Seat 2: takeaway man28 folded before Flop (didn't bet)
Seat 3: fobot21 (button) folded before Flop (didn't bet)
Seat 4: chenconhaste (small blind) collected ($2)



PokerStars Hand #254497397516:  Hold'em No Limit ($0.50/$1.00 USD) - 2025/01/22 11:52:36 WET [2025/01/22 6:52:36 ET]
Table 'Demoulina III' 6-max Seat #4 is the button
Seat 5: Evelexy1 ($100 in chips) is sitting out
Seat 6: elcutez ($108.86 in chips) is sitting out
Seat 1: ImaPeppaPig ($109.12 in chips) 
Seat 2: takeaway man28 ($297.98 in chips) 
Seat 3: fobot21 ($100.25 in chips) 
Seat 4: chenconhaste ($101.50 in chips) 
ImaPeppaPig: posts small blind $0.50
takeaway man28: posts big blind $1
*** HOLE CARDS ***
fobot21: folds 
chenconhaste: folds 
ImaPeppaPig: raises $2 to $3
takeaway man28: folds 
Uncalled bet ($2) returned to ImaPeppaPig
ImaPeppaPig collected $2 from pot
ImaPeppaPig: doesn't show hand 
*** SUMMARY ***
Total pot $2 | Rake $0 
Seat 5: Evelexy1
Seat 6: elcutez
Seat 1: ImaPeppaPig (small blind) collected ($2)
Seat 2: takeaway man28 (big blind) folded before Flop
Seat 3: fobot21 folded before Flop (didn't bet)
Seat 4: chenconhaste (button) folded before Flop (didn't bet)



PokerStars Hand #254497399193:  Hold'em No Limit ($0.50/$1.00 USD) - 2025/01/22 11:52:49 WET [2025/01/22 6:52:49 ET]
Table 'Demoulina III' 6-max Seat #1 is the button
Seat 5: Evelexy1 ($100 in chips) is sitting out
Seat 1: ImaPeppaPig ($110.12 in chips) 
Seat 2: takeaway man28 ($296.98 in chips) 
Seat 3: fobot21 ($100.25 in chips) 
Seat 4: chenconhaste ($101.50 in chips) 
Seat 6: elcutez ($108.86 in chips) 
takeaway man28: posts small blind $0.50
fobot21: posts big blind $1
Evelexy1: sits out 
elcutez: posts small & big blinds $1.50
*** HOLE CARDS ***
chenconhaste: raises $3 to $4
elcutez: folds 
ImaPeppaPig: folds 
takeaway man28: folds 
fobot21: folds 
Uncalled bet ($3) returned to chenconhaste
chenconhaste collected $4 from pot
*** SUMMARY ***
Total pot $4 | Rake $0 
Seat 5: Evelexy1
Seat 1: ImaPeppaPig (button) folded before Flop (didn't bet)
Seat 2: takeaway man28 (small blind) folded before Flop
Seat 3: fobot21 (big blind) folded before Flop
Seat 4: chenconhaste collected ($4)
Seat 6: elcutez folded before Flop (didn't bet)



PokerStars Hand #254497400713:  Hold'em No Limit ($0.50/$1.00 USD) - 2025/01/22 11:53:01 WET [2025/01/22 6:53:01 ET]
Table 'Demoulina III' 6-max Seat #2 is the button
Seat 5: Evelexy1 ($100 in chips) is sitting out
Seat 1: ImaPeppaPig ($110.12 in chips) 
Seat 2: takeaway man28 ($296.48 in chips) 
Seat 3: fobot21 ($100 in chips) 
Seat 4: chenconhaste ($104.50 in chips) 
Seat 6: elcutez ($107.36 in chips) 
fobot21: posts small blind $0.50
chenconhaste: posts big blind $1
Evelexy1: sits out 
*** HOLE CARDS ***
elcutez: raises $2 to $3
ImaPeppaPig: folds 
takeaway man28: calls $3
fobot21: folds 
chenconhaste: folds 
*** FLOP *** [9c 5s 4c]
elcutez: checks 
takeaway man28: bets $3.56
elcutez: folds 
Uncalled bet ($3.56) returned to takeaway man28
takeaway man28 collected $7.12 from pot
*** SUMMARY ***
Total pot $7.50 | Rake $0.38 
Board [9c 5s 4c]
Seat 5: Evelexy1
Seat 1: ImaPeppaPig folded before Flop (didn't bet)
Seat 2: takeaway man28 (button) collected ($7.12)
Seat 3: fobot21 (small blind) folded before Flop
Seat 4: chenconhaste (big blind) folded before Flop
Seat 6: elcutez folded on the Flop



PokerStars Hand #254497404063:  Hold'em No Limit ($0.50/$1.00 USD) - 2025/01/22 11:53:27 WET [2025/01/22 6:53:27 ET]
Table 'Demoulina III' 6-max Seat #3 is the button
Seat 1: ImaPeppaPig ($110.12 in chips) 
Seat 2: takeaway man28 ($300.60 in chips) 
Seat 3: fobot21 ($100 in chips) 
Seat 4: chenconhaste ($103.50 in chips) 
Seat 5: Evelexy1 ($100 in chips) 
Seat 6: elcutez ($104.36 in chips) 
chenconhaste: posts small blind $0.50
Evelexy1: posts big blind $1
*** HOLE CARDS ***
elcutez: folds 
ImaPeppaPig: folds 
takeaway man28: folds 
fobot21: folds 
chenconhaste: folds 
Uncalled bet ($0.50) returned to Evelexy1
Evelexy1 collected $1 from pot
Evelexy1: doesn't show hand 
*** SUMMARY ***
Total pot $1 | Rake $0 
Seat 1: ImaPeppaPig folded before Flop (didn't bet)
Seat 2: takeaway man28 folded before Flop (didn't bet)
Seat 3: fobot21 (button) folded before Flop (didn't bet)
Seat 4: chenconhaste (small blind) folded before Flop
Seat 5: Evelexy1 (big blind) collected ($1)
Seat 6: elcutez folded before Flop (didn't bet)



PokerStars Hand #254497406306:  Hold'em No Limit ($0.50/$1.00 USD) - 2025/01/22 11:53:44 WET [2025/01/22 6:53:44 ET]
Table 'Demoulina III' 6-max Seat #4 is the button
Seat 1: ImaPeppaPig ($110.12 in chips) 
Seat 2: takeaway man28 ($300.60 in chips) 
Seat 3: fobot21 ($100 in chips) 
Seat 4: chenconhaste ($103 in chips) 
Seat 5: Evelexy1 ($100.50 in chips) 
Seat 6: elcutez ($104.36 in chips) 
Evelexy1: posts small blind $0.50
elcutez: posts big blind $1
*** HOLE CARDS ***
ImaPeppaPig: folds 
takeaway man28: calls $1
fobot21: raises $2.50 to $3.50
chenconhaste: folds 
Evelexy1: folds 
elcutez: calls $2.50
takeaway man28: calls $2.50
*** FLOP *** [4h 8s Ad]
elcutez: checks 
takeaway man28: checks 
fobot21: checks 
*** TURN *** [4h 8s Ad] [Qd]
elcutez: bets $10.45
takeaway man28: folds 
fobot21: calls $10.45
*** RIVER *** [4h 8s Ad Qd] [Ac]
elcutez: bets $30.30
fobot21: folds 
Uncalled bet ($30.30) returned to elcutez
elcutez collected $30.30 from pot
*** SUMMARY ***
Total pot $31.90 | Rake $1.60 
Board [4h 8s Ad Qd Ac]
Seat 1: ImaPeppaPig folded before Flop (didn't bet)
Seat 2: takeaway man28 folded on the Turn
Seat 3: fobot21 folded on the River
Seat 4: chenconhaste (button) folded before Flop (didn't bet)
Seat 5: Evelexy1 (small blind) folded before Flop
Seat 6: elcutez (big blind) collected ($30.30)



PokerStars Hand #254497413640:  Hold'em No Limit ($0.50/$1.00 USD) - 2025/01/22 11:54:41 WET [2025/01/22 6:54:41 ET]
Table 'Demoulina III' 6-max Seat #5 is the button
Seat 1: ImaPeppaPig ($110.12 in chips) 
Seat 2: takeaway man28 ($297.10 in chips) 
Seat 3: fobot21 ($100 in chips) 
Seat 4: chenconhaste ($103 in chips) 
Seat 5: Evelexy1 ($100 in chips) 
Seat 6: elcutez ($120.71 in chips) 
elcutez: posts small blind $0.50
ImaPeppaPig: posts big blind $1
*** HOLE CARDS ***
takeaway man28: calls $1
fobot21: folds 
chenconhaste: folds 
Evelexy1: folds 
elcutez: folds 
ImaPeppaPig: checks 
*** FLOP *** [5d 3h 5s]
ImaPeppaPig: checks 
takeaway man28: bets $1.19
ImaPeppaPig: folds 
Uncalled bet ($1.19) returned to takeaway man28
takeaway man28 collected $2.38 from pot
*** SUMMARY ***
Total pot $2.50 | Rake $0.12 
Board [5d 3h 5s]
Seat 1: ImaPeppaPig (big blind) folded on the Flop
Seat 2: takeaway man28 collected ($2.38)
Seat 3: fobot21 folded before Flop (didn't bet)
Seat 4: chenconhaste folded before Flop (didn't bet)
Seat 5: Evelexy1 (button) folded before Flop (didn't bet)
Seat 6: elcutez (small blind) folded before Flop



PokerStars Hand #254497416123:  Hold'em No Limit ($0.50/$1.00 USD) - 2025/01/22 11:55:00 WET [2025/01/22 6:55:00 ET]
Table 'Demoulina III' 6-max Seat #6 is the button
Seat 1: ImaPeppaPig ($109.12 in chips) 
Seat 2: takeaway man28 ($298.48 in chips) 
Seat 3: fobot21 ($100 in chips) 
Seat 4: chenconhaste ($103 in chips) 
Seat 5: Evelexy1 ($100 in chips) 
Seat 6: elcutez ($120.21 in chips) 
ImaPeppaPig: posts small blind $0.50
takeaway man28: posts big blind $1
*** HOLE CARDS ***
fobot21: folds 
chenconhaste: raises $4 to $5
Evelexy1: folds 
elcutez: folds 
ImaPeppaPig: folds 
takeaway man28: folds 
Uncalled bet ($4) returned to chenconhaste
chenconhaste collected $2.50 from pot
*** SUMMARY ***
Total pot $2.50 | Rake $0 
Seat 1: ImaPeppaPig (small blind) folded before Flop
Seat 2: takeaway man28 (big blind) folded before Flop
Seat 3: fobot21 folded before Flop (didn't bet)
Seat 4: chenconhaste collected ($2.50)
Seat 5: Evelexy1 folded before Flop (didn't bet)
Seat 6: elcutez (button) folded before Flop (didn't bet)



PokerStars Hand #254497417998:  Hold'em No Limit ($0.50/$1.00 USD) - 2025/01/22 11:55:15 WET [2025/01/22 6:55:15 ET]
Table 'Demoulina III' 6-max Seat #1 is the button
Seat 1: ImaPeppaPig ($108.62 in chips) 
Seat 2: takeaway man28 ($297.48 in chips) 
Seat 3: fobot21 ($100 in chips) 
Seat 4: chenconhaste ($104.50 in chips) 
Seat 5: Evelexy1 ($100 in chips) 
Seat 6: elcutez ($120.21 in chips) 
takeaway man28: posts small blind $0.50
fobot21: posts big blind $1
*** HOLE CARDS ***
chenconhaste: raises $1.50 to $2.50
Evelexy1: folds 
elcutez: folds 
ImaPeppaPig: folds 
takeaway man28: folds 
fobot21: folds 
Uncalled bet ($1.50) returned to chenconhaste
chenconhaste collected $2.50 from pot
*** SUMMARY ***
Total pot $2.50 | Rake $0 
Seat 1: ImaPeppaPig (button) folded before Flop (didn't bet)
Seat 2: takeaway man28 (small blind) folded before Flop
Seat 3: fobot21 (big blind) folded before Flop
Seat 4: chenconhaste collected ($2.50)
Seat 5: Evelexy1 folded before Flop (didn't bet)
Seat 6: elcutez folded before Flop (didn't bet)



PokerStars Hand #254497419562:  Hold'em No Limit ($0.50/$1.00 USD) - 2025/01/22 11:55:30 WET [2025/01/22 6:55:30 ET]
Table 'Demoulina III' 6-max Seat #2 is the button
Seat 1: ImaPeppaPig ($108.62 in chips) 
Seat 2: takeaway man28 ($296.98 in chips) 
Seat 3: fobot21 ($100 in chips) 
Seat 4: chenconhaste ($106 in chips) 
Seat 5: Evelexy1 ($100 in chips) 
Seat 6: elcutez ($120.21 in chips) 
fobot21: posts small blind $0.50
chenconhaste: posts big blind $1
*** HOLE CARDS ***
Evelexy1: folds 
elcutez: folds 
ImaPeppaPig: raises $1.50 to $2.50
takeaway man28: calls $2.50
fobot21: folds 
chenconhaste: folds 
*** FLOP *** [2c 9h 8s]
ImaPeppaPig: checks 
takeaway man28: bets $3.09
ImaPeppaPig: calls $3.09
*** TURN *** [2c 9h 8s] [Ts]
ImaPeppaPig: checks 
takeaway man28: checks 
*** RIVER *** [2c 9h 8s Ts] [7d]
ImaPeppaPig: checks 
takeaway man28: checks 
*** SHOW DOWN ***
ImaPeppaPig: shows [8d Kd] (a pair of Eights)
takeaway man28: mucks hand 
ImaPeppaPig collected $12.05 from pot
*** SUMMARY ***
Total pot $12.68 | Rake $0.63 
Board [2c 9h 8s Ts 7d]
Seat 1: ImaPeppaPig showed [8d Kd] and won ($12.05) with a pair of Eights
Seat 2: takeaway man28 (button) mucked
Seat 3: fobot21 (small blind) folded before Flop
Seat 4: chenconhaste (big blind) folded before Flop
Seat 5: Evelexy1 folded before Flop (didn't bet)
Seat 6: elcutez folded before Flop (didn't bet)



PokerStars Hand #254497423684:  Hold'em No Limit ($0.50/$1.00 USD) - 2025/01/22 11:56:09 WET [2025/01/22 6:56:09 ET]
Table 'Demoulina III' 6-max Seat #3 is the button
Seat 1: ImaPeppaPig ($115.08 in chips) 
Seat 2: takeaway man28 ($291.39 in chips) 
Seat 3: fobot21 ($100 in chips) 
Seat 4: chenconhaste ($105 in chips) 
Seat 5: Evelexy1 ($100 in chips) 
Seat 6: elcutez ($120.21 in chips) 
chenconhaste: posts small blind $0.50
Evelexy1: posts big blind $1
*** HOLE CARDS ***
elcutez: folds 
ImaPeppaPig: raises $1.50 to $2.50
takeaway man28: folds 
fobot21: raises $5 to $7.50
chenconhaste: folds 
Evelexy1: folds 
ImaPeppaPig: folds 
Uncalled bet ($5) returned to fobot21
fobot21 collected $6.50 from pot
fobot21: doesn't show hand 
*** SUMMARY ***
Total pot $6.50 | Rake $0 
Seat 1: ImaPeppaPig folded before Flop
Seat 2: takeaway man28 folded before Flop (didn't bet)
Seat 3: fobot21 (button) collected ($6.50)
Seat 4: chenconhaste (small blind) folded before Flop
Seat 5: Evelexy1 (big blind) folded before Flop
Seat 6: elcutez folded before Flop (didn't bet)



PokerStars Hand #254497425286:  Hold'em No Limit ($0.50/$1.00 USD) - 2025/01/22 11:56:24 WET [2025/01/22 6:56:24 ET]
Table 'Demoulina III' 6-max Seat #4 is the button
Seat 1: ImaPeppaPig ($112.58 in chips) 
Seat 2: takeaway man28 ($291.39 in chips) 
Seat 3: fobot21 ($104 in chips) 
Seat 4: chenconhaste ($104.50 in chips) 
Seat 5: Evelexy1 ($100 in chips) 
Seat 6: elcutez ($120.21 in chips) 
Evelexy1: posts small blind $0.50
elcutez: posts big blind $1
*** HOLE CARDS ***
ImaPeppaPig: folds 
takeaway man28: folds 
fobot21: folds 
chenconhaste: folds 
Evelexy1: folds 
Uncalled bet ($0.50) returned to elcutez
elcutez collected $1 from pot
*** SUMMARY ***
Total pot $1 | Rake $0 
Seat 1: ImaPeppaPig folded before Flop (didn't bet)
Seat 2: takeaway man28 folded before Flop (didn't bet)
Seat 3: fobot21 folded before Flop (didn't bet)
Seat 4: chenconhaste (button) folded before Flop (didn't bet)
Seat 5: Evelexy1 (small blind) folded before Flop
Seat 6: elcutez (big blind) collected ($1)



PokerStars Hand #254497426734:  Hold'em No Limit ($0.50/$1.00 USD) - 2025/01/22 11:56:37 WET [2025/01/22 6:56:37 ET]
Table 'Demoulina III' 6-max Seat #5 is the button
Seat 1: ImaPeppaPig ($112.58 in chips) 
Seat 2: takeaway man28 ($291.39 in chips) 
Seat 3: fobot21 ($104 in chips) 
Seat 4: chenconhaste ($104.50 in chips) 
Seat 5: Evelexy1 ($100 in chips) 
Seat 6: elcutez ($120.71 in chips) 
elcutez: posts small blind $0.50
ImaPeppaPig: posts big blind $1
*** HOLE CARDS ***
takeaway man28: calls $1
fobot21: folds 
chenconhaste: folds 
Evelexy1: folds 
elcutez: folds 
ImaPeppaPig: checks 
*** FLOP *** [9c 4c 5d]
ImaPeppaPig: checks 
takeaway man28: bets $2.38
ImaPeppaPig: folds 
Uncalled bet ($2.38) returned to takeaway man28
takeaway man28 collected $2.38 from pot
*** SUMMARY ***
Total pot $2.50 | Rake $0.12 
Board [9c 4c 5d]
Seat 1: ImaPeppaPig (big blind) folded on the Flop
Seat 2: takeaway man28 collected ($2.38)
Seat 3: fobot21 folded before Flop (didn't bet)
Seat 4: chenconhaste folded before Flop (didn't bet)
Seat 5: Evelexy1 (button) folded before Flop (didn't bet)
Seat 6: elcutez (small blind) folded before Flop



PokerStars Hand #254497429166:  Hold'em No Limit ($0.50/$1.00 USD) - 2025/01/22 11:57:00 WET [2025/01/22 6:57:00 ET]
Table 'Demoulina III' 6-max Seat #6 is the button
Seat 1: ImaPeppaPig ($111.58 in chips) 
Seat 2: takeaway man28 ($292.77 in chips) 
Seat 3: fobot21 ($104 in chips) 
Seat 4: chenconhaste ($104.50 in chips) 
Seat 5: Evelexy1 ($100 in chips) 
Seat 6: elcutez ($120.21 in chips) 
ImaPeppaPig: posts small blind $0.50
takeaway man28: posts big blind $1
*** HOLE CARDS ***
fobot21: folds 
chenconhaste: folds 
Evelexy1: folds 
elcutez: folds 
ImaPeppaPig: raises $2 to $3
takeaway man28: calls $2
*** FLOP *** [5d 3d 4s]
ImaPeppaPig: checks 
takeaway man28: bets $2.85
ImaPeppaPig: calls $2.85
*** TURN *** [5d 3d 4s] [9s]
ImaPeppaPig: checks 
takeaway man28: checks 
*** RIVER *** [5d 3d 4s 9s] [3h]
ImaPeppaPig: checks 
takeaway man28: bets $11.12
ImaPeppaPig: calls $11.12
*** SHOW DOWN ***
takeaway man28: shows [2c Ac] (a straight, Ace to Five)
ImaPeppaPig: mucks hand 
takeaway man28 collected $32.24 from pot
*** SUMMARY ***
Total pot $33.94 | Rake $1.70 
Board [5d 3d 4s 9s 3h]
Seat 1: ImaPeppaPig (small blind) mucked
Seat 2: takeaway man28 (big blind) showed [2c Ac] and won ($32.24) with a straight, Ace to Five
Seat 3: fobot21 folded before Flop (didn't bet)
Seat 4: chenconhaste folded before Flop (didn't bet)
Seat 5: Evelexy1 folded before Flop (didn't bet)
Seat 6: elcutez (button) folded before Flop (didn't bet)



PokerStars Hand #254497435611:  Hold'em No Limit ($0.50/$1.00 USD) - 2025/01/22 11:58:00 WET [2025/01/22 6:58:00 ET]
Table 'Demoulina III' 6-max Seat #1 is the button
Seat 1: ImaPeppaPig ($100 in chips) 
Seat 2: takeaway man28 ($308.04 in chips) 
Seat 3: fobot21 ($104 in chips) 
Seat 4: chenconhaste ($104.50 in chips) 
Seat 5: Evelexy1 ($100 in chips) 
Seat 6: elcutez ($120.21 in chips) 
takeaway man28: posts small blind $0.50
fobot21: posts big blind $1
*** HOLE CARDS ***
chenconhaste: folds 
Evelexy1: folds 
elcutez: folds 
ImaPeppaPig: folds 
takeaway man28: raises $1 to $2
fobot21: folds 
Uncalled bet ($1) returned to takeaway man28
takeaway man28 collected $2 from pot
*** SUMMARY ***
Total pot $2 | Rake $0 
Seat 1: ImaPeppaPig (button) folded before Flop (didn't bet)
Seat 2: takeaway man28 (small blind) collected ($2)
Seat 3: fobot21 (big blind) folded before Flop
Seat 4: chenconhaste folded before Flop (didn't bet)
Seat 5: Evelexy1 folded before Flop (didn't bet)
Seat 6: elcutez folded before Flop (didn't bet)



PokerStars Hand #254497437902:  Hold'em No Limit ($0.50/$1.00 USD) - 2025/01/22 11:58:21 WET [2025/01/22 6:58:21 ET]
Table 'Demoulina III' 6-max Seat #2 is the button
Seat 1: ImaPeppaPig ($100 in chips) 
Seat 2: takeaway man28 ($309.04 in chips) 
Seat 3: fobot21 ($103 in chips) 
Seat 4: chenconhaste ($104.50 in chips) 
Seat 5: Evelexy1 ($100 in chips) 
Seat 6: elcutez ($120.21 in chips) 
fobot21: posts small blind $0.50
chenconhaste: posts big blind $1
*** HOLE CARDS ***
Evelexy1: folds 
elcutez: folds 
ImaPeppaPig: raises $1.50 to $2.50
takeaway man28: folds 
fobot21: folds 
chenconhaste: folds 
Uncalled bet ($1.50) returned to ImaPeppaPig
ImaPeppaPig collected $2.50 from pot
ImaPeppaPig: doesn't show hand 
*** SUMMARY ***
Total pot $2.50 | Rake $0 
Seat 1: ImaPeppaPig collected ($2.50)
Seat 2: takeaway man28 (button) folded before Flop (didn't bet)
Seat 3: fobot21 (small blind) folded before Flop
Seat 4: chenconhaste (big blind) folded before Flop
Seat 5: Evelexy1 folded before Flop (didn't bet)
Seat 6: elcutez folded before Flop (didn't bet)



PokerStars Hand #254497439395:  Hold'em No Limit ($0.50/$1.00 USD) - 2025/01/22 11:58:34 WET [2025/01/22 6:58:34 ET]
Table 'Demoulina III' 6-max Seat #3 is the button
Seat 1: ImaPeppaPig ($101.50 in chips) 
Seat 2: takeaway man28 ($309.04 in chips) 
Seat 3: fobot21 ($102.50 in chips) 
Seat 4: chenconhaste ($103.50 in chips) 
Seat 5: Evelexy1 ($100 in chips) 
Seat 6: elcutez ($120.21 in chips) 
chenconhaste: posts small blind $0.50
Evelexy1: posts big blind $1
*** HOLE CARDS ***
elcutez: folds 
ImaPeppaPig: folds 
takeaway man28: raises $2 to $3
fobot21: folds 
chenconhaste: folds 
Evelexy1: calls $2
*** FLOP *** [8d Ac Jh]
Evelexy1: checks 
takeaway man28: bets $3.09
Evelexy1: calls $3.09
*** TURN *** [8d Ac Jh] [2c]
Evelexy1: checks 
takeaway man28: checks 
*** RIVER *** [8d Ac Jh 2c] [7d]
Evelexy1: checks 
takeaway man28: checks 
*** SHOW DOWN ***
Evelexy1: shows [Jd 8c] (two pair, Jacks and Eights)
takeaway man28: mucks hand 
Evelexy1 collected $12.05 from pot
*** SUMMARY ***
Total pot $12.68 | Rake $0.63 
Board [8d Ac Jh 2c 7d]
Seat 1: ImaPeppaPig folded before Flop (didn't bet)
Seat 2: takeaway man28 mucked
Seat 3: fobot21 (button) folded before Flop (didn't bet)
Seat 4: chenconhaste (small blind) folded before Flop
Seat 5: Evelexy1 (big blind) showed [Jd 8c] and won ($12.05) with two pair, Jacks and Eights
Seat 6: elcutez folded before Flop (didn't bet)



PokerStars Hand #254497444294:  Hold'em No Limit ($0.50/$1.00 USD) - 2025/01/22 11:59:18 WET [2025/01/22 6:59:18 ET]
Table 'Demoulina III' 6-max Seat #4 is the button
Seat 1: ImaPeppaPig ($101.50 in chips) 
Seat 2: takeaway man28 ($302.95 in chips) 
Seat 3: fobot21 ($102.50 in chips) 
Seat 4: chenconhaste ($103 in chips) 
Seat 5: Evelexy1 ($105.96 in chips) 
Seat 6: elcutez ($120.21 in chips) 
Evelexy1: posts small blind $0.50
elcutez: posts big blind $1
*** HOLE CARDS ***
ImaPeppaPig: folds 
takeaway man28: raises $1 to $2
fobot21: raises $5 to $7
chenconhaste: folds 
Evelexy1: folds 
elcutez: folds 
takeaway man28: folds 
Uncalled bet ($5) returned to fobot21
fobot21 collected $5.50 from pot
fobot21: doesn't show hand 
*** SUMMARY ***
Total pot $5.50 | Rake $0 
Seat 1: ImaPeppaPig folded before Flop (didn't bet)
Seat 2: takeaway man28 folded before Flop
Seat 3: fobot21 collected ($5.50)
Seat 4: chenconhaste (button) folded before Flop (didn't bet)
Seat 5: Evelexy1 (small blind) folded before Flop
Seat 6: elcutez (big blind) folded before Flop



PokerStars Hand #254497447397:  Hold'em No Limit ($0.50/$1.00 USD) - 2025/01/22 11:59:47 WET [2025/01/22 6:59:47 ET]
Table 'Demoulina III' 6-max Seat #5 is the button
Seat 1: ImaPeppaPig ($101.50 in chips) 
Seat 2: takeaway man28 ($300.95 in chips) 
Seat 3: fobot21 ($106 in chips) 
Seat 4: chenconhaste ($103 in chips) 
Seat 5: Evelexy1 ($105.46 in chips) 
Seat 6: elcutez ($119.21 in chips) 
elcutez: posts small blind $0.50
ImaPeppaPig: posts big blind $1
*** HOLE CARDS ***
takeaway man28: folds 
fobot21: folds 
chenconhaste: folds 
Evelexy1: folds 
elcutez: raises $2.50 to $3.50
ImaPeppaPig: calls $2.50
*** FLOP *** [3c 3h 9s]
elcutez: checks 
ImaPeppaPig: bets $3.46
elcutez: calls $3.46
*** TURN *** [3c 3h 9s] [Th]
elcutez: checks 
ImaPeppaPig: bets $4.10
elcutez: calls $4.10
*** RIVER *** [3c 3h 9s Th] [2s]
elcutez: checks 
ImaPeppaPig: checks 
*** SHOW DOWN ***
elcutez: shows [Kh 8h] (a pair of Threes)
ImaPeppaPig: shows [6h 6c] (two pair, Sixes and Threes)
ImaPeppaPig collected $21.01 from pot
*** SUMMARY ***
Total pot $22.12 | Rake $1.11 
Board [3c 3h 9s Th 2s]
Seat 1: ImaPeppaPig (big blind) showed [6h 6c] and won ($21.01) with two pair, Sixes and Threes
Seat 2: takeaway man28 folded before Flop (didn't bet)
Seat 3: fobot21 folded before Flop (didn't bet)
Seat 4: chenconhaste folded before Flop (didn't bet)
Seat 5: Evelexy1 (button) folded before Flop (didn't bet)
Seat 6: elcutez (small blind) showed [Kh 8h] and lost with a pair of Threes



PokerStars Hand #254497450967:  Hold'em No Limit ($0.50/$1.00 USD) - 2025/01/22 12:00:20 WET [2025/01/22 7:00:20 ET]
Table 'Demoulina III' 6-max Seat #6 is the button
Seat 1: ImaPeppaPig ($111.45 in chips) 
Seat 2: takeaway man28 ($300.95 in chips) 
Seat 3: fobot21 ($106 in chips) 
Seat 4: chenconhaste ($103 in chips) 
Seat 5: Evelexy1 ($105.46 in chips) 
Seat 6: elcutez ($108.15 in chips) 
ImaPeppaPig: posts small blind $0.50
takeaway man28: posts big blind $1
*** HOLE CARDS ***
fobot21: raises $1 to $2
chenconhaste: folds 
Evelexy1: folds 
elcutez: raises $2 to $4
ImaPeppaPig: folds 
takeaway man28: folds 
fobot21: calls $2
*** FLOP *** [6h 9c 7c]
fobot21: checks 
elcutez: bets $4.90
fobot21: folds 
Uncalled bet ($4.90) returned to elcutez
elcutez collected $9.02 from pot
*** SUMMARY ***
Total pot $9.50 | Rake $0.48 
Board [6h 9c 7c]
Seat 1: ImaPeppaPig (small blind) folded before Flop
Seat 2: takeaway man28 (big blind) folded before Flop
Seat 3: fobot21 folded on the Flop
Seat 4: chenconhaste folded before Flop (didn't bet)
Seat 5: Evelexy1 folded before Flop (didn't bet)
Seat 6: elcutez (button) collected ($9.02)



PokerStars Hand #254497454717:  Hold'em No Limit ($0.50/$1.00 USD) - 2025/01/22 12:00:52 WET [2025/01/22 7:00:52 ET]
Table 'Demoulina III' 6-max Seat #1 is the button
Seat 1: ImaPeppaPig ($110.95 in chips) 
Seat 2: takeaway man28 ($299.95 in chips) 
Seat 3: fobot21 ($102 in chips) 
Seat 4: chenconhaste ($103 in chips) 
Seat 5: Evelexy1 ($105.46 in chips) 
Seat 6: elcutez ($113.17 in chips) 
takeaway man28: posts small blind $0.50
fobot21: posts big blind $1
*** HOLE CARDS ***
chenconhaste: raises $1.50 to $2.50
Evelexy1: folds 
elcutez: calls $2.50
ImaPeppaPig: folds 
takeaway man28: folds 
fobot21: calls $1.50
*** FLOP *** [2s 9c Ks]
fobot21: bets $2.28
chenconhaste: folds 
elcutez: folds 
Uncalled bet ($2.28) returned to fobot21
fobot21 collected $7.60 from pot
fobot21: doesn't show hand 
*** SUMMARY ***
Total pot $8 | Rake $0.40 
Board [2s 9c Ks]
Seat 1: ImaPeppaPig (button) folded before Flop (didn't bet)
Seat 2: takeaway man28 (small blind) folded before Flop
Seat 3: fobot21 (big blind) collected ($7.60)
Seat 4: chenconhaste folded on the Flop
Seat 5: Evelexy1 folded before Flop (didn't bet)
Seat 6: elcutez folded on the Flop



PokerStars Hand #254497459304:  Hold'em No Limit ($0.50/$1.00 USD) - 2025/01/22 12:01:28 WET [2025/01/22 7:01:28 ET]
Table 'Demoulina III' 6-max Seat #2 is the button
Seat 4: chenconhaste ($100.50 in chips) is sitting out
Seat 1: ImaPeppaPig ($110.95 in chips) 
Seat 2: takeaway man28 ($299.45 in chips) 
Seat 3: fobot21 ($107.10 in chips) 
Seat 5: Evelexy1 ($105.46 in chips) 
Seat 6: elcutez ($110.67 in chips) 
fobot21: posts small blind $0.50
chenconhaste: is sitting out 
Evelexy1: posts big blind $1
*** HOLE CARDS ***
chenconhaste leaves the table
elcutez: folds 
ImaPeppaPig: folds 
takeaway man28: calls $1
fobot21: folds 
Evelexy1: checks 
*** FLOP *** [Ah 7d Kh]
Evelexy1: checks 
ru_ruu_ru joins the table at seat #4 
takeaway man28: bets $1.19
Evelexy1: folds 
Uncalled bet ($1.19) returned to takeaway man28
takeaway man28 collected $2.38 from pot
*** SUMMARY ***
Total pot $2.50 | Rake $0.12 
Board [Ah 7d Kh]
Seat 4: chenconhaste
Seat 1: ImaPeppaPig folded before Flop (didn't bet)
Seat 2: takeaway man28 (button) collected ($2.38)
Seat 3: fobot21 (small blind) folded before Flop
Seat 5: Evelexy1 (big blind) folded on the Flop
Seat 6: elcutez folded before Flop (didn't bet)



PokerStars Hand #254497463253:  Hold'em No Limit ($0.50/$1.00 USD) - 2025/01/22 12:01:59 WET [2025/01/22 7:01:59 ET]
Table 'Demoulina III' 6-max Seat #3 is the button
Seat 4: ru_ruu_ru ($100 in chips) is sitting out
Seat 1: ImaPeppaPig ($110.95 in chips) 
Seat 2: takeaway man28 ($300.83 in chips) 
Seat 3: fobot21 ($106.60 in chips) 
Seat 5: Evelexy1 ($104.46 in chips) 
Seat 6: elcutez ($110.67 in chips) 
Evelexy1: posts small blind $0.50
elcutez: posts big blind $1
*** HOLE CARDS ***
ImaPeppaPig: folds 
takeaway man28: calls $1
fobot21: folds 
Evelexy1: calls $0.50
elcutez: checks 
*** FLOP *** [5c Qc 4s]
Evelexy1: checks 
elcutez: checks 
takeaway man28: bets $1.43
Evelexy1: folds 
elcutez: calls $1.43
*** TURN *** [5c Qc 4s] [As]
elcutez: checks 
takeaway man28: checks 
*** RIVER *** [5c Qc 4s As] [4h]
elcutez: checks 
takeaway man28: bets $5.57
elcutez: folds 
Uncalled bet ($5.57) returned to takeaway man28
takeaway man28 collected $5.57 from pot
*** SUMMARY ***
Total pot $5.86 | Rake $0.29 
Board [5c Qc 4s As 4h]
Seat 4: ru_ruu_ru
Seat 1: ImaPeppaPig folded before Flop (didn't bet)
Seat 2: takeaway man28 collected ($5.57)
Seat 3: fobot21 (button) folded before Flop (didn't bet)
Seat 5: Evelexy1 (small blind) folded on the Flop
Seat 6: elcutez (big blind) folded on the River



PokerStars Hand #254497467589:  Hold'em No Limit ($0.50/$1.00 USD) - 2025/01/22 12:02:32 WET [2025/01/22 7:02:32 ET]
Table 'Demoulina III' 6-max Seat #5 is the button
Seat 4: ru_ruu_ru ($100 in chips) is sitting out
Seat 1: ImaPeppaPig ($110.95 in chips) 
Seat 2: takeaway man28 ($303.97 in chips) 
Seat 3: fobot21 ($106.60 in chips) 
Seat 5: Evelexy1 ($103.46 in chips) 
Seat 6: elcutez ($108.24 in chips) 
elcutez: posts small blind $0.50
ImaPeppaPig: posts big blind $1
ru_ruu_ru: sits out 
*** HOLE CARDS ***
takeaway man28: folds 
fobot21: raises $1.50 to $2.50
Evelexy1: folds 
elcutez: folds 
ImaPeppaPig: calls $1.50
*** FLOP *** [7c Th 8s]
ImaPeppaPig: checks 
fobot21: checks 
*** TURN *** [7c Th 8s] [3c]
ImaPeppaPig: bets $3
fobot21: calls $3
*** RIVER *** [7c Th 8s 3c] [4h]
ImaPeppaPig: checks 
fobot21: checks 
*** SHOW DOWN ***
ImaPeppaPig: shows [Qc 5c] (high card Queen)
fobot21: shows [9c Qh] (high card Queen - Ten+Nine kicker)
fobot21 collected $10.92 from pot
*** SUMMARY ***
Total pot $11.50 | Rake $0.58 
Board [7c Th 8s 3c 4h]
Seat 4: ru_ruu_ru
Seat 1: ImaPeppaPig (big blind) showed [Qc 5c] and lost with high card Queen
Seat 2: takeaway man28 folded before Flop (didn't bet)
Seat 3: fobot21 showed [9c Qh] and won ($10.92) with high card Queen
Seat 5: Evelexy1 (button) folded before Flop (didn't bet)
Seat 6: elcutez (small blind) folded before Flop



PokerStars Hand #254497475844:  Hold'em No Limit ($0.50/$1.00 USD) - 2025/01/22 12:03:35 WET [2025/01/22 7:03:35 ET]
Table 'Demoulina III' 6-max Seat #6 is the button
Seat 4: ru_ruu_ru ($100 in chips) is sitting out
Seat 1: ImaPeppaPig ($105.45 in chips) 
Seat 2: takeaway man28 ($303.97 in chips) 
Seat 3: fobot21 ($112.02 in chips) 
Seat 5: Evelexy1 ($103.46 in chips) 
Seat 6: elcutez ($107.74 in chips) 
ImaPeppaPig: posts small blind $0.50
takeaway man28: posts big blind $1
ru_ruu_ru: sits out 
*** HOLE CARDS ***
fobot21: folds 
fobot21 leaves the table
Evelexy1: raises $1.50 to $2.50
elcutez: folds 
ImaPeppaPig: raises $8.50 to $11
takeaway man28: folds 
Evelexy1: folds 
Uncalled bet ($8.50) returned to ImaPeppaPig
ImaPeppaPig collected $6 from pot
ImaPeppaPig: doesn't show hand 
*** SUMMARY ***
Total pot $6 | Rake $0 
Seat 4: ru_ruu_ru
Seat 1: ImaPeppaPig (small blind) collected ($6)
Seat 2: takeaway man28 (big blind) folded before Flop
Seat 3: fobot21 folded before Flop (didn't bet)
Seat 5: Evelexy1 folded before Flop
Seat 6: elcutez (button) folded before Flop (didn't bet)



PokerStars Hand #254497478449:  Hold'em No Limit ($0.50/$1.00 USD) - 2025/01/22 12:03:54 WET [2025/01/22 7:03:54 ET]
Table 'Demoulina III' 6-max Seat #1 is the button
Seat 1: ImaPeppaPig ($108.95 in chips) 
Seat 2: takeaway man28 ($302.97 in chips) 
Seat 4: ru_ruu_ru ($100 in chips) 
Seat 5: Evelexy1 ($100.96 in chips) 
Seat 6: elcutez ($107.74 in chips) 
takeaway man28: posts small blind $0.50
ru_ruu_ru: posts big blind $1
*** HOLE CARDS ***
Evelexy1: folds 
elcutez: folds 
ImaPeppaPig: folds 
takeaway man28: folds 
Uncalled bet ($0.50) returned to ru_ruu_ru
ru_ruu_ru collected $1 from pot
ru_ruu_ru: doesn't show hand 
*** SUMMARY ***
Total pot $1 | Rake $0 
Seat 1: ImaPeppaPig (button) folded before Flop (didn't bet)
Seat 2: takeaway man28 (small blind) folded before Flop
Seat 4: ru_ruu_ru (big blind) collected ($1)
Seat 5: Evelexy1 folded before Flop (didn't bet)
Seat 6: elcutez folded before Flop (didn't bet)



PokerStars Hand #254497479821:  Hold'em No Limit ($0.50/$1.00 USD) - 2025/01/22 12:04:05 WET [2025/01/22 7:04:05 ET]
Table 'Demoulina III' 6-max Seat #2 is the button
Seat 1: ImaPeppaPig ($108.95 in chips) 
Seat 2: takeaway man28 ($302.47 in chips) 
Seat 4: ru_ruu_ru ($100.50 in chips) 
Seat 5: Evelexy1 ($100.96 in chips) 
Seat 6: elcutez ($107.74 in chips) 
ru_ruu_ru: posts small blind $0.50
Evelexy1: posts big blind $1
*** HOLE CARDS ***
elcutez: folds 
ImaPeppaPig: raises $1.50 to $2.50
takeaway man28: folds 
ru_ruu_ru: folds 
Evelexy1: calls $1.50
*** FLOP *** [Qc 4d Kh]
Evelexy1: checks 
ImaPeppaPig: bets $2.71
Evelexy1: folds 
Uncalled bet ($2.71) returned to ImaPeppaPig
ImaPeppaPig collected $5.22 from pot
ImaPeppaPig: doesn't show hand 
*** SUMMARY ***
Total pot $5.50 | Rake $0.28 
Board [Qc 4d Kh]
Seat 1: ImaPeppaPig collected ($5.22)
Seat 2: takeaway man28 (button) folded before Flop (didn't bet)
Seat 4: ru_ruu_ru (small blind) folded before Flop
Seat 5: Evelexy1 (big blind) folded on the Flop
Seat 6: elcutez folded before Flop (didn't bet)



PokerStars Hand #254497482494:  Hold'em No Limit ($0.50/$1.00 USD) - 2025/01/22 12:04:25 WET [2025/01/22 7:04:25 ET]
Table 'Demoulina III' 6-max Seat #4 is the button
Seat 1: ImaPeppaPig ($111.67 in chips) 
Seat 2: takeaway man28 ($302.47 in chips) 
Seat 4: ru_ruu_ru ($100 in chips) 
Seat 5: Evelexy1 ($100 in chips) 
Seat 6: elcutez ($107.74 in chips) 
Evelexy1: posts small blind $0.50
elcutez: posts big blind $1
*** HOLE CARDS ***
ImaPeppaPig: folds 
takeaway man28: folds 
ru_ruu_ru: raises $1.50 to $2.50
Evelexy1: raises $9.50 to $12
elcutez: folds 
ru_ruu_ru: folds 
Uncalled bet ($9.50) returned to Evelexy1
Evelexy1 collected $6 from pot
Evelexy1: doesn't show hand 
*** SUMMARY ***
Total pot $6 | Rake $0 
Seat 1: ImaPeppaPig folded before Flop (didn't bet)
Seat 2: takeaway man28 folded before Flop (didn't bet)
Seat 4: ru_ruu_ru (button) folded before Flop
Seat 5: Evelexy1 (small blind) collected ($6)
Seat 6: elcutez (big blind) folded before Flop



PokerStars Hand #254497485883:  Hold'em No Limit ($0.50/$1.00 USD) - 2025/01/22 12:04:51 WET [2025/01/22 7:04:51 ET]
Table 'Demoulina III' 6-max Seat #5 is the button
Seat 1: ImaPeppaPig ($111.67 in chips) 
Seat 2: takeaway man28 ($302.47 in chips) 
Seat 4: ru_ruu_ru ($100 in chips) 
Seat 5: Evelexy1 ($103.50 in chips) 
Seat 6: elcutez ($106.74 in chips) 
elcutez: posts small blind $0.50
ImaPeppaPig: posts big blind $1
*** HOLE CARDS ***
takeaway man28: calls $1
ru_ruu_ru: folds 
Evelexy1: raises $2.50 to $3.50
elcutez: folds 
ImaPeppaPig: folds 
takeaway man28: folds 
Uncalled bet ($2.50) returned to Evelexy1
Evelexy1 collected $3.50 from pot
Evelexy1: doesn't show hand 
*** SUMMARY ***
Total pot $3.50 | Rake $0 
Seat 1: ImaPeppaPig (big blind) folded before Flop
Seat 2: takeaway man28 folded before Flop
Seat 4: ru_ruu_ru folded before Flop (didn't bet)
Seat 5: Evelexy1 (button) collected ($3.50)
Seat 6: elcutez (small blind) folded before Flop



PokerStars Hand #254497488049:  Hold'em No Limit ($0.50/$1.00 USD) - 2025/01/22 12:05:07 WET [2025/01/22 7:05:07 ET]
Table 'Demoulina III' 6-max Seat #6 is the button
Seat 1: ImaPeppaPig ($110.67 in chips) 
Seat 2: takeaway man28 ($301.47 in chips) 
Seat 4: ru_ruu_ru ($100 in chips) 
Seat 5: Evelexy1 ($106 in chips) 
Seat 6: elcutez ($106.24 in chips) 
ImaPeppaPig: posts small blind $0.50
takeaway man28: posts big blind $1
*** HOLE CARDS ***
ru_ruu_ru: folds 
Evelexy1: folds 
elcutez: folds 
ImaPeppaPig: raises $2 to $3
takeaway man28: calls $2
*** FLOP *** [9h 3h 3c]
ImaPeppaPig: checks 
takeaway man28: bets $2.85
ImaPeppaPig: calls $2.85
*** TURN *** [9h 3h 3c] [2d]
ImaPeppaPig: checks 
takeaway man28: bets $11.12
ImaPeppaPig: folds 
Uncalled bet ($11.12) returned to takeaway man28
takeaway man28 collected $11.12 from pot
*** SUMMARY ***
Total pot $11.70 | Rake $0.58 
Board [9h 3h 3c 2d]
Seat 1: ImaPeppaPig (small blind) folded on the Turn
Seat 2: takeaway man28 (big blind) collected ($11.12)
Seat 4: ru_ruu_ru folded before Flop (didn't bet)
Seat 5: Evelexy1 folded before Flop (didn't bet)
Seat 6: elcutez (button) folded before Flop (didn't bet)



PokerStars Hand #254497492828:  Hold'em No Limit ($0.50/$1.00 USD) - 2025/01/22 12:05:43 WET [2025/01/22 7:05:43 ET]
Table 'Demoulina III' 6-max Seat #1 is the button
Seat 4: ru_ruu_ru ($100 in chips) is sitting out
Seat 1: ImaPeppaPig ($104.82 in chips) 
Seat 2: takeaway man28 ($306.74 in chips) 
Seat 5: Evelexy1 ($106 in chips) 
Seat 6: elcutez ($106.24 in chips) 
takeaway man28: posts small blind $0.50
ru_ruu_ru: is sitting out 
Evelexy1: posts big blind $1
*** HOLE CARDS ***
ru_ruu_ru leaves the table
elcutez: folds 
ImaPeppaPig: folds 
takeaway man28: calls $0.50
Evelexy1: checks 
*** FLOP *** [6s 5h Js]
takeaway man28: checks 
Evelexy1: checks 
*** TURN *** [6s 5h Js] [Jc]
takeaway man28: bets $1.90
Evelexy1: folds 
Uncalled bet ($1.90) returned to takeaway man28
takeaway man28 collected $1.90 from pot
*** SUMMARY ***
Total pot $2 | Rake $0.10 
Board [6s 5h Js Jc]
Seat 4: ru_ruu_ru
Seat 1: ImaPeppaPig (button) folded before Flop (didn't bet)
Seat 2: takeaway man28 (small blind) collected ($1.90)
Seat 5: Evelexy1 (big blind) folded on the Turn
Seat 6: elcutez folded before Flop (didn't bet)



PokerStars Hand #254497496567:  Hold'em No Limit ($0.50/$1.00 USD) - 2025/01/22 12:06:12 WET [2025/01/22 7:06:12 ET]
Table 'Demoulina III' 6-max Seat #2 is the button
Seat 1: ImaPeppaPig ($104.82 in chips) 
Seat 2: takeaway man28 ($307.64 in chips) 
Seat 5: Evelexy1 ($105 in chips) 
Seat 6: elcutez ($106.24 in chips) 
Evelexy1: posts small blind $0.50
elcutez: posts big blind $1
*** HOLE CARDS ***
ImaPeppaPig: folds 
takeaway man28: raises $1 to $2
Evelexy1: folds 
elcutez: folds 
Uncalled bet ($1) returned to takeaway man28
takeaway man28 collected $2.50 from pot
*** SUMMARY ***
Total pot $2.50 | Rake $0 
Seat 1: ImaPeppaPig folded before Flop (didn't bet)
Seat 2: takeaway man28 (button) collected ($2.50)
Seat 5: Evelexy1 (small blind) folded before Flop
Seat 6: elcutez (big blind) folded before Flop



PokerStars Hand #254497497853:  Hold'em No Limit ($0.50/$1.00 USD) - 2025/01/22 12:06:22 WET [2025/01/22 7:06:22 ET]
Table 'Demoulina III' 6-max Seat #5 is the button
Seat 1: ImaPeppaPig ($104.82 in chips) 
Seat 2: takeaway man28 ($309.14 in chips) 
Seat 5: Evelexy1 ($104.50 in chips) 
Seat 6: elcutez ($105.24 in chips) 
elcutez: posts small blind $0.50
ImaPeppaPig: posts big blind $1
*** HOLE CARDS ***
takeaway man28: folds 
Evelexy1: folds 
elcutez: folds 
Uncalled bet ($0.50) returned to ImaPeppaPig
ImaPeppaPig collected $1 from pot
ImaPeppaPig: doesn't show hand 
*** SUMMARY ***
Total pot $1 | Rake $0 
Seat 1: ImaPeppaPig (big blind) collected ($1)
Seat 2: takeaway man28 folded before Flop (didn't bet)
Seat 5: Evelexy1 (button) folded before Flop (didn't bet)
Seat 6: elcutez (small blind) folded before Flop



PokerStars Hand #254497499177:  Hold'em No Limit ($0.50/$1.00 USD) - 2025/01/22 12:06:32 WET [2025/01/22 7:06:32 ET]
Table 'Demoulina III' 6-max Seat #6 is the button
Seat 1: ImaPeppaPig ($105.32 in chips) 
Seat 2: takeaway man28 ($309.14 in chips) 
Seat 5: Evelexy1 ($104.50 in chips) 
Seat 6: elcutez ($104.74 in chips) 
ImaPeppaPig: posts small blind $0.50
takeaway man28: posts big blind $1
*** HOLE CARDS ***
Evelexy1: raises $1.50 to $2.50
elcutez: calls $2.50
ImaPeppaPig: raises $11.50 to $14
takeaway man28: folds 
Evelexy1: folds 
elcutez: folds 
Uncalled bet ($11.50) returned to ImaPeppaPig
ImaPeppaPig collected $8.50 from pot
ImaPeppaPig: doesn't show hand 
*** SUMMARY ***
Total pot $8.50 | Rake $0 
Seat 1: ImaPeppaPig (small blind) collected ($8.50)
Seat 2: takeaway man28 (big blind) folded before Flop
Seat 5: Evelexy1 folded before Flop
Seat 6: elcutez (button) folded before Flop



PokerStars Hand #254497502457:  Hold'em No Limit ($0.50/$1.00 USD) - 2025/01/22 12:06:56 WET [2025/01/22 7:06:56 ET]
Table 'Demoulina III' 6-max Seat #1 is the button
Seat 1: ImaPeppaPig ($111.32 in chips) 
Seat 2: takeaway man28 ($308.14 in chips) 
Seat 5: Evelexy1 ($102 in chips) 
Seat 6: elcutez ($102.24 in chips) 
takeaway man28: posts small blind $0.50
Evelexy1: posts big blind $1
*** HOLE CARDS ***
elcutez: folds 
ImaPeppaPig: raises $1.50 to $2.50
takeaway man28: calls $2
Evelexy1: calls $1.50
*** FLOP *** [6h 2d 2c]
takeaway man28: checks 
Evelexy1: checks 
ImaPeppaPig: bets $3.70
takeaway man28: folds 
Evelexy1: calls $3.70
*** TURN *** [6h 2d 2c] [Ac]
Evelexy1: checks 
ImaPeppaPig: checks 
*** RIVER *** [6h 2d 2c Ac] [8d]
Evelexy1: checks 
ImaPeppaPig: checks 
*** SHOW DOWN ***
Evelexy1: shows [5c 4s] (a pair of Deuces)
ImaPeppaPig: shows [3s 3d] (two pair, Threes and Deuces)
ImaPeppaPig collected $14.16 from pot
*** SUMMARY ***
Total pot $14.90 | Rake $0.74 
Board [6h 2d 2c Ac 8d]
Seat 1: ImaPeppaPig (button) showed [3s 3d] and won ($14.16) with two pair, Threes and Deuces
Seat 2: takeaway man28 (small blind) folded on the Flop
Seat 5: Evelexy1 (big blind) showed [5c 4s] and lost with a pair of Deuces
Seat 6: elcutez folded before Flop (didn't bet)



PokerStars Hand #254497507572:  Hold'em No Limit ($0.50/$1.00 USD) - 2025/01/22 12:07:34 WET [2025/01/22 7:07:34 ET]
Table 'Demoulina III' 6-max Seat #2 is the button
Seat 1: ImaPeppaPig ($119.28 in chips) 
Seat 2: takeaway man28 ($305.64 in chips) 
Seat 5: Evelexy1 ($100 in chips) 
Seat 6: elcutez ($102.24 in chips) 
Evelexy1: posts small blind $0.50
elcutez: posts big blind $1
*** HOLE CARDS ***
ImaPeppaPig: raises $1.50 to $2.50
takeaway man28: calls $2.50
Evelexy1: folds 
elcutez: folds 
*** FLOP *** [4c 4s 8s]
ImaPeppaPig: checks 
takeaway man28: bets $3.09
ImaPeppaPig: raises $8.91 to $12
takeaway man28: folds 
Uncalled bet ($8.91) returned to ImaPeppaPig
ImaPeppaPig collected $12.05 from pot
ImaPeppaPig: doesn't show hand 
*** SUMMARY ***
Total pot $12.68 | Rake $0.63 
Board [4c 4s 8s]
Seat 1: ImaPeppaPig collected ($12.05)
Seat 2: takeaway man28 (button) folded on the Flop
Seat 5: Evelexy1 (small blind) folded before Flop
Seat 6: elcutez (big blind) folded before Flop



PokerStars Hand #254497511113:  Hold'em No Limit ($0.50/$1.00 USD) - 2025/01/22 12:08:01 WET [2025/01/22 7:08:01 ET]
Table 'Demoulina III' 6-max Seat #5 is the button
Seat 1: ImaPeppaPig ($125.74 in chips) 
Seat 2: takeaway man28 ($300.05 in chips) 
Seat 5: Evelexy1 ($100 in chips) 
Seat 6: elcutez ($101.24 in chips) 
elcutez: posts small blind $0.50
ImaPeppaPig: posts big blind $1
*** HOLE CARDS ***
takeaway man28: folds 
Evelexy1: folds 
elcutez: folds 
Uncalled bet ($0.50) returned to ImaPeppaPig
ImaPeppaPig collected $1 from pot
ImaPeppaPig: doesn't show hand 
*** SUMMARY ***
Total pot $1 | Rake $0 
Seat 1: ImaPeppaPig (big blind) collected ($1)
Seat 2: takeaway man28 folded before Flop (didn't bet)
Seat 5: Evelexy1 (button) folded before Flop (didn't bet)
Seat 6: elcutez (small blind) folded before Flop



PokerStars Hand #254497512332:  Hold'em No Limit ($0.50/$1.00 USD) - 2025/01/22 12:08:10 WET [2025/01/22 7:08:10 ET]
Table 'Demoulina III' 6-max Seat #6 is the button
Seat 1: ImaPeppaPig ($126.24 in chips) 
Seat 2: takeaway man28 ($300.05 in chips) 
Seat 5: Evelexy1 ($100 in chips) 
Seat 6: elcutez ($100.74 in chips) 
ImaPeppaPig: posts small blind $0.50
takeaway man28: posts big blind $1
*** HOLE CARDS ***
Evelexy1: raises $1.50 to $2.50
elcutez: folds 
ImaPeppaPig: raises $8.50 to $11
takeaway man28: folds 
Evelexy1: calls $8.50
*** FLOP *** [Ad Kc 6d]
ImaPeppaPig: bets $6.82
Evelexy1: calls $6.82
*** TURN *** [Ad Kc 6d] [9s]
elcutez leaves the table
ImaPeppaPig: checks 
Evelexy1: checks 
*** RIVER *** [Ad Kc 6d 9s] [4h]
ImaPeppaPig: checks 
Evelexy1: checks 
*** SHOW DOWN ***
ImaPeppaPig: shows [Td Kd] (a pair of Kings)
Evelexy1: shows [Ks Ts] (a pair of Kings)
ImaPeppaPig collected $17.82 from pot
Evelexy1 collected $17.82 from pot
*** SUMMARY ***
Total pot $36.64 | Rake $1 
Board [Ad Kc 6d 9s 4h]
Seat 1: ImaPeppaPig (small blind) showed [Td Kd] and won ($17.82) with a pair of Kings
Seat 2: takeaway man28 (big blind) folded before Flop
Seat 5: Evelexy1 showed [Ks Ts] and won ($17.82) with a pair of Kings
Seat 6: elcutez (button) folded before Flop (didn't bet)



PokerStars Hand #254497516048:  Hold'em No Limit ($0.50/$1.00 USD) - 2025/01/22 12:08:38 WET [2025/01/22 7:08:38 ET]
Table 'Demoulina III' 6-max Seat #1 is the button
Seat 1: ImaPeppaPig ($126.24 in chips) 
Seat 2: takeaway man28 ($299.05 in chips) 
Seat 5: Evelexy1 ($100 in chips) 
takeaway man28: posts small blind $0.50
Evelexy1: posts big blind $1
*** HOLE CARDS ***
ImaPeppaPig: folds 
takeaway man28: folds 
Uncalled bet ($0.50) returned to Evelexy1
Evelexy1 collected $1 from pot
Evelexy1: doesn't show hand 
*** SUMMARY ***
Total pot $1 | Rake $0 
Seat 1: ImaPeppaPig (button) folded before Flop (didn't bet)
Seat 2: takeaway man28 (small blind) folded before Flop
Seat 5: Evelexy1 (big blind) collected ($1)



PokerStars Hand #254497517411:  Hold'em No Limit ($0.50/$1.00 USD) - 2025/01/22 12:08:48 WET [2025/01/22 7:08:48 ET]
Table 'Demoulina III' 6-max Seat #2 is the button
Seat 1: ImaPeppaPig ($126.24 in chips) 
Seat 2: takeaway man28 ($298.55 in chips) 
Seat 5: Evelexy1 ($100.50 in chips) 
Evelexy1: posts small blind $0.50
ImaPeppaPig: posts big blind $1
*** HOLE CARDS ***
takeaway man28: calls $1
elcutez joins the table at seat #6 
elcutez is disconnected 
Evelexy1: calls $0.50
ImaPeppaPig: checks 
*** FLOP *** [4d 3d 6s]
Evelexy1: checks 
ImaPeppaPig: checks 
takeaway man28: bets $1
Evelexy1: calls $1
ImaPeppaPig: folds 
*** TURN *** [4d 3d 6s] [4c]
Evelexy1: checks 
takeaway man28: bets $2.38
Evelexy1: folds 
Uncalled bet ($2.38) returned to takeaway man28
takeaway man28 collected $4.75 from pot
*** SUMMARY ***
Total pot $5 | Rake $0.25 
Board [4d 3d 6s 4c]
Seat 1: ImaPeppaPig (big blind) folded on the Flop
Seat 2: takeaway man28 (button) collected ($4.75)
Seat 5: Evelexy1 (small blind) folded on the Turn



PokerStars Hand #254497521266:  Hold'em No Limit ($0.50/$1.00 USD) - 2025/01/22 12:09:18 WET [2025/01/22 7:09:18 ET]
Table 'Demoulina III' 6-max Seat #5 is the button
Seat 6: elcutez ($100.74 in chips) is sitting out
Seat 1: ImaPeppaPig ($125.24 in chips) 
Seat 2: takeaway man28 ($301.30 in chips) 
Seat 5: Evelexy1 ($100 in chips) 
ImaPeppaPig: posts small blind $0.50
takeaway man28: posts big blind $1
*** HOLE CARDS ***
Evelexy1: folds 
ImaPeppaPig: folds 
Uncalled bet ($0.50) returned to takeaway man28
takeaway man28 collected $1 from pot
*** SUMMARY ***
Total pot $1 | Rake $0 
Seat 6: elcutez
Seat 1: ImaPeppaPig (small blind) folded before Flop
Seat 2: takeaway man28 (big blind) collected ($1)
Seat 5: Evelexy1 (button) folded before Flop (didn't bet)



PokerStars Hand #254497522062:  Hold'em No Limit ($0.50/$1.00 USD) - 2025/01/22 12:09:24 WET [2025/01/22 7:09:24 ET]
Table 'Demoulina III' 6-max Seat #1 is the button
Seat 1: ImaPeppaPig ($124.74 in chips) 
Seat 2: takeaway man28 ($301.80 in chips) 
Seat 5: Evelexy1 ($100 in chips) 
Seat 6: elcutez ($100.74 in chips) 
takeaway man28: posts small blind $0.50
Evelexy1: posts big blind $1
elcutez: posts big blind $1
*** HOLE CARDS ***
elcutez: checks 
ImaPeppaPig: folds 
takeaway man28: calls $0.50
Evelexy1: raises $4 to $5
elcutez: folds 
takeaway man28: folds 
Uncalled bet ($4) returned to Evelexy1
Evelexy1 collected $3 from pot
Evelexy1: doesn't show hand 
*** SUMMARY ***
Total pot $3 | Rake $0 
Seat 1: ImaPeppaPig (button) folded before Flop (didn't bet)
Seat 2: takeaway man28 (small blind) folded before Flop
Seat 5: Evelexy1 (big blind) collected ($3)
Seat 6: elcutez folded before Flop (didn't bet)



PokerStars Hand #254497525020:  Hold'em No Limit ($0.50/$1.00 USD) - 2025/01/22 12:09:47 WET [2025/01/22 7:09:47 ET]
Table 'Demoulina III' 6-max Seat #2 is the button
Seat 1: ImaPeppaPig ($124.74 in chips) 
Seat 2: takeaway man28 ($300.80 in chips) 
Seat 5: Evelexy1 ($102 in chips) 
Seat 6: elcutez ($99.74 in chips) 
Evelexy1: posts small blind $0.50
elcutez: posts big blind $1
*** HOLE CARDS ***
ImaPeppaPig: folds 
takeaway man28: raises $1 to $2
Evelexy1: folds 
elcutez: folds 
Uncalled bet ($1) returned to takeaway man28
takeaway man28 collected $2.50 from pot
*** SUMMARY ***
Total pot $2.50 | Rake $0 
Seat 1: ImaPeppaPig folded before Flop (didn't bet)
Seat 2: takeaway man28 (button) collected ($2.50)
Seat 5: Evelexy1 (small blind) folded before Flop
Seat 6: elcutez (big blind) folded before Flop



PokerStars Hand #254497526298:  Hold'em No Limit ($0.50/$1.00 USD) - 2025/01/22 12:09:56 WET [2025/01/22 7:09:56 ET]
Table 'Demoulina III' 6-max Seat #5 is the button
Seat 1: ImaPeppaPig ($124.74 in chips) 
Seat 2: takeaway man28 ($302.30 in chips) 
Seat 5: Evelexy1 ($101.50 in chips) 
Seat 6: elcutez ($98.74 in chips) 
elcutez: posts small blind $0.50
ImaPeppaPig: posts big blind $1
*** HOLE CARDS ***
takeaway man28: raises $2 to $3
Evelexy1: folds 
elcutez: calls $2.50
ImaPeppaPig: folds 
*** FLOP *** [9h 7h Jc]
elcutez: checks 
takeaway man28: bets $3.33
elcutez: calls $3.33
*** TURN *** [9h 7h Jc] [3c]
elcutez: checks 
takeaway man28: checks 
*** RIVER *** [9h 7h Jc 3c] [Qs]
trueYes.3970 joins the table at seat #4 
elcutez: checks 
trueYes.3970 is disconnected 
amphii joins the table at seat #3 
takeaway man28: checks 
*** SHOW DOWN ***
elcutez: shows [Qd Jh] (two pair, Queens and Jacks)
takeaway man28: mucks hand 
elcutez collected $12.98 from pot
*** SUMMARY ***
Total pot $13.66 | Rake $0.68 
Board [9h 7h Jc 3c Qs]
Seat 1: ImaPeppaPig (big blind) folded before Flop
Seat 2: takeaway man28 mucked
Seat 5: Evelexy1 (button) folded before Flop (didn't bet)
Seat 6: elcutez (small blind) showed [Qd Jh] and won ($12.98) with two pair, Queens and Jacks



PokerStars Hand #254497531151:  Hold'em No Limit ($0.50/$1.00 USD) - 2025/01/22 12:10:34 WET [2025/01/22 7:10:34 ET]
Table 'Demoulina III' 6-max Seat #6 is the button
Seat 3: amphii ($20 in chips) is sitting out
Seat 4: trueYes.3970 ($10 in chips) is sitting out
Seat 1: ImaPeppaPig ($123.74 in chips) 
Seat 2: takeaway man28 ($295.97 in chips) 
Seat 5: Evelexy1 ($101.50 in chips) 
Seat 6: elcutez ($105.39 in chips) 
ImaPeppaPig: posts small blind $0.50
takeaway man28: posts big blind $1
amphii: sits out 
trueYes.3970: sits out 
*** HOLE CARDS ***
Evelexy1: folds 
elcutez: raises $1.40 to $2.40
ImaPeppaPig: folds 
takeaway man28: calls $1.40
*** FLOP *** [Kc 6s Tc]
takeaway man28: checks 
elcutez: checks 
*** TURN *** [Kc 6s Tc] [2d]
takeaway man28: checks 
elcutez: bets $2.52
takeaway man28: calls $2.52
*** RIVER *** [Kc 6s Tc 2d] [4d]
takeaway man28: checks 
elcutez: checks 
*** SHOW DOWN ***
takeaway man28: shows [Qh 9d] (high card King)
elcutez: shows [7d 7h] (a pair of Sevens)
elcutez collected $9.82 from pot
*** SUMMARY ***
Total pot $10.34 | Rake $0.52 
Board [Kc 6s Tc 2d 4d]
Seat 3: amphii
Seat 4: trueYes.3970
Seat 1: ImaPeppaPig (small blind) folded before Flop
Seat 2: takeaway man28 (big blind) showed [Qh 9d] and lost with high card King
Seat 5: Evelexy1 folded before Flop (didn't bet)
Seat 6: elcutez (button) showed [7d 7h] and won ($9.82) with a pair of Sevens



PokerStars Hand #254497535132:  Hold'em No Limit ($0.50/$1.00 USD) - 2025/01/22 12:11:04 WET [2025/01/22 7:11:04 ET]
Table 'Demoulina III' 6-max Seat #1 is the button
Seat 1: ImaPeppaPig ($123.24 in chips) 
Seat 2: takeaway man28 ($291.05 in chips) 
Seat 3: amphii ($20 in chips) 
Seat 4: trueYes.3970 ($10 in chips) 
Seat 5: Evelexy1 ($101.50 in chips) 
Seat 6: elcutez ($110.29 in chips) 
takeaway man28: posts small blind $0.50
amphii: posts big blind $1
trueYes.3970: posts big blind $1
*** HOLE CARDS ***
trueYes.3970: checks 
Evelexy1: folds 
elcutez: folds 
ImaPeppaPig: folds 
takeaway man28: folds 
amphii: checks 
*** FLOP *** [3h 7d 8s]
amphii: checks 
trueYes.3970: bets $2.38
amphii: folds 
Uncalled bet ($2.38) returned to trueYes.3970
trueYes.3970 collected $2.38 from pot
*** SUMMARY ***
Total pot $2.50 | Rake $0.12 
Board [3h 7d 8s]
Seat 1: ImaPeppaPig (button) folded before Flop (didn't bet)
Seat 2: takeaway man28 (small blind) folded before Flop
Seat 3: amphii (big blind) folded on the Flop
Seat 4: trueYes.3970 collected ($2.38)
Seat 5: Evelexy1 folded before Flop (didn't bet)
Seat 6: elcutez folded before Flop (didn't bet)



PokerStars Hand #254497537287:  Hold'em No Limit ($0.50/$1.00 USD) - 2025/01/22 12:11:21 WET [2025/01/22 7:11:21 ET]
Table 'Demoulina III' 6-max Seat #2 is the button
Seat 1: ImaPeppaPig ($123.24 in chips) 
Seat 2: takeaway man28 ($290.55 in chips) 
Seat 3: amphii ($20 in chips) 
Seat 4: trueYes.3970 ($11.38 in chips) 
Seat 5: Evelexy1 ($101.50 in chips) 
Seat 6: elcutez ($110.29 in chips) 
amphii: posts small blind $0.50
trueYes.3970: posts big blind $1
*** HOLE CARDS ***
Evelexy1: raises $1 to $2
elcutez has timed out
elcutez: folds 
ImaPeppaPig: folds 
elcutez is disconnected 
takeaway man28: folds 
amphii: folds 
trueYes.3970: calls $1
*** FLOP *** [Tc Th 3d]
trueYes.3970: checks 
Evelexy1: bets $1.43
trueYes.3970: calls $1.43
*** TURN *** [Tc Th 3d] [Qs]
trueYes.3970: checks 
Evelexy1: checks 
*** RIVER *** [Tc Th 3d Qs] [3h]
trueYes.3970: bets $2
Evelexy1: folds 
Uncalled bet ($2) returned to trueYes.3970
trueYes.3970 collected $6.99 from pot
trueYes.3970: doesn't show hand 
*** SUMMARY ***
Total pot $7.36 | Rake $0.37 
Board [Tc Th 3d Qs 3h]
Seat 1: ImaPeppaPig folded before Flop (didn't bet)
Seat 2: takeaway man28 (button) folded before Flop (didn't bet)
Seat 3: amphii (small blind) folded before Flop
Seat 4: trueYes.3970 (big blind) collected ($6.99)
Seat 5: Evelexy1 folded on the River
Seat 6: elcutez folded before Flop (didn't bet)



PokerStars Hand #254497547565:  Hold'em No Limit ($0.50/$1.00 USD) - 2025/01/22 12:12:38 WET [2025/01/22 7:12:38 ET]
Table 'Demoulina III' 6-max Seat #3 is the button
Seat 6: elcutez ($110.29 in chips) is sitting out
Seat 1: ImaPeppaPig ($123.24 in chips) 
Seat 2: takeaway man28 ($290.55 in chips) 
Seat 3: amphii ($20 in chips) 
Seat 4: trueYes.3970 ($14.94 in chips) 
Seat 5: Evelexy1 ($100 in chips) 
trueYes.3970: posts small blind $0.50
Evelexy1: posts big blind $1
*** HOLE CARDS ***
ImaPeppaPig: folds 
takeaway man28: calls $1
amphii: folds 
trueYes.3970: folds 
Evelexy1: checks 
*** FLOP *** [Kc 6c 5s]
Evelexy1: checks 
takeaway man28: bets $1.19
Evelexy1: folds 
Uncalled bet ($1.19) returned to takeaway man28
takeaway man28 collected $2.38 from pot
*** SUMMARY ***
Total pot $2.50 | Rake $0.12 
Board [Kc 6c 5s]
Seat 6: elcutez
Seat 1: ImaPeppaPig folded before Flop (didn't bet)
Seat 2: takeaway man28 collected ($2.38)
Seat 3: amphii (button) folded before Flop (didn't bet)
Seat 4: trueYes.3970 (small blind) folded before Flop
Seat 5: Evelexy1 (big blind) folded on the Flop



PokerStars Hand #254497552743:  Hold'em No Limit ($0.50/$1.00 USD) - 2025/01/22 12:13:18 WET [2025/01/22 7:13:18 ET]
Table 'Demoulina III' 6-max Seat #4 is the button
Seat 6: elcutez ($110.29 in chips) is sitting out
Seat 1: ImaPeppaPig ($123.24 in chips) 
Seat 2: takeaway man28 ($291.93 in chips) 
Seat 3: amphii ($20 in chips) 
Seat 4: trueYes.3970 ($14.44 in chips) 
Seat 5: Evelexy1 ($100 in chips) 
Evelexy1: posts small blind $0.50
ImaPeppaPig: posts big blind $1
*** HOLE CARDS ***
takeaway man28: raises $1 to $2
amphii: folds 
trueYes.3970: folds 
Evelexy1: folds 
ImaPeppaPig: calls $1
*** FLOP *** [Kc Tc Qc]
ImaPeppaPig: checks 
takeaway man28: checks 
*** TURN *** [Kc Tc Qc] [7d]
ImaPeppaPig: checks 
takeaway man28: bets $2.14
ImaPeppaPig: folds 
Uncalled bet ($2.14) returned to takeaway man28
takeaway man28 collected $4.28 from pot
*** SUMMARY ***
Total pot $4.50 | Rake $0.22 
Board [Kc Tc Qc 7d]
Seat 6: elcutez
Seat 1: ImaPeppaPig (big blind) folded on the Turn
Seat 2: takeaway man28 collected ($4.28)
Seat 3: amphii folded before Flop (didn't bet)
Seat 4: trueYes.3970 (button) folded before Flop (didn't bet)
Seat 5: Evelexy1 (small blind) folded before Flop



PokerStars Hand #254497556934:  Hold'em No Limit ($0.50/$1.00 USD) - 2025/01/22 12:13:50 WET [2025/01/22 7:13:50 ET]
Table 'Demoulina III' 6-max Seat #5 is the button
Seat 6: elcutez ($110.29 in chips) is sitting out
Seat 1: ImaPeppaPig ($121.24 in chips) 
Seat 2: takeaway man28 ($294.21 in chips) 
Seat 3: amphii ($20 in chips) 
Seat 4: trueYes.3970 ($14.44 in chips) 
Seat 5: Evelexy1 ($100 in chips) 
ImaPeppaPig: posts small blind $0.50
takeaway man28: posts big blind $1
*** HOLE CARDS ***
amphii: folds 
trueYes.3970: raises $2.50 to $3.50
Evelexy1: folds 
ImaPeppaPig: folds 
takeaway man28: calls $2.50
*** FLOP *** [Ad Th 5h]
takeaway man28: checks 
trueYes.3970: checks 
*** TURN *** [Ad Th 5h] [3h]
takeaway man28: bets $1
trueYes.3970: calls $1
*** RIVER *** [Ad Th 5h 3h] [Qc]
takeaway man28: bets $1
trueYes.3970: calls $1
*** SHOW DOWN ***
takeaway man28: shows [9d Qh] (a pair of Queens)
trueYes.3970: mucks hand 
takeaway man28 collected $10.92 from pot
*** SUMMARY ***
Total pot $11.50 | Rake $0.58 
Board [Ad Th 5h 3h Qc]
Seat 6: elcutez
Seat 1: ImaPeppaPig (small blind) folded before Flop
Seat 2: takeaway man28 (big blind) showed [9d Qh] and won ($10.92) with a pair of Queens
Seat 3: amphii folded before Flop (didn't bet)
Seat 4: trueYes.3970 mucked
Seat 5: Evelexy1 (button) folded before Flop (didn't bet)



PokerStars Hand #254497561742:  Hold'em No Limit ($0.50/$1.00 USD) - 2025/01/22 12:14:27 WET [2025/01/22 7:14:27 ET]
Table 'Demoulina III' 6-max Seat #1 is the button
Seat 6: elcutez ($110.29 in chips) is sitting out
Seat 1: ImaPeppaPig ($120.74 in chips) 
Seat 2: takeaway man28 ($299.63 in chips) 
Seat 3: amphii ($20 in chips) 
Seat 4: trueYes.3970 ($8.94 in chips) 
Seat 5: Evelexy1 ($100 in chips) 
takeaway man28: posts small blind $0.50
amphii: posts big blind $1
*** HOLE CARDS ***
trueYes.3970: raises $2.50 to $3.50
Evelexy1: folds 
ImaPeppaPig: folds 
elcutez is disconnected 
takeaway man28: calls $3
amphii: folds 
*** FLOP *** [9c Ac Ts]
takeaway man28: checks 
trueYes.3970: checks 
*** TURN *** [9c Ac Ts] [2s]
takeaway man28: bets $3.80
trueYes.3970: folds 
Uncalled bet ($3.80) returned to takeaway man28
takeaway man28 collected $7.60 from pot
*** SUMMARY ***
Total pot $8 | Rake $0.40 
Board [9c Ac Ts 2s]
Seat 6: elcutez
Seat 1: ImaPeppaPig (button) folded before Flop (didn't bet)
Seat 2: takeaway man28 (small blind) collected ($7.60)
Seat 3: amphii (big blind) folded before Flop
Seat 4: trueYes.3970 folded on the Turn
Seat 5: Evelexy1 folded before Flop (didn't bet)



PokerStars Hand #254497565715:  Hold'em No Limit ($0.50/$1.00 USD) - 2025/01/22 12:14:56 WET [2025/01/22 7:14:56 ET]
Table 'Demoulina III' 6-max Seat #2 is the button
Seat 6: elcutez ($110.29 in chips) is sitting out
Seat 1: ImaPeppaPig ($120.74 in chips) 
Seat 2: takeaway man28 ($303.73 in chips) 
Seat 3: amphii ($20 in chips) 
Seat 4: trueYes.3970 ($5.44 in chips) 
Seat 5: Evelexy1 ($100 in chips) 
amphii: posts small blind $0.50
trueYes.3970: posts big blind $1
*** HOLE CARDS ***
Evelexy1: raises $1 to $2
ImaPeppaPig: folds 
takeaway man28: calls $2
amphii: folds 
trueYes.3970: raises $3.44 to $5.44 and is all-in
Evelexy1: raises $4.56 to $10
takeaway man28: folds 
Uncalled bet ($4.56) returned to Evelexy1
*** FLOP *** [8d 4d 7c]
*** TURN *** [8d 4d 7c] [8s]
*** RIVER *** [8d 4d 7c 8s] [6c]
*** SHOW DOWN ***
trueYes.3970: shows [Th Kd] (a pair of Eights)
Evelexy1: shows [Qh Ac] (a pair of Eights - Ace kicker)
Evelexy1 collected $12.71 from pot
*** SUMMARY ***
Total pot $13.38 | Rake $0.67 
Board [8d 4d 7c 8s 6c]
Seat 6: elcutez
Seat 1: ImaPeppaPig folded before Flop (didn't bet)
Seat 2: takeaway man28 (button) folded before Flop
Seat 3: amphii (small blind) folded before Flop
Seat 4: trueYes.3970 (big blind) showed [Th Kd] and lost with a pair of Eights
Seat 5: Evelexy1 showed [Qh Ac] and won ($12.71) with a pair of Eights



PokerStars Hand #254497570361:  Hold'em No Limit ($0.50/$1.00 USD) - 2025/01/22 12:15:31 WET [2025/01/22 7:15:31 ET]
Table 'Demoulina III' 6-max Seat #3 is the button
Seat 4: trueYes.3970 ($0 in chips) is sitting out
Seat 6: elcutez ($110.29 in chips) is sitting out
Seat 1: ImaPeppaPig ($120.74 in chips) 
Seat 2: takeaway man28 ($301.73 in chips) 
Seat 3: amphii ($20 in chips) 
Seat 5: Evelexy1 ($107.27 in chips) 
Evelexy1: posts small blind $0.50
ImaPeppaPig: posts big blind $1
*** HOLE CARDS ***
trueYes.3970 leaves the table
takeaway man28: calls $1
amphii: folds 
Evelexy1: folds 
ave_fenix800 joins the table at seat #4 
ImaPeppaPig: checks 
*** FLOP *** [Js 4c Kc]
ImaPeppaPig: checks 
takeaway man28: bets $1.19
ImaPeppaPig: folds 
Uncalled bet ($1.19) returned to takeaway man28
takeaway man28 collected $2.38 from pot
*** SUMMARY ***
Total pot $2.50 | Rake $0.12 
Board [Js 4c Kc]
Seat 4: trueYes.3970
Seat 6: elcutez
Seat 1: ImaPeppaPig (big blind) folded on the Flop
Seat 2: takeaway man28 collected ($2.38)
Seat 3: amphii (button) folded before Flop (didn't bet)
Seat 5: Evelexy1 (small blind) folded before Flop



PokerStars Hand #254497573799:  Hold'em No Limit ($0.50/$1.00 USD) - 2025/01/22 12:15:56 WET [2025/01/22 7:15:56 ET]
Table 'Demoulina III' 6-max Seat #5 is the button
Seat 4: ave_fenix800 ($100 in chips) is sitting out
Seat 6: elcutez ($110.29 in chips) is sitting out
Seat 1: ImaPeppaPig ($119.74 in chips) 
Seat 2: takeaway man28 ($303.11 in chips) 
Seat 3: amphii ($20 in chips) 
Seat 5: Evelexy1 ($106.77 in chips) 
ImaPeppaPig: posts small blind $0.50
takeaway man28: posts big blind $1
ave_fenix800: sits out 
*** HOLE CARDS ***
amphii: folds 
Evelexy1: raises $1.50 to $2.50
ImaPeppaPig: folds 
takeaway man28: calls $1.50
*** FLOP *** [Kd 3d 2c]
takeaway man28: checks 
Evelexy1: bets $1.74
takeaway man28: raises $1.74 to $3.48
Evelexy1: calls $1.74
*** TURN *** [Kd 3d 2c] [Ts]
takeaway man28: bets $5.92
Evelexy1: folds 
Uncalled bet ($5.92) returned to takeaway man28
takeaway man28 collected $11.84 from pot
*** SUMMARY ***
Total pot $12.46 | Rake $0.62 
Board [Kd 3d 2c Ts]
Seat 4: ave_fenix800
Seat 6: elcutez
Seat 1: ImaPeppaPig (small blind) folded before Flop
Seat 2: takeaway man28 (big blind) collected ($11.84)
Seat 3: amphii folded before Flop (didn't bet)
Seat 5: Evelexy1 (button) folded on the Turn



PokerStars Hand #254497578962:  Hold'em No Limit ($0.50/$1.00 USD) - 2025/01/22 12:16:34 WET [2025/01/22 7:16:34 ET]
Table 'Demoulina III' 6-max Seat #1 is the button
Seat 4: ave_fenix800 ($100 in chips) is sitting out
Seat 1: ImaPeppaPig ($119.24 in chips) 
Seat 2: takeaway man28 ($308.97 in chips) 
Seat 3: amphii ($20 in chips) 
Seat 5: Evelexy1 ($100.79 in chips) 
Seat 6: elcutez ($110.29 in chips) 
takeaway man28: posts small blind $0.50
amphii: posts big blind $1
ave_fenix800: sits out 
elcutez: posts small & big blinds $1.50
*** HOLE CARDS ***
Evelexy1: folds 
elcutez: checks 
ImaPeppaPig: folds 
takeaway man28: folds 
amphii: checks 
*** FLOP *** [Qh Jd 4s]
amphii: checks 
elcutez: bets $1.43
amphii: calls $1.43
*** TURN *** [Qh Jd 4s] [5s]
amphii: checks 
elcutez: checks 
*** RIVER *** [Qh Jd 4s 5s] [Qc]
amphii: bets $4.18
elcutez: folds 
Uncalled bet ($4.18) returned to amphii
amphii collected $5.57 from pot
amphii: doesn't show hand 
*** SUMMARY ***
Total pot $5.86 | Rake $0.29 
Board [Qh Jd 4s 5s Qc]
Seat 4: ave_fenix800
Seat 1: ImaPeppaPig (button) folded before Flop (didn't bet)
Seat 2: takeaway man28 (small blind) folded before Flop
Seat 3: amphii (big blind) collected ($5.57)
Seat 5: Evelexy1 folded before Flop (didn't bet)
Seat 6: elcutez folded on the River



PokerStars Hand #254497583897:  Hold'em No Limit ($0.50/$1.00 USD) - 2025/01/22 12:17:11 WET [2025/01/22 7:17:11 ET]
Table 'Demoulina III' 6-max Seat #2 is the button
Seat 1: ImaPeppaPig ($119.24 in chips) 
Seat 2: takeaway man28 ($308.47 in chips) 
Seat 3: amphii ($23.14 in chips) 
Seat 4: ave_fenix800 ($100 in chips) 
Seat 5: Evelexy1 ($100.79 in chips) 
Seat 6: elcutez ($107.36 in chips) 
amphii: posts small blind $0.50
ave_fenix800: posts big blind $1
*** HOLE CARDS ***
Evelexy1: folds 
elcutez: folds 
ImaPeppaPig: folds 
takeaway man28: raises $1 to $2
amphii: folds 
ave_fenix800: folds 
Uncalled bet ($1) returned to takeaway man28
takeaway man28 collected $2.50 from pot
*** SUMMARY ***
Total pot $2.50 | Rake $0 
Seat 1: ImaPeppaPig folded before Flop (didn't bet)
Seat 2: takeaway man28 (button) collected ($2.50)
Seat 3: amphii (small blind) folded before Flop
Seat 4: ave_fenix800 (big blind) folded before Flop
Seat 5: Evelexy1 folded before Flop (didn't bet)
Seat 6: elcutez folded before Flop (didn't bet)



PokerStars Hand #254497586529:  Hold'em No Limit ($0.50/$1.00 USD) - 2025/01/22 12:17:30 WET [2025/01/22 7:17:30 ET]
Table 'Demoulina III' 6-max Seat #3 is the button
Seat 1: ImaPeppaPig ($119.24 in chips) 
Seat 2: takeaway man28 ($309.97 in chips) 
Seat 3: amphii ($22.64 in chips) 
Seat 4: ave_fenix800 ($100 in chips) 
Seat 5: Evelexy1 ($100.79 in chips) 
Seat 6: elcutez ($107.36 in chips) 
ave_fenix800: posts small blind $0.50
Evelexy1: posts big blind $1
*** HOLE CARDS ***
elcutez: folds 
ImaPeppaPig: folds 
takeaway man28: raises $1 to $2
amphii: folds 
ave_fenix800: folds 
Evelexy1: raises $7.76 to $9.76
takeaway man28: folds 
Uncalled bet ($7.76) returned to Evelexy1
Evelexy1 collected $4.50 from pot
Evelexy1: doesn't show hand 
*** SUMMARY ***
Total pot $4.50 | Rake $0 
Seat 1: ImaPeppaPig folded before Flop (didn't bet)
Seat 2: takeaway man28 folded before Flop
Seat 3: amphii (button) folded before Flop (didn't bet)
Seat 4: ave_fenix800 (small blind) folded before Flop
Seat 5: Evelexy1 (big blind) collected ($4.50)
Seat 6: elcutez folded before Flop (didn't bet)



PokerStars Hand #254497590297:  Hold'em No Limit ($0.50/$1.00 USD) - 2025/01/22 12:17:58 WET [2025/01/22 7:17:58 ET]
Table 'Demoulina III' 6-max Seat #4 is the button
Seat 6: elcutez ($107.36 in chips) is sitting out
Seat 1: ImaPeppaPig ($119.24 in chips) 
Seat 2: takeaway man28 ($307.97 in chips) 
Seat 3: amphii ($22.64 in chips) 
Seat 4: ave_fenix800 ($100 in chips) 
Seat 5: Evelexy1 ($103.29 in chips) 
Evelexy1: posts small blind $0.50
elcutez has timed out
elcutez: is sitting out 
ImaPeppaPig: posts big blind $1
*** HOLE CARDS ***
takeaway man28: calls $1
amphii: folds 
elcutez is disconnected 
ave_fenix800: folds 
Evelexy1: folds 
ImaPeppaPig: checks 
*** FLOP *** [9d 4h Ac]
ImaPeppaPig: checks 
takeaway man28: bets $1
ImaPeppaPig: folds 
Uncalled bet ($1) returned to takeaway man28
takeaway man28 collected $2.38 from pot
*** SUMMARY ***
Total pot $2.50 | Rake $0.12 
Board [9d 4h Ac]
Seat 6: elcutez
Seat 1: ImaPeppaPig (big blind) folded on the Flop
Seat 2: takeaway man28 collected ($2.38)
Seat 3: amphii folded before Flop (didn't bet)
Seat 4: ave_fenix800 (button) folded before Flop (didn't bet)
Seat 5: Evelexy1 (small blind) folded before Flop



PokerStars Hand #254497596294:  Hold'em No Limit ($0.50/$1.00 USD) - 2025/01/22 12:18:43 WET [2025/01/22 7:18:43 ET]
Table 'Demoulina III' 6-max Seat #5 is the button
Seat 6: elcutez ($107.36 in chips) is sitting out
Seat 1: ImaPeppaPig ($118.24 in chips) 
Seat 2: takeaway man28 ($309.35 in chips) 
Seat 3: amphii ($22.64 in chips) 
Seat 4: ave_fenix800 ($100 in chips) 
Seat 5: Evelexy1 ($102.79 in chips) 
ImaPeppaPig: posts small blind $0.50
takeaway man28: posts big blind $1
*** HOLE CARDS ***
amphii: folds 
amphii leaves the table
ave_fenix800: folds 
Evelexy1: folds 
ImaPeppaPig: folds 
Uncalled bet ($0.50) returned to takeaway man28
takeaway man28 collected $1 from pot
*** SUMMARY ***
Total pot $1 | Rake $0 
Seat 6: elcutez
Seat 1: ImaPeppaPig (small blind) folded before Flop
Seat 2: takeaway man28 (big blind) collected ($1)
Seat 3: amphii folded before Flop (didn't bet)
Seat 4: ave_fenix800 folded before Flop (didn't bet)
Seat 5: Evelexy1 (button) folded before Flop (didn't bet)



PokerStars Hand #254497598099:  Hold'em No Limit ($0.50/$1.00 USD) - 2025/01/22 12:18:56 WET [2025/01/22 7:18:56 ET]
Table 'Demoulina III' 6-max Seat #1 is the button
Seat 6: elcutez ($107.36 in chips) is sitting out
Seat 1: ImaPeppaPig ($117.74 in chips) 
Seat 2: takeaway man28 ($309.85 in chips) 
Seat 4: ave_fenix800 ($100 in chips) 
Seat 5: Evelexy1 ($102.79 in chips) 
takeaway man28: posts small blind $0.50
ave_fenix800: posts big blind $1
*** HOLE CARDS ***
Evelexy1: folds 
ImaPeppaPig: raises $1.50 to $2.50
takeaway man28: calls $2
ave_fenix800: raises $11 to $13.50
ImaPeppaPig: raises $104.24 to $117.74 and is all-in
takeaway man28: folds 
ave_fenix800: folds 
Uncalled bet ($104.24) returned to ImaPeppaPig
takeaway man28 leaves the table
ImaPeppaPig collected $29.50 from pot
ImaPeppaPig: doesn't show hand 
Ship4545 joins the table at seat #3 
Ship4545 is disconnected 
*** SUMMARY ***
Total pot $29.50 | Rake $0 
Seat 6: elcutez
Seat 1: ImaPeppaPig (button) collected ($29.50)
Seat 2: takeaway man28 (small blind) folded before Flop
Seat 4: ave_fenix800 (big blind) folded before Flop
Seat 5: Evelexy1 folded before Flop (didn't bet)



PokerStars Hand #254497604744:  Hold'em No Limit ($0.50/$1.00 USD) - 2025/01/22 12:19:44 WET [2025/01/22 7:19:44 ET]
Table 'Demoulina III' 6-max Seat #4 is the button
Seat 3: Ship4545 ($20.06 in chips) is sitting out
Seat 6: elcutez ($107.36 in chips) is sitting out
Seat 1: ImaPeppaPig ($133.74 in chips) 
Seat 4: ave_fenix800 ($100 in chips) 
Seat 5: Evelexy1 ($102.79 in chips) 
Evelexy1: posts small blind $0.50
ImaPeppaPig: posts big blind $1
Ship4545: sits out 
*** HOLE CARDS ***
ave_fenix800: raises $1.50 to $2.50
Evelexy1: folds 
Melenya joins the table at seat #2 
ImaPeppaPig: folds 
Uncalled bet ($1.50) returned to ave_fenix800
ave_fenix800 collected $2.50 from pot
ave_fenix800: doesn't show hand 
*** SUMMARY ***
Total pot $2.50 | Rake $0 
Seat 3: Ship4545
Seat 6: elcutez
Seat 1: ImaPeppaPig (big blind) folded before Flop
Seat 4: ave_fenix800 (button) collected ($2.50)
Seat 5: Evelexy1 (small blind) folded before Flop



PokerStars Hand #254497606128:  Hold'em No Limit ($0.50/$1.00 USD) - 2025/01/22 12:19:54 WET [2025/01/22 7:19:54 ET]
Table 'Demoulina III' 6-max Seat #5 is the button
Seat 3: Ship4545 ($20.06 in chips) is sitting out
Seat 6: elcutez ($107.36 in chips) is sitting out
Seat 1: ImaPeppaPig ($132.74 in chips) 
Seat 2: Melenya ($100 in chips) 
Seat 4: ave_fenix800 ($101.50 in chips) 
Seat 5: Evelexy1 ($102.29 in chips) 
ImaPeppaPig: posts small blind $0.50
Melenya: posts big blind $1
Ship4545: sits out 
*** HOLE CARDS ***
ave_fenix800: raises $1.50 to $2.50
Evelexy1: folds 
ImaPeppaPig: folds 
Melenya: calls $1.50
*** FLOP *** [4s 6h Ah]
Melenya: checks 
ave_fenix800: bets $1.72
Melenya: folds 
Uncalled bet ($1.72) returned to ave_fenix800
ave_fenix800 collected $5.22 from pot
ave_fenix800: doesn't show hand 
*** SUMMARY ***
Total pot $5.50 | Rake $0.28 
Board [4s 6h Ah]
Seat 3: Ship4545
Seat 6: elcutez
Seat 1: ImaPeppaPig (small blind) folded before Flop
Seat 2: Melenya (big blind) folded on the Flop
Seat 4: ave_fenix800 collected ($5.22)
Seat 5: Evelexy1 (button) folded before Flop (didn't bet)



PokerStars Hand #254497609477:  Hold'em No Limit ($0.50/$1.00 USD) - 2025/01/22 12:20:19 WET [2025/01/22 7:20:19 ET]
Table 'Demoulina III' 6-max Seat #1 is the button
Seat 6: elcutez ($107.36 in chips) is sitting out
Seat 1: ImaPeppaPig ($132.24 in chips) 
Seat 2: Melenya ($100 in chips) 
Seat 3: Ship4545 ($20.06 in chips) 
Seat 4: ave_fenix800 ($104.22 in chips) 
Seat 5: Evelexy1 ($102.29 in chips) 
Melenya: posts small blind $0.50
Ship4545: posts big blind $1
*** HOLE CARDS ***
ave_fenix800: folds 
Evelexy1: folds 
ImaPeppaPig: folds 
Melenya: raises $2 to $3
Ship4545: calls $2
*** FLOP *** [Tc 2h Qc]
Melenya: bets $4.28
Ship4545: calls $4.28
*** TURN *** [Tc 2h Qc] [3c]
Melenya: bets $13.83
Ship4545: calls $12.78 and is all-in
Uncalled bet ($1.05) returned to Melenya
*** RIVER *** [Tc 2h Qc 3c] [5c]
*** SHOW DOWN ***
Melenya: shows [Ks Ac] (a flush, Ace high)
Ship4545: shows [4s Kc] (a flush, King high)
Melenya collected $38.11 from pot
*** SUMMARY ***
Total pot $40.12 | Rake $2.01 
Board [Tc 2h Qc 3c 5c]
Seat 6: elcutez
Seat 1: ImaPeppaPig (button) folded before Flop (didn't bet)
Seat 2: Melenya (small blind) showed [Ks Ac] and won ($38.11) with a flush, Ace high
Seat 3: Ship4545 (big blind) showed [4s Kc] and lost with a flush, King high
Seat 4: ave_fenix800 folded before Flop (didn't bet)
Seat 5: Evelexy1 folded before Flop (didn't bet)



PokerStars Hand #254497619522:  Hold'em No Limit ($0.50/$1.00 USD) - 2025/01/22 12:21:32 WET [2025/01/22 7:21:32 ET]
Table 'Demoulina III' 6-max Seat #2 is the button
Seat 3: Ship4545 ($0 in chips) is sitting out
Seat 6: elcutez ($107.36 in chips) is sitting out
Seat 1: ImaPeppaPig ($132.24 in chips) 
Seat 2: Melenya ($118.05 in chips) 
Seat 4: ave_fenix800 ($104.22 in chips) 
Seat 5: Evelexy1 ($102.29 in chips) 
ave_fenix800: posts small blind $0.50
Evelexy1: posts big blind $1
*** HOLE CARDS ***
ImaPeppaPig: folds 
Melenya: raises $1.50 to $2.50
Ship4545 leaves the table
ave_fenix800: folds 
Evelexy1: calls $1.50
*** FLOP *** [8c 4h 5h]
Evelexy1: bets $1.74
Melenya: calls $1.74
*** TURN *** [8c 4h 5h] [Ah]
Evelexy1: checks 
Melenya: bets $6.40
Evelexy1: calls $6.40
*** RIVER *** [8c 4h 5h Ah] [9d]
Evelexy1: checks 
Melenya: checks 
*** SHOW DOWN ***
Evelexy1: shows [Qh 6h] (a flush, Ace high)
Melenya: mucks hand 
Evelexy1 collected $20.78 from pot
*** SUMMARY ***
Total pot $21.78 | Rake $1 
Board [8c 4h 5h Ah 9d]
Seat 3: Ship4545
Seat 6: elcutez
Seat 1: ImaPeppaPig folded before Flop (didn't bet)
Seat 2: Melenya (button) mucked
Seat 4: ave_fenix800 (small blind) folded before Flop
Seat 5: Evelexy1 (big blind) showed [Qh 6h] and won ($20.78) with a flush, Ace high



PokerStars Hand #254497626782:  Hold'em No Limit ($0.50/$1.00 USD) - 2025/01/22 12:22:25 WET [2025/01/22 7:22:25 ET]
Table 'Demoulina III' 6-max Seat #4 is the button
Seat 6: elcutez ($107.36 in chips) is sitting out
Seat 1: ImaPeppaPig ($132.24 in chips) 
Seat 2: Melenya ($107.41 in chips) 
Seat 4: ave_fenix800 ($103.72 in chips) 
Seat 5: Evelexy1 ($112.43 in chips) 
Evelexy1: posts small blind $0.50
ImaPeppaPig: posts big blind $1
*** HOLE CARDS ***
Melenya: raises $1.30 to $2.30
ave_fenix800: folds 
Evelexy1: folds 
ImaPeppaPig: folds 
Uncalled bet ($1.30) returned to Melenya
Melenya collected $2.50 from pot
Melenya: doesn't show hand 
*** SUMMARY ***
Total pot $2.50 | Rake $0 
Seat 6: elcutez
Seat 1: ImaPeppaPig (big blind) folded before Flop
Seat 2: Melenya collected ($2.50)
Seat 4: ave_fenix800 (button) folded before Flop (didn't bet)
Seat 5: Evelexy1 (small blind) folded before Flop



PokerStars Hand #254497628319:  Hold'em No Limit ($0.50/$1.00 USD) - 2025/01/22 12:22:36 WET [2025/01/22 7:22:36 ET]
Table 'Demoulina III' 6-max Seat #5 is the button
Seat 2: Melenya ($108.91 in chips) is sitting out
Seat 6: elcutez ($107.36 in chips) is sitting out
Seat 1: ImaPeppaPig ($131.24 in chips) 
Seat 4: ave_fenix800 ($103.72 in chips) 
Seat 5: Evelexy1 ($111.93 in chips) 
ImaPeppaPig: posts small blind $0.50
Melenya: is sitting out 
ave_fenix800: posts big blind $1
*** HOLE CARDS ***
Evelexy1: raises $1.50 to $2.50
ImaPeppaPig: raises $8.50 to $11
Melenya leaves the table
ave_fenix800: folds 
Evelexy1: folds 
Uncalled bet ($8.50) returned to ImaPeppaPig
ImaPeppaPig collected $6 from pot
ImaPeppaPig: doesn't show hand 
*** SUMMARY ***
Total pot $6 | Rake $0 
Seat 2: Melenya
Seat 6: elcutez
Seat 1: ImaPeppaPig (small blind) collected ($6)
Seat 4: ave_fenix800 (big blind) folded before Flop
Seat 5: Evelexy1 (button) folded before Flop



PokerStars Hand #254497630163:  Hold'em No Limit ($0.50/$1.00 USD) - 2025/01/22 12:22:50 WET [2025/01/22 7:22:50 ET]
Table 'Demoulina III' 6-max Seat #1 is the button
Seat 6: elcutez ($107.36 in chips) is sitting out
Seat 1: ImaPeppaPig ($134.74 in chips) 
Seat 4: ave_fenix800 ($102.72 in chips) 
Seat 5: Evelexy1 ($109.43 in chips) 
ave_fenix800: posts small blind $0.50
Evelexy1: posts big blind $1
*** HOLE CARDS ***
ImaPeppaPig: raises $1.50 to $2.50
ave_fenix800: folds 
Evelexy1: calls $1.50
*** FLOP *** [6c 7c Kd]
Evelexy1: checks 
ImaPeppaPig: bets $3
Evelexy1: folds 
Uncalled bet ($3) returned to ImaPeppaPig
ImaPeppaPig collected $5.22 from pot
ImaPeppaPig: doesn't show hand 
*** SUMMARY ***
Total pot $5.50 | Rake $0.28 
Board [6c 7c Kd]
Seat 6: elcutez
Seat 1: ImaPeppaPig (button) collected ($5.22)
Seat 4: ave_fenix800 (small blind) folded before Flop
Seat 5: Evelexy1 (big blind) folded on the Flop



PokerStars Hand #254497632362:  Hold'em No Limit ($0.50/$1.00 USD) - 2025/01/22 12:23:06 WET [2025/01/22 7:23:06 ET]
Table 'Demoulina III' 6-max Seat #4 is the button
Seat 6: elcutez ($107.36 in chips) is sitting out
Seat 1: ImaPeppaPig ($137.46 in chips) 
Seat 4: ave_fenix800 ($102.22 in chips) 
Seat 5: Evelexy1 ($106.93 in chips) 
Evelexy1: posts small blind $0.50
ImaPeppaPig: posts big blind $1
*** HOLE CARDS ***
ave_fenix800: folds 
Evelexy1: folds 
Uncalled bet ($0.50) returned to ImaPeppaPig
ImaPeppaPig collected $1 from pot
elcutez leaves the table
ImaPeppaPig: doesn't show hand 
*** SUMMARY ***
Total pot $1 | Rake $0 
Seat 6: elcutez
Seat 1: ImaPeppaPig (big blind) collected ($1)
Seat 4: ave_fenix800 (button) folded before Flop (didn't bet)
Seat 5: Evelexy1 (small blind) folded before Flop



PokerStars Hand #254497634597:  Hold'em No Limit ($0.50/$1.00 USD) - 2025/01/22 12:23:22 WET [2025/01/22 7:23:22 ET]
Table 'Demoulina III' 6-max Seat #5 is the button
Seat 1: ImaPeppaPig ($137.96 in chips) 
Seat 4: ave_fenix800 ($102.22 in chips) 
Seat 5: Evelexy1 ($106.43 in chips) 
ImaPeppaPig: posts small blind $0.50
ave_fenix800: posts big blind $1
*** HOLE CARDS ***
Evelexy1: raises $1.50 to $2.50
ImaPeppaPig: folds 
elcutez joins the table at seat #2 
ave_fenix800: raises $8.50 to $11
elcutez is disconnected 
Evelexy1: folds 
Uncalled bet ($8.50) returned to ave_fenix800
ave_fenix800 collected $5.50 from pot
ave_fenix800: doesn't show hand 
*** SUMMARY ***
Total pot $5.50 | Rake $0 
Seat 1: ImaPeppaPig (small blind) folded before Flop
Seat 4: ave_fenix800 (big blind) collected ($5.50)
Seat 5: Evelexy1 (button) folded before Flop



PokerStars Hand #254497638211:  Hold'em No Limit ($0.50/$1.00 USD) - 2025/01/22 12:23:48 WET [2025/01/22 7:23:48 ET]
Table 'Demoulina III' 6-max Seat #1 is the button
Seat 2: elcutez ($107.36 in chips) is sitting out
Seat 1: ImaPeppaPig ($137.46 in chips) 
Seat 4: ave_fenix800 ($105.22 in chips) 
Seat 5: Evelexy1 ($103.93 in chips) 
ave_fenix800: posts small blind $0.50
Evelexy1: posts big blind $1
*** HOLE CARDS ***
ImaPeppaPig: raises $1.50 to $2.50
ave_fenix800: folds 
Evelexy1: calls $1.50
*** FLOP *** [8c 9h 3h]
Evelexy1: checks 
ImaPeppaPig: bets $3.97
Evelexy1: folds 
Uncalled bet ($3.97) returned to ImaPeppaPig
ImaPeppaPig collected $5.22 from pot
ImaPeppaPig: doesn't show hand 
*** SUMMARY ***
Total pot $5.50 | Rake $0.28 
Board [8c 9h 3h]
Seat 2: elcutez
Seat 1: ImaPeppaPig (button) collected ($5.22)
Seat 4: ave_fenix800 (small blind) folded before Flop
Seat 5: Evelexy1 (big blind) folded on the Flop



PokerStars Hand #254497640738:  Hold'em No Limit ($0.50/$1.00 USD) - 2025/01/22 12:24:06 WET [2025/01/22 7:24:06 ET]
Table 'Demoulina III' 6-max Seat #4 is the button
Seat 2: elcutez ($107.36 in chips) is sitting out
Seat 1: ImaPeppaPig ($140.18 in chips) 
Seat 4: ave_fenix800 ($104.72 in chips) 
Seat 5: Evelexy1 ($101.43 in chips) 
Evelexy1: posts small blind $0.50
ImaPeppaPig: posts big blind $1
*** HOLE CARDS ***
ave_fenix800: raises $1.20 to $2.20
Evelexy1: folds 
ImaPeppaPig: folds 
Uncalled bet ($1.20) returned to ave_fenix800
ave_fenix800 collected $2.50 from pot
ave_fenix800: doesn't show hand 
*** SUMMARY ***
Total pot $2.50 | Rake $0 
Seat 2: elcutez
Seat 1: ImaPeppaPig (big blind) folded before Flop
Seat 4: ave_fenix800 (button) collected ($2.50)
Seat 5: Evelexy1 (small blind) folded before Flop



PokerStars Hand #254497642542:  Hold'em No Limit ($0.50/$1.00 USD) - 2025/01/22 12:24:18 WET [2025/01/22 7:24:18 ET]
Table 'Demoulina III' 6-max Seat #5 is the button
Seat 2: elcutez ($107.36 in chips) is sitting out
Seat 1: ImaPeppaPig ($139.18 in chips) 
Seat 4: ave_fenix800 ($106.22 in chips) 
Seat 5: Evelexy1 ($100.93 in chips) 
ImaPeppaPig: posts small blind $0.50
ave_fenix800: posts big blind $1
*** HOLE CARDS ***
Evelexy1: folds 
ImaPeppaPig: raises $2 to $3
elcutez is disconnected 
Evelexy1 leaves the table
ave_fenix800: raises $6 to $9
ImaPeppaPig: folds 
Uncalled bet ($6) returned to ave_fenix800
ave_fenix800 collected $6 from pot
ave_fenix800: doesn't show hand 
*** SUMMARY ***
Total pot $6 | Rake $0 
Seat 2: elcutez
Seat 1: ImaPeppaPig (small blind) folded before Flop
Seat 4: ave_fenix800 (big blind) collected ($6)
Seat 5: Evelexy1 (button) folded before Flop (didn't bet)



PokerStars Hand #254497647255:  Hold'em No Limit ($0.50/$1.00 USD) - 2025/01/22 12:24:52 WET [2025/01/22 7:24:52 ET]
Table 'Demoulina III' 6-max Seat #4 is the button
Seat 2: elcutez ($107.36 in chips) is sitting out
Seat 1: ImaPeppaPig ($136.18 in chips) 
Seat 4: ave_fenix800 ($109.22 in chips) 
ave_fenix800: posts small blind $0.50
ImaPeppaPig: posts big blind $1
*** HOLE CARDS ***
ave_fenix800: raises $1.50 to $2.50
ImaPeppaPig: folds 
Uncalled bet ($1.50) returned to ave_fenix800
ave_fenix800 collected $2 from pot
ave_fenix800: doesn't show hand 
*** SUMMARY ***
Total pot $2 | Rake $0 
Seat 2: elcutez
Seat 1: ImaPeppaPig (big blind) folded before Flop
Seat 4: ave_fenix800 (button) (small blind) collected ($2)



