PokerStars Hand #254497020041:  Hold'em No Limit ($0.50/$1.00 USD) - 2025/01/22 11:02:05 WET [2025/01/22 6:02:05 ET]
Table 'Tamara IV' 6-max Seat #4 is the button
Seat 1: SGodoyJr ($100 in chips) 
Seat 2: coeeeelho ($113.49 in chips) 
Seat 3: Caiovhb ($100 in chips) 
Seat 4: Y_19 ($106.08 in chips) 
Seat 5: gig.gyty ($100 in chips) 
Seat 6: Luan777Poker ($53.66 in chips) 
gig.gyty: posts small blind $0.50
Luan777Poker: posts big blind $1
*** HOLE CARDS ***
SGodoyJr: folds 
coeeeelho: folds 
Caiovhb: folds 
Y_19: raises $1.23 to $2.23
gig.gyty: folds 
Luan777Poker: calls $1.23
*** FLOP *** [Jc 3s 4d]
Luan777Poker: checks 
Y_19: bets $1.55
Luan777Poker: calls $1.55
*** TURN *** [Jc 3s 4d] [Kh]
Luan777Poker: checks 
Y_19: checks 
*** RIVER *** [Jc 3s 4d Kh] [Qd]
Luan777Poker: checks 
Y_19: bets $3.83
Luan777Poker: folds 
Uncalled bet ($3.83) returned to Y_19
Y_19 collected $7.66 from pot
Y_19: doesn't show hand 
*** SUMMARY ***
Total pot $8.06 | Rake $0.40 
Board [Jc 3s 4d Kh Qd]
Seat 1: SGodoyJr folded before Flop (didn't bet)
Seat 2: coeeeelho folded before Flop (didn't bet)
Seat 3: Caiovhb folded before Flop (didn't bet)
Seat 4: Y_19 (button) collected ($7.66)
Seat 5: gig.gyty (small blind) folded before Flop
Seat 6: Luan777Poker (big blind) folded on the River



PokerStars Hand #254497024088:  Hold'em No Limit ($0.50/$1.00 USD) - 2025/01/22 11:02:41 WET [2025/01/22 6:02:41 ET]
Table 'Tamara IV' 6-max Seat #5 is the button
Seat 1: SGodoyJr ($100 in chips) 
Seat 2: coeeeelho ($113.49 in chips) 
Seat 3: Caiovhb ($100 in chips) 
Seat 4: Y_19 ($109.96 in chips) 
Seat 5: gig.gyty ($100 in chips) 
Seat 6: Luan777Poker ($49.88 in chips) 
Luan777Poker: posts small blind $0.50
SGodoyJr: posts big blind $1
*** HOLE CARDS ***
coeeeelho: raises $1.10 to $2.10
Caiovhb: raises $4.90 to $7
Y_19: folds 
gig.gyty: folds 
Luan777Poker: folds 
SGodoyJr: folds 
coeeeelho: folds 
Uncalled bet ($4.90) returned to Caiovhb
Caiovhb collected $5.70 from pot
Caiovhb: doesn't show hand 
*** SUMMARY ***
Total pot $5.70 | Rake $0 
Seat 1: SGodoyJr (big blind) folded before Flop
Seat 2: coeeeelho folded before Flop
Seat 3: Caiovhb collected ($5.70)
Seat 4: Y_19 folded before Flop (didn't bet)
Seat 5: gig.gyty (button) folded before Flop (didn't bet)
Seat 6: Luan777Poker (small blind) folded before Flop



PokerStars Hand #254497026041:  Hold'em No Limit ($0.50/$1.00 USD) - 2025/01/22 11:02:58 WET [2025/01/22 6:02:58 ET]
Table 'Tamara IV' 6-max Seat #6 is the button
Seat 1: SGodoyJr ($100 in chips) 
Seat 2: coeeeelho ($111.39 in chips) 
Seat 3: Caiovhb ($103.60 in chips) 
Seat 4: Y_19 ($109.96 in chips) 
Seat 5: gig.gyty ($100 in chips) 
Seat 6: Luan777Poker ($49.38 in chips) 
SGodoyJr: posts small blind $0.50
coeeeelho: posts big blind $1
*** HOLE CARDS ***
Caiovhb: folds 
Y_19: folds 
gig.gyty: folds 
Luan777Poker: folds 
SGodoyJr: folds 
Uncalled bet ($0.50) returned to coeeeelho
coeeeelho collected $1 from pot
*** SUMMARY ***
Total pot $1 | Rake $0 
Seat 1: SGodoyJr (small blind) folded before Flop
Seat 2: coeeeelho (big blind) collected ($1)
Seat 3: Caiovhb folded before Flop (didn't bet)
Seat 4: Y_19 folded before Flop (didn't bet)
Seat 5: gig.gyty folded before Flop (didn't bet)
Seat 6: Luan777Poker (button) folded before Flop (didn't bet)



PokerStars Hand #254497027423:  Hold'em No Limit ($0.50/$1.00 USD) - 2025/01/22 11:03:10 WET [2025/01/22 6:03:10 ET]
Table 'Tamara IV' 6-max Seat #1 is the button
Seat 1: SGodoyJr ($100 in chips) 
Seat 2: coeeeelho ($111.89 in chips) 
Seat 3: Caiovhb ($103.60 in chips) 
Seat 4: Y_19 ($109.96 in chips) 
Seat 5: gig.gyty ($100 in chips) 
Seat 6: Luan777Poker ($49.38 in chips) 
coeeeelho: posts small blind $0.50
Caiovhb: posts big blind $1
*** HOLE CARDS ***
Y_19: folds 
gig.gyty: folds 
Luan777Poker: raises $1 to $2
SGodoyJr: folds 
coeeeelho: folds 
Caiovhb: calls $1
*** FLOP *** [2d 6d Ts]
Caiovhb: checks 
Luan777Poker: bets $2.14
Caiovhb: folds 
Uncalled bet ($2.14) returned to Luan777Poker
Luan777Poker collected $4.28 from pot
*** SUMMARY ***
Total pot $4.50 | Rake $0.22 
Board [2d 6d Ts]
Seat 1: SGodoyJr (button) folded before Flop (didn't bet)
Seat 2: coeeeelho (small blind) folded before Flop
Seat 3: Caiovhb (big blind) folded on the Flop
Seat 4: Y_19 folded before Flop (didn't bet)
Seat 5: gig.gyty folded before Flop (didn't bet)
Seat 6: Luan777Poker collected ($4.28)



PokerStars Hand #254497030123:  Hold'em No Limit ($0.50/$1.00 USD) - 2025/01/22 11:03:33 WET [2025/01/22 6:03:33 ET]
Table 'Tamara IV' 6-max Seat #2 is the button
Seat 4: Y_19 ($109.96 in chips) is sitting out
Seat 5: gig.gyty ($100 in chips) is sitting out
Seat 1: SGodoyJr ($100 in chips) 
Seat 2: coeeeelho ($111.39 in chips) 
Seat 3: Caiovhb ($101.60 in chips) 
Seat 6: Luan777Poker ($51.66 in chips) 
Caiovhb: posts small blind $0.50
Y_19: is sitting out 
gig.gyty: is sitting out 
Luan777Poker: posts big blind $1
*** HOLE CARDS ***
SGodoyJr: folds 
gig.gyty leaves the table
Y_19 leaves the table
coeeeelho: folds 
Caiovhb: raises $2 to $3
Luan777Poker: folds 
Uncalled bet ($2) returned to Caiovhb
Caiovhb collected $2 from pot
Caiovhb: doesn't show hand 
*** SUMMARY ***
Total pot $2 | Rake $0 
Seat 4: Y_19
Seat 5: gig.gyty
Seat 1: SGodoyJr folded before Flop (didn't bet)
Seat 2: coeeeelho (button) folded before Flop (didn't bet)
Seat 3: Caiovhb (small blind) collected ($2)
Seat 6: Luan777Poker (big blind) folded before Flop



PokerStars Hand #254497031998:  Hold'em No Limit ($0.50/$1.00 USD) - 2025/01/22 11:03:48 WET [2025/01/22 6:03:48 ET]
Table 'Tamara IV' 6-max Seat #3 is the button
Seat 1: SGodoyJr ($100 in chips) 
Seat 2: coeeeelho ($111.39 in chips) 
Seat 3: Caiovhb ($102.60 in chips) 
Seat 6: Luan777Poker ($50.66 in chips) 
Luan777Poker: posts small blind $0.50
SGodoyJr: posts big blind $1
*** HOLE CARDS ***
coeeeelho: raises $1.20 to $2.20
Caiovhb: folds 
Luan777Poker: folds 
SGodoyJr: raises $9.80 to $12
coeeeelho: folds 
Uncalled bet ($9.80) returned to SGodoyJr
SGodoyJr collected $4.90 from pot
SGodoyJr: doesn't show hand 
*** SUMMARY ***
Total pot $4.90 | Rake $0 
Seat 1: SGodoyJr (big blind) collected ($4.90)
Seat 2: coeeeelho folded before Flop
Seat 3: Caiovhb (button) folded before Flop (didn't bet)
Seat 6: Luan777Poker (small blind) folded before Flop



PokerStars Hand #254497034226:  Hold'em No Limit ($0.50/$1.00 USD) - 2025/01/22 11:04:08 WET [2025/01/22 6:04:08 ET]
Table 'Tamara IV' 6-max Seat #6 is the button
Seat 1: SGodoyJr ($102.70 in chips) 
Seat 2: coeeeelho ($109.19 in chips) 
Seat 3: Caiovhb ($102.60 in chips) 
Seat 6: Luan777Poker ($50.16 in chips) 
SGodoyJr: posts small blind $0.50
coeeeelho: posts big blind $1
*** HOLE CARDS ***
Caiovhb: folds 
Luan777Poker: folds 
SGodoyJr: raises $2 to $3
coeeeelho: calls $2
*** FLOP *** [2c 8c Qc]
SGodoyJr: checks 
coeeeelho: checks 
*** TURN *** [2c 8c Qc] [6h]
SGodoyJr: bets $1.43
coeeeelho: calls $1.43
*** RIVER *** [2c 8c Qc 6h] [9c]
SGodoyJr: checks 
coeeeelho: bets $12.63
SGodoyJr: calls $12.63
*** SHOW DOWN ***
coeeeelho: shows [5c Kc] (a flush, King high)
SGodoyJr: mucks hand 
coeeeelho collected $33.12 from pot
*** SUMMARY ***
Total pot $34.12 | Rake $1 
Board [2c 8c Qc 6h 9c]
Seat 1: SGodoyJr (small blind) mucked
Seat 2: coeeeelho (big blind) showed [5c Kc] and won ($33.12) with a flush, King high
Seat 3: Caiovhb folded before Flop (didn't bet)
Seat 6: Luan777Poker (button) folded before Flop (didn't bet)



PokerStars Hand #254497041779:  Hold'em No Limit ($0.50/$1.00 USD) - 2025/01/22 11:05:12 WET [2025/01/22 6:05:12 ET]
Table 'Tamara IV' 6-max Seat #1 is the button
Seat 1: SGodoyJr ($100 in chips) 
Seat 2: coeeeelho ($125.25 in chips) 
Seat 3: Caiovhb ($102.60 in chips) 
Seat 6: Luan777Poker ($50.16 in chips) 
coeeeelho: posts small blind $0.50
Caiovhb: posts big blind $1
*** HOLE CARDS ***
Luan777Poker: calls $1
SGodoyJr: raises $2.50 to $3.50
coeeeelho: folds 
Caiovhb: folds 
Luan777Poker: calls $2.50
*** FLOP *** [Ks Tc 4s]
Palacios777 joins the table at seat #4 
Luan777Poker: checks 
SGodoyJr: bets $2.02
Luan777Poker: calls $2.02
*** TURN *** [Ks Tc 4s] [9c]
Luan777Poker: checks 
SGodoyJr: bets $8.93
Luan777Poker: folds 
Uncalled bet ($8.93) returned to SGodoyJr
SGodoyJr collected $11.91 from pot
SGodoyJr: doesn't show hand 
*** SUMMARY ***
Total pot $12.54 | Rake $0.63 
Board [Ks Tc 4s 9c]
Seat 1: SGodoyJr (button) collected ($11.91)
Seat 2: coeeeelho (small blind) folded before Flop
Seat 3: Caiovhb (big blind) folded before Flop
Seat 6: Luan777Poker folded on the Turn



PokerStars Hand #254497046138:  Hold'em No Limit ($0.50/$1.00 USD) - 2025/01/22 11:05:50 WET [2025/01/22 6:05:50 ET]
Table 'Tamara IV' 6-max Seat #2 is the button
Seat 1: SGodoyJr ($106.39 in chips) 
Seat 2: coeeeelho ($124.75 in chips) 
Seat 3: Caiovhb ($101.60 in chips) 
Seat 4: Palacios777 ($100 in chips) 
Seat 6: Luan777Poker ($44.64 in chips) 
Caiovhb: posts small blind $0.50
Palacios777: posts big blind $1
*** HOLE CARDS ***
Luan777Poker: folds 
SGodoyJr: folds 
coeeeelho: folds 
Caiovhb: folds 
Uncalled bet ($0.50) returned to Palacios777
Palacios777 collected $1 from pot
Palacios777: doesn't show hand 
*** SUMMARY ***
Total pot $1 | Rake $0 
Seat 1: SGodoyJr folded before Flop (didn't bet)
Seat 2: coeeeelho (button) folded before Flop (didn't bet)
Seat 3: Caiovhb (small blind) folded before Flop
Seat 4: Palacios777 (big blind) collected ($1)
Seat 6: Luan777Poker folded before Flop (didn't bet)



PokerStars Hand #254497050532:  Hold'em No Limit ($0.50/$1.00 USD) - 2025/01/22 11:06:28 WET [2025/01/22 6:06:28 ET]
Table 'Tamara IV' 6-max Seat #3 is the button
Seat 1: SGodoyJr ($106.39 in chips) 
Seat 2: coeeeelho ($124.75 in chips) 
Seat 3: Caiovhb ($101.10 in chips) 
Seat 4: Palacios777 ($100.50 in chips) 
Seat 6: Luan777Poker ($44.64 in chips) 
Palacios777: posts small blind $0.50
Luan777Poker: posts big blind $1
*** HOLE CARDS ***
SGodoyJr: folds 
coeeeelho: raises $1.30 to $2.30
Caiovhb: folds 
Palacios777: folds 
Luan777Poker: calls $1.30
*** FLOP *** [4h 5h 7d]
Pon4uk.ua joins the table at seat #5 
Luan777Poker: checks 
coeeeelho: checks 
*** TURN *** [4h 5h 7d] [5d]
Luan777Poker: bets $4.84
coeeeelho: calls $4.84
*** RIVER *** [4h 5h 7d 5d] [3h]
Luan777Poker: bets $2
coeeeelho: calls $2
*** SHOW DOWN ***
Luan777Poker: shows [4c 6h] (a straight, Three to Seven)
coeeeelho: mucks hand 
Luan777Poker collected $17.84 from pot
*** SUMMARY ***
Total pot $18.78 | Rake $0.94 
Board [4h 5h 7d 5d 3h]
Seat 1: SGodoyJr folded before Flop (didn't bet)
Seat 2: coeeeelho mucked
Seat 3: Caiovhb (button) folded before Flop (didn't bet)
Seat 4: Palacios777 (small blind) folded before Flop
Seat 6: Luan777Poker (big blind) showed [4c 6h] and won ($17.84) with a straight, Three to Seven



PokerStars Hand #254497055584:  Hold'em No Limit ($0.50/$1.00 USD) - 2025/01/22 11:07:10 WET [2025/01/22 6:07:10 ET]
Table 'Tamara IV' 6-max Seat #4 is the button
Seat 5: Pon4uk.ua ($100 in chips) is sitting out
Seat 1: SGodoyJr ($106.39 in chips) 
Seat 2: coeeeelho ($115.61 in chips) 
Seat 3: Caiovhb ($101.10 in chips) 
Seat 4: Palacios777 ($100 in chips) 
Seat 6: Luan777Poker ($53.34 in chips) 
Luan777Poker: posts small blind $0.50
SGodoyJr: posts big blind $1
*** HOLE CARDS ***
coeeeelho: folds 
Caiovhb: folds 
Palacios777: folds 
Luan777Poker: folds 
Uncalled bet ($0.50) returned to SGodoyJr
SGodoyJr collected $1 from pot
SGodoyJr: doesn't show hand 
*** SUMMARY ***
Total pot $1 | Rake $0 
Seat 5: Pon4uk.ua
Seat 1: SGodoyJr (big blind) collected ($1)
Seat 2: coeeeelho folded before Flop (didn't bet)
Seat 3: Caiovhb folded before Flop (didn't bet)
Seat 4: Palacios777 (button) folded before Flop (didn't bet)
Seat 6: Luan777Poker (small blind) folded before Flop



PokerStars Hand #254497057645:  Hold'em No Limit ($0.50/$1.00 USD) - 2025/01/22 11:07:28 WET [2025/01/22 6:07:28 ET]
Table 'Tamara IV' 6-max Seat #6 is the button
Seat 5: Pon4uk.ua ($100 in chips) is sitting out
Seat 1: SGodoyJr ($106.89 in chips) 
Seat 2: coeeeelho ($115.61 in chips) 
Seat 3: Caiovhb ($101.10 in chips) 
Seat 4: Palacios777 ($100 in chips) 
Seat 6: Luan777Poker ($52.84 in chips) 
SGodoyJr: posts small blind $0.50
coeeeelho: posts big blind $1
Pon4uk.ua: sits out 
*** HOLE CARDS ***
Caiovhb: raises $1 to $2
Palacios777: folds 
Luan777Poker: folds 
SGodoyJr: folds 
coeeeelho: folds 
Uncalled bet ($1) returned to Caiovhb
Caiovhb collected $2.50 from pot
Caiovhb: doesn't show hand 
*** SUMMARY ***
Total pot $2.50 | Rake $0 
Seat 5: Pon4uk.ua
Seat 1: SGodoyJr (small blind) folded before Flop
Seat 2: coeeeelho (big blind) folded before Flop
Seat 3: Caiovhb collected ($2.50)
Seat 4: Palacios777 folded before Flop (didn't bet)
Seat 6: Luan777Poker (button) folded before Flop (didn't bet)



PokerStars Hand #254497059102:  Hold'em No Limit ($0.50/$1.00 USD) - 2025/01/22 11:07:40 WET [2025/01/22 6:07:40 ET]
Table 'Tamara IV' 6-max Seat #1 is the button
Seat 5: Pon4uk.ua ($100 in chips) is sitting out
Seat 1: SGodoyJr ($106.39 in chips) 
Seat 2: coeeeelho ($114.61 in chips) 
Seat 3: Caiovhb ($102.60 in chips) 
Seat 4: Palacios777 ($100 in chips) 
Seat 6: Luan777Poker ($52.84 in chips) 
coeeeelho: posts small blind $0.50
Caiovhb: posts big blind $1
Pon4uk.ua: sits out 
*** HOLE CARDS ***
Palacios777: folds 
Luan777Poker: calls $1
SGodoyJr: raises $2.50 to $3.50
coeeeelho: folds 
Caiovhb: calls $2.50
Luan777Poker: raises $11.50 to $15
SGodoyJr: folds 
Caiovhb: folds 
Uncalled bet ($11.50) returned to Luan777Poker
Luan777Poker collected $11 from pot
*** SUMMARY ***
Total pot $11 | Rake $0 
Seat 5: Pon4uk.ua
Seat 1: SGodoyJr (button) folded before Flop
Seat 2: coeeeelho (small blind) folded before Flop
Seat 3: Caiovhb (big blind) folded before Flop
Seat 4: Palacios777 folded before Flop (didn't bet)
Seat 6: Luan777Poker collected ($11)



PokerStars Hand #254497063001:  Hold'em No Limit ($0.50/$1.00 USD) - 2025/01/22 11:08:13 WET [2025/01/22 6:08:13 ET]
Table 'Tamara IV' 6-max Seat #2 is the button
Seat 5: Pon4uk.ua ($100 in chips) is sitting out
Seat 1: SGodoyJr ($102.89 in chips) 
Seat 2: coeeeelho ($114.11 in chips) 
Seat 3: Caiovhb ($100 in chips) 
Seat 4: Palacios777 ($100 in chips) 
Seat 6: Luan777Poker ($60.34 in chips) 
Caiovhb: posts small blind $0.50
Palacios777: posts big blind $1
Pon4uk.ua: sits out 
*** HOLE CARDS ***
Luan777Poker: calls $1
SGodoyJr: folds 
coeeeelho: folds 
Caiovhb: folds 
Palacios777: raises $3 to $4
Luan777Poker: calls $3
*** FLOP *** [Js 8c 3s]
Palacios777: bets $2.67
Luan777Poker: folds [Ad 9d]
Uncalled bet ($2.67) returned to Palacios777
Palacios777 collected $8.08 from pot
Palacios777: doesn't show hand 
*** SUMMARY ***
Total pot $8.50 | Rake $0.42 
Board [Js 8c 3s]
Seat 5: Pon4uk.ua
Seat 1: SGodoyJr folded before Flop (didn't bet)
Seat 2: coeeeelho (button) folded before Flop (didn't bet)
Seat 3: Caiovhb (small blind) folded before Flop
Seat 4: Palacios777 (big blind) collected ($8.08)
Seat 6: Luan777Poker folded on the Flop



PokerStars Hand #254497066680:  Hold'em No Limit ($0.50/$1.00 USD) - 2025/01/22 11:08:45 WET [2025/01/22 6:08:45 ET]
Table 'Tamara IV' 6-max Seat #3 is the button
Seat 1: SGodoyJr ($102.89 in chips) 
Seat 2: coeeeelho ($114.11 in chips) 
Seat 3: Caiovhb ($100 in chips) 
Seat 4: Palacios777 ($104.08 in chips) 
Seat 5: Pon4uk.ua ($100 in chips) 
Seat 6: Luan777Poker ($56.34 in chips) 
Palacios777: posts small blind $0.50
Pon4uk.ua: posts big blind $1
*** HOLE CARDS ***
Luan777Poker: folds 
SGodoyJr: folds 
coeeeelho: folds 
Caiovhb: raises $1.50 to $2.50
Palacios777: folds 
Pon4uk.ua: folds 
Uncalled bet ($1.50) returned to Caiovhb
Caiovhb collected $2.50 from pot
Caiovhb: doesn't show hand 
*** SUMMARY ***
Total pot $2.50 | Rake $0 
Seat 1: SGodoyJr folded before Flop (didn't bet)
Seat 2: coeeeelho folded before Flop (didn't bet)
Seat 3: Caiovhb (button) collected ($2.50)
Seat 4: Palacios777 (small blind) folded before Flop
Seat 5: Pon4uk.ua (big blind) folded before Flop
Seat 6: Luan777Poker folded before Flop (didn't bet)



PokerStars Hand #254497068443:  Hold'em No Limit ($0.50/$1.00 USD) - 2025/01/22 11:09:00 WET [2025/01/22 6:09:00 ET]
Table 'Tamara IV' 6-max Seat #4 is the button
Seat 1: SGodoyJr ($102.89 in chips) 
Seat 2: coeeeelho ($114.11 in chips) 
Seat 3: Caiovhb ($101.50 in chips) 
Seat 4: Palacios777 ($103.58 in chips) 
Seat 5: Pon4uk.ua ($100 in chips) 
Seat 6: Luan777Poker ($56.34 in chips) 
Pon4uk.ua: posts small blind $0.50
Luan777Poker: posts big blind $1
*** HOLE CARDS ***
SGodoyJr: folds 
coeeeelho: folds 
Caiovhb: folds 
Palacios777: folds 
Pon4uk.ua: raises $1.75 to $2.75
Luan777Poker: calls $1.75
*** FLOP *** [Jh 9d Kh]
Pon4uk.ua: bets $1.72
Luan777Poker: calls $1.72
*** TURN *** [Jh 9d Kh] [Ts]
Pon4uk.ua: checks 
Luan777Poker: checks 
*** RIVER *** [Jh 9d Kh Ts] [As]
Pon4uk.ua: checks 
Luan777Poker: checks 
*** SHOW DOWN ***
Pon4uk.ua: shows [9c 6s] (a pair of Nines)
Luan777Poker: shows [Td Jc] (two pair, Jacks and Tens)
Luan777Poker collected $8.49 from pot
*** SUMMARY ***
Total pot $8.94 | Rake $0.45 
Board [Jh 9d Kh Ts As]
Seat 1: SGodoyJr folded before Flop (didn't bet)
Seat 2: coeeeelho folded before Flop (didn't bet)
Seat 3: Caiovhb folded before Flop (didn't bet)
Seat 4: Palacios777 (button) folded before Flop (didn't bet)
Seat 5: Pon4uk.ua (small blind) showed [9c 6s] and lost with a pair of Nines
Seat 6: Luan777Poker (big blind) showed [Td Jc] and won ($8.49) with two pair, Jacks and Tens



PokerStars Hand #254497072899:  Hold'em No Limit ($0.50/$1.00 USD) - 2025/01/22 11:09:38 WET [2025/01/22 6:09:38 ET]
Table 'Tamara IV' 6-max Seat #5 is the button
Seat 1: SGodoyJr ($102.89 in chips) 
Seat 2: coeeeelho ($114.11 in chips) 
Seat 3: Caiovhb ($101.50 in chips) 
Seat 4: Palacios777 ($103.58 in chips) 
Seat 5: Pon4uk.ua ($100 in chips) 
Seat 6: Luan777Poker ($60.36 in chips) 
Luan777Poker: posts small blind $0.50
SGodoyJr: posts big blind $1
*** HOLE CARDS ***
coeeeelho: folds 
Caiovhb: folds 
Palacios777: folds 
Pon4uk.ua: raises $1.50 to $2.50
Luan777Poker: folds 
SGodoyJr: calls $1.50
*** FLOP *** [Qs 7s 7d]
SGodoyJr: checks 
Pon4uk.ua: bets $2.61
SGodoyJr: calls $2.61
*** TURN *** [Qs 7s 7d] [7c]
SGodoyJr: checks 
Pon4uk.ua: checks 
*** RIVER *** [Qs 7s 7d 7c] [6c]
SGodoyJr: bets $7.64
Pon4uk.ua: calls $7.64
*** SHOW DOWN ***
SGodoyJr: shows [Qh 9c] (a full house, Sevens full of Queens)
Pon4uk.ua: mucks hand 
SGodoyJr collected $24.70 from pot
*** SUMMARY ***
Total pot $26 | Rake $1.30 
Board [Qs 7s 7d 7c 6c]
Seat 1: SGodoyJr (big blind) showed [Qh 9c] and won ($24.70) with a full house, Sevens full of Queens
Seat 2: coeeeelho folded before Flop (didn't bet)
Seat 3: Caiovhb folded before Flop (didn't bet)
Seat 4: Palacios777 folded before Flop (didn't bet)
Seat 5: Pon4uk.ua (button) mucked
Seat 6: Luan777Poker (small blind) folded before Flop



PokerStars Hand #254497079168:  Hold'em No Limit ($0.50/$1.00 USD) - 2025/01/22 11:10:32 WET [2025/01/22 6:10:32 ET]
Table 'Tamara IV' 6-max Seat #6 is the button
Seat 1: SGodoyJr ($114.84 in chips) 
Seat 2: coeeeelho ($114.11 in chips) 
Seat 3: Caiovhb ($101.50 in chips) 
Seat 4: Palacios777 ($103.58 in chips) 
Seat 5: Pon4uk.ua ($100 in chips) 
Seat 6: Luan777Poker ($59.86 in chips) 
SGodoyJr: posts small blind $0.50
coeeeelho: posts big blind $1
*** HOLE CARDS ***
Caiovhb: folds 
Palacios777: folds 
Pon4uk.ua: folds 
Luan777Poker: folds 
SGodoyJr: raises $2 to $3
coeeeelho: raises $7 to $10
SGodoyJr: calls $7
*** FLOP *** [Jc Qh Jh]
SGodoyJr: checks 
coeeeelho: bets $4.75
SGodoyJr: calls $4.75
*** TURN *** [Jc Qh Jh] [8d]
SGodoyJr: checks 
coeeeelho: checks 
*** RIVER *** [Jc Qh Jh 8d] [Td]
SGodoyJr: checks 
coeeeelho: bets $28.02
SGodoyJr: folds 
Uncalled bet ($28.02) returned to coeeeelho
coeeeelho collected $28.02 from pot
*** SUMMARY ***
Total pot $29.50 | Rake $1.48 
Board [Jc Qh Jh 8d Td]
Seat 1: SGodoyJr (small blind) folded on the River
Seat 2: coeeeelho (big blind) collected ($28.02)
Seat 3: Caiovhb folded before Flop (didn't bet)
Seat 4: Palacios777 folded before Flop (didn't bet)
Seat 5: Pon4uk.ua folded before Flop (didn't bet)
Seat 6: Luan777Poker (button) folded before Flop (didn't bet)



PokerStars Hand #254497088662:  Hold'em No Limit ($0.50/$1.00 USD) - 2025/01/22 11:11:50 WET [2025/01/22 6:11:50 ET]
Table 'Tamara IV' 6-max Seat #1 is the button
Seat 1: SGodoyJr ($100.09 in chips) 
Seat 2: coeeeelho ($127.38 in chips) 
Seat 3: Caiovhb ($101.50 in chips) 
Seat 4: Palacios777 ($103.58 in chips) 
Seat 5: Pon4uk.ua ($100 in chips) 
Seat 6: Luan777Poker ($59.86 in chips) 
coeeeelho: posts small blind $0.50
Caiovhb: posts big blind $1
*** HOLE CARDS ***
Palacios777: folds 
Pon4uk.ua has timed out
Pon4uk.ua: folds 
Luan777Poker: folds 
SGodoyJr: raises $1.50 to $2.50
coeeeelho: folds 
Caiovhb: calls $1.50
*** FLOP *** [Qh 3s 9s]
Caiovhb: checks 
SGodoyJr: checks 
*** TURN *** [Qh 3s 9s] [Kh]
Caiovhb: checks 
SGodoyJr: bets $3.92
Caiovhb: calls $3.92
*** RIVER *** [Qh 3s 9s Kh] [Jc]
Caiovhb: checks 
SGodoyJr: bets $15.20
Caiovhb: calls $15.20
*** SHOW DOWN ***
SGodoyJr: shows [8d Ad] (high card Ace)
Caiovhb: shows [Js Td] (a straight, Nine to King)
Caiovhb collected $41.55 from pot
*** SUMMARY ***
Total pot $43.74 | Rake $2.19 
Board [Qh 3s 9s Kh Jc]
Seat 1: SGodoyJr (button) showed [8d Ad] and lost with high card Ace
Seat 2: coeeeelho (small blind) folded before Flop
Seat 3: Caiovhb (big blind) showed [Js Td] and won ($41.55) with a straight, Nine to King
Seat 4: Palacios777 folded before Flop (didn't bet)
Seat 5: Pon4uk.ua folded before Flop (didn't bet)
Seat 6: Luan777Poker folded before Flop (didn't bet)



PokerStars Hand #254497097131:  Hold'em No Limit ($0.50/$1.00 USD) - 2025/01/22 11:13:00 WET [2025/01/22 6:13:00 ET]
Table 'Tamara IV' 6-max Seat #2 is the button
Seat 1: SGodoyJr ($100 in chips) 
Seat 2: coeeeelho ($126.88 in chips) 
Seat 3: Caiovhb ($121.43 in chips) 
Seat 4: Palacios777 ($103.58 in chips) 
Seat 5: Pon4uk.ua ($100 in chips) 
Seat 6: Luan777Poker ($59.86 in chips) 
Caiovhb: posts small blind $0.50
Palacios777: posts big blind $1
*** HOLE CARDS ***
Pon4uk.ua has timed out
Pon4uk.ua: folds 
Luan777Poker: folds 
SGodoyJr: raises $1 to $2
coeeeelho: raises $5.50 to $7.50
Caiovhb: folds 
Palacios777: folds 
SGodoyJr: raises $13.50 to $21
coeeeelho: folds 
Uncalled bet ($13.50) returned to SGodoyJr
SGodoyJr collected $16.50 from pot
SGodoyJr: doesn't show hand 
*** SUMMARY ***
Total pot $16.50 | Rake $0 
Seat 1: SGodoyJr collected ($16.50)
Seat 2: coeeeelho (button) folded before Flop
Seat 3: Caiovhb (small blind) folded before Flop
Seat 4: Palacios777 (big blind) folded before Flop
Seat 5: Pon4uk.ua folded before Flop (didn't bet)
Seat 6: Luan777Poker folded before Flop (didn't bet)



PokerStars Hand #254497102292:  Hold'em No Limit ($0.50/$1.00 USD) - 2025/01/22 11:13:44 WET [2025/01/22 6:13:44 ET]
Table 'Tamara IV' 6-max Seat #3 is the button
Seat 1: SGodoyJr ($109 in chips) 
Seat 2: coeeeelho ($119.38 in chips) 
Seat 3: Caiovhb ($120.93 in chips) 
Seat 4: Palacios777 ($102.58 in chips) 
Seat 5: Pon4uk.ua ($100 in chips) 
Seat 6: Luan777Poker ($59.86 in chips) 
Palacios777: posts small blind $0.50
Pon4uk.ua: posts big blind $1
*** HOLE CARDS ***
Luan777Poker: folds 
SGodoyJr: folds 
coeeeelho: raises $1.30 to $2.30
Caiovhb: raises $5.20 to $7.50
Palacios777: folds 
Pon4uk.ua: folds 
coeeeelho: calls $5.20
*** FLOP *** [5c Ac Tc]
coeeeelho: checks 
Caiovhb: bets $1.88
coeeeelho: calls $1.88
*** TURN *** [5c Ac Tc] [7h]
coeeeelho: checks 
Caiovhb: bets $12.71
coeeeelho: folds 
Uncalled bet ($12.71) returned to Caiovhb
Caiovhb collected $19.25 from pot
Caiovhb: doesn't show hand 
*** SUMMARY ***
Total pot $20.26 | Rake $1.01 
Board [5c Ac Tc 7h]
Seat 1: SGodoyJr folded before Flop (didn't bet)
Seat 2: coeeeelho folded on the Turn
Seat 3: Caiovhb (button) collected ($19.25)
Seat 4: Palacios777 (small blind) folded before Flop
Seat 5: Pon4uk.ua (big blind) folded before Flop
Seat 6: Luan777Poker folded before Flop (didn't bet)



PokerStars Hand #254497109343:  Hold'em No Limit ($0.50/$1.00 USD) - 2025/01/22 11:14:44 WET [2025/01/22 6:14:44 ET]
Table 'Tamara IV' 6-max Seat #4 is the button
Seat 1: SGodoyJr ($109 in chips) 
Seat 2: coeeeelho ($110 in chips) 
Seat 3: Caiovhb ($130.80 in chips) 
Seat 4: Palacios777 ($102.08 in chips) 
Seat 5: Pon4uk.ua ($100 in chips) 
Seat 6: Luan777Poker ($59.86 in chips) 
Pon4uk.ua: posts small blind $0.50
Luan777Poker: posts big blind $1
*** HOLE CARDS ***
SGodoyJr: raises $1 to $2
coeeeelho: folds 
Caiovhb: folds 
Palacios777: folds 
Pon4uk.ua: calls $1.50
Luan777Poker: calls $1
*** FLOP *** [7h 3d Qc]
Pon4uk.ua: checks 
Luan777Poker: checks 
SGodoyJr: checks 
*** TURN *** [7h 3d Qc] [4s]
Pon4uk.ua: checks 
Luan777Poker: bets $2
SGodoyJr: folds 
Pon4uk.ua: folds 
Uncalled bet ($2) returned to Luan777Poker
Luan777Poker collected $5.70 from pot
*** SUMMARY ***
Total pot $6 | Rake $0.30 
Board [7h 3d Qc 4s]
Seat 1: SGodoyJr folded on the Turn
Seat 2: coeeeelho folded before Flop (didn't bet)
Seat 3: Caiovhb folded before Flop (didn't bet)
Seat 4: Palacios777 (button) folded before Flop (didn't bet)
Seat 5: Pon4uk.ua (small blind) folded on the Turn
Seat 6: Luan777Poker (big blind) collected ($5.70)



PokerStars Hand #254497114066:  Hold'em No Limit ($0.50/$1.00 USD) - 2025/01/22 11:15:23 WET [2025/01/22 6:15:23 ET]
Table 'Tamara IV' 6-max Seat #5 is the button
Seat 1: SGodoyJr ($107 in chips) 
Seat 2: coeeeelho ($110 in chips) 
Seat 3: Caiovhb ($130.80 in chips) 
Seat 4: Palacios777 ($102.08 in chips) 
Seat 5: Pon4uk.ua ($100 in chips) 
Seat 6: Luan777Poker ($63.56 in chips) 
Luan777Poker: posts small blind $0.50
SGodoyJr: posts big blind $1
*** HOLE CARDS ***
coeeeelho: folds 
Caiovhb: folds 
Palacios777: folds 
Pon4uk.ua: folds 
Luan777Poker: raises $1 to $2
SGodoyJr: folds 
Uncalled bet ($1) returned to Luan777Poker
Luan777Poker collected $2 from pot
*** SUMMARY ***
Total pot $2 | Rake $0 
Seat 1: SGodoyJr (big blind) folded before Flop
Seat 2: coeeeelho folded before Flop (didn't bet)
Seat 3: Caiovhb folded before Flop (didn't bet)
Seat 4: Palacios777 folded before Flop (didn't bet)
Seat 5: Pon4uk.ua (button) folded before Flop (didn't bet)
Seat 6: Luan777Poker (small blind) collected ($2)



PokerStars Hand #254497116088:  Hold'em No Limit ($0.50/$1.00 USD) - 2025/01/22 11:15:40 WET [2025/01/22 6:15:40 ET]
Table 'Tamara IV' 6-max Seat #6 is the button
Seat 1: SGodoyJr ($106 in chips) 
Seat 2: coeeeelho ($110 in chips) 
Seat 3: Caiovhb ($130.80 in chips) 
Seat 4: Palacios777 ($102.08 in chips) 
Seat 5: Pon4uk.ua ($100 in chips) 
Seat 6: Luan777Poker ($64.56 in chips) 
SGodoyJr: posts small blind $0.50
coeeeelho: posts big blind $1
*** HOLE CARDS ***
Caiovhb: folds 
Palacios777: folds 
Pon4uk.ua: raises $1.50 to $2.50
Luan777Poker: calls $2.50
SGodoyJr: folds 
coeeeelho: raises $11.50 to $14
Pon4uk.ua: folds 
Luan777Poker: folds [9d 8d]
Uncalled bet ($11.50) returned to coeeeelho
coeeeelho collected $8 from pot
coeeeelho: shows [9c]
*** SUMMARY ***
Total pot $8 | Rake $0 
Seat 1: SGodoyJr (small blind) folded before Flop
Seat 2: coeeeelho (big blind) collected ($8)
Seat 3: Caiovhb folded before Flop (didn't bet)
Seat 4: Palacios777 folded before Flop (didn't bet)
Seat 5: Pon4uk.ua folded before Flop
Seat 6: Luan777Poker (button) folded before Flop



PokerStars Hand #254497120058:  Hold'em No Limit ($0.50/$1.00 USD) - 2025/01/22 11:16:13 WET [2025/01/22 6:16:13 ET]
Table 'Tamara IV' 6-max Seat #1 is the button
Seat 1: SGodoyJr ($105.50 in chips) 
Seat 2: coeeeelho ($115.50 in chips) 
Seat 3: Caiovhb ($130.80 in chips) 
Seat 4: Palacios777 ($102.08 in chips) 
Seat 5: Pon4uk.ua ($100 in chips) 
Seat 6: Luan777Poker ($62.06 in chips) 
coeeeelho: posts small blind $0.50
Caiovhb: posts big blind $1
*** HOLE CARDS ***
Palacios777: raises $1.20 to $2.20
Pon4uk.ua: raises $4.80 to $7
Luan777Poker: folds 
SGodoyJr: folds 
coeeeelho: folds 
Caiovhb: folds 
Palacios777: folds 
Uncalled bet ($4.80) returned to Pon4uk.ua
Pon4uk.ua collected $5.90 from pot
Pon4uk.ua: doesn't show hand 
*** SUMMARY ***
Total pot $5.90 | Rake $0 
Seat 1: SGodoyJr (button) folded before Flop (didn't bet)
Seat 2: coeeeelho (small blind) folded before Flop
Seat 3: Caiovhb (big blind) folded before Flop
Seat 4: Palacios777 folded before Flop
Seat 5: Pon4uk.ua collected ($5.90)
Seat 6: Luan777Poker folded before Flop (didn't bet)



PokerStars Hand #254497121695:  Hold'em No Limit ($0.50/$1.00 USD) - 2025/01/22 11:16:27 WET [2025/01/22 6:16:27 ET]
Table 'Tamara IV' 6-max Seat #2 is the button
Seat 1: SGodoyJr ($105.50 in chips) 
Seat 2: coeeeelho ($115 in chips) 
Seat 3: Caiovhb ($129.80 in chips) 
Seat 4: Palacios777 ($100 in chips) 
Seat 5: Pon4uk.ua ($103.70 in chips) 
Seat 6: Luan777Poker ($62.06 in chips) 
Caiovhb: posts small blind $0.50
Palacios777: posts big blind $1
*** HOLE CARDS ***
Pon4uk.ua: folds 
Luan777Poker: folds 
SGodoyJr: folds 
coeeeelho: folds 
Caiovhb: folds 
Uncalled bet ($0.50) returned to Palacios777
Palacios777 collected $1 from pot
Palacios777: doesn't show hand 
*** SUMMARY ***
Total pot $1 | Rake $0 
Seat 1: SGodoyJr folded before Flop (didn't bet)
Seat 2: coeeeelho (button) folded before Flop (didn't bet)
Seat 3: Caiovhb (small blind) folded before Flop
Seat 4: Palacios777 (big blind) collected ($1)
Seat 5: Pon4uk.ua folded before Flop (didn't bet)
Seat 6: Luan777Poker folded before Flop (didn't bet)



PokerStars Hand #254497123518:  Hold'em No Limit ($0.50/$1.00 USD) - 2025/01/22 11:16:42 WET [2025/01/22 6:16:42 ET]
Table 'Tamara IV' 6-max Seat #3 is the button
Seat 1: SGodoyJr ($105.50 in chips) 
Seat 2: coeeeelho ($115 in chips) 
Seat 3: Caiovhb ($129.30 in chips) 
Seat 4: Palacios777 ($100.50 in chips) 
Seat 5: Pon4uk.ua ($103.70 in chips) 
Seat 6: Luan777Poker ($62.06 in chips) 
Palacios777: posts small blind $0.50
Pon4uk.ua: posts big blind $1
*** HOLE CARDS ***
Luan777Poker: folds 
SGodoyJr: raises $1 to $2
coeeeelho: folds 
Caiovhb: folds 
Palacios777: folds 
Pon4uk.ua: calls $1
*** FLOP *** [Ts Ah 4h]
Pon4uk.ua: checks 
SGodoyJr: checks 
*** TURN *** [Ts Ah 4h] [8d]
Pon4uk.ua: checks 
SGodoyJr: bets $2.14
Pon4uk.ua: folds 
Uncalled bet ($2.14) returned to SGodoyJr
SGodoyJr collected $4.28 from pot
SGodoyJr: doesn't show hand 
*** SUMMARY ***
Total pot $4.50 | Rake $0.22 
Board [Ts Ah 4h 8d]
Seat 1: SGodoyJr collected ($4.28)
Seat 2: coeeeelho folded before Flop (didn't bet)
Seat 3: Caiovhb (button) folded before Flop (didn't bet)
Seat 4: Palacios777 (small blind) folded before Flop
Seat 5: Pon4uk.ua (big blind) folded on the Turn
Seat 6: Luan777Poker folded before Flop (didn't bet)



PokerStars Hand #254497129357:  Hold'em No Limit ($0.50/$1.00 USD) - 2025/01/22 11:17:30 WET [2025/01/22 6:17:30 ET]
Table 'Tamara IV' 6-max Seat #4 is the button
Seat 1: SGodoyJr ($107.78 in chips) 
Seat 2: coeeeelho ($115 in chips) 
Seat 3: Caiovhb ($129.30 in chips) 
Seat 4: Palacios777 ($100 in chips) 
Seat 5: Pon4uk.ua ($101.70 in chips) 
Seat 6: Luan777Poker ($62.06 in chips) 
Pon4uk.ua: posts small blind $0.50
Luan777Poker: posts big blind $1
*** HOLE CARDS ***
SGodoyJr: raises $1 to $2
coeeeelho: folds 
Caiovhb: folds 
Palacios777: folds 
Pon4uk.ua: folds 
Luan777Poker: calls $1
*** FLOP *** [Qd Jh 7s]
Luan777Poker: checks 
SGodoyJr: bets $1.07
Luan777Poker: calls $1.07
*** TURN *** [Qd Jh 7s] [5c]
Luan777Poker: checks 
SGodoyJr: checks 
*** RIVER *** [Qd Jh 7s 5c] [Ac]
Luan777Poker: checks 
SGodoyJr: checks 
*** SHOW DOWN ***
Luan777Poker: shows [7h 2h] (a pair of Sevens)
SGodoyJr: shows [Jd Kh] (a pair of Jacks)
SGodoyJr collected $6.31 from pot
*** SUMMARY ***
Total pot $6.64 | Rake $0.33 
Board [Qd Jh 7s 5c Ac]
Seat 1: SGodoyJr showed [Jd Kh] and won ($6.31) with a pair of Jacks
Seat 2: coeeeelho folded before Flop (didn't bet)
Seat 3: Caiovhb folded before Flop (didn't bet)
Seat 4: Palacios777 (button) folded before Flop (didn't bet)
Seat 5: Pon4uk.ua (small blind) folded before Flop
Seat 6: Luan777Poker (big blind) showed [7h 2h] and lost with a pair of Sevens



PokerStars Hand #254497133971:  Hold'em No Limit ($0.50/$1.00 USD) - 2025/01/22 11:18:08 WET [2025/01/22 6:18:08 ET]
Table 'Tamara IV' 6-max Seat #5 is the button
Seat 1: SGodoyJr ($111.02 in chips) 
Seat 2: coeeeelho ($115 in chips) 
Seat 3: Caiovhb ($129.30 in chips) 
Seat 4: Palacios777 ($100 in chips) 
Seat 5: Pon4uk.ua ($101.20 in chips) 
Seat 6: Luan777Poker ($58.99 in chips) 
Luan777Poker: posts small blind $0.50
SGodoyJr: posts big blind $1
*** HOLE CARDS ***
coeeeelho: folds 
Caiovhb: folds 
Palacios777: folds 
Pon4uk.ua: raises $1.50 to $2.50
Luan777Poker: folds 
SGodoyJr: folds 
Uncalled bet ($1.50) returned to Pon4uk.ua
Pon4uk.ua collected $2.50 from pot
Pon4uk.ua: doesn't show hand 
*** SUMMARY ***
Total pot $2.50 | Rake $0 
Seat 1: SGodoyJr (big blind) folded before Flop
Seat 2: coeeeelho folded before Flop (didn't bet)
Seat 3: Caiovhb folded before Flop (didn't bet)
Seat 4: Palacios777 folded before Flop (didn't bet)
Seat 5: Pon4uk.ua (button) collected ($2.50)
Seat 6: Luan777Poker (small blind) folded before Flop



PokerStars Hand #254497136109:  Hold'em No Limit ($0.50/$1.00 USD) - 2025/01/22 11:18:25 WET [2025/01/22 6:18:25 ET]
Table 'Tamara IV' 6-max Seat #6 is the button
Seat 1: SGodoyJr ($110.02 in chips) 
Seat 2: coeeeelho ($115 in chips) 
Seat 3: Caiovhb ($129.30 in chips) 
Seat 4: Palacios777 ($100 in chips) 
Seat 5: Pon4uk.ua ($102.70 in chips) 
Seat 6: Luan777Poker ($58.49 in chips) 
SGodoyJr: posts small blind $0.50
coeeeelho: posts big blind $1
*** HOLE CARDS ***
Caiovhb: folds 
Palacios777: folds 
Pon4uk.ua: folds 
Luan777Poker: folds 
SGodoyJr: folds 
Uncalled bet ($0.50) returned to coeeeelho
coeeeelho collected $1 from pot
*** SUMMARY ***
Total pot $1 | Rake $0 
Seat 1: SGodoyJr (small blind) folded before Flop
Seat 2: coeeeelho (big blind) collected ($1)
Seat 3: Caiovhb folded before Flop (didn't bet)
Seat 4: Palacios777 folded before Flop (didn't bet)
Seat 5: Pon4uk.ua folded before Flop (didn't bet)
Seat 6: Luan777Poker (button) folded before Flop (didn't bet)



PokerStars Hand #254497138219:  Hold'em No Limit ($0.50/$1.00 USD) - 2025/01/22 11:18:43 WET [2025/01/22 6:18:43 ET]
Table 'Tamara IV' 6-max Seat #1 is the button
Seat 1: SGodoyJr ($109.52 in chips) 
Seat 2: coeeeelho ($115.50 in chips) 
Seat 3: Caiovhb ($129.30 in chips) 
Seat 4: Palacios777 ($100 in chips) 
Seat 5: Pon4uk.ua ($102.70 in chips) 
Seat 6: Luan777Poker ($58.49 in chips) 
coeeeelho: posts small blind $0.50
Caiovhb: posts big blind $1
*** HOLE CARDS ***
Palacios777: folds 
Pon4uk.ua: folds 
Luan777Poker: folds 
SGodoyJr: raises $1.50 to $2.50
coeeeelho: folds 
Caiovhb: calls $1.50
*** FLOP *** [2h 3d Qc]
Caiovhb: checks 
SGodoyJr: bets $1.31
Caiovhb: calls $1.31
*** TURN *** [2h 3d Qc] [3c]
Caiovhb: checks 
SGodoyJr: bets $5.78
Caiovhb: calls $5.78
*** RIVER *** [2h 3d Qc 3c] [Kd]
Caiovhb: checks 
SGodoyJr: bets $14.03
Caiovhb: calls $14.03
*** SHOW DOWN ***
SGodoyJr: shows [7c 5c] (a pair of Threes)
Caiovhb: shows [Jd Qh] (two pair, Queens and Threes)
Caiovhb collected $45.35 from pot
*** SUMMARY ***
Total pot $47.74 | Rake $2.39 
Board [2h 3d Qc 3c Kd]
Seat 1: SGodoyJr (button) showed [7c 5c] and lost with a pair of Threes
Seat 2: coeeeelho (small blind) folded before Flop
Seat 3: Caiovhb (big blind) showed [Jd Qh] and won ($45.35) with two pair, Queens and Threes
Seat 4: Palacios777 folded before Flop (didn't bet)
Seat 5: Pon4uk.ua folded before Flop (didn't bet)
Seat 6: Luan777Poker folded before Flop (didn't bet)



PokerStars Hand #254497148136:  Hold'em No Limit ($0.50/$1.00 USD) - 2025/01/22 11:20:03 WET [2025/01/22 6:20:03 ET]
Table 'Tamara IV' 6-max Seat #2 is the button
Seat 1: SGodoyJr ($100 in chips) 
Seat 2: coeeeelho ($115 in chips) 
Seat 3: Caiovhb ($151.03 in chips) 
Seat 4: Palacios777 ($100 in chips) 
Seat 5: Pon4uk.ua ($102.70 in chips) 
Seat 6: Luan777Poker ($58.49 in chips) 
Caiovhb: posts small blind $0.50
Palacios777: posts big blind $1
*** HOLE CARDS ***
Pon4uk.ua: folds 
Luan777Poker: folds 
SGodoyJr: folds 
coeeeelho: folds 
Caiovhb: raises $2 to $3
Palacios777: folds 
Uncalled bet ($2) returned to Caiovhb
Caiovhb collected $2 from pot
Caiovhb: doesn't show hand 
*** SUMMARY ***
Total pot $2 | Rake $0 
Seat 1: SGodoyJr folded before Flop (didn't bet)
Seat 2: coeeeelho (button) folded before Flop (didn't bet)
Seat 3: Caiovhb (small blind) collected ($2)
Seat 4: Palacios777 (big blind) folded before Flop
Seat 5: Pon4uk.ua folded before Flop (didn't bet)
Seat 6: Luan777Poker folded before Flop (didn't bet)



PokerStars Hand #254497150043:  Hold'em No Limit ($0.50/$1.00 USD) - 2025/01/22 11:20:18 WET [2025/01/22 6:20:18 ET]
Table 'Tamara IV' 6-max Seat #3 is the button
Seat 1: SGodoyJr ($100 in chips) 
Seat 2: coeeeelho ($115 in chips) 
Seat 3: Caiovhb ($152.03 in chips) 
Seat 4: Palacios777 ($100 in chips) 
Seat 5: Pon4uk.ua ($102.70 in chips) 
Seat 6: Luan777Poker ($58.49 in chips) 
Palacios777: posts small blind $0.50
Pon4uk.ua: posts big blind $1
*** HOLE CARDS ***
Luan777Poker: folds 
SGodoyJr: folds 
coeeeelho: folds 
Caiovhb: raises $1.50 to $2.50
Palacios777: raises $8.50 to $11
Pon4uk.ua: folds 
Caiovhb: folds 
Uncalled bet ($8.50) returned to Palacios777
Palacios777 collected $6 from pot
Palacios777: doesn't show hand 
*** SUMMARY ***
Total pot $6 | Rake $0 
Seat 1: SGodoyJr folded before Flop (didn't bet)
Seat 2: coeeeelho folded before Flop (didn't bet)
Seat 3: Caiovhb (button) folded before Flop
Seat 4: Palacios777 (small blind) collected ($6)
Seat 5: Pon4uk.ua (big blind) folded before Flop
Seat 6: Luan777Poker folded before Flop (didn't bet)



PokerStars Hand #254497153374:  Hold'em No Limit ($0.50/$1.00 USD) - 2025/01/22 11:20:45 WET [2025/01/22 6:20:45 ET]
Table 'Tamara IV' 6-max Seat #4 is the button
Seat 1: SGodoyJr ($100 in chips) 
Seat 2: coeeeelho ($115 in chips) 
Seat 3: Caiovhb ($149.53 in chips) 
Seat 4: Palacios777 ($103.50 in chips) 
Seat 5: Pon4uk.ua ($101.70 in chips) 
Seat 6: Luan777Poker ($58.49 in chips) 
Pon4uk.ua: posts small blind $0.50
Luan777Poker: posts big blind $1
*** HOLE CARDS ***
SGodoyJr: folds 
coeeeelho: folds 
Caiovhb: raises $1.30 to $2.30
Palacios777: folds 
Pon4uk.ua: folds 
Luan777Poker: calls $1.30
*** FLOP *** [Ts Td Qc]
Luan777Poker: checks 
Caiovhb: bets $1.21
Luan777Poker: folds 
Uncalled bet ($1.21) returned to Caiovhb
Caiovhb collected $4.84 from pot
Caiovhb: doesn't show hand 
*** SUMMARY ***
Total pot $5.10 | Rake $0.26 
Board [Ts Td Qc]
Seat 1: SGodoyJr folded before Flop (didn't bet)
Seat 2: coeeeelho folded before Flop (didn't bet)
Seat 3: Caiovhb collected ($4.84)
Seat 4: Palacios777 (button) folded before Flop (didn't bet)
Seat 5: Pon4uk.ua (small blind) folded before Flop
Seat 6: Luan777Poker (big blind) folded on the Flop



PokerStars Hand #254497158878:  Hold'em No Limit ($0.50/$1.00 USD) - 2025/01/22 11:21:30 WET [2025/01/22 6:21:30 ET]
Table 'Tamara IV' 6-max Seat #5 is the button
Seat 1: SGodoyJr ($100 in chips) 
Seat 2: coeeeelho ($115 in chips) 
Seat 3: Caiovhb ($152.07 in chips) 
Seat 4: Palacios777 ($103.50 in chips) 
Seat 5: Pon4uk.ua ($101.20 in chips) 
Seat 6: Luan777Poker ($56.19 in chips) 
Luan777Poker: posts small blind $0.50
SGodoyJr: posts big blind $1
*** HOLE CARDS ***
coeeeelho: raises $1.20 to $2.20
Caiovhb: folds 
Palacios777: folds 
Pon4uk.ua: folds 
Luan777Poker: folds 
SGodoyJr: folds 
Uncalled bet ($1.20) returned to coeeeelho
coeeeelho collected $2.50 from pot
*** SUMMARY ***
Total pot $2.50 | Rake $0 
Seat 1: SGodoyJr (big blind) folded before Flop
Seat 2: coeeeelho collected ($2.50)
Seat 3: Caiovhb folded before Flop (didn't bet)
Seat 4: Palacios777 folded before Flop (didn't bet)
Seat 5: Pon4uk.ua (button) folded before Flop (didn't bet)
Seat 6: Luan777Poker (small blind) folded before Flop



PokerStars Hand #254497161179:  Hold'em No Limit ($0.50/$1.00 USD) - 2025/01/22 11:21:49 WET [2025/01/22 6:21:49 ET]
Table 'Tamara IV' 6-max Seat #6 is the button
Seat 1: SGodoyJr ($100 in chips) 
Seat 2: coeeeelho ($116.50 in chips) 
Seat 3: Caiovhb ($152.07 in chips) 
Seat 4: Palacios777 ($103.50 in chips) 
Seat 5: Pon4uk.ua ($101.20 in chips) 
Seat 6: Luan777Poker ($55.69 in chips) 
SGodoyJr: posts small blind $0.50
coeeeelho: posts big blind $1
*** HOLE CARDS ***
Caiovhb: folds 
Palacios777: folds 
Pon4uk.ua: folds 
Luan777Poker: folds 
SGodoyJr: folds 
Uncalled bet ($0.50) returned to coeeeelho
coeeeelho collected $1 from pot
*** SUMMARY ***
Total pot $1 | Rake $0 
Seat 1: SGodoyJr (small blind) folded before Flop
Seat 2: coeeeelho (big blind) collected ($1)
Seat 3: Caiovhb folded before Flop (didn't bet)
Seat 4: Palacios777 folded before Flop (didn't bet)
Seat 5: Pon4uk.ua folded before Flop (didn't bet)
Seat 6: Luan777Poker (button) folded before Flop (didn't bet)



PokerStars Hand #254497162563:  Hold'em No Limit ($0.50/$1.00 USD) - 2025/01/22 11:22:00 WET [2025/01/22 6:22:00 ET]
Table 'Tamara IV' 6-max Seat #1 is the button
Seat 1: SGodoyJr ($100 in chips) 
Seat 2: coeeeelho ($117 in chips) 
Seat 3: Caiovhb ($152.07 in chips) 
Seat 4: Palacios777 ($103.50 in chips) 
Seat 5: Pon4uk.ua ($101.20 in chips) 
Seat 6: Luan777Poker ($55.69 in chips) 
coeeeelho: posts small blind $0.50
Caiovhb: posts big blind $1
*** HOLE CARDS ***
Palacios777: folds 
Pon4uk.ua: folds 
Luan777Poker: folds 
SGodoyJr: raises $1.50 to $2.50
coeeeelho: raises $8.72 to $11.22
Caiovhb: folds 
SGodoyJr: folds 
Uncalled bet ($8.72) returned to coeeeelho
coeeeelho collected $6 from pot
*** SUMMARY ***
Total pot $6 | Rake $0 
Seat 1: SGodoyJr (button) folded before Flop
Seat 2: coeeeelho (small blind) collected ($6)
Seat 3: Caiovhb (big blind) folded before Flop
Seat 4: Palacios777 folded before Flop (didn't bet)
Seat 5: Pon4uk.ua folded before Flop (didn't bet)
Seat 6: Luan777Poker folded before Flop (didn't bet)



PokerStars Hand #254497166972:  Hold'em No Limit ($0.50/$1.00 USD) - 2025/01/22 11:22:35 WET [2025/01/22 6:22:35 ET]
Table 'Tamara IV' 6-max Seat #2 is the button
Seat 1: SGodoyJr ($100 in chips) 
Seat 2: coeeeelho ($120.50 in chips) 
Seat 3: Caiovhb ($151.07 in chips) 
Seat 4: Palacios777 ($103.50 in chips) 
Seat 5: Pon4uk.ua ($101.20 in chips) 
Seat 6: Luan777Poker ($55.69 in chips) 
Caiovhb: posts small blind $0.50
Palacios777: posts big blind $1
*** HOLE CARDS ***
Pon4uk.ua: folds 
Luan777Poker: folds 
SGodoyJr: folds 
coeeeelho: folds 
Caiovhb: folds 
Uncalled bet ($0.50) returned to Palacios777
Palacios777 collected $1 from pot
Palacios777: doesn't show hand 
*** SUMMARY ***
Total pot $1 | Rake $0 
Seat 1: SGodoyJr folded before Flop (didn't bet)
Seat 2: coeeeelho (button) folded before Flop (didn't bet)
Seat 3: Caiovhb (small blind) folded before Flop
Seat 4: Palacios777 (big blind) collected ($1)
Seat 5: Pon4uk.ua folded before Flop (didn't bet)
Seat 6: Luan777Poker folded before Flop (didn't bet)



PokerStars Hand #254496944665:  Hold'em No Limit ($0.50/$1.00 USD) - 2025/01/22 10:50:04 WET [2025/01/22 5:50:04 ET]
Table 'Tamara IV' 6-max Seat #2 is the button
Seat 1: Gfoer ($101 in chips) 
Seat 2: gudrozd ($100 in chips) 
Seat 3: Caiovhb ($106.55 in chips) 
Seat 4: Y_19 ($100 in chips) 
Seat 5: gig.gyty ($100 in chips) 
Seat 6: Luan777Poker ($40.98 in chips) 
Caiovhb: posts small blind $0.50
Y_19: posts big blind $1
*** HOLE CARDS ***
gig.gyty: raises $1.25 to $2.25
Luan777Poker: folds 
Gfoer: raises $6.25 to $8.50
gudrozd: folds 
Caiovhb: folds 
Y_19: folds 
gig.gyty: folds 
Uncalled bet ($6.25) returned to Gfoer
Gfoer collected $6 from pot
Gfoer: doesn't show hand 
*** SUMMARY ***
Total pot $6 | Rake $0 
Seat 1: Gfoer collected ($6)
Seat 2: gudrozd (button) folded before Flop (didn't bet)
Seat 3: Caiovhb (small blind) folded before Flop
Seat 4: Y_19 (big blind) folded before Flop
Seat 5: gig.gyty folded before Flop
Seat 6: Luan777Poker folded before Flop (didn't bet)



PokerStars Hand #254496947350:  Hold'em No Limit ($0.50/$1.00 USD) - 2025/01/22 10:50:28 WET [2025/01/22 5:50:28 ET]
Table 'Tamara IV' 6-max Seat #3 is the button
Seat 1: Gfoer ($104.75 in chips) 
Seat 2: gudrozd ($100 in chips) 
Seat 3: Caiovhb ($106.05 in chips) 
Seat 4: Y_19 ($100 in chips) 
Seat 5: gig.gyty ($100 in chips) 
Seat 6: Luan777Poker ($40.98 in chips) 
Y_19: posts small blind $0.50
gig.gyty: posts big blind $1
*** HOLE CARDS ***
Luan777Poker: raises $2 to $3
Gfoer: folds 
gudrozd: folds 
Caiovhb: folds 
Y_19: folds 
gig.gyty: folds 
Uncalled bet ($2) returned to Luan777Poker
Luan777Poker collected $2.50 from pot
*** SUMMARY ***
Total pot $2.50 | Rake $0 
Seat 1: Gfoer folded before Flop (didn't bet)
Seat 2: gudrozd folded before Flop (didn't bet)
Seat 3: Caiovhb (button) folded before Flop (didn't bet)
Seat 4: Y_19 (small blind) folded before Flop
Seat 5: gig.gyty (big blind) folded before Flop
Seat 6: Luan777Poker collected ($2.50)



PokerStars Hand #254496951102:  Hold'em No Limit ($0.50/$1.00 USD) - 2025/01/22 10:51:01 WET [2025/01/22 5:51:01 ET]
Table 'Tamara IV' 6-max Seat #4 is the button
Seat 1: Gfoer ($104.75 in chips) 
Seat 2: gudrozd ($100 in chips) 
Seat 3: Caiovhb ($106.05 in chips) 
Seat 4: Y_19 ($100 in chips) 
Seat 5: gig.gyty ($100 in chips) 
Seat 6: Luan777Poker ($42.48 in chips) 
gig.gyty: posts small blind $0.50
Luan777Poker: posts big blind $1
*** HOLE CARDS ***
Gfoer: folds 
gudrozd: raises $1.50 to $2.50
Caiovhb: folds 
Y_19: folds 
gig.gyty: folds 
Luan777Poker: calls $1.50
*** FLOP *** [2c 7s 8c]
Luan777Poker: checks 
gudrozd: checks 
*** TURN *** [2c 7s 8c] [6s]
Luan777Poker: bets $3
gudrozd: folds 
Uncalled bet ($3) returned to Luan777Poker
Luan777Poker collected $5.22 from pot
*** SUMMARY ***
Total pot $5.50 | Rake $0.28 
Board [2c 7s 8c 6s]
Seat 1: Gfoer folded before Flop (didn't bet)
Seat 2: gudrozd folded on the Turn
Seat 3: Caiovhb folded before Flop (didn't bet)
Seat 4: Y_19 (button) folded before Flop (didn't bet)
Seat 5: gig.gyty (small blind) folded before Flop
Seat 6: Luan777Poker (big blind) collected ($5.22)



PokerStars Hand #254496955846:  Hold'em No Limit ($0.50/$1.00 USD) - 2025/01/22 10:51:43 WET [2025/01/22 5:51:43 ET]
Table 'Tamara IV' 6-max Seat #5 is the button
Seat 1: Gfoer ($104.75 in chips) 
Seat 2: gudrozd ($100 in chips) 
Seat 3: Caiovhb ($106.05 in chips) 
Seat 4: Y_19 ($100 in chips) 
Seat 5: gig.gyty ($100 in chips) 
Seat 6: Luan777Poker ($45.20 in chips) 
Luan777Poker: posts small blind $0.50
Gfoer: posts big blind $1
*** HOLE CARDS ***
gudrozd: folds 
Caiovhb: folds 
Y_19: folds 
gig.gyty: folds 
Luan777Poker: raises $2 to $3
Gfoer: folds 
Uncalled bet ($2) returned to Luan777Poker
Luan777Poker collected $2 from pot
*** SUMMARY ***
Total pot $2 | Rake $0 
Seat 1: Gfoer (big blind) folded before Flop
Seat 2: gudrozd folded before Flop (didn't bet)
Seat 3: Caiovhb folded before Flop (didn't bet)
Seat 4: Y_19 folded before Flop (didn't bet)
Seat 5: gig.gyty (button) folded before Flop (didn't bet)
Seat 6: Luan777Poker (small blind) collected ($2)



PokerStars Hand #254496957587:  Hold'em No Limit ($0.50/$1.00 USD) - 2025/01/22 10:51:59 WET [2025/01/22 5:51:59 ET]
Table 'Tamara IV' 6-max Seat #6 is the button
Seat 1: Gfoer ($103.75 in chips) 
Seat 2: gudrozd ($100 in chips) 
Seat 3: Caiovhb ($106.05 in chips) 
Seat 4: Y_19 ($100 in chips) 
Seat 5: gig.gyty ($100 in chips) 
Seat 6: Luan777Poker ($46.20 in chips) 
Gfoer: posts small blind $0.50
gudrozd: posts big blind $1
*** HOLE CARDS ***
Caiovhb: folds 
Y_19: folds 
gig.gyty: folds 
Luan777Poker: folds 
Gfoer: raises $1.50 to $2.50
gudrozd: calls $1.50
*** FLOP *** [Qh Th Kh]
Gfoer: bets $1.58
gudrozd: folds 
Uncalled bet ($1.58) returned to Gfoer
Gfoer collected $4.75 from pot
Gfoer: doesn't show hand 
*** SUMMARY ***
Total pot $5 | Rake $0.25 
Board [Qh Th Kh]
Seat 1: Gfoer (small blind) collected ($4.75)
Seat 2: gudrozd (big blind) folded on the Flop
Seat 3: Caiovhb folded before Flop (didn't bet)
Seat 4: Y_19 folded before Flop (didn't bet)
Seat 5: gig.gyty folded before Flop (didn't bet)
Seat 6: Luan777Poker (button) folded before Flop (didn't bet)



PokerStars Hand #254496960771:  Hold'em No Limit ($0.50/$1.00 USD) - 2025/01/22 10:52:27 WET [2025/01/22 5:52:27 ET]
Table 'Tamara IV' 6-max Seat #1 is the button
Seat 1: Gfoer ($106 in chips) 
Seat 2: gudrozd ($100 in chips) 
Seat 3: Caiovhb ($106.05 in chips) 
Seat 4: Y_19 ($100 in chips) 
Seat 5: gig.gyty ($100 in chips) 
Seat 6: Luan777Poker ($46.20 in chips) 
gudrozd: posts small blind $0.50
Caiovhb: posts big blind $1
*** HOLE CARDS ***
Y_19: raises $1.23 to $2.23
gig.gyty: folds 
Luan777Poker: calls $2.23
Gfoer: folds 
gudrozd: folds 
Caiovhb: folds 
*** FLOP *** [5s Qd 5d]
Y_19: bets $1.87
Luan777Poker: folds 
Uncalled bet ($1.87) returned to Y_19
Y_19 collected $5.66 from pot
Y_19: doesn't show hand 
*** SUMMARY ***
Total pot $5.96 | Rake $0.30 
Board [5s Qd 5d]
Seat 1: Gfoer (button) folded before Flop (didn't bet)
Seat 2: gudrozd (small blind) folded before Flop
Seat 3: Caiovhb (big blind) folded before Flop
Seat 4: Y_19 collected ($5.66)
Seat 5: gig.gyty folded before Flop (didn't bet)
Seat 6: Luan777Poker folded on the Flop



PokerStars Hand #254496963530:  Hold'em No Limit ($0.50/$1.00 USD) - 2025/01/22 10:52:52 WET [2025/01/22 5:52:52 ET]
Table 'Tamara IV' 6-max Seat #2 is the button
Seat 1: Gfoer ($106 in chips) 
Seat 2: gudrozd ($100 in chips) 
Seat 3: Caiovhb ($105.05 in chips) 
Seat 4: Y_19 ($103.43 in chips) 
Seat 5: gig.gyty ($100 in chips) 
Seat 6: Luan777Poker ($43.97 in chips) 
Caiovhb: posts small blind $0.50
Y_19: posts big blind $1
*** HOLE CARDS ***
gig.gyty: raises $1.25 to $2.25
Luan777Poker: folds 
Gfoer: folds 
gudrozd: folds 
Caiovhb: folds 
Y_19: folds 
Uncalled bet ($1.25) returned to gig.gyty
gig.gyty collected $2.50 from pot
gig.gyty: doesn't show hand 
*** SUMMARY ***
Total pot $2.50 | Rake $0 
Seat 1: Gfoer folded before Flop (didn't bet)
Seat 2: gudrozd (button) folded before Flop (didn't bet)
Seat 3: Caiovhb (small blind) folded before Flop
Seat 4: Y_19 (big blind) folded before Flop
Seat 5: gig.gyty collected ($2.50)
Seat 6: Luan777Poker folded before Flop (didn't bet)



PokerStars Hand #254496965894:  Hold'em No Limit ($0.50/$1.00 USD) - 2025/01/22 10:53:13 WET [2025/01/22 5:53:13 ET]
Table 'Tamara IV' 6-max Seat #3 is the button
Seat 1: Gfoer ($106 in chips) 
Seat 2: gudrozd ($100 in chips) 
Seat 3: Caiovhb ($104.55 in chips) 
Seat 4: Y_19 ($102.43 in chips) 
Seat 5: gig.gyty ($101.50 in chips) 
Seat 6: Luan777Poker ($43.97 in chips) 
Y_19: posts small blind $0.50
gig.gyty: posts big blind $1
*** HOLE CARDS ***
Luan777Poker: calls $1
Gfoer: folds 
gudrozd: folds 
Caiovhb: folds 
Y_19: folds 
gig.gyty: raises $2.50 to $3.50
Luan777Poker: calls $2.50
*** FLOP *** [Kc 2s 4s]
gig.gyty: checks 
Luan777Poker: checks 
*** TURN *** [Kc 2s 4s] [Qh]
gig.gyty: bets $2.35
Luan777Poker: calls $2.35
*** RIVER *** [Kc 2s 4s Qh] [6c]
gig.gyty: bets $5.80
Luan777Poker: raises $14.80 to $20.60
gig.gyty: folds 
Uncalled bet ($14.80) returned to Luan777Poker
Luan777Poker collected $22.61 from pot
*** SUMMARY ***
Total pot $23.80 | Rake $1.19 
Board [Kc 2s 4s Qh 6c]
Seat 1: Gfoer folded before Flop (didn't bet)
Seat 2: gudrozd folded before Flop (didn't bet)
Seat 3: Caiovhb (button) folded before Flop (didn't bet)
Seat 4: Y_19 (small blind) folded before Flop
Seat 5: gig.gyty (big blind) folded on the River
Seat 6: Luan777Poker collected ($22.61)



PokerStars Hand #254496974014:  Hold'em No Limit ($0.50/$1.00 USD) - 2025/01/22 10:54:26 WET [2025/01/22 5:54:26 ET]
Table 'Tamara IV' 6-max Seat #4 is the button
Seat 1: Gfoer ($106 in chips) 
Seat 2: gudrozd ($100 in chips) 
Seat 3: Caiovhb ($104.55 in chips) 
Seat 4: Y_19 ($101.93 in chips) 
Seat 5: gig.gyty ($100 in chips) 
Seat 6: Luan777Poker ($54.93 in chips) 
gig.gyty: posts small blind $0.50
Luan777Poker: posts big blind $1
*** HOLE CARDS ***
Gfoer: folds 
gudrozd: folds 
Caiovhb: raises $1.30 to $2.30
Gfoer leaves the table
Y_19: raises $4.70 to $7
gig.gyty: folds 
Luan777Poker: folds 
Caiovhb: folds 
Uncalled bet ($4.70) returned to Y_19
Y_19 collected $6.10 from pot
Y_19: doesn't show hand 
*** SUMMARY ***
Total pot $6.10 | Rake $0 
Seat 1: Gfoer folded before Flop (didn't bet)
Seat 2: gudrozd folded before Flop (didn't bet)
Seat 3: Caiovhb folded before Flop
Seat 4: Y_19 (button) collected ($6.10)
Seat 5: gig.gyty (small blind) folded before Flop
Seat 6: Luan777Poker (big blind) folded before Flop



PokerStars Hand #254496975976:  Hold'em No Limit ($0.50/$1.00 USD) - 2025/01/22 10:54:43 WET [2025/01/22 5:54:43 ET]
Table 'Tamara IV' 6-max Seat #5 is the button
Seat 2: gudrozd ($100 in chips) 
Seat 3: Caiovhb ($102.25 in chips) 
Seat 4: Y_19 ($105.73 in chips) 
Seat 5: gig.gyty ($100 in chips) 
Seat 6: Luan777Poker ($53.93 in chips) 
Luan777Poker: posts small blind $0.50
gudrozd: posts big blind $1
*** HOLE CARDS ***
Caiovhb: raises $1 to $2
SGodoyJr joins the table at seat #1 
Y_19: folds 
gig.gyty: folds 
Luan777Poker: folds 
gudrozd: calls $1
*** FLOP *** [Qd 3h 5h]
gudrozd: checks 
Caiovhb: bets $2.14
gudrozd: folds 
Uncalled bet ($2.14) returned to Caiovhb
Caiovhb collected $4.28 from pot
Caiovhb: doesn't show hand 
*** SUMMARY ***
Total pot $4.50 | Rake $0.22 
Board [Qd 3h 5h]
Seat 2: gudrozd (big blind) folded on the Flop
Seat 3: Caiovhb collected ($4.28)
Seat 4: Y_19 folded before Flop (didn't bet)
Seat 5: gig.gyty (button) folded before Flop (didn't bet)
Seat 6: Luan777Poker (small blind) folded before Flop



PokerStars Hand #254496979695:  Hold'em No Limit ($0.50/$1.00 USD) - 2025/01/22 10:55:16 WET [2025/01/22 5:55:16 ET]
Table 'Tamara IV' 6-max Seat #6 is the button
Seat 1: SGodoyJr ($100 in chips) is sitting out
Seat 2: gudrozd ($100 in chips) 
Seat 3: Caiovhb ($104.53 in chips) 
Seat 4: Y_19 ($105.73 in chips) 
Seat 5: gig.gyty ($100 in chips) 
Seat 6: Luan777Poker ($53.43 in chips) 
gudrozd: posts small blind $0.50
Caiovhb: posts big blind $1
*** HOLE CARDS ***
Y_19: folds 
gig.gyty: folds 
Luan777Poker: folds 
gudrozd: raises $2 to $3
Caiovhb: folds 
Uncalled bet ($2) returned to gudrozd
gudrozd collected $2 from pot
gudrozd: doesn't show hand 
*** SUMMARY ***
Total pot $2 | Rake $0 
Seat 1: SGodoyJr
Seat 2: gudrozd (small blind) collected ($2)
Seat 3: Caiovhb (big blind) folded before Flop
Seat 4: Y_19 folded before Flop (didn't bet)
Seat 5: gig.gyty folded before Flop (didn't bet)
Seat 6: Luan777Poker (button) folded before Flop (didn't bet)



PokerStars Hand #254496980638:  Hold'em No Limit ($0.50/$1.00 USD) - 2025/01/22 10:55:26 WET [2025/01/22 5:55:26 ET]
Table 'Tamara IV' 6-max Seat #2 is the button
Seat 1: SGodoyJr ($100 in chips) is sitting out
Seat 2: gudrozd ($101 in chips) 
Seat 3: Caiovhb ($103.53 in chips) 
Seat 4: Y_19 ($105.73 in chips) 
Seat 5: gig.gyty ($100 in chips) 
Seat 6: Luan777Poker ($53.43 in chips) 
Caiovhb: posts small blind $0.50
Y_19: posts big blind $1
SGodoyJr: sits out 
*** HOLE CARDS ***
gig.gyty: folds 
Luan777Poker: folds 
gudrozd: raises $1.50 to $2.50
Caiovhb: folds 
Y_19: calls $1.50
*** FLOP *** [Ac Ah 4h]
Y_19: checks 
gudrozd: bets $1.72
Y_19: calls $1.72
*** TURN *** [Ac Ah 4h] [4c]
Y_19: checks 
gudrozd: checks 
*** RIVER *** [Ac Ah 4h 4c] [9h]
Y_19: bets $5.94
gudrozd: calls $5.94
*** SHOW DOWN ***
Y_19: shows [Ts Qh] (two pair, Aces and Fours)
gudrozd: shows [9d 9s] (a full house, Nines full of Aces)
gudrozd collected $19.78 from pot
*** SUMMARY ***
Total pot $20.82 | Rake $1.04 
Board [Ac Ah 4h 4c 9h]
Seat 1: SGodoyJr
Seat 2: gudrozd (button) showed [9d 9s] and won ($19.78) with a full house, Nines full of Aces
Seat 3: Caiovhb (small blind) folded before Flop
Seat 4: Y_19 (big blind) showed [Ts Qh] and lost with two pair, Aces and Fours
Seat 5: gig.gyty folded before Flop (didn't bet)
Seat 6: Luan777Poker folded before Flop (didn't bet)



PokerStars Hand #254496987318:  Hold'em No Limit ($0.50/$1.00 USD) - 2025/01/22 10:56:37 WET [2025/01/22 5:56:37 ET]
Table 'Tamara IV' 6-max Seat #3 is the button
Seat 1: SGodoyJr ($100 in chips) is sitting out
Seat 2: gudrozd ($110.62 in chips) 
Seat 3: Caiovhb ($103.03 in chips) 
Seat 4: Y_19 ($100 in chips) 
Seat 5: gig.gyty ($100 in chips) 
Seat 6: Luan777Poker ($53.43 in chips) 
Y_19: posts small blind $0.50
gig.gyty: posts big blind $1
SGodoyJr: sits out 
*** HOLE CARDS ***
Luan777Poker: folds 
gudrozd: folds 
Caiovhb: raises $1.50 to $2.50
Y_19: raises $9 to $11.50
gig.gyty: folds 
Caiovhb: folds 
Uncalled bet ($9) returned to Y_19
Y_19 collected $6 from pot
Y_19: doesn't show hand 
*** SUMMARY ***
Total pot $6 | Rake $0 
Seat 1: SGodoyJr
Seat 2: gudrozd folded before Flop (didn't bet)
Seat 3: Caiovhb (button) folded before Flop
Seat 4: Y_19 (small blind) collected ($6)
Seat 5: gig.gyty (big blind) folded before Flop
Seat 6: Luan777Poker folded before Flop (didn't bet)



PokerStars Hand #254496989842:  Hold'em No Limit ($0.50/$1.00 USD) - 2025/01/22 10:57:03 WET [2025/01/22 5:57:03 ET]
Table 'Tamara IV' 6-max Seat #4 is the button
Seat 1: SGodoyJr ($100 in chips) is sitting out
Seat 2: gudrozd ($110.62 in chips) 
Seat 3: Caiovhb ($100.53 in chips) 
Seat 4: Y_19 ($103.50 in chips) 
Seat 5: gig.gyty ($100 in chips) 
Seat 6: Luan777Poker ($53.43 in chips) 
gig.gyty: posts small blind $0.50
Luan777Poker: posts big blind $1
SGodoyJr: sits out 
*** HOLE CARDS ***
gudrozd: folds 
Caiovhb: raises $1.30 to $2.30
Y_19: calls $2.30
gig.gyty: folds 
Luan777Poker: calls $1.30
*** FLOP *** [7s 9c 3s]
Luan777Poker: checks 
Caiovhb: checks 
Y_19: checks 
*** TURN *** [7s 9c 3s] [6s]
Luan777Poker: bets $2
Caiovhb: folds 
Y_19: calls $2
*** RIVER *** [7s 9c 3s 6s] [Kc]
Luan777Poker: bets $7.42
Y_19: folds 
Uncalled bet ($7.42) returned to Luan777Poker
Luan777Poker collected $10.83 from pot
*** SUMMARY ***
Total pot $11.40 | Rake $0.57 
Board [7s 9c 3s 6s Kc]
Seat 1: SGodoyJr
Seat 2: gudrozd folded before Flop (didn't bet)
Seat 3: Caiovhb folded on the Turn
Seat 4: Y_19 (button) folded on the River
Seat 5: gig.gyty (small blind) folded before Flop
Seat 6: Luan777Poker (big blind) collected ($10.83)



PokerStars Hand #254497168725:  Hold'em No Limit ($0.50/$1.00 USD) - 2025/01/22 11:22:49 WET [2025/01/22 6:22:49 ET]
Table 'Tamara IV' 6-max Seat #3 is the button
Seat 1: SGodoyJr ($100 in chips) 
Seat 2: coeeeelho ($120.50 in chips) 
Seat 3: Caiovhb ($150.57 in chips) 
Seat 4: Palacios777 ($104 in chips) 
Seat 5: Pon4uk.ua ($101.20 in chips) 
Seat 6: Luan777Poker ($55.69 in chips) 
Palacios777: posts small blind $0.50
Pon4uk.ua: posts big blind $1
*** HOLE CARDS ***
Luan777Poker: folds 
SGodoyJr: folds 
coeeeelho: folds 
Caiovhb: folds 
Palacios777: raises $1.50 to $2.50
Pon4uk.ua: folds 
Uncalled bet ($1.50) returned to Palacios777
Palacios777 collected $2 from pot
Palacios777: doesn't show hand 
*** SUMMARY ***
Total pot $2 | Rake $0 
Seat 1: SGodoyJr folded before Flop (didn't bet)
Seat 2: coeeeelho folded before Flop (didn't bet)
Seat 3: Caiovhb (button) folded before Flop (didn't bet)
Seat 4: Palacios777 (small blind) collected ($2)
Seat 5: Pon4uk.ua (big blind) folded before Flop
Seat 6: Luan777Poker folded before Flop (didn't bet)



PokerStars Hand #254497172071:  Hold'em No Limit ($0.50/$1.00 USD) - 2025/01/22 11:23:16 WET [2025/01/22 6:23:16 ET]
Table 'Tamara IV' 6-max Seat #4 is the button
Seat 1: SGodoyJr ($100 in chips) 
Seat 2: coeeeelho ($120.50 in chips) 
Seat 3: Caiovhb ($150.57 in chips) 
Seat 4: Palacios777 ($105 in chips) 
Seat 5: Pon4uk.ua ($100.20 in chips) 
Seat 6: Luan777Poker ($55.69 in chips) 
Pon4uk.ua: posts small blind $0.50
Luan777Poker: posts big blind $1
*** HOLE CARDS ***
SGodoyJr: folds 
coeeeelho: folds 
Caiovhb: folds 
Palacios777: raises $1.50 to $2.50
Pon4uk.ua: folds 
Luan777Poker: calls $1.50
*** FLOP *** [6s 6c 2h]
Luan777Poker: checks 
Palacios777: checks 
*** TURN *** [6s 6c 2h] [Ad]
Luan777Poker: checks 
Palacios777: checks 
*** RIVER *** [6s 6c 2h Ad] [Th]
Luan777Poker: bets $5.22
Palacios777: folds 
Uncalled bet ($5.22) returned to Luan777Poker
Luan777Poker collected $5.22 from pot
*** SUMMARY ***
Total pot $5.50 | Rake $0.28 
Board [6s 6c 2h Ad Th]
Seat 1: SGodoyJr folded before Flop (didn't bet)
Seat 2: coeeeelho folded before Flop (didn't bet)
Seat 3: Caiovhb folded before Flop (didn't bet)
Seat 4: Palacios777 (button) folded on the River
Seat 5: Pon4uk.ua (small blind) folded before Flop
Seat 6: Luan777Poker (big blind) collected ($5.22)



PokerStars Hand #254497176566:  Hold'em No Limit ($0.50/$1.00 USD) - 2025/01/22 11:23:52 WET [2025/01/22 6:23:52 ET]
Table 'Tamara IV' 6-max Seat #5 is the button
Seat 1: SGodoyJr ($100 in chips) 
Seat 2: coeeeelho ($120.50 in chips) 
Seat 3: Caiovhb ($150.57 in chips) 
Seat 4: Palacios777 ($102.50 in chips) 
Seat 5: Pon4uk.ua ($100 in chips) 
Seat 6: Luan777Poker ($58.41 in chips) 
Luan777Poker: posts small blind $0.50
SGodoyJr: posts big blind $1
*** HOLE CARDS ***
coeeeelho: raises $1.10 to $2.10
Caiovhb: folds 
Palacios777: folds 
Pon4uk.ua: folds 
Luan777Poker: calls $1.60
SGodoyJr: folds 
*** FLOP *** [6s 3s 6d]
Luan777Poker: checks 
coeeeelho: bets $1.24
Luan777Poker: calls $1.24
*** TURN *** [6s 3s 6d] [Ac]
Luan777Poker: bets $3.65
coeeeelho: calls $3.65
*** RIVER *** [6s 3s 6d Ac] [Kc]
Luan777Poker: checks 
coeeeelho: bets $7.12
Luan777Poker: calls $7.12
*** SHOW DOWN ***
coeeeelho: shows [Ad 9d] (two pair, Aces and Sixes)
Luan777Poker: shows [4s As] (two pair, Aces and Sixes)
Luan777Poker collected $13.88 from pot
coeeeelho collected $13.88 from pot
*** SUMMARY ***
Total pot $29.22 | Rake $1.46 
Board [6s 3s 6d Ac Kc]
Seat 1: SGodoyJr (big blind) folded before Flop
Seat 2: coeeeelho showed [Ad 9d] and won ($13.88) with two pair, Aces and Sixes
Seat 3: Caiovhb folded before Flop (didn't bet)
Seat 4: Palacios777 folded before Flop (didn't bet)
Seat 5: Pon4uk.ua (button) folded before Flop (didn't bet)
Seat 6: Luan777Poker (small blind) showed [4s As] and won ($13.88) with two pair, Aces and Sixes



PokerStars Hand #254497183044:  Hold'em No Limit ($0.50/$1.00 USD) - 2025/01/22 11:24:44 WET [2025/01/22 6:24:44 ET]
Table 'Tamara IV' 6-max Seat #6 is the button
Seat 2: coeeeelho ($120.27 in chips) is sitting out
Seat 1: SGodoyJr ($100 in chips) 
Seat 3: Caiovhb ($150.57 in chips) 
Seat 4: Palacios777 ($102.50 in chips) 
Seat 5: Pon4uk.ua ($100 in chips) 
Seat 6: Luan777Poker ($58.18 in chips) 
SGodoyJr: posts small blind $0.50
coeeeelho: is sitting out 
Caiovhb: posts big blind $1
*** HOLE CARDS ***
Palacios777: raises $1.20 to $2.20
Pon4uk.ua: folds 
Luan777Poker: calls $2.20
SGodoyJr: folds 
Caiovhb: calls $1.20
*** FLOP *** [Ts 2h Js]
Caiovhb: checks 
Palacios777: bets $2.22
coeeeelho leaves the table
Luan777Poker: calls $2.22
Caiovhb: raises $9.78 to $12
Palacios777: calls $9.78
Luan777Poker: raises $43.98 to $55.98 and is all-in
Caiovhb: folds 
Palacios777: calls $43.98
*** TURN *** [Ts 2h Js] [Ah]
*** RIVER *** [Ts 2h Js Ah] [2s]
*** SHOW DOWN ***
Palacios777: shows [Ac As] (a full house, Aces full of Deuces)
Luan777Poker: shows [Td Th] (a full house, Tens full of Deuces)
Palacios777 collected $128.56 from pot
Luan777Poker cashed out the hand for $108.29 | Cash Out Fee $2.21
*** SUMMARY ***
Total pot $131.06 | Rake $2.50 
Board [Ts 2h Js Ah 2s]
Seat 2: coeeeelho
Seat 1: SGodoyJr (small blind) folded before Flop
Seat 3: Caiovhb (big blind) folded on the Flop
Seat 4: Palacios777 showed [Ac As] and won ($128.56) with a full house, Aces full of Deuces
Seat 5: Pon4uk.ua folded before Flop (didn't bet)
Seat 6: Luan777Poker (button) showed [Td Th] and lost with a full house, Tens full of Deuces (cashed out).



PokerStars Hand #254497191405:  Hold'em No Limit ($0.50/$1.00 USD) - 2025/01/22 11:25:51 WET [2025/01/22 6:25:51 ET]
Table 'Tamara IV' 6-max Seat #1 is the button
Seat 1: SGodoyJr ($100 in chips) 
Seat 3: Caiovhb ($136.37 in chips) 
Seat 4: Palacios777 ($172.88 in chips) 
Seat 5: Pon4uk.ua ($100 in chips) 
Seat 6: Luan777Poker ($108.29 in chips) 
Caiovhb: posts small blind $0.50
Palacios777: posts big blind $1
*** HOLE CARDS ***
Pon4uk.ua: folds 
Luan777Poker: folds 
SGodoyJr: raises $1.50 to $2.50
Caiovhb: folds 
Pon4uk.ua leaves the table
Palacios777: folds 
Uncalled bet ($1.50) returned to SGodoyJr
SGodoyJr collected $2.50 from pot
SGodoyJr: doesn't show hand 
*** SUMMARY ***
Total pot $2.50 | Rake $0 
Seat 1: SGodoyJr (button) collected ($2.50)
Seat 3: Caiovhb (small blind) folded before Flop
Seat 4: Palacios777 (big blind) folded before Flop
Seat 5: Pon4uk.ua folded before Flop (didn't bet)
Seat 6: Luan777Poker folded before Flop (didn't bet)



PokerStars Hand #254497193106:  Hold'em No Limit ($0.50/$1.00 USD) - 2025/01/22 11:26:05 WET [2025/01/22 6:26:05 ET]
Table 'Tamara IV' 6-max Seat #3 is the button
Seat 1: SGodoyJr ($101.50 in chips) 
Seat 3: Caiovhb ($135.87 in chips) 
Seat 4: Palacios777 ($171.88 in chips) 
Seat 6: Luan777Poker ($108.29 in chips) 
Palacios777: posts small blind $0.50
Luan777Poker: posts big blind $1
*** HOLE CARDS ***
SGodoyJr: folds 
Caiovhb: folds 
Palacios777: folds 
Uncalled bet ($0.50) returned to Luan777Poker
Luan777Poker collected $1 from pot
*** SUMMARY ***
Total pot $1 | Rake $0 
Seat 1: SGodoyJr folded before Flop (didn't bet)
Seat 3: Caiovhb (button) folded before Flop (didn't bet)
Seat 4: Palacios777 (small blind) folded before Flop
Seat 6: Luan777Poker (big blind) collected ($1)



PokerStars Hand #254497194298:  Hold'em No Limit ($0.50/$1.00 USD) - 2025/01/22 11:26:15 WET [2025/01/22 6:26:15 ET]
Table 'Tamara IV' 6-max Seat #4 is the button
Seat 1: SGodoyJr ($101.50 in chips) 
Seat 3: Caiovhb ($135.87 in chips) 
Seat 4: Palacios777 ($171.38 in chips) 
Seat 6: Luan777Poker ($108.79 in chips) 
Luan777Poker: posts small blind $0.50
SGodoyJr: posts big blind $1
*** HOLE CARDS ***
Caiovhb: raises $1.30 to $2.30
Burlica2013 joins the table at seat #2 
Palacios777: folds 
Luan777Poker: folds 
SGodoyJr: folds 
Uncalled bet ($1.30) returned to Caiovhb
Caiovhb collected $2.50 from pot
Caiovhb: doesn't show hand 
*** SUMMARY ***
Total pot $2.50 | Rake $0 
Seat 1: SGodoyJr (big blind) folded before Flop
Seat 3: Caiovhb collected ($2.50)
Seat 4: Palacios777 (button) folded before Flop (didn't bet)
Seat 6: Luan777Poker (small blind) folded before Flop



PokerStars Hand #254497195702:  Hold'em No Limit ($0.50/$1.00 USD) - 2025/01/22 11:26:26 WET [2025/01/22 6:26:26 ET]
Table 'Tamara IV' 6-max Seat #6 is the button
Seat 1: SGodoyJr ($100.50 in chips) 
Seat 2: Burlica2013 ($100 in chips) 
Seat 3: Caiovhb ($137.37 in chips) 
Seat 4: Palacios777 ($171.38 in chips) 
Seat 6: Luan777Poker ($108.29 in chips) 
SGodoyJr: posts small blind $0.50
Burlica2013: posts big blind $1
*** HOLE CARDS ***
Caiovhb: raises $1 to $2
Palacios777: folds 
Luan777Poker: folds 
SGodoyJr: folds 
Burlica2013: calls $1
*** FLOP *** [Td 9h 6s]
Burlica2013: checks 
Caiovhb: checks 
*** TURN *** [Td 9h 6s] [Qh]
Burlica2013: bets $2.14
Caiovhb: calls $2.14
*** RIVER *** [Td 9h 6s Qh] [Ac]
Burlica2013: checks 
Caiovhb: bets $5.50
Burlica2013: folds 
Uncalled bet ($5.50) returned to Caiovhb
Caiovhb collected $8.34 from pot
Caiovhb: doesn't show hand 
janarr5 joins the table at seat #5 
*** SUMMARY ***
Total pot $8.78 | Rake $0.44 
Board [Td 9h 6s Qh Ac]
Seat 1: SGodoyJr (small blind) folded before Flop
Seat 2: Burlica2013 (big blind) folded on the River
Seat 3: Caiovhb collected ($8.34)
Seat 4: Palacios777 folded before Flop (didn't bet)
Seat 6: Luan777Poker (button) folded before Flop (didn't bet)



PokerStars Hand #254497202101:  Hold'em No Limit ($0.50/$1.00 USD) - 2025/01/22 11:27:18 WET [2025/01/22 6:27:18 ET]
Table 'Tamara IV' 6-max Seat #1 is the button
Seat 5: janarr5 ($100 in chips) is sitting out
Seat 1: SGodoyJr ($100 in chips) 
Seat 2: Burlica2013 ($100 in chips) 
Seat 3: Caiovhb ($141.57 in chips) 
Seat 4: Palacios777 ($171.38 in chips) 
Seat 6: Luan777Poker ($108.29 in chips) 
Burlica2013: posts small blind $0.50
Caiovhb: posts big blind $1
janarr5: sits out 
*** HOLE CARDS ***
Palacios777: folds 
Luan777Poker: folds 
SGodoyJr: raises $1.50 to $2.50
Burlica2013: raises $9.50 to $12
Caiovhb: folds 
SGodoyJr: calls $9.50
*** FLOP *** [Th Js 8s]
Burlica2013: checks 
SGodoyJr: checks 
*** TURN *** [Th Js 8s] [4c]
Burlica2013: checks 
SGodoyJr: bets $17.81
Burlica2013: raises $70.19 to $88 and is all-in
SGodoyJr: folds 
Uncalled bet ($70.19) returned to Burlica2013
Burlica2013 collected $58.12 from pot
Burlica2013: doesn't show hand 
*** SUMMARY ***
Total pot $60.62 | Rake $2.50 
Board [Th Js 8s 4c]
Seat 5: janarr5
Seat 1: SGodoyJr (button) folded on the Turn
Seat 2: Burlica2013 (small blind) collected ($58.12)
Seat 3: Caiovhb (big blind) folded before Flop
Seat 4: Palacios777 folded before Flop (didn't bet)
Seat 6: Luan777Poker folded before Flop (didn't bet)



PokerStars Hand #254497210539:  Hold'em No Limit ($0.50/$1.00 USD) - 2025/01/22 11:28:26 WET [2025/01/22 6:28:26 ET]
Table 'Tamara IV' 6-max Seat #2 is the button
Seat 5: janarr5 ($100 in chips) is sitting out
Seat 1: SGodoyJr ($100 in chips) 
Seat 2: Burlica2013 ($128.31 in chips) 
Seat 3: Caiovhb ($140.57 in chips) 
Seat 4: Palacios777 ($171.38 in chips) 
Seat 6: Luan777Poker ($108.29 in chips) 
Caiovhb: posts small blind $0.50
Palacios777: posts big blind $1
janarr5: sits out 
*** HOLE CARDS ***
Luan777Poker: folds 
SGodoyJr: folds 
Luan777Poker leaves the table
Burlica2013: raises $1.45 to $2.45
Caiovhb: raises $9.05 to $11.50
Palacios777: folds 
Burlica2013: calls $9.05
*** FLOP *** [Ts 8s Qs]
Caiovhb: bets $2.74
Burlica2013: calls $2.74
*** TURN *** [Ts 8s Qs] [6h]
Caiovhb: checks 
Burlica2013: bets $14.01
Caiovhb: folds 
Uncalled bet ($14.01) returned to Burlica2013
Burlica2013 collected $28.01 from pot
Burlica2013: doesn't show hand 
*** SUMMARY ***
Total pot $29.48 | Rake $1.47 
Board [Ts 8s Qs 6h]
Seat 5: janarr5
Seat 1: SGodoyJr folded before Flop (didn't bet)
Seat 2: Burlica2013 (button) collected ($28.01)
Seat 3: Caiovhb (small blind) folded on the Turn
Seat 4: Palacios777 (big blind) folded before Flop
Seat 6: Luan777Poker folded before Flop (didn't bet)



