PokerStars Hand #254506946544:  Hold'em No Limit ($0.50/$1.00 USD) - 2025/01/22 22:23:51 WET [2025/01/22 17:23:51 ET]
Table 'Erato IV' 6-max Seat #6 is the button
Seat 1: z00mba ($100 in chips) is sitting out
Seat 2: tasznikl ($10 in chips) 
Seat 3: lewis2o10 ($19.50 in chips) 
Seat 4: Poker9803 ($100 in chips) 
Seat 5: mr.Jckpot ($100 in chips) 
Seat 6: Manifestorr ($101 in chips) 
tasznikl: posts small blind $0.50
lewis2o10: posts big blind $1
*** HOLE CARDS ***
Poker9803: folds 
mr.Jckpot: folds 
Manifestorr: raises $1.20 to $2.20
tasznikl: folds 
lewis2o10: raises $2.20 to $4.40
Manifestorr: folds 
Uncalled bet ($2.20) returned to lewis2o10
lewis2o10 collected $4.90 from pot
*** SUMMARY ***
Total pot $4.90 | Rake $0 
Seat 1: z00mba
Seat 2: tasznikl (small blind) folded before Flop
Seat 3: lewis2o10 (big blind) collected ($4.90)
Seat 4: Poker9803 folded before Flop (didn't bet)
Seat 5: mr.Jckpot folded before Flop (didn't bet)
Seat 6: Manifestorr (button) folded before Flop



PokerStars Hand #254506951885:  Hold'em No Limit ($0.50/$1.00 USD) - 2025/01/22 22:24:10 WET [2025/01/22 17:24:10 ET]
Table 'Erato IV' 6-max Seat #2 is the button
Seat 1: z00mba ($100 in chips) is sitting out
Seat 2: tasznikl ($10 in chips) 
Seat 3: lewis2o10 ($22.20 in chips) 
Seat 4: Poker9803 ($100 in chips) 
Seat 5: mr.Jckpot ($100 in chips) 
Seat 6: Manifestorr ($100 in chips) 
lewis2o10: posts small blind $0.50
Poker9803: posts big blind $1
z00mba: sits out 
*** HOLE CARDS ***
mr.Jckpot: folds 
Manifestorr: folds 
tasznikl: folds 
lewis2o10: calls $0.50
Poker9803: checks 
*** FLOP *** [Qd 5d Jh]
lewis2o10: bets $1
Poker9803: folds 
Uncalled bet ($1) returned to lewis2o10
lewis2o10 collected $1.90 from pot
*** SUMMARY ***
Total pot $2 | Rake $0.10 
Board [Qd 5d Jh]
Seat 1: z00mba
Seat 2: tasznikl (button) folded before Flop (didn't bet)
Seat 3: lewis2o10 (small blind) collected ($1.90)
Seat 4: Poker9803 (big blind) folded on the Flop
Seat 5: mr.Jckpot folded before Flop (didn't bet)
Seat 6: Manifestorr folded before Flop (didn't bet)



PokerStars Hand #254506959095:  Hold'em No Limit ($0.50/$1.00 USD) - 2025/01/22 22:24:35 WET [2025/01/22 17:24:35 ET]
Table 'Erato IV' 6-max Seat #3 is the button
Seat 1: z00mba ($100 in chips) is sitting out
Seat 2: tasznikl ($10 in chips) 
Seat 3: lewis2o10 ($23.10 in chips) 
Seat 4: Poker9803 ($100 in chips) 
Seat 5: mr.Jckpot ($100 in chips) 
Seat 6: Manifestorr ($100 in chips) 
Poker9803: posts small blind $0.50
mr.Jckpot: posts big blind $1
z00mba: sits out 
*** HOLE CARDS ***
Manifestorr: folds 
tasznikl: folds 
lewis2o10: folds 
Poker9803: raises $2 to $3
mr.Jckpot: folds 
Uncalled bet ($2) returned to Poker9803
Poker9803 collected $2 from pot
Poker9803: doesn't show hand 
*** SUMMARY ***
Total pot $2 | Rake $0 
Seat 1: z00mba
Seat 2: tasznikl folded before Flop (didn't bet)
Seat 3: lewis2o10 (button) folded before Flop (didn't bet)
Seat 4: Poker9803 (small blind) collected ($2)
Seat 5: mr.Jckpot (big blind) folded before Flop
Seat 6: Manifestorr folded before Flop (didn't bet)



PokerStars Hand #254506963580:  Hold'em No Limit ($0.50/$1.00 USD) - 2025/01/22 22:24:51 WET [2025/01/22 17:24:51 ET]
Table 'Erato IV' 6-max Seat #4 is the button
Seat 1: z00mba ($100 in chips) is sitting out
Seat 2: tasznikl ($10 in chips) 
Seat 3: lewis2o10 ($23.10 in chips) 
Seat 4: Poker9803 ($101 in chips) 
Seat 5: mr.Jckpot ($100 in chips) 
Seat 6: Manifestorr ($100 in chips) 
mr.Jckpot: posts small blind $0.50
Manifestorr: posts big blind $1
z00mba: sits out 
*** HOLE CARDS ***
tasznikl: calls $1
lewis2o10: raises $3 to $4
Poker9803: folds 
mr.Jckpot: folds 
Manifestorr: folds 
tasznikl: calls $3
*** FLOP *** [Kc 7s 6d]
tasznikl: checks 
lewis2o10: bets $4
tasznikl: folds 
Uncalled bet ($4) returned to lewis2o10
lewis2o10 collected $9.02 from pot
*** SUMMARY ***
Total pot $9.50 | Rake $0.48 
Board [Kc 7s 6d]
Seat 1: z00mba
Seat 2: tasznikl folded on the Flop
Seat 3: lewis2o10 collected ($9.02)
Seat 4: Poker9803 (button) folded before Flop (didn't bet)
Seat 5: mr.Jckpot (small blind) folded before Flop
Seat 6: Manifestorr (big blind) folded before Flop



PokerStars Hand #254506970406:  Hold'em No Limit ($0.50/$1.00 USD) - 2025/01/22 22:25:16 WET [2025/01/22 17:25:16 ET]
Table 'Erato IV' 6-max Seat #5 is the button
Seat 1: z00mba ($100 in chips) 
Seat 2: tasznikl ($6 in chips) 
Seat 3: lewis2o10 ($28.12 in chips) 
Seat 4: Poker9803 ($101 in chips) 
Seat 5: mr.Jckpot ($100 in chips) 
Seat 6: Manifestorr ($100 in chips) 
Manifestorr: posts small blind $0.50
z00mba: posts big blind $1
*** HOLE CARDS ***
tasznikl: calls $1
lewis2o10: folds 
Poker9803: raises $2.50 to $3.50
mr.Jckpot: raises $7.50 to $11
Manifestorr: folds 
z00mba: folds 
tasznikl: folds 
Poker9803: folds 
Uncalled bet ($7.50) returned to mr.Jckpot
mr.Jckpot collected $9.50 from pot
mr.Jckpot: doesn't show hand 
*** SUMMARY ***
Total pot $9.50 | Rake $0 
Seat 1: z00mba (big blind) folded before Flop
Seat 2: tasznikl folded before Flop
Seat 3: lewis2o10 folded before Flop (didn't bet)
Seat 4: Poker9803 folded before Flop
Seat 5: mr.Jckpot (button) collected ($9.50)
Seat 6: Manifestorr (small blind) folded before Flop



PokerStars Hand #254506977752:  Hold'em No Limit ($0.50/$1.00 USD) - 2025/01/22 22:25:42 WET [2025/01/22 17:25:42 ET]
Table 'Erato IV' 6-max Seat #6 is the button
Seat 1: z00mba ($100 in chips) 
Seat 2: tasznikl ($5 in chips) 
Seat 3: lewis2o10 ($28.12 in chips) 
Seat 4: Poker9803 ($100 in chips) 
Seat 5: mr.Jckpot ($106 in chips) 
Seat 6: Manifestorr ($100 in chips) 
z00mba: posts small blind $0.50
tasznikl: posts big blind $1
*** HOLE CARDS ***
lewis2o10: folds 
Poker9803: folds 
mr.Jckpot: raises $1.50 to $2.50
Manifestorr: folds 
z00mba: raises $9 to $11.50
tasznikl: folds 
mr.Jckpot: calls $9
*** FLOP *** [Qs 8c Qd]
z00mba: checks 
mr.Jckpot: bets $7.52
z00mba: folds 
Uncalled bet ($7.52) returned to mr.Jckpot
mr.Jckpot collected $22.80 from pot
mr.Jckpot: doesn't show hand 
*** SUMMARY ***
Total pot $24 | Rake $1.20 
Board [Qs 8c Qd]
Seat 1: z00mba (small blind) folded on the Flop
Seat 2: tasznikl (big blind) folded before Flop
Seat 3: lewis2o10 folded before Flop (didn't bet)
Seat 4: Poker9803 folded before Flop (didn't bet)
Seat 5: mr.Jckpot collected ($22.80)
Seat 6: Manifestorr (button) folded before Flop (didn't bet)



PokerStars Hand #254506985831:  Hold'em No Limit ($0.50/$1.00 USD) - 2025/01/22 22:26:10 WET [2025/01/22 17:26:10 ET]
Table 'Erato IV' 6-max Seat #1 is the button
Seat 1: z00mba ($100 in chips) 
Seat 2: tasznikl ($4 in chips) 
Seat 3: lewis2o10 ($28.12 in chips) 
Seat 4: Poker9803 ($100 in chips) 
Seat 5: mr.Jckpot ($117.30 in chips) 
Seat 6: Manifestorr ($100 in chips) 
tasznikl: posts small blind $0.50
lewis2o10: posts big blind $1
*** HOLE CARDS ***
Poker9803: raises $1 to $2
mr.Jckpot: folds 
Manifestorr: raises $4.50 to $6.50
z00mba: folds 
tasznikl: folds 
lewis2o10: calls $5.50
Poker9803: folds 
*** FLOP *** [7s 4s 5h]
lewis2o10: bets $6
Manifestorr: raises $87.50 to $93.50 and is all-in
lewis2o10: calls $15.62 and is all-in
Uncalled bet ($71.88) returned to Manifestorr
*** TURN *** [7s 4s 5h] [3s]
*** RIVER *** [7s 4s 5h 3s] [Ah]
*** SHOW DOWN ***
lewis2o10: shows [6s As] (a flush, Ace high)
Manifestorr: shows [Tc Ts] (a pair of Tens)
lewis2o10 collected $56.24 from pot
*** SUMMARY ***
Total pot $58.74 | Rake $2.50 
Board [7s 4s 5h 3s Ah]
Seat 1: z00mba (button) folded before Flop (didn't bet)
Seat 2: tasznikl (small blind) folded before Flop
Seat 3: lewis2o10 (big blind) showed [6s As] and won ($56.24) with a flush, Ace high
Seat 4: Poker9803 folded before Flop
Seat 5: mr.Jckpot folded before Flop (didn't bet)
Seat 6: Manifestorr showed [Tc Ts] and lost with a pair of Tens



PokerStars Hand #254506998496:  Hold'em No Limit ($0.50/$1.00 USD) - 2025/01/22 22:26:55 WET [2025/01/22 17:26:55 ET]
Table 'Erato IV' 6-max Seat #2 is the button
Seat 1: z00mba ($100 in chips) 
Seat 2: tasznikl ($3.50 in chips) 
Seat 3: lewis2o10 ($56.24 in chips) 
Seat 4: Poker9803 ($100 in chips) 
Seat 5: mr.Jckpot ($117.30 in chips) 
Seat 6: Manifestorr ($100 in chips) 
lewis2o10: posts small blind $0.50
Poker9803: posts big blind $1
*** HOLE CARDS ***
mr.Jckpot: folds 
Manifestorr: folds 
z00mba: raises $1.50 to $2.50
tasznikl: folds 
lewis2o10: folds 
Poker9803: calls $1.50
*** FLOP *** [Ah Qd 8h]
Poker9803: checks 
z00mba: bets $3
Poker9803: calls $3
*** TURN *** [Ah Qd 8h] [6s]
Poker9803: checks 
z00mba: checks 
*** RIVER *** [Ah Qd 8h 6s] [3c]
Poker9803: checks 
z00mba: checks 
*** SHOW DOWN ***
Poker9803: shows [Tc Qh] (a pair of Queens)
z00mba: mucks hand 
Poker9803 collected $10.92 from pot
*** SUMMARY ***
Total pot $11.50 | Rake $0.58 
Board [Ah Qd 8h 6s 3c]
Seat 1: z00mba mucked
Seat 2: tasznikl (button) folded before Flop (didn't bet)
Seat 3: lewis2o10 (small blind) folded before Flop
Seat 4: Poker9803 (big blind) showed [Tc Qh] and won ($10.92) with a pair of Queens
Seat 5: mr.Jckpot folded before Flop (didn't bet)
Seat 6: Manifestorr folded before Flop (didn't bet)



PokerStars Hand #254507015980:  Hold'em No Limit ($0.50/$1.00 USD) - 2025/01/22 22:27:58 WET [2025/01/22 17:27:58 ET]
Table 'Erato IV' 6-max Seat #3 is the button
Seat 1: z00mba ($100 in chips) 
Seat 2: tasznikl ($3.50 in chips) 
Seat 3: lewis2o10 ($55.74 in chips) 
Seat 4: Poker9803 ($105.42 in chips) 
Seat 5: mr.Jckpot ($117.30 in chips) 
Seat 6: Manifestorr ($100 in chips) 
Poker9803: posts small blind $0.50
mr.Jckpot: posts big blind $1
*** HOLE CARDS ***
Manifestorr: raises $1.20 to $2.20
z00mba: folds 
tasznikl: calls $2.20
lewis2o10: calls $2.20
Poker9803: raises $12.80 to $15
mr.Jckpot: folds 
Manifestorr: folds 
tasznikl: calls $1.30 and is all-in
lewis2o10: folds 
Uncalled bet ($11.50) returned to Poker9803
*** FLOP *** [As 8d 9s]
*** TURN *** [As 8d 9s] [Qh]
*** RIVER *** [As 8d 9s Qh] [5h]
*** SHOW DOWN ***
Poker9803: shows [Kd Ac] (a pair of Aces)
tasznikl: shows [5s Ks] (a pair of Fives)
Poker9803 collected $11.78 from pot
tasznikl cashed out the hand for $3.32 | Cash Out Fee $0.07
*** SUMMARY ***
Total pot $12.40 | Rake $0.62 
Board [As 8d 9s Qh 5h]
Seat 1: z00mba folded before Flop (didn't bet)
Seat 2: tasznikl showed [5s Ks] and lost with a pair of Fives (cashed out).
Seat 3: lewis2o10 (button) folded before Flop
Seat 4: Poker9803 (small blind) showed [Kd Ac] and won ($11.78) with a pair of Aces
Seat 5: mr.Jckpot (big blind) folded before Flop
Seat 6: Manifestorr folded before Flop



PokerStars Hand #254507026593:  Hold'em No Limit ($0.50/$1.00 USD) - 2025/01/22 22:28:36 WET [2025/01/22 17:28:36 ET]
Table 'Erato IV' 6-max Seat #4 is the button
Seat 1: z00mba ($100 in chips) 
Seat 2: tasznikl ($3.32 in chips) 
Seat 3: lewis2o10 ($53.54 in chips) 
Seat 4: Poker9803 ($113.70 in chips) 
Seat 5: mr.Jckpot ($116.30 in chips) 
Seat 6: Manifestorr ($100 in chips) 
mr.Jckpot: posts small blind $0.50
Manifestorr: posts big blind $1
*** HOLE CARDS ***
z00mba: folds 
tasznikl: folds 
lewis2o10: raises $2 to $3
Poker9803: folds 
mr.Jckpot: folds 
Manifestorr: folds 
Uncalled bet ($2) returned to lewis2o10
lewis2o10 collected $2.50 from pot
*** SUMMARY ***
Total pot $2.50 | Rake $0 
Seat 1: z00mba folded before Flop (didn't bet)
Seat 2: tasznikl folded before Flop (didn't bet)
Seat 3: lewis2o10 collected ($2.50)
Seat 4: Poker9803 (button) folded before Flop (didn't bet)
Seat 5: mr.Jckpot (small blind) folded before Flop
Seat 6: Manifestorr (big blind) folded before Flop



PokerStars Hand #254507030069:  Hold'em No Limit ($0.50/$1.00 USD) - 2025/01/22 22:28:48 WET [2025/01/22 17:28:48 ET]
Table 'Erato IV' 6-max Seat #5 is the button
Seat 1: z00mba ($100 in chips) 
Seat 2: tasznikl ($3.32 in chips) 
Seat 3: lewis2o10 ($55.04 in chips) 
Seat 4: Poker9803 ($113.70 in chips) 
Seat 5: mr.Jckpot ($115.80 in chips) 
Seat 6: Manifestorr ($100 in chips) 
Manifestorr: posts small blind $0.50
z00mba: posts big blind $1
*** HOLE CARDS ***
tasznikl: folds 
lewis2o10: calls $1
Poker9803: folds 
mr.Jckpot: folds 
Manifestorr: folds 
tasznikl leaves the table
z00mba: checks 
*** FLOP *** [2c 6s Qh]
yzuk joins the table at seat #2 
z00mba: checks 
lewis2o10: bets $3
z00mba: folds 
Uncalled bet ($3) returned to lewis2o10
lewis2o10 collected $2.38 from pot
*** SUMMARY ***
Total pot $2.50 | Rake $0.12 
Board [2c 6s Qh]
Seat 1: z00mba (big blind) folded on the Flop
Seat 2: tasznikl folded before Flop (didn't bet)
Seat 3: lewis2o10 collected ($2.38)
Seat 4: Poker9803 folded before Flop (didn't bet)
Seat 5: mr.Jckpot (button) folded before Flop (didn't bet)
Seat 6: Manifestorr (small blind) folded before Flop



PokerStars Hand #254507040158:  Hold'em No Limit ($0.50/$1.00 USD) - 2025/01/22 22:29:24 WET [2025/01/22 17:29:24 ET]
Table 'Erato IV' 6-max Seat #6 is the button
Seat 1: z00mba ($100 in chips) 
Seat 2: yzuk ($100 in chips) 
Seat 3: lewis2o10 ($56.42 in chips) 
Seat 4: Poker9803 ($113.70 in chips) 
Seat 5: mr.Jckpot ($115.80 in chips) 
Seat 6: Manifestorr ($100 in chips) 
z00mba: posts small blind $0.50
yzuk: posts big blind $1
*** HOLE CARDS ***
lewis2o10: calls $1
Poker9803: raises $2.50 to $3.50
mr.Jckpot: folds 
Manifestorr: folds 
z00mba: folds 
yzuk: folds 
lewis2o10: calls $2.50
*** FLOP *** [Qd 9h 6h]
lewis2o10: bets $4
Poker9803: calls $4
*** TURN *** [Qd 9h 6h] [Kc]
lewis2o10: checks 
Poker9803: checks 
*** RIVER *** [Qd 9h 6h Kc] [3h]
lewis2o10: checks 
Poker9803: checks 
*** SHOW DOWN ***
lewis2o10: shows [9s 5s] (a pair of Nines)
Poker9803: shows [Ac 9c] (a pair of Nines - Ace kicker)
Poker9803 collected $15.68 from pot
*** SUMMARY ***
Total pot $16.50 | Rake $0.82 
Board [Qd 9h 6h Kc 3h]
Seat 1: z00mba (small blind) folded before Flop
Seat 2: yzuk (big blind) folded before Flop
Seat 3: lewis2o10 showed [9s 5s] and lost with a pair of Nines
Seat 4: Poker9803 showed [Ac 9c] and won ($15.68) with a pair of Nines
Seat 5: mr.Jckpot folded before Flop (didn't bet)
Seat 6: Manifestorr (button) folded before Flop (didn't bet)



PokerStars Hand #254507053836:  Hold'em No Limit ($0.50/$1.00 USD) - 2025/01/22 22:30:14 WET [2025/01/22 17:30:14 ET]
Table 'Erato IV' 6-max Seat #1 is the button
Seat 1: z00mba ($100 in chips) 
Seat 2: yzuk ($100 in chips) 
Seat 3: lewis2o10 ($48.92 in chips) 
Seat 4: Poker9803 ($121.88 in chips) 
Seat 5: mr.Jckpot ($115.80 in chips) 
Seat 6: Manifestorr ($100 in chips) 
yzuk: posts small blind $0.50
lewis2o10: posts big blind $1
*** HOLE CARDS ***
Poker9803: folds 
mr.Jckpot: raises $1.50 to $2.50
Manifestorr: folds 
z00mba: folds 
yzuk: folds 
lewis2o10: folds 
Uncalled bet ($1.50) returned to mr.Jckpot
mr.Jckpot collected $2.50 from pot
mr.Jckpot: doesn't show hand 
*** SUMMARY ***
Total pot $2.50 | Rake $0 
Seat 1: z00mba (button) folded before Flop (didn't bet)
Seat 2: yzuk (small blind) folded before Flop
Seat 3: lewis2o10 (big blind) folded before Flop
Seat 4: Poker9803 folded before Flop (didn't bet)
Seat 5: mr.Jckpot collected ($2.50)
Seat 6: Manifestorr folded before Flop (didn't bet)



PokerStars Hand #254507058243:  Hold'em No Limit ($0.50/$1.00 USD) - 2025/01/22 22:30:29 WET [2025/01/22 17:30:29 ET]
Table 'Erato IV' 6-max Seat #2 is the button
Seat 1: z00mba ($100 in chips) 
Seat 2: yzuk ($100 in chips) 
Seat 3: lewis2o10 ($47.92 in chips) 
Seat 4: Poker9803 ($121.88 in chips) 
Seat 5: mr.Jckpot ($117.30 in chips) 
Seat 6: Manifestorr ($100 in chips) 
lewis2o10: posts small blind $0.50
Poker9803: posts big blind $1
*** HOLE CARDS ***
mr.Jckpot: folds 
Manifestorr: folds 
z00mba: folds 
yzuk: folds 
lewis2o10: calls $0.50
Poker9803: checks 
*** FLOP *** [Ac Kh Ad]
lewis2o10: bets $2
Poker9803: folds 
Uncalled bet ($2) returned to lewis2o10
lewis2o10 collected $1.90 from pot
*** SUMMARY ***
Total pot $2 | Rake $0.10 
Board [Ac Kh Ad]
Seat 1: z00mba folded before Flop (didn't bet)
Seat 2: yzuk (button) folded before Flop (didn't bet)
Seat 3: lewis2o10 (small blind) collected ($1.90)
Seat 4: Poker9803 (big blind) folded on the Flop
Seat 5: mr.Jckpot folded before Flop (didn't bet)
Seat 6: Manifestorr folded before Flop (didn't bet)



PokerStars Hand #254507064412:  Hold'em No Limit ($0.50/$1.00 USD) - 2025/01/22 22:30:52 WET [2025/01/22 17:30:52 ET]
Table 'Erato IV' 6-max Seat #3 is the button
Seat 1: z00mba ($100 in chips) 
Seat 2: yzuk ($100 in chips) 
Seat 3: lewis2o10 ($48.82 in chips) 
Seat 4: Poker9803 ($120.88 in chips) 
Seat 5: mr.Jckpot ($117.30 in chips) 
Seat 6: Manifestorr ($100 in chips) 
Poker9803: posts small blind $0.50
mr.Jckpot: posts big blind $1
*** HOLE CARDS ***
Manifestorr: folds 
z00mba: raises $1.50 to $2.50
yzuk: folds 
lewis2o10: calls $2.50
Poker9803: folds 
mr.Jckpot: calls $1.50
*** FLOP *** [6d Ad Ac]
mr.Jckpot: checks 
z00mba: checks 
lewis2o10: checks 
*** TURN *** [6d Ad Ac] [Qh]
mr.Jckpot: checks 
z00mba: checks 
lewis2o10: bets $3
mr.Jckpot: folds 
z00mba: folds 
Uncalled bet ($3) returned to lewis2o10
lewis2o10 collected $7.60 from pot
*** SUMMARY ***
Total pot $8 | Rake $0.40 
Board [6d Ad Ac Qh]
Seat 1: z00mba folded on the Turn
Seat 2: yzuk folded before Flop (didn't bet)
Seat 3: lewis2o10 (button) collected ($7.60)
Seat 4: Poker9803 (small blind) folded before Flop
Seat 5: mr.Jckpot (big blind) folded on the Turn
Seat 6: Manifestorr folded before Flop (didn't bet)



PokerStars Hand #254507079200:  Hold'em No Limit ($0.50/$1.00 USD) - 2025/01/22 22:31:45 WET [2025/01/22 17:31:45 ET]
Table 'Erato IV' 6-max Seat #4 is the button
Seat 1: z00mba ($100 in chips) 
Seat 2: yzuk ($100 in chips) 
Seat 3: lewis2o10 ($53.92 in chips) 
Seat 4: Poker9803 ($120.38 in chips) 
Seat 5: mr.Jckpot ($114.80 in chips) 
Seat 6: Manifestorr ($100 in chips) 
mr.Jckpot: posts small blind $0.50
Manifestorr: posts big blind $1
*** HOLE CARDS ***
z00mba: folds 
yzuk: folds 
lewis2o10: calls $1
Poker9803: folds 
mr.Jckpot: folds 
Manifestorr: checks 
*** FLOP *** [Ac 6c 7s]
Manifestorr: bets $1.19
lewis2o10: raises $3.19 to $4.38
Manifestorr: calls $3.19
*** TURN *** [Ac 6c 7s] [3h]
Manifestorr: checks 
lewis2o10: bets $5
Manifestorr: calls $5
*** RIVER *** [Ac 6c 7s 3h] [Kc]
Manifestorr: checks 
lewis2o10: checks 
*** SHOW DOWN ***
Manifestorr: shows [5c 2c] (a flush, Ace high)
lewis2o10: mucks hand 
Manifestorr collected $20.20 from pot
*** SUMMARY ***
Total pot $21.26 | Rake $1.06 
Board [Ac 6c 7s 3h Kc]
Seat 1: z00mba folded before Flop (didn't bet)
Seat 2: yzuk folded before Flop (didn't bet)
Seat 3: lewis2o10 mucked
Seat 4: Poker9803 (button) folded before Flop (didn't bet)
Seat 5: mr.Jckpot (small blind) folded before Flop
Seat 6: Manifestorr (big blind) showed [5c 2c] and won ($20.20) with a flush, Ace high



PokerStars Hand #254507092736:  Hold'em No Limit ($0.50/$1.00 USD) - 2025/01/22 22:32:35 WET [2025/01/22 17:32:35 ET]
Table 'Erato IV' 6-max Seat #5 is the button
Seat 1: z00mba ($100 in chips) 
Seat 2: yzuk ($100 in chips) 
Seat 3: lewis2o10 ($43.54 in chips) 
Seat 4: Poker9803 ($120.38 in chips) 
Seat 5: mr.Jckpot ($114.30 in chips) 
Seat 6: Manifestorr ($109.82 in chips) 
Manifestorr: posts small blind $0.50
z00mba: posts big blind $1
*** HOLE CARDS ***
yzuk: raises $1.50 to $2.50
lewis2o10: folds 
Poker9803: folds 
mr.Jckpot: folds 
Manifestorr: folds 
z00mba: folds 
Uncalled bet ($1.50) returned to yzuk
yzuk collected $2.50 from pot
yzuk: doesn't show hand 
*** SUMMARY ***
Total pot $2.50 | Rake $0 
Seat 1: z00mba (big blind) folded before Flop
Seat 2: yzuk collected ($2.50)
Seat 3: lewis2o10 folded before Flop (didn't bet)
Seat 4: Poker9803 folded before Flop (didn't bet)
Seat 5: mr.Jckpot (button) folded before Flop (didn't bet)
Seat 6: Manifestorr (small blind) folded before Flop



PokerStars Hand #254507096591:  Hold'em No Limit ($0.50/$1.00 USD) - 2025/01/22 22:32:49 WET [2025/01/22 17:32:49 ET]
Table 'Erato IV' 6-max Seat #6 is the button
Seat 1: z00mba ($100 in chips) 
Seat 2: yzuk ($101.50 in chips) 
Seat 3: lewis2o10 ($43.54 in chips) 
Seat 4: Poker9803 ($120.38 in chips) 
Seat 5: mr.Jckpot ($114.30 in chips) 
Seat 6: Manifestorr ($109.32 in chips) 
z00mba: posts small blind $0.50
yzuk: posts big blind $1
*** HOLE CARDS ***
lewis2o10: folds 
Poker9803: folds 
mr.Jckpot: folds 
Manifestorr: folds 
z00mba: raises $2 to $3
yzuk: calls $2
*** FLOP *** [2d Jc 5d]
z00mba: bets $3
yzuk: calls $3
*** TURN *** [2d Jc 5d] [2s]
z00mba: bets $8
yzuk: raises $16 to $24
z00mba: calls $16
*** RIVER *** [2d Jc 5d 2s] [Js]
z00mba: checks 
yzuk: bets $29.33
z00mba: folds 
Uncalled bet ($29.33) returned to yzuk
yzuk collected $57.50 from pot
yzuk: doesn't show hand 
*** SUMMARY ***
Total pot $60 | Rake $2.50 
Board [2d Jc 5d 2s Js]
Seat 1: z00mba (small blind) folded on the River
Seat 2: yzuk (big blind) collected ($57.50)
Seat 3: lewis2o10 folded before Flop (didn't bet)
Seat 4: Poker9803 folded before Flop (didn't bet)
Seat 5: mr.Jckpot folded before Flop (didn't bet)
Seat 6: Manifestorr (button) folded before Flop (didn't bet)



PokerStars Hand #254507121529:  Hold'em No Limit ($0.50/$1.00 USD) - 2025/01/22 22:34:20 WET [2025/01/22 17:34:20 ET]
Table 'Erato IV' 6-max Seat #1 is the button
Seat 1: z00mba ($100 in chips) 
Seat 2: yzuk ($129 in chips) 
Seat 3: lewis2o10 ($43.54 in chips) 
Seat 4: Poker9803 ($120.38 in chips) 
Seat 5: mr.Jckpot ($114.30 in chips) 
Seat 6: Manifestorr ($109.32 in chips) 
yzuk: posts small blind $0.50
lewis2o10: posts big blind $1
*** HOLE CARDS ***
Poker9803: folds 
mr.Jckpot: folds 
Manifestorr: raises $1.20 to $2.20
z00mba: folds 
yzuk: folds 
lewis2o10: calls $1.20
*** FLOP *** [Kd Jh 7c]
lewis2o10: bets $1
Manifestorr: raises $3.50 to $4.50
lewis2o10: calls $3.50
*** TURN *** [Kd Jh 7c] [5h]
lewis2o10: checks 
Manifestorr: checks 
*** RIVER *** [Kd Jh 7c 5h] [4s]
lewis2o10: checks 
Manifestorr: checks 
*** SHOW DOWN ***
lewis2o10: shows [Js Qh] (a pair of Jacks)
Manifestorr: mucks hand 
lewis2o10 collected $13.20 from pot
*** SUMMARY ***
Total pot $13.90 | Rake $0.70 
Board [Kd Jh 7c 5h 4s]
Seat 1: z00mba (button) folded before Flop (didn't bet)
Seat 2: yzuk (small blind) folded before Flop
Seat 3: lewis2o10 (big blind) showed [Js Qh] and won ($13.20) with a pair of Jacks
Seat 4: Poker9803 folded before Flop (didn't bet)
Seat 5: mr.Jckpot folded before Flop (didn't bet)
Seat 6: Manifestorr mucked



PokerStars Hand #254507137922:  Hold'em No Limit ($0.50/$1.00 USD) - 2025/01/22 22:35:21 WET [2025/01/22 17:35:21 ET]
Table 'Erato IV' 6-max Seat #2 is the button
Seat 1: z00mba ($100 in chips) 
Seat 2: yzuk ($128.50 in chips) 
Seat 3: lewis2o10 ($50.04 in chips) 
Seat 4: Poker9803 ($120.38 in chips) 
Seat 5: mr.Jckpot ($114.30 in chips) 
Seat 6: Manifestorr ($102.62 in chips) 
lewis2o10: posts small blind $0.50
Poker9803: posts big blind $1
*** HOLE CARDS ***
mr.Jckpot: folds 
Manifestorr: raises $1.20 to $2.20
z00mba: folds 
yzuk: folds 
lewis2o10: calls $1.70
Poker9803: folds 
*** FLOP *** [9h Qd 2d]
lewis2o10: bets $3
Manifestorr: folds 
Uncalled bet ($3) returned to lewis2o10
lewis2o10 collected $5.13 from pot
*** SUMMARY ***
Total pot $5.40 | Rake $0.27 
Board [9h Qd 2d]
Seat 1: z00mba folded before Flop (didn't bet)
Seat 2: yzuk (button) folded before Flop (didn't bet)
Seat 3: lewis2o10 (small blind) collected ($5.13)
Seat 4: Poker9803 (big blind) folded before Flop
Seat 5: mr.Jckpot folded before Flop (didn't bet)
Seat 6: Manifestorr folded on the Flop



PokerStars Hand #254507144267:  Hold'em No Limit ($0.50/$1.00 USD) - 2025/01/22 22:35:45 WET [2025/01/22 17:35:45 ET]
Table 'Erato IV' 6-max Seat #3 is the button
Seat 1: z00mba ($100 in chips) 
Seat 2: yzuk ($128.50 in chips) 
Seat 3: lewis2o10 ($52.97 in chips) 
Seat 4: Poker9803 ($119.38 in chips) 
Seat 5: mr.Jckpot ($114.30 in chips) 
Seat 6: Manifestorr ($100.42 in chips) 
Poker9803: posts small blind $0.50
mr.Jckpot: posts big blind $1
*** HOLE CARDS ***
Manifestorr: raises $1.20 to $2.20
z00mba: folds 
yzuk: folds 
lewis2o10: calls $2.20
Poker9803: folds 
mr.Jckpot: folds 
*** FLOP *** [4c Ac 6s]
Manifestorr: checks 
lewis2o10: bets $2
Manifestorr: calls $2
*** TURN *** [4c Ac 6s] [Kd]
Manifestorr: checks 
lewis2o10: bets $4
Manifestorr: calls $4
*** RIVER *** [4c Ac 6s Kd] [2h]
Manifestorr: checks 
lewis2o10: checks 
*** SHOW DOWN ***
Manifestorr: shows [Ad 5d] (a pair of Aces)
lewis2o10: mucks hand 
Manifestorr collected $17 from pot
*** SUMMARY ***
Total pot $17.90 | Rake $0.90 
Board [4c Ac 6s Kd 2h]
Seat 1: z00mba folded before Flop (didn't bet)
Seat 2: yzuk folded before Flop (didn't bet)
Seat 3: lewis2o10 (button) mucked
Seat 4: Poker9803 (small blind) folded before Flop
Seat 5: mr.Jckpot (big blind) folded before Flop
Seat 6: Manifestorr showed [Ad 5d] and won ($17) with a pair of Aces



PokerStars Hand #254507154291:  Hold'em No Limit ($0.50/$1.00 USD) - 2025/01/22 22:36:22 WET [2025/01/22 17:36:22 ET]
Table 'Erato IV' 6-max Seat #4 is the button
Seat 1: z00mba ($100 in chips) 
Seat 2: yzuk ($128.50 in chips) 
Seat 3: lewis2o10 ($44.77 in chips) 
Seat 4: Poker9803 ($118.88 in chips) 
Seat 5: mr.Jckpot ($113.30 in chips) 
Seat 6: Manifestorr ($109.22 in chips) 
mr.Jckpot: posts small blind $0.50
Manifestorr: posts big blind $1
*** HOLE CARDS ***
z00mba: folds 
yzuk: folds 
lewis2o10: folds 
Poker9803: raises $1.50 to $2.50
mr.Jckpot: folds 
Manifestorr: calls $1.50
*** FLOP *** [Jd Ac As]
Manifestorr: checks 
Poker9803: checks 
*** TURN *** [Jd Ac As] [4s]
Manifestorr: checks 
Poker9803: checks 
*** RIVER *** [Jd Ac As 4s] [Jh]
Manifestorr: bets $7.05
Poker9803: calls $7.05
*** SHOW DOWN ***
Manifestorr: shows [8h Qh] (two pair, Aces and Jacks)
Poker9803: shows [2h Kh] (two pair, Aces and Jacks - King kicker)
Poker9803 collected $18.62 from pot
*** SUMMARY ***
Total pot $19.60 | Rake $0.98 
Board [Jd Ac As 4s Jh]
Seat 1: z00mba folded before Flop (didn't bet)
Seat 2: yzuk folded before Flop (didn't bet)
Seat 3: lewis2o10 folded before Flop (didn't bet)
Seat 4: Poker9803 (button) showed [2h Kh] and won ($18.62) with two pair, Aces and Jacks
Seat 5: mr.Jckpot (small blind) folded before Flop
Seat 6: Manifestorr (big blind) showed [8h Qh] and lost with two pair, Aces and Jacks



PokerStars Hand #254507169639:  Hold'em No Limit ($0.50/$1.00 USD) - 2025/01/22 22:37:19 WET [2025/01/22 17:37:19 ET]
Table 'Erato IV' 6-max Seat #5 is the button
Seat 1: z00mba ($100 in chips) 
Seat 2: yzuk ($128.50 in chips) 
Seat 3: lewis2o10 ($44.77 in chips) 
Seat 4: Poker9803 ($127.95 in chips) 
Seat 5: mr.Jckpot ($112.80 in chips) 
Seat 6: Manifestorr ($100 in chips) 
Manifestorr: posts small blind $0.50
z00mba: posts big blind $1
*** HOLE CARDS ***
yzuk: folds 
lewis2o10: raises $1 to $2
Poker9803: folds 
mr.Jckpot: folds 
Manifestorr: folds 
z00mba: calls $1
*** FLOP *** [5s 4h Qc]
z00mba: checks 
lewis2o10: bets $1
z00mba: calls $1
*** TURN *** [5s 4h Qc] [9d]
z00mba: checks 
lewis2o10: bets $1
z00mba: calls $1
*** RIVER *** [5s 4h Qc 9d] [9s]
z00mba: checks 
lewis2o10: bets $3
z00mba: calls $3
*** SHOW DOWN ***
lewis2o10: shows [4d 4c] (a full house, Fours full of Nines)
z00mba: mucks hand 
lewis2o10 collected $13.78 from pot
*** SUMMARY ***
Total pot $14.50 | Rake $0.72 
Board [5s 4h Qc 9d 9s]
Seat 1: z00mba (big blind) mucked
Seat 2: yzuk folded before Flop (didn't bet)
Seat 3: lewis2o10 showed [4d 4c] and won ($13.78) with a full house, Fours full of Nines
Seat 4: Poker9803 folded before Flop (didn't bet)
Seat 5: mr.Jckpot (button) folded before Flop (didn't bet)
Seat 6: Manifestorr (small blind) folded before Flop



PokerStars Hand #254507179674:  Hold'em No Limit ($0.50/$1.00 USD) - 2025/01/22 22:37:56 WET [2025/01/22 17:37:56 ET]
Table 'Erato IV' 6-max Seat #6 is the button
Seat 1: z00mba ($100 in chips) 
Seat 2: yzuk ($128.50 in chips) 
Seat 3: lewis2o10 ($51.55 in chips) 
Seat 4: Poker9803 ($127.95 in chips) 
Seat 5: mr.Jckpot ($112.80 in chips) 
Seat 6: Manifestorr ($100 in chips) 
z00mba: posts small blind $0.50
yzuk: posts big blind $1
*** HOLE CARDS ***
lewis2o10: raises $1 to $2
Poker9803: folds 
mr.Jckpot: folds 
Manifestorr: folds 
z00mba: folds 
yzuk: calls $1
*** FLOP *** [9c 3h Qh]
yzuk: checks 
lewis2o10: bets $2
yzuk: calls $2
*** TURN *** [9c 3h Qh] [6s]
yzuk: checks 
lewis2o10: bets $4
yzuk: calls $4
*** RIVER *** [9c 3h Qh 6s] [3s]
yzuk: bets $10
lewis2o10: folds 
Uncalled bet ($10) returned to yzuk
yzuk collected $15.68 from pot
yzuk: doesn't show hand 
*** SUMMARY ***
Total pot $16.50 | Rake $0.82 
Board [9c 3h Qh 6s 3s]
Seat 1: z00mba (small blind) folded before Flop
Seat 2: yzuk (big blind) collected ($15.68)
Seat 3: lewis2o10 folded on the River
Seat 4: Poker9803 folded before Flop (didn't bet)
Seat 5: mr.Jckpot folded before Flop (didn't bet)
Seat 6: Manifestorr (button) folded before Flop (didn't bet)



PokerStars Hand #254507190048:  Hold'em No Limit ($0.50/$1.00 USD) - 2025/01/22 22:38:34 WET [2025/01/22 17:38:34 ET]
Table 'Erato IV' 6-max Seat #1 is the button
Seat 1: z00mba ($100 in chips) 
Seat 2: yzuk ($136.18 in chips) 
Seat 3: lewis2o10 ($43.55 in chips) 
Seat 4: Poker9803 ($127.95 in chips) 
Seat 5: mr.Jckpot ($112.80 in chips) 
Seat 6: Manifestorr ($100 in chips) 
yzuk: posts small blind $0.50
lewis2o10: posts big blind $1
*** HOLE CARDS ***
Poker9803: folds 
mr.Jckpot: folds 
Manifestorr: folds 
z00mba: folds 
yzuk: raises $2 to $3
lewis2o10: folds 
Uncalled bet ($2) returned to yzuk
yzuk collected $2 from pot
yzuk: doesn't show hand 
*** SUMMARY ***
Total pot $2 | Rake $0 
Seat 1: z00mba (button) folded before Flop (didn't bet)
Seat 2: yzuk (small blind) collected ($2)
Seat 3: lewis2o10 (big blind) folded before Flop
Seat 4: Poker9803 folded before Flop (didn't bet)
Seat 5: mr.Jckpot folded before Flop (didn't bet)
Seat 6: Manifestorr folded before Flop (didn't bet)



PokerStars Hand #254507193471:  Hold'em No Limit ($0.50/$1.00 USD) - 2025/01/22 22:38:46 WET [2025/01/22 17:38:46 ET]
Table 'Erato IV' 6-max Seat #2 is the button
Seat 1: z00mba ($100 in chips) 
Seat 2: yzuk ($137.18 in chips) 
Seat 3: lewis2o10 ($42.55 in chips) 
Seat 4: Poker9803 ($127.95 in chips) 
Seat 5: mr.Jckpot ($112.80 in chips) 
Seat 6: Manifestorr ($100 in chips) 
lewis2o10: posts small blind $0.50
Poker9803: posts big blind $1
*** HOLE CARDS ***
mr.Jckpot: folds 
Manifestorr: folds 
z00mba: folds 
yzuk: folds 
lewis2o10: calls $0.50
Poker9803: checks 
*** FLOP *** [9s Jh Qd]
lewis2o10: bets $1
Poker9803: calls $1
*** TURN *** [9s Jh Qd] [Qc]
lewis2o10: bets $3
Poker9803: folds 
Uncalled bet ($3) returned to lewis2o10
lewis2o10 collected $3.80 from pot
*** SUMMARY ***
Total pot $4 | Rake $0.20 
Board [9s Jh Qd Qc]
Seat 1: z00mba folded before Flop (didn't bet)
Seat 2: yzuk (button) folded before Flop (didn't bet)
Seat 3: lewis2o10 (small blind) collected ($3.80)
Seat 4: Poker9803 (big blind) folded on the Turn
Seat 5: mr.Jckpot folded before Flop (didn't bet)
Seat 6: Manifestorr folded before Flop (didn't bet)



PokerStars Hand #254507199626:  Hold'em No Limit ($0.50/$1.00 USD) - 2025/01/22 22:39:09 WET [2025/01/22 17:39:09 ET]
Table 'Erato IV' 6-max Seat #3 is the button
Seat 1: z00mba ($100 in chips) 
Seat 2: yzuk ($137.18 in chips) 
Seat 3: lewis2o10 ($44.35 in chips) 
Seat 4: Poker9803 ($125.95 in chips) 
Seat 5: mr.Jckpot ($112.80 in chips) 
Seat 6: Manifestorr ($100 in chips) 
Poker9803: posts small blind $0.50
mr.Jckpot: posts big blind $1
*** HOLE CARDS ***
Manifestorr: folds 
z00mba: raises $1.50 to $2.50
yzuk: folds 
lewis2o10: calls $2.50
Poker9803: folds 
mr.Jckpot: calls $1.50
*** FLOP *** [As 8c Ah]
mr.Jckpot: checks 
z00mba: checks 
lewis2o10: bets $3
mr.Jckpot: folds 
z00mba: calls $3
*** TURN *** [As 8c Ah] [Td]
z00mba: checks 
lewis2o10: bets $3
z00mba: calls $3
*** RIVER *** [As 8c Ah Td] [7d]
z00mba: checks 
lewis2o10: bets $10
z00mba: calls $10
*** SHOW DOWN ***
lewis2o10: shows [Ks 7s] (two pair, Aces and Sevens)
z00mba: shows [Ac Qc] (three of a kind, Aces)
z00mba collected $38 from pot
*** SUMMARY ***
Total pot $40 | Rake $2 
Board [As 8c Ah Td 7d]
Seat 1: z00mba showed [Ac Qc] and won ($38) with three of a kind, Aces
Seat 2: yzuk folded before Flop (didn't bet)
Seat 3: lewis2o10 (button) showed [Ks 7s] and lost with two pair, Aces and Sevens
Seat 4: Poker9803 (small blind) folded before Flop
Seat 5: mr.Jckpot (big blind) folded on the Flop
Seat 6: Manifestorr folded before Flop (didn't bet)



PokerStars Hand #254507211919:  Hold'em No Limit ($0.50/$1.00 USD) - 2025/01/22 22:39:54 WET [2025/01/22 17:39:54 ET]
Table 'Erato IV' 6-max Seat #4 is the button
Seat 1: z00mba ($119.50 in chips) 
Seat 2: yzuk ($137.18 in chips) 
Seat 3: lewis2o10 ($25.85 in chips) 
Seat 4: Poker9803 ($125.45 in chips) 
Seat 5: mr.Jckpot ($110.30 in chips) 
Seat 6: Manifestorr ($100 in chips) 
mr.Jckpot: posts small blind $0.50
Manifestorr: posts big blind $1
*** HOLE CARDS ***
z00mba: folds 
yzuk: folds 
lewis2o10: folds 
Poker9803: raises $1.50 to $2.50
mr.Jckpot: folds 
Manifestorr: folds 
Uncalled bet ($1.50) returned to Poker9803
Poker9803 collected $2.50 from pot
Poker9803: doesn't show hand 
*** SUMMARY ***
Total pot $2.50 | Rake $0 
Seat 1: z00mba folded before Flop (didn't bet)
Seat 2: yzuk folded before Flop (didn't bet)
Seat 3: lewis2o10 folded before Flop (didn't bet)
Seat 4: Poker9803 (button) collected ($2.50)
Seat 5: mr.Jckpot (small blind) folded before Flop
Seat 6: Manifestorr (big blind) folded before Flop



PokerStars Hand #254507215787:  Hold'em No Limit ($0.50/$1.00 USD) - 2025/01/22 22:40:08 WET [2025/01/22 17:40:08 ET]
Table 'Erato IV' 6-max Seat #5 is the button
Seat 1: z00mba ($119.50 in chips) 
Seat 2: yzuk ($137.18 in chips) 
Seat 3: lewis2o10 ($25.85 in chips) 
Seat 4: Poker9803 ($126.95 in chips) 
Seat 5: mr.Jckpot ($109.80 in chips) 
Seat 6: Manifestorr ($100 in chips) 
Manifestorr: posts small blind $0.50
z00mba: posts big blind $1
*** HOLE CARDS ***
yzuk: raises $1.50 to $2.50
lewis2o10: calls $2.50
Poker9803: folds 
mr.Jckpot: folds 
Manifestorr: folds 
z00mba: folds 
*** FLOP *** [Ks 9c Qh]
yzuk: checks 
lewis2o10: bets $3
yzuk: calls $3
*** TURN *** [Ks 9c Qh] [8d]
yzuk: checks 
lewis2o10: bets $5
yzuk: calls $5
*** RIVER *** [Ks 9c Qh 8d] [Th]
yzuk: checks 
lewis2o10: bets $8
yzuk: folds 
Uncalled bet ($8) returned to lewis2o10
lewis2o10 collected $21.38 from pot
*** SUMMARY ***
Total pot $22.50 | Rake $1.12 
Board [Ks 9c Qh 8d Th]
Seat 1: z00mba (big blind) folded before Flop
Seat 2: yzuk folded on the River
Seat 3: lewis2o10 collected ($21.38)
Seat 4: Poker9803 folded before Flop (didn't bet)
Seat 5: mr.Jckpot (button) folded before Flop (didn't bet)
Seat 6: Manifestorr (small blind) folded before Flop



PokerStars Hand #254507229642:  Hold'em No Limit ($0.50/$1.00 USD) - 2025/01/22 22:41:00 WET [2025/01/22 17:41:00 ET]
Table 'Erato IV' 6-max Seat #6 is the button
Seat 1: z00mba ($118.50 in chips) 
Seat 2: yzuk ($126.68 in chips) 
Seat 3: lewis2o10 ($36.73 in chips) 
Seat 4: Poker9803 ($126.95 in chips) 
Seat 5: mr.Jckpot ($109.80 in chips) 
Seat 6: Manifestorr ($100 in chips) 
z00mba: posts small blind $0.50
yzuk: posts big blind $1
*** HOLE CARDS ***
lewis2o10: folds 
Poker9803: folds 
mr.Jckpot: folds 
Manifestorr: raises $1.20 to $2.20
z00mba: raises $9.30 to $11.50
yzuk: folds 
Manifestorr: folds 
Uncalled bet ($9.30) returned to z00mba
z00mba collected $5.40 from pot
z00mba: doesn't show hand 
*** SUMMARY ***
Total pot $5.40 | Rake $0 
Seat 1: z00mba (small blind) collected ($5.40)
Seat 2: yzuk (big blind) folded before Flop
Seat 3: lewis2o10 folded before Flop (didn't bet)
Seat 4: Poker9803 folded before Flop (didn't bet)
Seat 5: mr.Jckpot folded before Flop (didn't bet)
Seat 6: Manifestorr (button) folded before Flop



PokerStars Hand #254507236103:  Hold'em No Limit ($0.50/$1.00 USD) - 2025/01/22 22:41:24 WET [2025/01/22 17:41:24 ET]
Table 'Erato IV' 6-max Seat #1 is the button
Seat 1: z00mba ($121.70 in chips) 
Seat 2: yzuk ($125.68 in chips) 
Seat 3: lewis2o10 ($36.73 in chips) 
Seat 4: Poker9803 ($126.95 in chips) 
Seat 5: mr.Jckpot ($109.80 in chips) 
Seat 6: Manifestorr ($100 in chips) 
yzuk: posts small blind $0.50
lewis2o10: posts big blind $1
*** HOLE CARDS ***
Poker9803: folds 
mr.Jckpot: folds 
Manifestorr: folds 
z00mba: folds 
yzuk: raises $2 to $3
lewis2o10: folds 
Uncalled bet ($2) returned to yzuk
yzuk collected $2 from pot
yzuk: doesn't show hand 
*** SUMMARY ***
Total pot $2 | Rake $0 
Seat 1: z00mba (button) folded before Flop (didn't bet)
Seat 2: yzuk (small blind) collected ($2)
Seat 3: lewis2o10 (big blind) folded before Flop
Seat 4: Poker9803 folded before Flop (didn't bet)
Seat 5: mr.Jckpot folded before Flop (didn't bet)
Seat 6: Manifestorr folded before Flop (didn't bet)



PokerStars Hand #254507240478:  Hold'em No Limit ($0.50/$1.00 USD) - 2025/01/22 22:41:41 WET [2025/01/22 17:41:41 ET]
Table 'Erato IV' 6-max Seat #2 is the button
Seat 1: z00mba ($121.70 in chips) 
Seat 2: yzuk ($126.68 in chips) 
Seat 3: lewis2o10 ($35.73 in chips) 
Seat 4: Poker9803 ($126.95 in chips) 
Seat 5: mr.Jckpot ($109.80 in chips) 
Seat 6: Manifestorr ($100 in chips) 
lewis2o10: posts small blind $0.50
Poker9803: posts big blind $1
*** HOLE CARDS ***
mr.Jckpot: folds 
Manifestorr: folds 
z00mba: raises $1.50 to $2.50
yzuk: folds 
lewis2o10: folds 
Poker9803: folds 
Uncalled bet ($1.50) returned to z00mba
z00mba collected $2.50 from pot
z00mba: doesn't show hand 
*** SUMMARY ***
Total pot $2.50 | Rake $0 
Seat 1: z00mba collected ($2.50)
Seat 2: yzuk (button) folded before Flop (didn't bet)
Seat 3: lewis2o10 (small blind) folded before Flop
Seat 4: Poker9803 (big blind) folded before Flop
Seat 5: mr.Jckpot folded before Flop (didn't bet)
Seat 6: Manifestorr folded before Flop (didn't bet)



PokerStars Hand #254507245985:  Hold'em No Limit ($0.50/$1.00 USD) - 2025/01/22 22:42:01 WET [2025/01/22 17:42:01 ET]
Table 'Erato IV' 6-max Seat #3 is the button
Seat 1: z00mba ($123.20 in chips) 
Seat 2: yzuk ($126.68 in chips) 
Seat 3: lewis2o10 ($35.23 in chips) 
Seat 4: Poker9803 ($125.95 in chips) 
Seat 5: mr.Jckpot ($109.80 in chips) 
Seat 6: Manifestorr ($100 in chips) 
Poker9803: posts small blind $0.50
mr.Jckpot: posts big blind $1
*** HOLE CARDS ***
Manifestorr: folds 
z00mba: folds 
yzuk: folds 
lewis2o10: raises $1 to $2
Poker9803: folds 
mr.Jckpot: calls $1
*** FLOP *** [4c Qh Ts]
mr.Jckpot: checks 
lewis2o10: bets $2
mr.Jckpot: calls $2
*** TURN *** [4c Qh Ts] [2s]
mr.Jckpot: checks 
lewis2o10: bets $5
mr.Jckpot: folds 
Uncalled bet ($5) returned to lewis2o10
lewis2o10 collected $8.08 from pot
*** SUMMARY ***
Total pot $8.50 | Rake $0.42 
Board [4c Qh Ts 2s]
Seat 1: z00mba folded before Flop (didn't bet)
Seat 2: yzuk folded before Flop (didn't bet)
Seat 3: lewis2o10 (button) collected ($8.08)
Seat 4: Poker9803 (small blind) folded before Flop
Seat 5: mr.Jckpot (big blind) folded on the Turn
Seat 6: Manifestorr folded before Flop (didn't bet)



PokerStars Hand #254507257894:  Hold'em No Limit ($0.50/$1.00 USD) - 2025/01/22 22:42:46 WET [2025/01/22 17:42:46 ET]
Table 'Erato IV' 6-max Seat #4 is the button
Seat 1: z00mba ($123.20 in chips) 
Seat 2: yzuk ($126.68 in chips) 
Seat 3: lewis2o10 ($39.31 in chips) 
Seat 4: Poker9803 ($125.45 in chips) 
Seat 5: mr.Jckpot ($105.80 in chips) 
Seat 6: Manifestorr ($100 in chips) 
mr.Jckpot: posts small blind $0.50
Manifestorr: posts big blind $1
*** HOLE CARDS ***
z00mba: folds 
yzuk: folds 
lewis2o10: folds 
Poker9803: folds 
mr.Jckpot: folds 
Uncalled bet ($0.50) returned to Manifestorr
Manifestorr collected $1 from pot
*** SUMMARY ***
Total pot $1 | Rake $0 
Seat 1: z00mba folded before Flop (didn't bet)
Seat 2: yzuk folded before Flop (didn't bet)
Seat 3: lewis2o10 folded before Flop (didn't bet)
Seat 4: Poker9803 (button) folded before Flop (didn't bet)
Seat 5: mr.Jckpot (small blind) folded before Flop
Seat 6: Manifestorr (big blind) collected ($1)



PokerStars Hand #254507262674:  Hold'em No Limit ($0.50/$1.00 USD) - 2025/01/22 22:43:04 WET [2025/01/22 17:43:04 ET]
Table 'Erato IV' 6-max Seat #5 is the button
Seat 1: z00mba ($123.20 in chips) 
Seat 2: yzuk ($126.68 in chips) 
Seat 3: lewis2o10 ($39.31 in chips) 
Seat 4: Poker9803 ($125.45 in chips) 
Seat 5: mr.Jckpot ($105.30 in chips) 
Seat 6: Manifestorr ($100.50 in chips) 
Manifestorr: posts small blind $0.50
z00mba: posts big blind $1
*** HOLE CARDS ***
yzuk: raises $1.50 to $2.50
lewis2o10: calls $2.50
Poker9803: folds 
mr.Jckpot: folds 
Manifestorr: folds 
z00mba: folds 
*** FLOP *** [Jh Qs 4h]
yzuk: checks 
lewis2o10: bets $3
yzuk: raises $6 to $9
lewis2o10: calls $6
*** TURN *** [Jh Qs 4h] [As]
yzuk: bets $11.87
lewis2o10: raises $15.94 to $27.81 and is all-in
yzuk: calls $15.94
*** RIVER *** [Jh Qs 4h As] [5h]
*** SHOW DOWN ***
yzuk: shows [Js Jd] (three of a kind, Jacks)
lewis2o10: shows [7h 8h] (a flush, Jack high)
lewis2o10 collected $77.62 from pot
*** SUMMARY ***
Total pot $80.12 | Rake $2.50 
Board [Jh Qs 4h As 5h]
Seat 1: z00mba (big blind) folded before Flop
Seat 2: yzuk showed [Js Jd] and lost with three of a kind, Jacks
Seat 3: lewis2o10 showed [7h 8h] and won ($77.62) with a flush, Jack high
Seat 4: Poker9803 folded before Flop (didn't bet)
Seat 5: mr.Jckpot (button) folded before Flop (didn't bet)
Seat 6: Manifestorr (small blind) folded before Flop



PokerStars Hand #254507275407:  Hold'em No Limit ($0.50/$1.00 USD) - 2025/01/22 22:43:52 WET [2025/01/22 17:43:52 ET]
Table 'Erato IV' 6-max Seat #6 is the button
Seat 1: z00mba ($122.20 in chips) 
Seat 2: yzuk ($100 in chips) 
Seat 3: lewis2o10 ($77.62 in chips) 
Seat 4: Poker9803 ($125.45 in chips) 
Seat 5: mr.Jckpot ($105.30 in chips) 
Seat 6: Manifestorr ($100 in chips) 
z00mba: posts small blind $0.50
yzuk: posts big blind $1
*** HOLE CARDS ***
lewis2o10: calls $1
Poker9803: folds 
mr.Jckpot: raises $2.50 to $3.50
Manifestorr: folds 
z00mba: folds 
yzuk: folds 
lewis2o10: calls $2.50
*** FLOP *** [Qs Tc Ac]
lewis2o10: bets $4
mr.Jckpot: calls $4
*** TURN *** [Qs Tc Ac] [Kh]
lewis2o10: bets $9
mr.Jckpot: folds 
Uncalled bet ($9) returned to lewis2o10
lewis2o10 collected $15.68 from pot
*** SUMMARY ***
Total pot $16.50 | Rake $0.82 
Board [Qs Tc Ac Kh]
Seat 1: z00mba (small blind) folded before Flop
Seat 2: yzuk (big blind) folded before Flop
Seat 3: lewis2o10 collected ($15.68)
Seat 4: Poker9803 folded before Flop (didn't bet)
Seat 5: mr.Jckpot folded on the Turn
Seat 6: Manifestorr (button) folded before Flop (didn't bet)



PokerStars Hand #254507284036:  Hold'em No Limit ($0.50/$1.00 USD) - 2025/01/22 22:44:24 WET [2025/01/22 17:44:24 ET]
Table 'Erato IV' 6-max Seat #1 is the button
Seat 1: z00mba ($121.70 in chips) 
Seat 2: yzuk ($100 in chips) 
Seat 3: lewis2o10 ($85.80 in chips) 
Seat 4: Poker9803 ($125.45 in chips) 
Seat 5: mr.Jckpot ($100 in chips) 
Seat 6: Manifestorr ($100 in chips) 
yzuk: posts small blind $0.50
lewis2o10: posts big blind $1
*** HOLE CARDS ***
Poker9803: folds 
mr.Jckpot: raises $1.50 to $2.50
Manifestorr: folds 
z00mba: calls $2.50
yzuk: folds 
lewis2o10: raises $3.50 to $6
mr.Jckpot: raises $15 to $21
z00mba: folds 
lewis2o10: calls $15
*** FLOP *** [5d Ad 8c]
lewis2o10: checks 
mr.Jckpot: checks 
*** TURN *** [5d Ad 8c] [4h]
lewis2o10: checks 
mr.Jckpot: bets $23.51
lewis2o10: folds 
Uncalled bet ($23.51) returned to mr.Jckpot
mr.Jckpot collected $42.75 from pot
mr.Jckpot: doesn't show hand 
*** SUMMARY ***
Total pot $45 | Rake $2.25 
Board [5d Ad 8c 4h]
Seat 1: z00mba (button) folded before Flop
Seat 2: yzuk (small blind) folded before Flop
Seat 3: lewis2o10 (big blind) folded on the Turn
Seat 4: Poker9803 folded before Flop (didn't bet)
Seat 5: mr.Jckpot collected ($42.75)
Seat 6: Manifestorr folded before Flop (didn't bet)



PokerStars Hand #254507296702:  Hold'em No Limit ($0.50/$1.00 USD) - 2025/01/22 22:45:12 WET [2025/01/22 17:45:12 ET]
Table 'Erato IV' 6-max Seat #2 is the button
Seat 1: z00mba ($119.20 in chips) 
Seat 2: yzuk ($100 in chips) 
Seat 3: lewis2o10 ($64.80 in chips) 
Seat 4: Poker9803 ($125.45 in chips) 
Seat 5: mr.Jckpot ($121.75 in chips) 
Seat 6: Manifestorr ($100 in chips) 
lewis2o10: posts small blind $0.50
Poker9803: posts big blind $1
*** HOLE CARDS ***
mr.Jckpot: folds 
Manifestorr: folds 
z00mba: folds 
yzuk: folds 
lewis2o10: calls $0.50
Poker9803: raises $2.50 to $3.50
lewis2o10: folds 
Uncalled bet ($2.50) returned to Poker9803
Poker9803 collected $2 from pot
Poker9803: doesn't show hand 
*** SUMMARY ***
Total pot $2 | Rake $0 
Seat 1: z00mba folded before Flop (didn't bet)
Seat 2: yzuk (button) folded before Flop (didn't bet)
Seat 3: lewis2o10 (small blind) folded before Flop
Seat 4: Poker9803 (big blind) collected ($2)
Seat 5: mr.Jckpot folded before Flop (didn't bet)
Seat 6: Manifestorr folded before Flop (didn't bet)



PokerStars Hand #254507303484:  Hold'em No Limit ($0.50/$1.00 USD) - 2025/01/22 22:45:37 WET [2025/01/22 17:45:37 ET]
Table 'Erato IV' 6-max Seat #3 is the button
Seat 1: z00mba ($119.20 in chips) 
Seat 2: yzuk ($100 in chips) 
Seat 3: lewis2o10 ($63.80 in chips) 
Seat 4: Poker9803 ($126.45 in chips) 
Seat 5: mr.Jckpot ($121.75 in chips) 
Seat 6: Manifestorr ($100 in chips) 
Poker9803: posts small blind $0.50
mr.Jckpot: posts big blind $1
*** HOLE CARDS ***
Manifestorr: folds 
z00mba: folds 
yzuk: folds 
lewis2o10: folds 
Poker9803: raises $2 to $3
mr.Jckpot: folds 
Uncalled bet ($2) returned to Poker9803
Poker9803 collected $2 from pot
Poker9803: doesn't show hand 
*** SUMMARY ***
Total pot $2 | Rake $0 
Seat 1: z00mba folded before Flop (didn't bet)
Seat 2: yzuk folded before Flop (didn't bet)
Seat 3: lewis2o10 (button) folded before Flop (didn't bet)
Seat 4: Poker9803 (small blind) collected ($2)
Seat 5: mr.Jckpot (big blind) folded before Flop
Seat 6: Manifestorr folded before Flop (didn't bet)



PokerStars Hand #254507310407:  Hold'em No Limit ($0.50/$1.00 USD) - 2025/01/22 22:46:03 WET [2025/01/22 17:46:03 ET]
Table 'Erato IV' 6-max Seat #4 is the button
Seat 1: z00mba ($119.20 in chips) 
Seat 2: yzuk ($100 in chips) 
Seat 3: lewis2o10 ($63.80 in chips) 
Seat 4: Poker9803 ($127.45 in chips) 
Seat 5: mr.Jckpot ($120.75 in chips) 
Seat 6: Manifestorr ($100 in chips) 
mr.Jckpot: posts small blind $0.50
Manifestorr: posts big blind $1
*** HOLE CARDS ***
z00mba: folds 
yzuk: folds 
lewis2o10: folds 
Poker9803: folds 
mr.Jckpot: folds 
Uncalled bet ($0.50) returned to Manifestorr
Manifestorr collected $1 from pot
*** SUMMARY ***
Total pot $1 | Rake $0 
Seat 1: z00mba folded before Flop (didn't bet)
Seat 2: yzuk folded before Flop (didn't bet)
Seat 3: lewis2o10 folded before Flop (didn't bet)
Seat 4: Poker9803 (button) folded before Flop (didn't bet)
Seat 5: mr.Jckpot (small blind) folded before Flop
Seat 6: Manifestorr (big blind) collected ($1)



PokerStars Hand #254507314997:  Hold'em No Limit ($0.50/$1.00 USD) - 2025/01/22 22:46:20 WET [2025/01/22 17:46:20 ET]
Table 'Erato IV' 6-max Seat #5 is the button
Seat 1: z00mba ($119.20 in chips) 
Seat 2: yzuk ($100 in chips) 
Seat 3: lewis2o10 ($63.80 in chips) 
Seat 4: Poker9803 ($127.45 in chips) 
Seat 5: mr.Jckpot ($120.25 in chips) 
Seat 6: Manifestorr ($100.50 in chips) 
Manifestorr: posts small blind $0.50
z00mba: posts big blind $1
*** HOLE CARDS ***
yzuk: raises $1.50 to $2.50
lewis2o10: calls $2.50
Poker9803: folds 
mr.Jckpot: folds 
Manifestorr: folds 
z00mba: folds 
*** FLOP *** [3d 7c Qc]
yzuk: checks 
lewis2o10: bets $3
yzuk: calls $3
*** TURN *** [3d 7c Qc] [5c]
yzuk: checks 
lewis2o10: bets $5
yzuk: calls $5
*** RIVER *** [3d 7c Qc 5c] [Qd]
yzuk: checks 
lewis2o10: bets $11
yzuk: calls $11
*** SHOW DOWN ***
lewis2o10: shows [7d 5d] (two pair, Queens and Sevens)
yzuk: mucks hand 
lewis2o10 collected $42.28 from pot
*** SUMMARY ***
Total pot $44.50 | Rake $2.22 
Board [3d 7c Qc 5c Qd]
Seat 1: z00mba (big blind) folded before Flop
Seat 2: yzuk mucked
Seat 3: lewis2o10 showed [7d 5d] and won ($42.28) with two pair, Queens and Sevens
Seat 4: Poker9803 folded before Flop (didn't bet)
Seat 5: mr.Jckpot (button) folded before Flop (didn't bet)
Seat 6: Manifestorr (small blind) folded before Flop



PokerStars Hand #254507329127:  Hold'em No Limit ($0.50/$1.00 USD) - 2025/01/22 22:47:12 WET [2025/01/22 17:47:12 ET]
Table 'Erato IV' 6-max Seat #6 is the button
Seat 1: z00mba ($118.20 in chips) 
Seat 2: yzuk ($100 in chips) 
Seat 3: lewis2o10 ($84.58 in chips) 
Seat 4: Poker9803 ($127.45 in chips) 
Seat 5: mr.Jckpot ($120.25 in chips) 
Seat 6: Manifestorr ($100 in chips) 
z00mba: posts small blind $0.50
yzuk: posts big blind $1
*** HOLE CARDS ***
lewis2o10: calls $1
Poker9803: folds 
mr.Jckpot: folds 
Manifestorr: folds 
z00mba: calls $0.50
yzuk: checks 
*** FLOP *** [As Jd 3d]
z00mba: checks 
yzuk: checks 
lewis2o10: checks 
*** TURN *** [As Jd 3d] [2c]
z00mba: bets $2
yzuk: folds 
lewis2o10: folds 
Uncalled bet ($2) returned to z00mba
z00mba collected $2.85 from pot
z00mba: doesn't show hand 
*** SUMMARY ***
Total pot $3 | Rake $0.15 
Board [As Jd 3d 2c]
Seat 1: z00mba (small blind) collected ($2.85)
Seat 2: yzuk (big blind) folded on the Turn
Seat 3: lewis2o10 folded on the Turn
Seat 4: Poker9803 folded before Flop (didn't bet)
Seat 5: mr.Jckpot folded before Flop (didn't bet)
Seat 6: Manifestorr (button) folded before Flop (didn't bet)



PokerStars Hand #254507339955:  Hold'em No Limit ($0.50/$1.00 USD) - 2025/01/22 22:47:53 WET [2025/01/22 17:47:53 ET]
Table 'Erato IV' 6-max Seat #1 is the button
Seat 1: z00mba ($120.05 in chips) 
Seat 2: yzuk ($100 in chips) 
Seat 3: lewis2o10 ($83.58 in chips) 
Seat 4: Poker9803 ($127.45 in chips) 
Seat 5: mr.Jckpot ($120.25 in chips) 
Seat 6: Manifestorr ($100 in chips) 
yzuk: posts small blind $0.50
lewis2o10: posts big blind $1
*** HOLE CARDS ***
Poker9803: folds 
mr.Jckpot: raises $1.50 to $2.50
Manifestorr: folds 
z00mba: folds 
yzuk: folds 
lewis2o10: calls $1.50
*** FLOP *** [2h Kd 6d]
lewis2o10: checks 
mr.Jckpot: bets $1.72
lewis2o10: calls $1.72
*** TURN *** [2h Kd 6d] [5c]
lewis2o10: checks 
mr.Jckpot: checks 
*** RIVER *** [2h Kd 6d 5c] [Ac]
lewis2o10: bets $2
mr.Jckpot: calls $2
*** SHOW DOWN ***
lewis2o10: shows [Jd 7d] (high card Ace)
mr.Jckpot: shows [Jc As] (a pair of Aces)
mr.Jckpot collected $12.29 from pot
*** SUMMARY ***
Total pot $12.94 | Rake $0.65 
Board [2h Kd 6d 5c Ac]
Seat 1: z00mba (button) folded before Flop (didn't bet)
Seat 2: yzuk (small blind) folded before Flop
Seat 3: lewis2o10 (big blind) showed [Jd 7d] and lost with high card Ace
Seat 4: Poker9803 folded before Flop (didn't bet)
Seat 5: mr.Jckpot showed [Jc As] and won ($12.29) with a pair of Aces
Seat 6: Manifestorr folded before Flop (didn't bet)



PokerStars Hand #254507350527:  Hold'em No Limit ($0.50/$1.00 USD) - 2025/01/22 22:48:32 WET [2025/01/22 17:48:32 ET]
Table 'Erato IV' 6-max Seat #2 is the button
Seat 1: z00mba ($120.05 in chips) 
Seat 2: yzuk ($100 in chips) 
Seat 3: lewis2o10 ($77.36 in chips) 
Seat 4: Poker9803 ($127.45 in chips) 
Seat 5: mr.Jckpot ($126.32 in chips) 
Seat 6: Manifestorr ($100 in chips) 
lewis2o10: posts small blind $0.50
Poker9803: posts big blind $1
*** HOLE CARDS ***
mr.Jckpot: raises $1.50 to $2.50
Manifestorr: folds 
z00mba: folds 
yzuk: folds 
lewis2o10: folds 
Poker9803: folds 
Uncalled bet ($1.50) returned to mr.Jckpot
mr.Jckpot collected $2.50 from pot
mr.Jckpot: doesn't show hand 
*** SUMMARY ***
Total pot $2.50 | Rake $0 
Seat 1: z00mba folded before Flop (didn't bet)
Seat 2: yzuk (button) folded before Flop (didn't bet)
Seat 3: lewis2o10 (small blind) folded before Flop
Seat 4: Poker9803 (big blind) folded before Flop
Seat 5: mr.Jckpot collected ($2.50)
Seat 6: Manifestorr folded before Flop (didn't bet)



PokerStars Hand #254507357743:  Hold'em No Limit ($0.50/$1.00 USD) - 2025/01/22 22:48:59 WET [2025/01/22 17:48:59 ET]
Table 'Erato IV' 6-max Seat #3 is the button
Seat 1: z00mba ($120.05 in chips) 
Seat 2: yzuk ($100 in chips) 
Seat 3: lewis2o10 ($76.86 in chips) 
Seat 4: Poker9803 ($126.45 in chips) 
Seat 5: mr.Jckpot ($127.82 in chips) 
Seat 6: Manifestorr ($100 in chips) 
Poker9803: posts small blind $0.50
mr.Jckpot: posts big blind $1
*** HOLE CARDS ***
Manifestorr: raises $1.20 to $2.20
z00mba: folds 
yzuk: folds 
lewis2o10: folds 
Poker9803: folds 
mr.Jckpot: calls $1.20
*** FLOP *** [9h Qc Ah]
mr.Jckpot: checks 
Manifestorr: checks 
*** TURN *** [9h Qc Ah] [Jh]
mr.Jckpot: bets $2.56
Manifestorr: calls $2.56
*** RIVER *** [9h Qc Ah Jh] [Js]
mr.Jckpot: bets $6.28
Manifestorr: raises $23.72 to $30
mr.Jckpot: calls $23.72
*** SHOW DOWN ***
Manifestorr: shows [Jc As] (a full house, Jacks full of Aces)
mr.Jckpot: mucks hand 
Manifestorr collected $67.52 from pot
*** SUMMARY ***
Total pot $70.02 | Rake $2.50 
Board [9h Qc Ah Jh Js]
Seat 1: z00mba folded before Flop (didn't bet)
Seat 2: yzuk folded before Flop (didn't bet)
Seat 3: lewis2o10 (button) folded before Flop (didn't bet)
Seat 4: Poker9803 (small blind) folded before Flop
Seat 5: mr.Jckpot (big blind) mucked
Seat 6: Manifestorr showed [Jc As] and won ($67.52) with a full house, Jacks full of Aces



PokerStars Hand #254507367875:  Hold'em No Limit ($0.50/$1.00 USD) - 2025/01/22 22:49:37 WET [2025/01/22 17:49:37 ET]
Table 'Erato IV' 6-max Seat #4 is the button
Seat 1: z00mba ($120.05 in chips) 
Seat 2: yzuk ($100 in chips) 
Seat 3: lewis2o10 ($76.86 in chips) 
Seat 4: Poker9803 ($125.95 in chips) 
Seat 5: mr.Jckpot ($100 in chips) 
Seat 6: Manifestorr ($132.76 in chips) 
mr.Jckpot: posts small blind $0.50
Manifestorr: posts big blind $1
*** HOLE CARDS ***
z00mba: folds 
yzuk: folds 
lewis2o10: raises $2 to $3
Poker9803: folds 
mr.Jckpot: folds 
Manifestorr: raises $9 to $12
lewis2o10: raises $64.86 to $76.86 and is all-in
Manifestorr: calls $64.86
*** FLOP *** [9c 8s Qd]
*** TURN *** [9c 8s Qd] [5d]
*** RIVER *** [9c 8s Qd 5d] [Th]
*** SHOW DOWN ***
Manifestorr: shows [Ac Kh] (high card Ace)
lewis2o10: shows [Ad Kd] (high card Ace)
Manifestorr collected $75.86 from pot
lewis2o10 collected $75.86 from pot
*** SUMMARY ***
Total pot $154.22 | Rake $2.50 
Board [9c 8s Qd 5d Th]
Seat 1: z00mba folded before Flop (didn't bet)
Seat 2: yzuk folded before Flop (didn't bet)
Seat 3: lewis2o10 showed [Ad Kd] and won ($75.86) with high card Ace
Seat 4: Poker9803 (button) folded before Flop (didn't bet)
Seat 5: mr.Jckpot (small blind) folded before Flop
Seat 6: Manifestorr (big blind) showed [Ac Kh] and won ($75.86) with high card Ace



PokerStars Hand #254507376200:  Hold'em No Limit ($0.50/$1.00 USD) - 2025/01/22 22:50:07 WET [2025/01/22 17:50:07 ET]
Table 'Erato IV' 6-max Seat #5 is the button
Seat 1: z00mba ($120.05 in chips) 
Seat 2: yzuk ($100 in chips) 
Seat 3: lewis2o10 ($75.86 in chips) 
Seat 4: Poker9803 ($125.95 in chips) 
Seat 5: mr.Jckpot ($100 in chips) 
Seat 6: Manifestorr ($131.76 in chips) 
Manifestorr: posts small blind $0.50
z00mba: posts big blind $1
*** HOLE CARDS ***
yzuk: folds 
lewis2o10: folds 
Poker9803: folds 
mr.Jckpot: folds 
Manifestorr: raises $2 to $3
z00mba: calls $2
*** FLOP *** [Qh 8s 7h]
Manifestorr: bets $4.28
z00mba: folds 
Uncalled bet ($4.28) returned to Manifestorr
Manifestorr collected $5.70 from pot
*** SUMMARY ***
Total pot $6 | Rake $0.30 
Board [Qh 8s 7h]
Seat 1: z00mba (big blind) folded on the Flop
Seat 2: yzuk folded before Flop (didn't bet)
Seat 3: lewis2o10 folded before Flop (didn't bet)
Seat 4: Poker9803 folded before Flop (didn't bet)
Seat 5: mr.Jckpot (button) folded before Flop (didn't bet)
Seat 6: Manifestorr (small blind) collected ($5.70)



PokerStars Hand #254507383673:  Hold'em No Limit ($0.50/$1.00 USD) - 2025/01/22 22:50:36 WET [2025/01/22 17:50:36 ET]
Table 'Erato IV' 6-max Seat #6 is the button
Seat 1: z00mba ($117.05 in chips) 
Seat 2: yzuk ($100 in chips) 
Seat 3: lewis2o10 ($75.86 in chips) 
Seat 4: Poker9803 ($125.95 in chips) 
Seat 5: mr.Jckpot ($100 in chips) 
Seat 6: Manifestorr ($134.46 in chips) 
z00mba: posts small blind $0.50
yzuk: posts big blind $1
*** HOLE CARDS ***
lewis2o10: calls $1
Poker9803: raises $2.50 to $3.50
mr.Jckpot: folds 
Manifestorr: folds 
z00mba: folds 
yzuk: folds 
lewis2o10: calls $2.50
*** FLOP *** [Jd Tc Qh]
lewis2o10: checks 
Poker9803: checks 
*** TURN *** [Jd Tc Qh] [Qd]
lewis2o10: bets $1
Poker9803: calls $1
*** RIVER *** [Jd Tc Qh Qd] [Jh]
lewis2o10: bets $3
Poker9803: folds 
Uncalled bet ($3) returned to lewis2o10
lewis2o10 collected $9.98 from pot
*** SUMMARY ***
Total pot $10.50 | Rake $0.52 
Board [Jd Tc Qh Qd Jh]
Seat 1: z00mba (small blind) folded before Flop
Seat 2: yzuk (big blind) folded before Flop
Seat 3: lewis2o10 collected ($9.98)
Seat 4: Poker9803 folded on the River
Seat 5: mr.Jckpot folded before Flop (didn't bet)
Seat 6: Manifestorr (button) folded before Flop (didn't bet)



PokerStars Hand #254507395821:  Hold'em No Limit ($0.50/$1.00 USD) - 2025/01/22 22:51:21 WET [2025/01/22 17:51:21 ET]
Table 'Erato IV' 6-max Seat #1 is the button
Seat 1: z00mba ($116.55 in chips) 
Seat 2: yzuk ($100 in chips) 
Seat 3: lewis2o10 ($81.34 in chips) 
Seat 4: Poker9803 ($121.45 in chips) 
Seat 5: mr.Jckpot ($100 in chips) 
Seat 6: Manifestorr ($134.46 in chips) 
yzuk: posts small blind $0.50
lewis2o10: posts big blind $1
*** HOLE CARDS ***
Poker9803: folds 
mr.Jckpot: folds 
Manifestorr: folds 
z00mba: raises $1.50 to $2.50
yzuk: folds 
lewis2o10: calls $1.50
*** FLOP *** [Kh Ah 2h]
lewis2o10: bets $3
z00mba: folds 
Uncalled bet ($3) returned to lewis2o10
lewis2o10 collected $5.22 from pot
*** SUMMARY ***
Total pot $5.50 | Rake $0.28 
Board [Kh Ah 2h]
Seat 1: z00mba (button) folded on the Flop
Seat 2: yzuk (small blind) folded before Flop
Seat 3: lewis2o10 (big blind) collected ($5.22)
Seat 4: Poker9803 folded before Flop (didn't bet)
Seat 5: mr.Jckpot folded before Flop (didn't bet)
Seat 6: Manifestorr folded before Flop (didn't bet)



PokerStars Hand #254507401437:  Hold'em No Limit ($0.50/$1.00 USD) - 2025/01/22 22:51:42 WET [2025/01/22 17:51:42 ET]
Table 'Erato IV' 6-max Seat #2 is the button
Seat 1: z00mba ($114.05 in chips) 
Seat 2: yzuk ($100 in chips) 
Seat 3: lewis2o10 ($84.06 in chips) 
Seat 4: Poker9803 ($121.45 in chips) 
Seat 5: mr.Jckpot ($100 in chips) 
Seat 6: Manifestorr ($134.46 in chips) 
lewis2o10: posts small blind $0.50
Poker9803: posts big blind $1
*** HOLE CARDS ***
mr.Jckpot: folds 
Manifestorr: folds 
z00mba: folds 
yzuk: raises $1.50 to $2.50
lewis2o10: folds 
Poker9803: folds 
Uncalled bet ($1.50) returned to yzuk
yzuk collected $2.50 from pot
yzuk: doesn't show hand 
*** SUMMARY ***
Total pot $2.50 | Rake $0 
Seat 1: z00mba folded before Flop (didn't bet)
Seat 2: yzuk (button) collected ($2.50)
Seat 3: lewis2o10 (small blind) folded before Flop
Seat 4: Poker9803 (big blind) folded before Flop
Seat 5: mr.Jckpot folded before Flop (didn't bet)
Seat 6: Manifestorr folded before Flop (didn't bet)



PokerStars Hand #254507403889:  Hold'em No Limit ($0.50/$1.00 USD) - 2025/01/22 22:51:52 WET [2025/01/22 17:51:52 ET]
Table 'Erato IV' 6-max Seat #3 is the button
Seat 1: z00mba ($114.05 in chips) 
Seat 2: yzuk ($101.50 in chips) 
Seat 3: lewis2o10 ($83.56 in chips) 
Seat 4: Poker9803 ($120.45 in chips) 
Seat 5: mr.Jckpot ($100 in chips) 
Seat 6: Manifestorr ($134.46 in chips) 
Poker9803: posts small blind $0.50
mr.Jckpot: posts big blind $1
*** HOLE CARDS ***
Manifestorr: folds 
z00mba: folds 
yzuk: folds 
lewis2o10: calls $1
Poker9803: folds 
mr.Jckpot: raises $2.50 to $3.50
lewis2o10: calls $2.50
*** FLOP *** [Kc Th Qd]
mr.Jckpot: checks 
lewis2o10: bets $3
mr.Jckpot: calls $3
*** TURN *** [Kc Th Qd] [8s]
mr.Jckpot: checks 
lewis2o10: bets $3
mr.Jckpot: calls $3
*** RIVER *** [Kc Th Qd 8s] [Tc]
mr.Jckpot: bets $12.22
lewis2o10: calls $12.22
*** SHOW DOWN ***
mr.Jckpot: shows [Jh Td] (three of a kind, Tens)
lewis2o10: mucks hand 
mr.Jckpot collected $41.74 from pot
*** SUMMARY ***
Total pot $43.94 | Rake $2.20 
Board [Kc Th Qd 8s Tc]
Seat 1: z00mba folded before Flop (didn't bet)
Seat 2: yzuk folded before Flop (didn't bet)
Seat 3: lewis2o10 (button) mucked
Seat 4: Poker9803 (small blind) folded before Flop
Seat 5: mr.Jckpot (big blind) showed [Jh Td] and won ($41.74) with three of a kind, Tens
Seat 6: Manifestorr folded before Flop (didn't bet)



PokerStars Hand #254507413223:  Hold'em No Limit ($0.50/$1.00 USD) - 2025/01/22 22:52:27 WET [2025/01/22 17:52:27 ET]
Table 'Erato IV' 6-max Seat #4 is the button
Seat 1: z00mba ($114.05 in chips) 
Seat 2: yzuk ($101.50 in chips) 
Seat 3: lewis2o10 ($61.84 in chips) 
Seat 4: Poker9803 ($119.95 in chips) 
Seat 5: mr.Jckpot ($120.02 in chips) 
Seat 6: Manifestorr ($134.46 in chips) 
mr.Jckpot: posts small blind $0.50
Manifestorr: posts big blind $1
*** HOLE CARDS ***
z00mba: raises $1.50 to $2.50
yzuk: folds 
lewis2o10: calls $2.50
Poker9803: folds 
mr.Jckpot: folds 
Manifestorr: folds 
*** FLOP *** [8d Ts 4d]
z00mba: checks 
lewis2o10: checks 
*** TURN *** [8d Ts 4d] [8h]
z00mba: checks 
lewis2o10: bets $3
z00mba: folds 
Uncalled bet ($3) returned to lewis2o10
lewis2o10 collected $6.18 from pot
*** SUMMARY ***
Total pot $6.50 | Rake $0.32 
Board [8d Ts 4d 8h]
Seat 1: z00mba folded on the Turn
Seat 2: yzuk folded before Flop (didn't bet)
Seat 3: lewis2o10 collected ($6.18)
Seat 4: Poker9803 (button) folded before Flop (didn't bet)
Seat 5: mr.Jckpot (small blind) folded before Flop
Seat 6: Manifestorr (big blind) folded before Flop



PokerStars Hand #254507423582:  Hold'em No Limit ($0.50/$1.00 USD) - 2025/01/22 22:53:06 WET [2025/01/22 17:53:06 ET]
Table 'Erato IV' 6-max Seat #5 is the button
Seat 1: z00mba ($111.55 in chips) is sitting out
Seat 2: yzuk ($101.50 in chips) 
Seat 3: lewis2o10 ($65.52 in chips) 
Seat 4: Poker9803 ($119.95 in chips) 
Seat 5: mr.Jckpot ($119.52 in chips) 
Seat 6: Manifestorr ($133.46 in chips) 
Manifestorr: posts small blind $0.50
z00mba: is sitting out 
yzuk: posts big blind $1
*** HOLE CARDS ***
lewis2o10: raises $3 to $4
Poker9803: folds 
mr.Jckpot: folds 
Manifestorr: folds 
yzuk: calls $3
*** FLOP *** [5d 2s Ts]
yzuk: checks 
lewis2o10: bets $4
yzuk: raises $8 to $12
lewis2o10: calls $8
*** TURN *** [5d 2s Ts] [9d]
yzuk: bets $15.75
lewis2o10: raises $33.77 to $49.52 and is all-in
yzuk: calls $33.77
*** RIVER *** [5d 2s Ts 9d] [8h]
*** SHOW DOWN ***
yzuk: shows [5c 5h] (three of a kind, Fives)
lewis2o10: shows [9s 9h] (three of a kind, Nines)
lewis2o10 collected $129.04 from pot
*** SUMMARY ***
Total pot $131.54 | Rake $2.50 
Board [5d 2s Ts 9d 8h]
Seat 1: z00mba
Seat 2: yzuk (big blind) showed [5c 5h] and lost with three of a kind, Fives
Seat 3: lewis2o10 showed [9s 9h] and won ($129.04) with three of a kind, Nines
Seat 4: Poker9803 folded before Flop (didn't bet)
Seat 5: mr.Jckpot (button) folded before Flop (didn't bet)
Seat 6: Manifestorr (small blind) folded before Flop



PokerStars Hand #254507434990:  Hold'em No Limit ($0.50/$1.00 USD) - 2025/01/22 22:53:50 WET [2025/01/22 17:53:50 ET]
Table 'Erato IV' 6-max Seat #6 is the button
Seat 1: z00mba ($111.55 in chips) is sitting out
Seat 2: yzuk ($100 in chips) 
Seat 3: lewis2o10 ($129.04 in chips) 
Seat 4: Poker9803 ($119.95 in chips) 
Seat 5: mr.Jckpot ($119.52 in chips) 
Seat 6: Manifestorr ($132.96 in chips) 
yzuk: posts small blind $0.50
lewis2o10: posts big blind $1
*** HOLE CARDS ***
Poker9803: folds 
mr.Jckpot: raises $1.50 to $2.50
Manifestorr: folds 
yzuk: folds 
lewis2o10: calls $1.50
*** FLOP *** [3s Qh Kd]
lewis2o10: checks 
mr.Jckpot: bets $1.15
lewis2o10: calls $1.15
*** TURN *** [3s Qh Kd] [2h]
lewis2o10: checks 
mr.Jckpot: bets $5.78
lewis2o10: folds 
Uncalled bet ($5.78) returned to mr.Jckpot
mr.Jckpot collected $7.41 from pot
mr.Jckpot: doesn't show hand 
*** SUMMARY ***
Total pot $7.80 | Rake $0.39 
Board [3s Qh Kd 2h]
Seat 1: z00mba
Seat 2: yzuk (small blind) folded before Flop
Seat 3: lewis2o10 (big blind) folded on the Turn
Seat 4: Poker9803 folded before Flop (didn't bet)
Seat 5: mr.Jckpot collected ($7.41)
Seat 6: Manifestorr (button) folded before Flop (didn't bet)



PokerStars Hand #254507442631:  Hold'em No Limit ($0.50/$1.00 USD) - 2025/01/22 22:54:20 WET [2025/01/22 17:54:20 ET]
Table 'Erato IV' 6-max Seat #2 is the button
Seat 1: z00mba ($111.55 in chips) is sitting out
Seat 2: yzuk ($100 in chips) 
Seat 3: lewis2o10 ($125.39 in chips) 
Seat 4: Poker9803 ($119.95 in chips) 
Seat 5: mr.Jckpot ($123.28 in chips) 
Seat 6: Manifestorr ($132.96 in chips) 
lewis2o10: posts small blind $0.50
Poker9803: posts big blind $1
*** HOLE CARDS ***
mr.Jckpot: folds 
Manifestorr: folds 
yzuk: raises $1.50 to $2.50
lewis2o10: calls $2
Poker9803: folds 
*** FLOP *** [4c 5d 2h]
lewis2o10: bets $4
yzuk: folds 
Uncalled bet ($4) returned to lewis2o10
lewis2o10 collected $5.70 from pot
*** SUMMARY ***
Total pot $6 | Rake $0.30 
Board [4c 5d 2h]
Seat 1: z00mba
Seat 2: yzuk (button) folded on the Flop
Seat 3: lewis2o10 (small blind) collected ($5.70)
Seat 4: Poker9803 (big blind) folded before Flop
Seat 5: mr.Jckpot folded before Flop (didn't bet)
Seat 6: Manifestorr folded before Flop (didn't bet)



PokerStars Hand #254507448205:  Hold'em No Limit ($0.50/$1.00 USD) - 2025/01/22 22:54:41 WET [2025/01/22 17:54:41 ET]
Table 'Erato IV' 6-max Seat #3 is the button
Seat 1: z00mba ($111.55 in chips) is sitting out
Seat 2: yzuk ($100 in chips) 
Seat 3: lewis2o10 ($128.59 in chips) 
Seat 4: Poker9803 ($118.95 in chips) 
Seat 5: mr.Jckpot ($123.28 in chips) 
Seat 6: Manifestorr ($132.96 in chips) 
Poker9803: posts small blind $0.50
mr.Jckpot: posts big blind $1
*** HOLE CARDS ***
Manifestorr: folds 
yzuk has timed out
yzuk: folds 
lewis2o10: calls $1
Poker9803: folds 
mr.Jckpot: checks 
*** FLOP *** [2d Tc Qc]
mr.Jckpot: checks 
lewis2o10: checks 
*** TURN *** [2d Tc Qc] [3h]
mr.Jckpot: checks 
lewis2o10: checks 
*** RIVER *** [2d Tc Qc 3h] [Td]
mr.Jckpot: checks 
lewis2o10: checks 
*** SHOW DOWN ***
mr.Jckpot: shows [3d Jh] (two pair, Tens and Threes)
lewis2o10: mucks hand 
mr.Jckpot collected $2.38 from pot
*** SUMMARY ***
Total pot $2.50 | Rake $0.12 
Board [2d Tc Qc 3h Td]
Seat 1: z00mba
Seat 2: yzuk folded before Flop (didn't bet)
Seat 3: lewis2o10 (button) mucked
Seat 4: Poker9803 (small blind) folded before Flop
Seat 5: mr.Jckpot (big blind) showed [3d Jh] and won ($2.38) with two pair, Tens and Threes
Seat 6: Manifestorr folded before Flop (didn't bet)



PokerStars Hand #254507457662:  Hold'em No Limit ($0.50/$1.00 USD) - 2025/01/22 22:55:19 WET [2025/01/22 17:55:19 ET]
Table 'Erato IV' 6-max Seat #4 is the button
Seat 1: z00mba ($111.55 in chips) is sitting out
Seat 2: yzuk ($100 in chips) 
Seat 3: lewis2o10 ($127.59 in chips) 
Seat 4: Poker9803 ($118.45 in chips) 
Seat 5: mr.Jckpot ($124.66 in chips) 
Seat 6: Manifestorr ($132.96 in chips) 
mr.Jckpot: posts small blind $0.50
Manifestorr: posts big blind $1
z00mba: sits out 
*** HOLE CARDS ***
yzuk: folds 
lewis2o10: folds 
Poker9803: folds 
mr.Jckpot: raises $2 to $3
Manifestorr: folds 
Uncalled bet ($2) returned to mr.Jckpot
mr.Jckpot collected $2 from pot
mr.Jckpot: doesn't show hand 
*** SUMMARY ***
Total pot $2 | Rake $0 
Seat 1: z00mba
Seat 2: yzuk folded before Flop (didn't bet)
Seat 3: lewis2o10 folded before Flop (didn't bet)
Seat 4: Poker9803 (button) folded before Flop (didn't bet)
Seat 5: mr.Jckpot (small blind) collected ($2)
Seat 6: Manifestorr (big blind) folded before Flop



PokerStars Hand #254507461269:  Hold'em No Limit ($0.50/$1.00 USD) - 2025/01/22 22:55:37 WET [2025/01/22 17:55:37 ET]
Table 'Erato IV' 6-max Seat #5 is the button
Seat 1: z00mba ($111.55 in chips) 
Seat 2: yzuk ($100 in chips) 
Seat 3: lewis2o10 ($127.59 in chips) 
Seat 4: Poker9803 ($118.45 in chips) 
Seat 5: mr.Jckpot ($125.66 in chips) 
Seat 6: Manifestorr ($131.96 in chips) 
Manifestorr: posts small blind $0.50
z00mba: posts big blind $1
*** HOLE CARDS ***
yzuk: folds 
lewis2o10: folds 
Poker9803: folds 
mr.Jckpot: folds 
Manifestorr: folds 
Uncalled bet ($0.50) returned to z00mba
z00mba collected $1 from pot
z00mba: doesn't show hand 
*** SUMMARY ***
Total pot $1 | Rake $0 
Seat 1: z00mba (big blind) collected ($1)
Seat 2: yzuk folded before Flop (didn't bet)
Seat 3: lewis2o10 folded before Flop (didn't bet)
Seat 4: Poker9803 folded before Flop (didn't bet)
Seat 5: mr.Jckpot (button) folded before Flop (didn't bet)
Seat 6: Manifestorr (small blind) folded before Flop



PokerStars Hand #254507463479:  Hold'em No Limit ($0.50/$1.00 USD) - 2025/01/22 22:55:49 WET [2025/01/22 17:55:49 ET]
Table 'Erato IV' 6-max Seat #6 is the button
Seat 1: z00mba ($112.05 in chips) 
Seat 2: yzuk ($100 in chips) 
Seat 3: lewis2o10 ($127.59 in chips) 
Seat 4: Poker9803 ($118.45 in chips) 
Seat 5: mr.Jckpot ($125.66 in chips) 
Seat 6: Manifestorr ($131.46 in chips) 
z00mba: posts small blind $0.50
yzuk: posts big blind $1
*** HOLE CARDS ***
lewis2o10: calls $1
Poker9803: folds 
mr.Jckpot: folds 
Manifestorr: folds 
z00mba: raises $3 to $4
yzuk: folds 
lewis2o10: folds 
Uncalled bet ($3) returned to z00mba
z00mba collected $3 from pot
z00mba: doesn't show hand 
*** SUMMARY ***
Total pot $3 | Rake $0 
Seat 1: z00mba (small blind) collected ($3)
Seat 2: yzuk (big blind) folded before Flop
Seat 3: lewis2o10 folded before Flop
Seat 4: Poker9803 folded before Flop (didn't bet)
Seat 5: mr.Jckpot folded before Flop (didn't bet)
Seat 6: Manifestorr (button) folded before Flop (didn't bet)



PokerStars Hand #254507468965:  Hold'em No Limit ($0.50/$1.00 USD) - 2025/01/22 22:56:16 WET [2025/01/22 17:56:16 ET]
Table 'Erato IV' 6-max Seat #1 is the button
Seat 1: z00mba ($114.05 in chips) 
Seat 2: yzuk ($100 in chips) 
Seat 3: lewis2o10 ($126.59 in chips) 
Seat 4: Poker9803 ($118.45 in chips) 
Seat 5: mr.Jckpot ($125.66 in chips) 
Seat 6: Manifestorr ($131.46 in chips) 
yzuk: posts small blind $0.50
lewis2o10: posts big blind $1
*** HOLE CARDS ***
Poker9803: folds 
mr.Jckpot: folds 
Manifestorr: raises $1.20 to $2.20
z00mba: folds 
yzuk: folds 
lewis2o10: calls $1.20
*** FLOP *** [Kd 9h 5d]
lewis2o10: checks 
Manifestorr: bets $4.19
lewis2o10: folds 
Uncalled bet ($4.19) returned to Manifestorr
Manifestorr collected $4.66 from pot
*** SUMMARY ***
Total pot $4.90 | Rake $0.24 
Board [Kd 9h 5d]
Seat 1: z00mba (button) folded before Flop (didn't bet)
Seat 2: yzuk (small blind) folded before Flop
Seat 3: lewis2o10 (big blind) folded on the Flop
Seat 4: Poker9803 folded before Flop (didn't bet)
Seat 5: mr.Jckpot folded before Flop (didn't bet)
Seat 6: Manifestorr collected ($4.66)



PokerStars Hand #254507473898:  Hold'em No Limit ($0.50/$1.00 USD) - 2025/01/22 22:56:41 WET [2025/01/22 17:56:41 ET]
Table 'Erato IV' 6-max Seat #2 is the button
Seat 1: z00mba ($114.05 in chips) 
Seat 2: yzuk ($100 in chips) 
Seat 3: lewis2o10 ($124.39 in chips) 
Seat 4: Poker9803 ($118.45 in chips) 
Seat 5: mr.Jckpot ($125.66 in chips) 
Seat 6: Manifestorr ($133.92 in chips) 
lewis2o10: posts small blind $0.50
Poker9803: posts big blind $1
*** HOLE CARDS ***
mr.Jckpot: folds 
Manifestorr: folds 
z00mba: raises $1.50 to $2.50
yzuk: folds 
lewis2o10: calls $2
Poker9803: calls $1.50
*** FLOP *** [Jc Ts 2c]
lewis2o10: bets $3
Poker9803: raises $9 to $12
z00mba: folds 
lewis2o10: calls $9
*** TURN *** [Jc Ts 2c] [2d]
lewis2o10: checks 
Poker9803: bets $9.87
lewis2o10: calls $9.87
*** RIVER *** [Jc Ts 2c 2d] [5h]
lewis2o10: checks 
Poker9803: checks 
*** SHOW DOWN ***
lewis2o10: shows [7c Tc] (two pair, Tens and Deuces)
Poker9803: shows [Kc Jd] (two pair, Jacks and Deuces)
Poker9803 collected $48.74 from pot
*** SUMMARY ***
Total pot $51.24 | Rake $2.50 
Board [Jc Ts 2c 2d 5h]
Seat 1: z00mba folded on the Flop
Seat 2: yzuk (button) folded before Flop (didn't bet)
Seat 3: lewis2o10 (small blind) showed [7c Tc] and lost with two pair, Tens and Deuces
Seat 4: Poker9803 (big blind) showed [Kc Jd] and won ($48.74) with two pair, Jacks and Deuces
Seat 5: mr.Jckpot folded before Flop (didn't bet)
Seat 6: Manifestorr folded before Flop (didn't bet)



PokerStars Hand #254507481142:  Hold'em No Limit ($0.50/$1.00 USD) - 2025/01/22 22:57:17 WET [2025/01/22 17:57:17 ET]
Table 'Erato IV' 6-max Seat #3 is the button
Seat 1: z00mba ($111.55 in chips) 
Seat 2: yzuk ($100 in chips) 
Seat 3: lewis2o10 ($100.02 in chips) 
Seat 4: Poker9803 ($142.82 in chips) 
Seat 5: mr.Jckpot ($125.66 in chips) 
Seat 6: Manifestorr ($133.92 in chips) 
Poker9803: posts small blind $0.50
mr.Jckpot: posts big blind $1
*** HOLE CARDS ***
Manifestorr: folds 
z00mba: folds 
yzuk: folds 
lewis2o10: folds 
Poker9803: folds 
Uncalled bet ($0.50) returned to mr.Jckpot
mr.Jckpot collected $1 from pot
mr.Jckpot: doesn't show hand 
*** SUMMARY ***
Total pot $1 | Rake $0 
Seat 1: z00mba folded before Flop (didn't bet)
Seat 2: yzuk folded before Flop (didn't bet)
Seat 3: lewis2o10 (button) folded before Flop (didn't bet)
Seat 4: Poker9803 (small blind) folded before Flop
Seat 5: mr.Jckpot (big blind) collected ($1)
Seat 6: Manifestorr folded before Flop (didn't bet)



PokerStars Hand #254507483197:  Hold'em No Limit ($0.50/$1.00 USD) - 2025/01/22 22:57:27 WET [2025/01/22 17:57:27 ET]
Table 'Erato IV' 6-max Seat #4 is the button
Seat 1: z00mba ($111.55 in chips) 
Seat 2: yzuk ($100 in chips) 
Seat 3: lewis2o10 ($100.02 in chips) 
Seat 4: Poker9803 ($142.32 in chips) 
Seat 5: mr.Jckpot ($126.16 in chips) 
Seat 6: Manifestorr ($133.92 in chips) 
mr.Jckpot: posts small blind $0.50
Manifestorr: posts big blind $1
*** HOLE CARDS ***
z00mba: folds 
yzuk: folds 
lewis2o10: calls $1
Poker9803: folds 
mr.Jckpot: folds 
Manifestorr: checks 
*** FLOP *** [Kc 7h 3s]
Manifestorr: checks 
lewis2o10: bets $2
Manifestorr: folds 
Uncalled bet ($2) returned to lewis2o10
lewis2o10 collected $2.38 from pot
*** SUMMARY ***
Total pot $2.50 | Rake $0.12 
Board [Kc 7h 3s]
Seat 1: z00mba folded before Flop (didn't bet)
Seat 2: yzuk folded before Flop (didn't bet)
Seat 3: lewis2o10 collected ($2.38)
Seat 4: Poker9803 (button) folded before Flop (didn't bet)
Seat 5: mr.Jckpot (small blind) folded before Flop
Seat 6: Manifestorr (big blind) folded on the Flop



PokerStars Hand #254507488011:  Hold'em No Limit ($0.50/$1.00 USD) - 2025/01/22 22:57:51 WET [2025/01/22 17:57:51 ET]
Table 'Erato IV' 6-max Seat #5 is the button
Seat 1: z00mba ($111.55 in chips) 
Seat 2: yzuk ($100 in chips) 
Seat 3: lewis2o10 ($101.40 in chips) 
Seat 4: Poker9803 ($142.32 in chips) 
Seat 5: mr.Jckpot ($125.66 in chips) 
Seat 6: Manifestorr ($132.92 in chips) 
Manifestorr: posts small blind $0.50
z00mba: posts big blind $1
*** HOLE CARDS ***
yzuk: folds 
lewis2o10: folds 
Poker9803: folds 
mr.Jckpot: folds 
Manifestorr: raises $2 to $3
z00mba: calls $2
*** FLOP *** [8d 4s 7s]
Manifestorr: checks 
z00mba: checks 
*** TURN *** [8d 4s 7s] [4d]
Manifestorr: bets $7.70
z00mba: folds 
Uncalled bet ($7.70) returned to Manifestorr
Manifestorr collected $5.70 from pot
*** SUMMARY ***
Total pot $6 | Rake $0.30 
Board [8d 4s 7s 4d]
Seat 1: z00mba (big blind) folded on the Turn
Seat 2: yzuk folded before Flop (didn't bet)
Seat 3: lewis2o10 folded before Flop (didn't bet)
Seat 4: Poker9803 folded before Flop (didn't bet)
Seat 5: mr.Jckpot (button) folded before Flop (didn't bet)
Seat 6: Manifestorr (small blind) collected ($5.70)



PokerStars Hand #254507498553:  Hold'em No Limit ($0.50/$1.00 USD) - 2025/01/22 22:58:44 WET [2025/01/22 17:58:44 ET]
Table 'Erato IV' 6-max Seat #6 is the button
Seat 1: z00mba ($108.55 in chips) 
Seat 2: yzuk ($100 in chips) 
Seat 3: lewis2o10 ($101.40 in chips) 
Seat 4: Poker9803 ($142.32 in chips) 
Seat 5: mr.Jckpot ($125.66 in chips) 
Seat 6: Manifestorr ($135.62 in chips) 
z00mba: posts small blind $0.50
yzuk: posts big blind $1
*** HOLE CARDS ***
lewis2o10: calls $1
Poker9803: folds 
mr.Jckpot: folds 
Manifestorr: folds 
z00mba: calls $0.50
yzuk: raises $4 to $5
lewis2o10: calls $4
z00mba: folds 
*** FLOP *** [Ac 8s 4h]
yzuk: checks 
lewis2o10: bets $3
yzuk: folds 
Uncalled bet ($3) returned to lewis2o10
lewis2o10 collected $10.45 from pot
*** SUMMARY ***
Total pot $11 | Rake $0.55 
Board [Ac 8s 4h]
Seat 1: z00mba (small blind) folded before Flop
Seat 2: yzuk (big blind) folded on the Flop
Seat 3: lewis2o10 collected ($10.45)
Seat 4: Poker9803 folded before Flop (didn't bet)
Seat 5: mr.Jckpot folded before Flop (didn't bet)
Seat 6: Manifestorr (button) folded before Flop (didn't bet)



PokerStars Hand #254507506126:  Hold'em No Limit ($0.50/$1.00 USD) - 2025/01/22 22:59:21 WET [2025/01/22 17:59:21 ET]
Table 'Erato IV' 6-max Seat #1 is the button
Seat 1: z00mba ($107.55 in chips) 
Seat 2: yzuk ($100 in chips) 
Seat 3: lewis2o10 ($106.85 in chips) 
Seat 4: Poker9803 ($142.32 in chips) 
Seat 5: mr.Jckpot ($125.66 in chips) 
Seat 6: Manifestorr ($135.62 in chips) 
yzuk: posts small blind $0.50
lewis2o10: posts big blind $1
*** HOLE CARDS ***
Poker9803: folds 
mr.Jckpot: folds 
Manifestorr: raises $1.20 to $2.20
z00mba: folds 
yzuk: folds 
lewis2o10: calls $1.20
*** FLOP *** [7h 9s 6c]
lewis2o10: checks 
Manifestorr: checks 
*** TURN *** [7h 9s 6c] [4d]
lewis2o10: checks 
Manifestorr: checks 
*** RIVER *** [7h 9s 6c 4d] [Ks]
lewis2o10: bets $1
Manifestorr: folds 
Uncalled bet ($1) returned to lewis2o10
lewis2o10 collected $4.66 from pot
*** SUMMARY ***
Total pot $4.90 | Rake $0.24 
Board [7h 9s 6c 4d Ks]
Seat 1: z00mba (button) folded before Flop (didn't bet)
Seat 2: yzuk (small blind) folded before Flop
Seat 3: lewis2o10 (big blind) collected ($4.66)
Seat 4: Poker9803 folded before Flop (didn't bet)
Seat 5: mr.Jckpot folded before Flop (didn't bet)
Seat 6: Manifestorr folded on the River



PokerStars Hand #254507518659:  Hold'em No Limit ($0.50/$1.00 USD) - 2025/01/22 23:00:23 WET [2025/01/22 18:00:23 ET]
Table 'Erato IV' 6-max Seat #2 is the button
Seat 1: z00mba ($107.55 in chips) 
Seat 2: yzuk ($100 in chips) 
Seat 3: lewis2o10 ($109.31 in chips) 
Seat 4: Poker9803 ($142.32 in chips) 
Seat 5: mr.Jckpot ($125.66 in chips) 
Seat 6: Manifestorr ($133.42 in chips) 
lewis2o10: posts small blind $0.50
Poker9803: posts big blind $1
*** HOLE CARDS ***
mr.Jckpot: folds 
Manifestorr: folds 
z00mba: folds 
yzuk: raises $1.50 to $2.50
lewis2o10: calls $2
Poker9803: raises $12.50 to $15
yzuk: folds 
lewis2o10: folds 
Uncalled bet ($12.50) returned to Poker9803
Poker9803 collected $7.50 from pot
Poker9803: doesn't show hand 
*** SUMMARY ***
Total pot $7.50 | Rake $0 
Seat 1: z00mba folded before Flop (didn't bet)
Seat 2: yzuk (button) folded before Flop
Seat 3: lewis2o10 (small blind) folded before Flop
Seat 4: Poker9803 (big blind) collected ($7.50)
Seat 5: mr.Jckpot folded before Flop (didn't bet)
Seat 6: Manifestorr folded before Flop (didn't bet)



PokerStars Hand #254507523210:  Hold'em No Limit ($0.50/$1.00 USD) - 2025/01/22 23:00:45 WET [2025/01/22 18:00:45 ET]
Table 'Erato IV' 6-max Seat #3 is the button
Seat 1: z00mba ($107.55 in chips) 
Seat 2: yzuk ($100 in chips) 
Seat 3: lewis2o10 ($106.81 in chips) 
Seat 4: Poker9803 ($147.32 in chips) 
Seat 5: mr.Jckpot ($125.66 in chips) 
Seat 6: Manifestorr ($133.42 in chips) 
Poker9803: posts small blind $0.50
mr.Jckpot: posts big blind $1
*** HOLE CARDS ***
Manifestorr: folds 
z00mba: raises $1.50 to $2.50
yzuk: folds 
lewis2o10: calls $2.50
Poker9803: folds 
mr.Jckpot: folds 
*** FLOP *** [Ts Kh Kd]
z00mba: checks 
lewis2o10: bets $3
z00mba: calls $3
*** TURN *** [Ts Kh Kd] [4c]
z00mba: checks 
lewis2o10: checks 
*** RIVER *** [Ts Kh Kd 4c] [8c]
z00mba: checks 
lewis2o10: bets $3
z00mba: raises $6.50 to $9.50
lewis2o10: folds 
Uncalled bet ($6.50) returned to z00mba
z00mba collected $17.58 from pot
z00mba: doesn't show hand 
*** SUMMARY ***
Total pot $18.50 | Rake $0.92 
Board [Ts Kh Kd 4c 8c]
Seat 1: z00mba collected ($17.58)
Seat 2: yzuk folded before Flop (didn't bet)
Seat 3: lewis2o10 (button) folded on the River
Seat 4: Poker9803 (small blind) folded before Flop
Seat 5: mr.Jckpot (big blind) folded before Flop
Seat 6: Manifestorr folded before Flop (didn't bet)



PokerStars Hand #254507533520:  Hold'em No Limit ($0.50/$1.00 USD) - 2025/01/22 23:01:30 WET [2025/01/22 18:01:30 ET]
Table 'Erato IV' 6-max Seat #4 is the button
Seat 5: mr.Jckpot ($124.66 in chips) is sitting out
Seat 1: z00mba ($116.63 in chips) 
Seat 2: yzuk ($100 in chips) 
Seat 3: lewis2o10 ($98.31 in chips) 
Seat 4: Poker9803 ($146.82 in chips) 
Seat 6: Manifestorr ($133.42 in chips) 
Manifestorr: posts small blind $0.50
z00mba: posts big blind $1
*** HOLE CARDS ***
mr.Jckpot leaves the table
yzuk: folds 
lewis2o10: folds 
Poker9803: raises $1.50 to $2.50
Manifestorr: folds 
z00mba: folds 
Uncalled bet ($1.50) returned to Poker9803
Poker9803 collected $2.50 from pot
Poker9803: doesn't show hand 
*** SUMMARY ***
Total pot $2.50 | Rake $0 
Seat 5: mr.Jckpot
Seat 1: z00mba (big blind) folded before Flop
Seat 2: yzuk folded before Flop (didn't bet)
Seat 3: lewis2o10 folded before Flop (didn't bet)
Seat 4: Poker9803 (button) collected ($2.50)
Seat 6: Manifestorr (small blind) folded before Flop



PokerStars Hand #254507537066:  Hold'em No Limit ($0.50/$1.00 USD) - 2025/01/22 23:01:45 WET [2025/01/22 18:01:45 ET]
Table 'Erato IV' 6-max Seat #6 is the button
Seat 1: z00mba ($115.63 in chips) 
Seat 2: yzuk ($100 in chips) 
Seat 3: lewis2o10 ($98.31 in chips) 
Seat 4: Poker9803 ($148.32 in chips) 
Seat 6: Manifestorr ($132.92 in chips) 
z00mba: posts small blind $0.50
yzuk: posts big blind $1
*** HOLE CARDS ***
lewis2o10: folds 
Poker9803: folds 
Manifestorr: raises $1.20 to $2.20
z00mba: folds 
yzuk: folds 
Uncalled bet ($1.20) returned to Manifestorr
tintin641 joins the table at seat #5 
Manifestorr collected $2.50 from pot
*** SUMMARY ***
Total pot $2.50 | Rake $0 
Seat 1: z00mba (small blind) folded before Flop
Seat 2: yzuk (big blind) folded before Flop
Seat 3: lewis2o10 folded before Flop (didn't bet)
Seat 4: Poker9803 folded before Flop (didn't bet)
Seat 6: Manifestorr (button) collected ($2.50)



PokerStars Hand #254507539952:  Hold'em No Limit ($0.50/$1.00 USD) - 2025/01/22 23:01:56 WET [2025/01/22 18:01:56 ET]
Table 'Erato IV' 6-max Seat #1 is the button
Seat 5: tintin641 ($100 in chips) is sitting out
Seat 1: z00mba ($115.13 in chips) 
Seat 2: yzuk ($100 in chips) 
Seat 3: lewis2o10 ($98.31 in chips) 
Seat 4: Poker9803 ($148.32 in chips) 
Seat 6: Manifestorr ($134.42 in chips) 
yzuk: posts small blind $0.50
lewis2o10: posts big blind $1
tintin641: sits out 
*** HOLE CARDS ***
Poker9803: folds 
Manifestorr: raises $1.20 to $2.20
z00mba: folds 
yzuk: folds 
lewis2o10: calls $1.20
*** FLOP *** [6c 3h 6s]
lewis2o10: bets $2
Manifestorr: folds 
Uncalled bet ($2) returned to lewis2o10
lewis2o10 collected $4.66 from pot
*** SUMMARY ***
Total pot $4.90 | Rake $0.24 
Board [6c 3h 6s]
Seat 5: tintin641
Seat 1: z00mba (button) folded before Flop (didn't bet)
Seat 2: yzuk (small blind) folded before Flop
Seat 3: lewis2o10 (big blind) collected ($4.66)
Seat 4: Poker9803 folded before Flop (didn't bet)
Seat 6: Manifestorr folded on the Flop



PokerStars Hand #254507545949:  Hold'em No Limit ($0.50/$1.00 USD) - 2025/01/22 23:02:20 WET [2025/01/22 18:02:20 ET]
Table 'Erato IV' 6-max Seat #2 is the button
Seat 5: tintin641 ($100 in chips) is sitting out
Seat 1: z00mba ($115.13 in chips) 
Seat 2: yzuk ($100 in chips) 
Seat 3: lewis2o10 ($100.77 in chips) 
Seat 4: Poker9803 ($148.32 in chips) 
Seat 6: Manifestorr ($132.22 in chips) 
lewis2o10: posts small blind $0.50
Poker9803: posts big blind $1
tintin641: sits out 
*** HOLE CARDS ***
Manifestorr: folds 
z00mba: folds 
yzuk: folds 
lewis2o10: raises $2 to $3
Poker9803: calls $2
*** FLOP *** [4h Kc Qh]
lewis2o10: bets $3
Poker9803: folds 
Uncalled bet ($3) returned to lewis2o10
lewis2o10 collected $5.70 from pot
*** SUMMARY ***
Total pot $6 | Rake $0.30 
Board [4h Kc Qh]
Seat 5: tintin641
Seat 1: z00mba folded before Flop (didn't bet)
Seat 2: yzuk (button) folded before Flop (didn't bet)
Seat 3: lewis2o10 (small blind) collected ($5.70)
Seat 4: Poker9803 (big blind) folded on the Flop
Seat 6: Manifestorr folded before Flop (didn't bet)



PokerStars Hand #254507552840:  Hold'em No Limit ($0.50/$1.00 USD) - 2025/01/22 23:02:49 WET [2025/01/22 18:02:49 ET]
Table 'Erato IV' 6-max Seat #3 is the button
Seat 1: z00mba ($115.13 in chips) 
Seat 2: yzuk ($100 in chips) 
Seat 3: lewis2o10 ($103.47 in chips) 
Seat 4: Poker9803 ($145.32 in chips) 
Seat 5: tintin641 ($100 in chips) 
Seat 6: Manifestorr ($132.22 in chips) 
Poker9803: posts small blind $0.50
tintin641: posts big blind $1
*** HOLE CARDS ***
Manifestorr: folds 
z00mba: folds 
yzuk: folds 
lewis2o10: raises $2 to $3
Poker9803: raises $9 to $12
tintin641: folds 
lewis2o10: calls $9
*** FLOP *** [Kc Th Qc]
Poker9803: bets $5.94
lewis2o10: calls $5.94
*** TURN *** [Kc Th Qc] [Qh]
Poker9803: checks 
lewis2o10: bets $6
Poker9803: calls $6
*** RIVER *** [Kc Th Qc Qh] [6c]
Poker9803: checks 
lewis2o10: bets $8
Poker9803: calls $8
*** SHOW DOWN ***
lewis2o10: shows [Ah Ts] (two pair, Queens and Tens)
Poker9803: shows [Kh Ad] (two pair, Kings and Queens)
Poker9803 collected $62.38 from pot
*** SUMMARY ***
Total pot $64.88 | Rake $2.50 
Board [Kc Th Qc Qh 6c]
Seat 1: z00mba folded before Flop (didn't bet)
Seat 2: yzuk folded before Flop (didn't bet)
Seat 3: lewis2o10 (button) showed [Ah Ts] and lost with two pair, Queens and Tens
Seat 4: Poker9803 (small blind) showed [Kh Ad] and won ($62.38) with two pair, Kings and Queens
Seat 5: tintin641 (big blind) folded before Flop
Seat 6: Manifestorr folded before Flop (didn't bet)



PokerStars Hand #254507570355:  Hold'em No Limit ($0.50/$1.00 USD) - 2025/01/22 23:03:58 WET [2025/01/22 18:03:58 ET]
Table 'Erato IV' 6-max Seat #4 is the button
Seat 1: z00mba ($115.13 in chips) 
Seat 2: yzuk ($100 in chips) 
Seat 3: lewis2o10 ($71.53 in chips) 
Seat 4: Poker9803 ($175.76 in chips) 
Seat 5: tintin641 ($100 in chips) 
Seat 6: Manifestorr ($132.22 in chips) 
tintin641: posts small blind $0.50
Manifestorr: posts big blind $1
*** HOLE CARDS ***
z00mba: folds 
yzuk: folds 
lewis2o10: calls $1
Poker9803: folds 
tintin641: folds 
Manifestorr: checks 
*** FLOP *** [3s Kh 7s]
Manifestorr: bets $1.19
lewis2o10: folds 
Uncalled bet ($1.19) returned to Manifestorr
Manifestorr collected $2.38 from pot
*** SUMMARY ***
Total pot $2.50 | Rake $0.12 
Board [3s Kh 7s]
Seat 1: z00mba folded before Flop (didn't bet)
Seat 2: yzuk folded before Flop (didn't bet)
Seat 3: lewis2o10 folded on the Flop
Seat 4: Poker9803 (button) folded before Flop (didn't bet)
Seat 5: tintin641 (small blind) folded before Flop
Seat 6: Manifestorr (big blind) collected ($2.38)



PokerStars Hand #254507575354:  Hold'em No Limit ($0.50/$1.00 USD) - 2025/01/22 23:04:17 WET [2025/01/22 18:04:17 ET]
Table 'Erato IV' 6-max Seat #5 is the button
Seat 1: z00mba ($115.13 in chips) 
Seat 2: yzuk ($100 in chips) 
Seat 3: lewis2o10 ($70.53 in chips) 
Seat 4: Poker9803 ($175.76 in chips) 
Seat 5: tintin641 ($100 in chips) 
Seat 6: Manifestorr ($133.60 in chips) 
Manifestorr: posts small blind $0.50
z00mba: posts big blind $1
*** HOLE CARDS ***
yzuk: folds 
lewis2o10: folds 
Poker9803: folds 
tintin641: folds 
Manifestorr: folds 
Uncalled bet ($0.50) returned to z00mba
z00mba collected $1 from pot
z00mba: doesn't show hand 
*** SUMMARY ***
Total pot $1 | Rake $0 
Seat 1: z00mba (big blind) collected ($1)
Seat 2: yzuk folded before Flop (didn't bet)
Seat 3: lewis2o10 folded before Flop (didn't bet)
Seat 4: Poker9803 folded before Flop (didn't bet)
Seat 5: tintin641 (button) folded before Flop (didn't bet)
Seat 6: Manifestorr (small blind) folded before Flop



PokerStars Hand #254507578022:  Hold'em No Limit ($0.50/$1.00 USD) - 2025/01/22 23:04:28 WET [2025/01/22 18:04:28 ET]
Table 'Erato IV' 6-max Seat #6 is the button
Seat 1: z00mba ($115.63 in chips) 
Seat 2: yzuk ($100 in chips) 
Seat 3: lewis2o10 ($70.53 in chips) 
Seat 4: Poker9803 ($175.76 in chips) 
Seat 5: tintin641 ($100 in chips) 
Seat 6: Manifestorr ($133.10 in chips) 
z00mba: posts small blind $0.50
yzuk: posts big blind $1
*** HOLE CARDS ***
lewis2o10: folds 
Poker9803: folds 
tintin641: raises $1.50 to $2.50
Manifestorr: raises $5.50 to $8
z00mba: folds 
yzuk: folds 
tintin641: raises $14 to $22
Manifestorr: folds 
Uncalled bet ($14) returned to tintin641
tintin641 collected $17.50 from pot
tintin641: doesn't show hand 
*** SUMMARY ***
Total pot $17.50 | Rake $0 
Seat 1: z00mba (small blind) folded before Flop
Seat 2: yzuk (big blind) folded before Flop
Seat 3: lewis2o10 folded before Flop (didn't bet)
Seat 4: Poker9803 folded before Flop (didn't bet)
Seat 5: tintin641 collected ($17.50)
Seat 6: Manifestorr (button) folded before Flop



PokerStars Hand #254507584954:  Hold'em No Limit ($0.50/$1.00 USD) - 2025/01/22 23:04:55 WET [2025/01/22 18:04:55 ET]
Table 'Erato IV' 6-max Seat #1 is the button
Seat 1: z00mba ($115.13 in chips) 
Seat 2: yzuk ($100 in chips) 
Seat 3: lewis2o10 ($70.53 in chips) 
Seat 4: Poker9803 ($175.76 in chips) 
Seat 5: tintin641 ($109.50 in chips) 
Seat 6: Manifestorr ($125.10 in chips) 
yzuk: posts small blind $0.50
lewis2o10: posts big blind $1
*** HOLE CARDS ***
Poker9803: folds 
tintin641: raises $1.50 to $2.50
Manifestorr: folds 
z00mba: folds 
yzuk: folds 
lewis2o10: calls $1.50
*** FLOP *** [8d 5c Qc]
lewis2o10: checks 
tintin641: bets $3.92
lewis2o10: calls $3.92
*** TURN *** [8d 5c Qc] [6c]
lewis2o10: checks 
tintin641: checks 
*** RIVER *** [8d 5c Qc 6c] [7h]
lewis2o10: checks 
tintin641: checks 
*** SHOW DOWN ***
lewis2o10: shows [8s 5h] (two pair, Eights and Fives)
tintin641: mucks hand 
lewis2o10 collected $12.67 from pot
*** SUMMARY ***
Total pot $13.34 | Rake $0.67 
Board [8d 5c Qc 6c 7h]
Seat 1: z00mba (button) folded before Flop (didn't bet)
Seat 2: yzuk (small blind) folded before Flop
Seat 3: lewis2o10 (big blind) showed [8s 5h] and won ($12.67) with two pair, Eights and Fives
Seat 4: Poker9803 folded before Flop (didn't bet)
Seat 5: tintin641 mucked
Seat 6: Manifestorr folded before Flop (didn't bet)



PokerStars Hand #254507600717:  Hold'em No Limit ($0.50/$1.00 USD) - 2025/01/22 23:05:57 WET [2025/01/22 18:05:57 ET]
Table 'Erato IV' 6-max Seat #2 is the button
Seat 1: z00mba ($115.13 in chips) 
Seat 2: yzuk ($100 in chips) 
Seat 3: lewis2o10 ($76.78 in chips) 
Seat 4: Poker9803 ($175.76 in chips) 
Seat 5: tintin641 ($103.08 in chips) 
Seat 6: Manifestorr ($125.10 in chips) 
lewis2o10: posts small blind $0.50
Poker9803: posts big blind $1
*** HOLE CARDS ***
tintin641: folds 
Manifestorr: folds 
z00mba: raises $1.50 to $2.50
yzuk: folds 
lewis2o10: folds 
Poker9803: calls $1.50
*** FLOP *** [Kc 5d 2h]
Poker9803: checks 
z00mba: bets $3
Poker9803: calls $3
*** TURN *** [Kc 5d 2h] [Kh]
Poker9803: checks 
z00mba: checks 
*** RIVER *** [Kc 5d 2h Kh] [8d]
Poker9803: checks 
z00mba: checks 
*** SHOW DOWN ***
Poker9803: shows [4s 4h] (two pair, Kings and Fours)
z00mba: mucks hand 
Poker9803 collected $10.92 from pot
*** SUMMARY ***
Total pot $11.50 | Rake $0.58 
Board [Kc 5d 2h Kh 8d]
Seat 1: z00mba mucked
Seat 2: yzuk (button) folded before Flop (didn't bet)
Seat 3: lewis2o10 (small blind) folded before Flop
Seat 4: Poker9803 (big blind) showed [4s 4h] and won ($10.92) with two pair, Kings and Fours
Seat 5: tintin641 folded before Flop (didn't bet)
Seat 6: Manifestorr folded before Flop (didn't bet)



PokerStars Hand #254507613675:  Hold'em No Limit ($0.50/$1.00 USD) - 2025/01/22 23:06:47 WET [2025/01/22 18:06:47 ET]
Table 'Erato IV' 6-max Seat #3 is the button
Seat 1: z00mba ($109.63 in chips) 
Seat 2: yzuk ($100 in chips) 
Seat 3: lewis2o10 ($76.28 in chips) 
Seat 4: Poker9803 ($181.18 in chips) 
Seat 5: tintin641 ($103.08 in chips) 
Seat 6: Manifestorr ($125.10 in chips) 
Poker9803: posts small blind $0.50
tintin641: posts big blind $1
*** HOLE CARDS ***
Manifestorr: folds 
z00mba: folds 
yzuk: folds 
lewis2o10: calls $1
Poker9803: raises $3.50 to $4.50
tintin641: folds 
lewis2o10: calls $3.50
*** FLOP *** [2c 4s Js]
Poker9803: checks 
lewis2o10: checks 
*** TURN *** [2c 4s Js] [Kh]
Poker9803: bets $7.13
lewis2o10: folds 
Uncalled bet ($7.13) returned to Poker9803
Poker9803 collected $9.50 from pot
Poker9803: doesn't show hand 
*** SUMMARY ***
Total pot $10 | Rake $0.50 
Board [2c 4s Js Kh]
Seat 1: z00mba folded before Flop (didn't bet)
Seat 2: yzuk folded before Flop (didn't bet)
Seat 3: lewis2o10 (button) folded on the Turn
Seat 4: Poker9803 (small blind) collected ($9.50)
Seat 5: tintin641 (big blind) folded before Flop
Seat 6: Manifestorr folded before Flop (didn't bet)



PokerStars Hand #254507622262:  Hold'em No Limit ($0.50/$1.00 USD) - 2025/01/22 23:07:20 WET [2025/01/22 18:07:20 ET]
Table 'Erato IV' 6-max Seat #4 is the button
Seat 1: z00mba ($109.63 in chips) 
Seat 2: yzuk ($100 in chips) 
Seat 3: lewis2o10 ($71.78 in chips) 
Seat 4: Poker9803 ($186.18 in chips) 
Seat 5: tintin641 ($102.08 in chips) 
Seat 6: Manifestorr ($125.10 in chips) 
tintin641: posts small blind $0.50
Manifestorr: posts big blind $1
*** HOLE CARDS ***
z00mba: folds 
yzuk: folds 
lewis2o10: folds 
Poker9803: raises $1.50 to $2.50
tintin641: raises $8.50 to $11
Manifestorr: folds 
Poker9803: folds 
Uncalled bet ($8.50) returned to tintin641
tintin641 collected $6 from pot
tintin641: doesn't show hand 
*** SUMMARY ***
Total pot $6 | Rake $0 
Seat 1: z00mba folded before Flop (didn't bet)
Seat 2: yzuk folded before Flop (didn't bet)
Seat 3: lewis2o10 folded before Flop (didn't bet)
Seat 4: Poker9803 (button) folded before Flop
Seat 5: tintin641 (small blind) collected ($6)
Seat 6: Manifestorr (big blind) folded before Flop



PokerStars Hand #254507628869:  Hold'em No Limit ($0.50/$1.00 USD) - 2025/01/22 23:07:47 WET [2025/01/22 18:07:47 ET]
Table 'Erato IV' 6-max Seat #5 is the button
Seat 1: z00mba ($109.63 in chips) 
Seat 2: yzuk ($100 in chips) 
Seat 3: lewis2o10 ($71.78 in chips) 
Seat 4: Poker9803 ($183.68 in chips) 
Seat 5: tintin641 ($105.58 in chips) 
Seat 6: Manifestorr ($124.10 in chips) 
Manifestorr: posts small blind $0.50
z00mba: posts big blind $1
*** HOLE CARDS ***
yzuk: folds 
lewis2o10: calls $1
Poker9803: folds 
tintin641: folds 
Manifestorr: folds 
z00mba: checks 
*** FLOP *** [2c 2h Qs]
z00mba: checks 
lewis2o10: bets $2
z00mba: folds 
Uncalled bet ($2) returned to lewis2o10
lewis2o10 collected $2.38 from pot
*** SUMMARY ***
Total pot $2.50 | Rake $0.12 
Board [2c 2h Qs]
Seat 1: z00mba (big blind) folded on the Flop
Seat 2: yzuk folded before Flop (didn't bet)
Seat 3: lewis2o10 collected ($2.38)
Seat 4: Poker9803 folded before Flop (didn't bet)
Seat 5: tintin641 (button) folded before Flop (didn't bet)
Seat 6: Manifestorr (small blind) folded before Flop



PokerStars Hand #254507636000:  Hold'em No Limit ($0.50/$1.00 USD) - 2025/01/22 23:08:15 WET [2025/01/22 18:08:15 ET]
Table 'Erato IV' 6-max Seat #6 is the button
Seat 1: z00mba ($108.63 in chips) 
Seat 2: yzuk ($100 in chips) 
Seat 3: lewis2o10 ($73.16 in chips) 
Seat 4: Poker9803 ($183.68 in chips) 
Seat 5: tintin641 ($105.58 in chips) 
Seat 6: Manifestorr ($123.60 in chips) 
z00mba: posts small blind $0.50
yzuk: posts big blind $1
*** HOLE CARDS ***
lewis2o10: folds 
Poker9803: folds 
tintin641: folds 
Manifestorr: folds 
z00mba: raises $2 to $3
yzuk: calls $2
*** FLOP *** [8d 2s Tc]
z00mba: checks 
yzuk: bets $1.94
z00mba: calls $1.94
*** TURN *** [8d 2s Tc] [Ac]
z00mba: checks 
yzuk: checks 
*** RIVER *** [8d 2s Tc Ac] [4d]
z00mba: checks 
yzuk: bets $3.19
z00mba: calls $3.19
*** SHOW DOWN ***
yzuk: shows [Qs 3s] (high card Ace)
z00mba: shows [8h 7h] (a pair of Eights)
z00mba collected $15.45 from pot
*** SUMMARY ***
Total pot $16.26 | Rake $0.81 
Board [8d 2s Tc Ac 4d]
Seat 1: z00mba (small blind) showed [8h 7h] and won ($15.45) with a pair of Eights
Seat 2: yzuk (big blind) showed [Qs 3s] and lost with high card Ace
Seat 3: lewis2o10 folded before Flop (didn't bet)
Seat 4: Poker9803 folded before Flop (didn't bet)
Seat 5: tintin641 folded before Flop (didn't bet)
Seat 6: Manifestorr (button) folded before Flop (didn't bet)



PokerStars Hand #254507655566:  Hold'em No Limit ($0.50/$1.00 USD) - 2025/01/22 23:09:32 WET [2025/01/22 18:09:32 ET]
Table 'Erato IV' 6-max Seat #1 is the button
Seat 1: z00mba ($115.95 in chips) 
Seat 2: yzuk ($100 in chips) 
Seat 3: lewis2o10 ($73.16 in chips) 
Seat 4: Poker9803 ($183.68 in chips) 
Seat 5: tintin641 ($105.58 in chips) 
Seat 6: Manifestorr ($123.60 in chips) 
yzuk: posts small blind $0.50
lewis2o10: posts big blind $1
*** HOLE CARDS ***
Poker9803: folds 
tintin641: raises $1.50 to $2.50
Manifestorr: folds 
z00mba: folds 
yzuk: folds 
lewis2o10: folds 
Uncalled bet ($1.50) returned to tintin641
tintin641 collected $2.50 from pot
tintin641: doesn't show hand 
*** SUMMARY ***
Total pot $2.50 | Rake $0 
Seat 1: z00mba (button) folded before Flop (didn't bet)
Seat 2: yzuk (small blind) folded before Flop
Seat 3: lewis2o10 (big blind) folded before Flop
Seat 4: Poker9803 folded before Flop (didn't bet)
Seat 5: tintin641 collected ($2.50)
Seat 6: Manifestorr folded before Flop (didn't bet)



PokerStars Hand #254507658595:  Hold'em No Limit ($0.50/$1.00 USD) - 2025/01/22 23:09:43 WET [2025/01/22 18:09:43 ET]
Table 'Erato IV' 6-max Seat #2 is the button
Seat 1: z00mba ($115.95 in chips) 
Seat 2: yzuk ($100 in chips) 
Seat 3: lewis2o10 ($72.16 in chips) 
Seat 4: Poker9803 ($183.68 in chips) 
Seat 5: tintin641 ($107.08 in chips) 
Seat 6: Manifestorr ($123.60 in chips) 
lewis2o10: posts small blind $0.50
Poker9803: posts big blind $1
*** HOLE CARDS ***
tintin641: folds 
Manifestorr: folds 
z00mba: folds 
yzuk: raises $1.50 to $2.50
lewis2o10: calls $2
Poker9803: folds 
*** FLOP *** [Ac Qc 8d]
lewis2o10: checks 
yzuk: checks 
*** TURN *** [Ac Qc 8d] [Jh]
lewis2o10: bets $1
yzuk: raises $2 to $3
lewis2o10: calls $2
*** RIVER *** [Ac Qc 8d Jh] [Qh]
lewis2o10: checks 
yzuk: bets $5.81
lewis2o10: folds 
Uncalled bet ($5.81) returned to yzuk
yzuk collected $11.40 from pot
yzuk: doesn't show hand 
*** SUMMARY ***
Total pot $12 | Rake $0.60 
Board [Ac Qc 8d Jh Qh]
Seat 1: z00mba folded before Flop (didn't bet)
Seat 2: yzuk (button) collected ($11.40)
Seat 3: lewis2o10 (small blind) folded on the River
Seat 4: Poker9803 (big blind) folded before Flop
Seat 5: tintin641 folded before Flop (didn't bet)
Seat 6: Manifestorr folded before Flop (didn't bet)



PokerStars Hand #254507672645:  Hold'em No Limit ($0.50/$1.00 USD) - 2025/01/22 23:10:39 WET [2025/01/22 18:10:39 ET]
Table 'Erato IV' 6-max Seat #3 is the button
Seat 1: z00mba ($115.95 in chips) 
Seat 2: yzuk ($105.90 in chips) 
Seat 3: lewis2o10 ($66.66 in chips) 
Seat 4: Poker9803 ($182.68 in chips) 
Seat 5: tintin641 ($107.08 in chips) 
Seat 6: Manifestorr ($123.60 in chips) 
Poker9803: posts small blind $0.50
tintin641: posts big blind $1
*** HOLE CARDS ***
Manifestorr: folds 
z00mba: folds 
yzuk: folds 
lewis2o10: calls $1
Poker9803: folds 
tintin641: raises $4 to $5
lewis2o10: calls $4
*** FLOP *** [4h 3d 5d]
tintin641: checks 
lewis2o10: bets $9.98
tintin641: folds 
Uncalled bet ($9.98) returned to lewis2o10
lewis2o10 collected $9.98 from pot
*** SUMMARY ***
Total pot $10.50 | Rake $0.52 
Board [4h 3d 5d]
Seat 1: z00mba folded before Flop (didn't bet)
Seat 2: yzuk folded before Flop (didn't bet)
Seat 3: lewis2o10 (button) collected ($9.98)
Seat 4: Poker9803 (small blind) folded before Flop
Seat 5: tintin641 (big blind) folded on the Flop
Seat 6: Manifestorr folded before Flop (didn't bet)



PokerStars Hand #254507682669:  Hold'em No Limit ($0.50/$1.00 USD) - 2025/01/22 23:11:18 WET [2025/01/22 18:11:18 ET]
Table 'Erato IV' 6-max Seat #4 is the button
Seat 1: z00mba ($115.95 in chips) 
Seat 2: yzuk ($105.90 in chips) 
Seat 3: lewis2o10 ($71.64 in chips) 
Seat 4: Poker9803 ($182.18 in chips) 
Seat 5: tintin641 ($102.08 in chips) 
Seat 6: Manifestorr ($123.60 in chips) 
tintin641: posts small blind $0.50
Manifestorr: posts big blind $1
*** HOLE CARDS ***
z00mba: folds 
yzuk: folds 
lewis2o10: calls $1
Poker9803: folds 
tintin641: folds 
Manifestorr: checks 
*** FLOP *** [Th 5s 5d]
Manifestorr: checks 
lewis2o10: bets $1
Manifestorr: folds 
Uncalled bet ($1) returned to lewis2o10
lewis2o10 collected $2.38 from pot
*** SUMMARY ***
Total pot $2.50 | Rake $0.12 
Board [Th 5s 5d]
Seat 1: z00mba folded before Flop (didn't bet)
Seat 2: yzuk folded before Flop (didn't bet)
Seat 3: lewis2o10 collected ($2.38)
Seat 4: Poker9803 (button) folded before Flop (didn't bet)
Seat 5: tintin641 (small blind) folded before Flop
Seat 6: Manifestorr (big blind) folded on the Flop



PokerStars Hand #254507692133:  Hold'em No Limit ($0.50/$1.00 USD) - 2025/01/22 23:11:55 WET [2025/01/22 18:11:55 ET]
Table 'Erato IV' 6-max Seat #5 is the button
Seat 1: z00mba ($115.95 in chips) 
Seat 2: yzuk ($105.90 in chips) 
Seat 3: lewis2o10 ($73.02 in chips) 
Seat 4: Poker9803 ($182.18 in chips) 
Seat 5: tintin641 ($101.58 in chips) 
Seat 6: Manifestorr ($122.60 in chips) 
Manifestorr: posts small blind $0.50
z00mba: posts big blind $1
*** HOLE CARDS ***
yzuk: raises $1.50 to $2.50
lewis2o10: folds 
Poker9803: folds 
tintin641: folds 
Manifestorr: raises $8.50 to $11
z00mba: folds 
yzuk: folds 
Uncalled bet ($8.50) returned to Manifestorr
Manifestorr collected $6 from pot
*** SUMMARY ***
Total pot $6 | Rake $0 
Seat 1: z00mba (big blind) folded before Flop
Seat 2: yzuk folded before Flop
Seat 3: lewis2o10 folded before Flop (didn't bet)
Seat 4: Poker9803 folded before Flop (didn't bet)
Seat 5: tintin641 (button) folded before Flop (didn't bet)
Seat 6: Manifestorr (small blind) collected ($6)



PokerStars Hand #254507696306:  Hold'em No Limit ($0.50/$1.00 USD) - 2025/01/22 23:12:12 WET [2025/01/22 18:12:12 ET]
Table 'Erato IV' 6-max Seat #6 is the button
Seat 1: z00mba ($114.95 in chips) 
Seat 2: yzuk ($103.40 in chips) 
Seat 3: lewis2o10 ($73.02 in chips) 
Seat 4: Poker9803 ($182.18 in chips) 
Seat 5: tintin641 ($101.58 in chips) 
Seat 6: Manifestorr ($126.10 in chips) 
z00mba: posts small blind $0.50
yzuk: posts big blind $1
*** HOLE CARDS ***
lewis2o10: raises $1 to $2
Poker9803: folds 
tintin641: folds 
Manifestorr: folds 
z00mba: folds 
yzuk: calls $1
*** FLOP *** [6d Jc 5d]
yzuk: checks 
lewis2o10: bets $3
yzuk: calls $3
*** TURN *** [6d Jc 5d] [3d]
yzuk: checks 
lewis2o10: checks 
*** RIVER *** [6d Jc 5d 3d] [Jd]
yzuk: checks 
lewis2o10: checks 
*** SHOW DOWN ***
yzuk: shows [As 5c] (two pair, Jacks and Fives)
lewis2o10: mucks hand 
yzuk collected $9.98 from pot
*** SUMMARY ***
Total pot $10.50 | Rake $0.52 
Board [6d Jc 5d 3d Jd]
Seat 1: z00mba (small blind) folded before Flop
Seat 2: yzuk (big blind) showed [As 5c] and won ($9.98) with two pair, Jacks and Fives
Seat 3: lewis2o10 mucked
Seat 4: Poker9803 folded before Flop (didn't bet)
Seat 5: tintin641 folded before Flop (didn't bet)
Seat 6: Manifestorr (button) folded before Flop (didn't bet)



PokerStars Hand #254507709636:  Hold'em No Limit ($0.50/$1.00 USD) - 2025/01/22 23:13:05 WET [2025/01/22 18:13:05 ET]
Table 'Erato IV' 6-max Seat #1 is the button
Seat 1: z00mba ($114.45 in chips) 
Seat 2: yzuk ($108.38 in chips) 
Seat 3: lewis2o10 ($68.02 in chips) 
Seat 4: Poker9803 ($182.18 in chips) 
Seat 5: tintin641 ($101.58 in chips) 
Seat 6: Manifestorr ($126.10 in chips) 
yzuk: posts small blind $0.50
lewis2o10: posts big blind $1
*** HOLE CARDS ***
Poker9803: folds 
tintin641: folds 
Manifestorr: folds 
z00mba: folds 
yzuk: raises $2 to $3
lewis2o10: folds 
Uncalled bet ($2) returned to yzuk
yzuk collected $2 from pot
yzuk: doesn't show hand 
*** SUMMARY ***
Total pot $2 | Rake $0 
Seat 1: z00mba (button) folded before Flop (didn't bet)
Seat 2: yzuk (small blind) collected ($2)
Seat 3: lewis2o10 (big blind) folded before Flop
Seat 4: Poker9803 folded before Flop (didn't bet)
Seat 5: tintin641 folded before Flop (didn't bet)
Seat 6: Manifestorr folded before Flop (didn't bet)



PokerStars Hand #254507831723:  Hold'em No Limit ($0.50/$1.00 USD) - 2025/01/22 23:21:17 WET [2025/01/22 18:21:17 ET]
Table 'Erato IV' 6-max Seat #4 is the button
Seat 1: Mr_Dick666 ($108.22 in chips) 
Seat 2: yzuk ($102.18 in chips) 
Seat 3: lewis2o10 ($144.94 in chips) 
Seat 4: Poker9803 ($141.93 in chips) 
Seat 5: tintin641 ($103.02 in chips) 
Seat 6: Manifestorr ($135.53 in chips) 
tintin641: posts small blind $0.50
Manifestorr: posts big blind $1
*** HOLE CARDS ***
Mr_Dick666: folds 
yzuk: folds 
lewis2o10: folds 
Poker9803: folds 
tintin641: folds 
Uncalled bet ($0.50) returned to Manifestorr
Manifestorr collected $1 from pot
*** SUMMARY ***
Total pot $1 | Rake $0 
Seat 1: Mr_Dick666 folded before Flop (didn't bet)
Seat 2: yzuk folded before Flop (didn't bet)
Seat 3: lewis2o10 folded before Flop (didn't bet)
Seat 4: Poker9803 (button) folded before Flop (didn't bet)
Seat 5: tintin641 (small blind) folded before Flop
Seat 6: Manifestorr (big blind) collected ($1)



PokerStars Hand #254507836019:  Hold'em No Limit ($0.50/$1.00 USD) - 2025/01/22 23:21:35 WET [2025/01/22 18:21:35 ET]
Table 'Erato IV' 6-max Seat #5 is the button
Seat 1: Mr_Dick666 ($108.22 in chips) 
Seat 2: yzuk ($102.18 in chips) 
Seat 3: lewis2o10 ($144.94 in chips) 
Seat 4: Poker9803 ($141.93 in chips) 
Seat 5: tintin641 ($102.52 in chips) 
Seat 6: Manifestorr ($136.03 in chips) 
Manifestorr: posts small blind $0.50
Mr_Dick666: posts big blind $1
*** HOLE CARDS ***
yzuk: folds 
lewis2o10: calls $1
Poker9803: folds 
tintin641: raises $3 to $4
Manifestorr: folds 
Mr_Dick666: folds 
lewis2o10: calls $3
*** FLOP *** [Kc Kh 2c]
lewis2o10: bets $4
tintin641: calls $4
*** TURN *** [Kc Kh 2c] [Ad]
lewis2o10: bets $16.62
tintin641: calls $16.62
*** RIVER *** [Kc Kh 2c Ad] [2s]
lewis2o10: bets $48.24
tintin641: calls $48.24
*** SHOW DOWN ***
lewis2o10: shows [2h Jh] (a full house, Deuces full of Kings)
tintin641: shows [Ks 5s] (a full house, Kings full of Deuces)
tintin641 collected $144.72 from pot
*** SUMMARY ***
Total pot $147.22 | Rake $2.50 
Board [Kc Kh 2c Ad 2s]
Seat 1: Mr_Dick666 (big blind) folded before Flop
Seat 2: yzuk folded before Flop (didn't bet)
Seat 3: lewis2o10 showed [2h Jh] and lost with a full house, Deuces full of Kings
Seat 4: Poker9803 folded before Flop (didn't bet)
Seat 5: tintin641 (button) showed [Ks 5s] and won ($144.72) with a full house, Kings full of Deuces
Seat 6: Manifestorr (small blind) folded before Flop



PokerStars Hand #254507850657:  Hold'em No Limit ($0.50/$1.00 USD) - 2025/01/22 23:22:33 WET [2025/01/22 18:22:33 ET]
Table 'Erato IV' 6-max Seat #6 is the button
Seat 1: Mr_Dick666 ($107.22 in chips) 
Seat 2: yzuk ($102.18 in chips) 
Seat 3: lewis2o10 ($72.08 in chips) 
Seat 4: Poker9803 ($141.93 in chips) 
Seat 5: tintin641 ($174.38 in chips) 
Seat 6: Manifestorr ($135.53 in chips) 
Mr_Dick666: posts small blind $0.50
yzuk: posts big blind $1
*** HOLE CARDS ***
lewis2o10: folds 
Poker9803: folds 
tintin641: folds 
Manifestorr: raises $1.20 to $2.20
lewis2o10 leaves the table
Mr_Dick666: folds 
yzuk: raises $9.80 to $12
Manifestorr: folds 
Uncalled bet ($9.80) returned to yzuk
yzuk collected $4.90 from pot
yzuk: doesn't show hand 
*** SUMMARY ***
Total pot $4.90 | Rake $0 
Seat 1: Mr_Dick666 (small blind) folded before Flop
Seat 2: yzuk (big blind) collected ($4.90)
Seat 3: lewis2o10 folded before Flop (didn't bet)
Seat 4: Poker9803 folded before Flop (didn't bet)
Seat 5: tintin641 folded before Flop (didn't bet)
Seat 6: Manifestorr (button) folded before Flop



PokerStars Hand #254507859043:  Hold'em No Limit ($0.50/$1.00 USD) - 2025/01/22 23:23:07 WET [2025/01/22 18:23:07 ET]
Table 'Erato IV' 6-max Seat #1 is the button
Seat 1: Mr_Dick666 ($106.72 in chips) 
Seat 2: yzuk ($104.88 in chips) 
Seat 4: Poker9803 ($141.93 in chips) 
Seat 5: tintin641 ($174.38 in chips) 
Seat 6: Manifestorr ($133.33 in chips) 
yzuk: posts small blind $0.50
Poker9803: posts big blind $1
*** HOLE CARDS ***
tintin641: folds 
Manifestorr: folds 
Mr_Dick666: raises $1.50 to $2.50
yzuk: folds 
Poker9803: folds 
Uncalled bet ($1.50) returned to Mr_Dick666
Mr_Dick666 collected $2.50 from pot
Mr_Dick666: doesn't show hand 
*** SUMMARY ***
Total pot $2.50 | Rake $0 
Seat 1: Mr_Dick666 (button) collected ($2.50)
Seat 2: yzuk (small blind) folded before Flop
Seat 4: Poker9803 (big blind) folded before Flop
Seat 5: tintin641 folded before Flop (didn't bet)
Seat 6: Manifestorr folded before Flop (didn't bet)



PokerStars Hand #254507863539:  Hold'em No Limit ($0.50/$1.00 USD) - 2025/01/22 23:23:26 WET [2025/01/22 18:23:26 ET]
Table 'Erato IV' 6-max Seat #2 is the button
Seat 1: Mr_Dick666 ($108.22 in chips) 
Seat 2: yzuk ($104.38 in chips) 
Seat 4: Poker9803 ($140.93 in chips) 
Seat 5: tintin641 ($174.38 in chips) 
Seat 6: Manifestorr ($133.33 in chips) 
Poker9803: posts small blind $0.50
tintin641: posts big blind $1
*** HOLE CARDS ***
Manifestorr: folds 
Mr_Dick666: raises $1.50 to $2.50
yzuk: raises $5 to $7.50
Poker9803: raises $14.50 to $22
tintin641: folds 
Mr_Dick666: folds 
yzuk: folds 
Uncalled bet ($14.50) returned to Poker9803
Poker9803 collected $18.50 from pot
Poker9803: doesn't show hand 
*** SUMMARY ***
Total pot $18.50 | Rake $0 
Seat 1: Mr_Dick666 folded before Flop
Seat 2: yzuk (button) folded before Flop
Seat 4: Poker9803 (small blind) collected ($18.50)
Seat 5: tintin641 (big blind) folded before Flop
Seat 6: Manifestorr folded before Flop (didn't bet)



