PokerStars Hand #254499206999:  Hold'em No Limit ($0.50/$1.00 USD) - 2025/01/22 15:03:44 WET [2025/01/22 10:03:44 ET]
Table 'Senta IV' 6-max Seat #6 is the button
Seat 1: Gfoer ($100 in chips) is sitting out
Seat 5: sta$igk ($100 in chips) is sitting out
Seat 2: vadjkeee ($121.73 in chips) 
Seat 3: muscatts ($100 in chips) 
Seat 4: Melenya ($100 in chips) 
Seat 6: poker_soul11 ($100 in chips) 
vadjkeee: posts small blind $0.50
muscatts: posts big blind $1
sta$igk: sits out 
*** HOLE CARDS ***
Melenya: folds 
poker_soul11: raises $1.20 to $2.20
vadjkeee: folds 
muscatts: folds 
Uncalled bet ($1.20) returned to poker_soul11
poker_soul11 collected $2.50 from pot
poker_soul11: doesn't show hand 
*** SUMMARY ***
Total pot $2.50 | Rake $0 
Seat 1: Gfoer
Seat 5: sta$igk
Seat 2: vadjkeee (small blind) folded before Flop
Seat 3: muscatts (big blind) folded before Flop
Seat 4: Melenya folded before Flop (didn't bet)
Seat 6: poker_soul11 (button) collected ($2.50)



PokerStars Hand #254499209848:  Hold'em No Limit ($0.50/$1.00 USD) - 2025/01/22 15:03:59 WET [2025/01/22 10:03:59 ET]
Table 'Senta IV' 6-max Seat #2 is the button
Seat 1: Gfoer ($100 in chips) is sitting out
Seat 5: sta$igk ($100 in chips) is sitting out
Seat 2: vadjkeee ($121.23 in chips) 
Seat 3: muscatts ($100 in chips) 
Seat 4: Melenya ($100 in chips) 
Seat 6: poker_soul11 ($101.50 in chips) 
muscatts: posts small blind $0.50
Melenya: posts big blind $1
sta$igk: sits out 
Gfoer: sits out 
*** HOLE CARDS ***
poker_soul11: folds 
vadjkeee: folds 
muscatts: raises $2 to $3
Melenya: calls $2
*** FLOP *** [As Qh 7s]
muscatts: bets $1.88
Melenya: calls $1.88
*** TURN *** [As Qh 7s] [Ac]
muscatts: checks 
Melenya: bets $6.95
muscatts: folds 
Uncalled bet ($6.95) returned to Melenya
Melenya collected $9.27 from pot
Melenya: doesn't show hand 
*** SUMMARY ***
Total pot $9.76 | Rake $0.49 
Board [As Qh 7s Ac]
Seat 1: Gfoer
Seat 5: sta$igk
Seat 2: vadjkeee (button) folded before Flop (didn't bet)
Seat 3: muscatts (small blind) folded on the Turn
Seat 4: Melenya (big blind) collected ($9.27)
Seat 6: poker_soul11 folded before Flop (didn't bet)



PokerStars Hand #254499221511:  Hold'em No Limit ($0.50/$1.00 USD) - 2025/01/22 15:05:01 WET [2025/01/22 10:05:01 ET]
Table 'Senta IV' 6-max Seat #3 is the button
Seat 1: Gfoer ($100 in chips) is sitting out
Seat 2: vadjkeee ($121.23 in chips) 
Seat 3: muscatts ($100 in chips) 
Seat 4: Melenya ($104.39 in chips) 
Seat 5: sta$igk ($100 in chips) 
Seat 6: poker_soul11 ($101.50 in chips) 
Melenya: posts small blind $0.50
sta$igk: posts big blind $1
Gfoer: sits out 
*** HOLE CARDS ***
poker_soul11: folds 
vadjkeee: raises $1.50 to $2.50
muscatts: folds 
Melenya: folds 
sta$igk: calls $1.50
*** FLOP *** [5s 5h Qs]
sta$igk: checks 
vadjkeee: bets $1.30
sta$igk: calls $1.30
*** TURN *** [5s 5h Qs] [8d]
sta$igk: checks 
vadjkeee: checks 
*** RIVER *** [5s 5h Qs 8d] [6s]
sta$igk: bets $11.55
vadjkeee: raises $16.45 to $28
sta$igk: folds 
Uncalled bet ($16.45) returned to vadjkeee
vadjkeee collected $29.64 from pot
vadjkeee: doesn't show hand 
*** SUMMARY ***
Total pot $31.20 | Rake $1.56 
Board [5s 5h Qs 8d 6s]
Seat 1: Gfoer
Seat 2: vadjkeee collected ($29.64)
Seat 3: muscatts (button) folded before Flop (didn't bet)
Seat 4: Melenya (small blind) folded before Flop
Seat 5: sta$igk (big blind) folded on the River
Seat 6: poker_soul11 folded before Flop (didn't bet)



PokerStars Hand #254499236326:  Hold'em No Limit ($0.50/$1.00 USD) - 2025/01/22 15:06:19 WET [2025/01/22 10:06:19 ET]
Table 'Senta IV' 6-max Seat #4 is the button
Seat 1: Gfoer ($100 in chips) is sitting out
Seat 2: vadjkeee ($135.52 in chips) 
Seat 3: muscatts ($100 in chips) 
Seat 4: Melenya ($103.89 in chips) 
Seat 5: sta$igk ($100 in chips) 
Seat 6: poker_soul11 ($101.50 in chips) 
sta$igk: posts small blind $0.50
poker_soul11: posts big blind $1
Gfoer: sits out 
*** HOLE CARDS ***
vadjkeee: folds 
muscatts: raises $1.20 to $2.20
Melenya: folds 
sta$igk: folds 
poker_soul11: folds 
Uncalled bet ($1.20) returned to muscatts
muscatts collected $2.50 from pot
*** SUMMARY ***
Total pot $2.50 | Rake $0 
Seat 1: Gfoer
Seat 2: vadjkeee folded before Flop (didn't bet)
Seat 3: muscatts collected ($2.50)
Seat 4: Melenya (button) folded before Flop (didn't bet)
Seat 5: sta$igk (small blind) folded before Flop
Seat 6: poker_soul11 (big blind) folded before Flop



PokerStars Hand #254499241237:  Hold'em No Limit ($0.50/$1.00 USD) - 2025/01/22 15:06:46 WET [2025/01/22 10:06:46 ET]
Table 'Senta IV' 6-max Seat #5 is the button
Seat 1: Gfoer ($100 in chips) 
Seat 2: vadjkeee ($135.52 in chips) 
Seat 3: muscatts ($101.50 in chips) 
Seat 4: Melenya ($103.89 in chips) 
Seat 5: sta$igk ($100 in chips) 
Seat 6: poker_soul11 ($100.50 in chips) 
poker_soul11: posts small blind $0.50
Gfoer: posts big blind $1
*** HOLE CARDS ***
vadjkeee: folds 
muscatts: raises $1.20 to $2.20
Melenya: folds 
sta$igk: folds 
poker_soul11: folds 
Gfoer: folds 
Uncalled bet ($1.20) returned to muscatts
muscatts collected $2.50 from pot
*** SUMMARY ***
Total pot $2.50 | Rake $0 
Seat 1: Gfoer (big blind) folded before Flop
Seat 2: vadjkeee folded before Flop (didn't bet)
Seat 3: muscatts collected ($2.50)
Seat 4: Melenya folded before Flop (didn't bet)
Seat 5: sta$igk (button) folded before Flop (didn't bet)
Seat 6: poker_soul11 (small blind) folded before Flop



PokerStars Hand #254499244560:  Hold'em No Limit ($0.50/$1.00 USD) - 2025/01/22 15:07:03 WET [2025/01/22 10:07:03 ET]
Table 'Senta IV' 6-max Seat #6 is the button
Seat 2: vadjkeee ($135.52 in chips) is sitting out
Seat 1: Gfoer ($100 in chips) 
Seat 3: muscatts ($103 in chips) 
Seat 4: Melenya ($103.89 in chips) 
Seat 5: sta$igk ($100 in chips) 
Seat 6: poker_soul11 ($100 in chips) 
Gfoer: posts small blind $0.50
vadjkeee: is sitting out 
muscatts: posts big blind $1
*** HOLE CARDS ***
Melenya: folds 
sta$igk: folds 
poker_soul11: raises $1.20 to $2.20
Gfoer: folds 
muscatts: calls $1.20
*** FLOP *** [2d 7h 6c]
muscatts: checks 
vadjkeee leaves the table
poker_soul11: checks 
*** TURN *** [2d 7h 6c] [2s]
muscatts: checks 
poker_soul11: checks 
*** RIVER *** [2d 7h 6c 2s] [5d]
muscatts: checks 
poker_soul11: checks 
*** SHOW DOWN ***
muscatts: shows [4c Ah] (a pair of Deuces)
poker_soul11: shows [Td Ac] (a pair of Deuces - Ace+Ten kicker)
poker_soul11 collected $4.66 from pot
*** SUMMARY ***
Total pot $4.90 | Rake $0.24 
Board [2d 7h 6c 2s 5d]
Seat 2: vadjkeee
Seat 1: Gfoer (small blind) folded before Flop
Seat 3: muscatts (big blind) showed [4c Ah] and lost with a pair of Deuces
Seat 4: Melenya folded before Flop (didn't bet)
Seat 5: sta$igk folded before Flop (didn't bet)
Seat 6: poker_soul11 (button) showed [Td Ac] and won ($4.66) with a pair of Deuces



PokerStars Hand #254499259908:  Hold'em No Limit ($0.50/$1.00 USD) - 2025/01/22 15:08:23 WET [2025/01/22 10:08:23 ET]
Table 'Senta IV' 6-max Seat #1 is the button
Seat 1: Gfoer ($100 in chips) 
Seat 3: muscatts ($100.80 in chips) 
Seat 4: Melenya ($103.89 in chips) 
Seat 5: sta$igk ($100 in chips) 
Seat 6: poker_soul11 ($102.46 in chips) 
muscatts: posts small blind $0.50
Melenya: posts big blind $1
*** HOLE CARDS ***
sta$igk: folds 
poker_soul11: raises $1.20 to $2.20
Gfoer: folds 
muscatts: folds 
Melenya: folds 
Uncalled bet ($1.20) returned to poker_soul11
poker_soul11 collected $2.50 from pot
poker_soul11: doesn't show hand 
*** SUMMARY ***
Total pot $2.50 | Rake $0 
Seat 1: Gfoer (button) folded before Flop (didn't bet)
Seat 3: muscatts (small blind) folded before Flop
Seat 4: Melenya (big blind) folded before Flop
Seat 5: sta$igk folded before Flop (didn't bet)
Seat 6: poker_soul11 collected ($2.50)



PokerStars Hand #254499263784:  Hold'em No Limit ($0.50/$1.00 USD) - 2025/01/22 15:08:44 WET [2025/01/22 10:08:44 ET]
Table 'Senta IV' 6-max Seat #3 is the button
Seat 5: sta$igk ($100 in chips) is sitting out
Seat 1: Gfoer ($100 in chips) 
Seat 3: muscatts ($100.30 in chips) 
Seat 4: Melenya ($102.89 in chips) 
Seat 6: poker_soul11 ($103.96 in chips) 
Melenya: posts small blind $0.50
sta$igk: is sitting out 
poker_soul11: posts big blind $1
*** HOLE CARDS ***
Gfoer: folds 
sta$igk leaves the table
muscatts: folds 
Melenya: raises $2 to $3
poker_soul11: calls $2
*** FLOP *** [3s Qs 3c]
Gfoer leaves the table
Melenya: bets $1.90
poker_soul11: folds 
Uncalled bet ($1.90) returned to Melenya
Melenya collected $5.70 from pot
Melenya: doesn't show hand 
*** SUMMARY ***
Total pot $6 | Rake $0.30 
Board [3s Qs 3c]
Seat 5: sta$igk
Seat 1: Gfoer folded before Flop (didn't bet)
Seat 3: muscatts (button) folded before Flop (didn't bet)
Seat 4: Melenya (small blind) collected ($5.70)
Seat 6: poker_soul11 (big blind) folded on the Flop



