PokerStars Hand #254502409202:  Hold'em No Limit ($0.50/$1.00 USD) - 2025/01/22 18:23:13 WET [2025/01/22 13:23:13 ET]
Table 'McElroy IV' 6-max Seat #2 is the button
Seat 1: michasia ($100 in chips) 
Seat 2: Poker9803 ($100 in chips) 
Seat 3: DL1B ($100 in chips) 
Seat 4: BoyLoc0 ($100 in chips) 
Seat 5: z00mba ($100 in chips) 
Seat 6: radovan202 ($54.50 in chips) 
DL1B: posts small blind $0.50
BoyLoc0: posts big blind $1
*** HOLE CARDS ***
z00mba: raises $1.50 to $2.50
radovan202: folds 
michasia: folds 
Poker9803: folds 
DL1B: folds 
BoyLoc0: folds 
Uncalled bet ($1.50) returned to z00mba
z00mba collected $2.50 from pot
z00mba: doesn't show hand 
*** SUMMARY ***
Total pot $2.50 | Rake $0 
Seat 1: michasia folded before Flop (didn't bet)
Seat 2: Poker9803 (button) folded before Flop (didn't bet)
Seat 3: DL1B (small blind) folded before Flop
Seat 4: BoyLoc0 (big blind) folded before Flop
Seat 5: z00mba collected ($2.50)
Seat 6: radovan202 folded before Flop (didn't bet)



PokerStars Hand #254502412697:  Hold'em No Limit ($0.50/$1.00 USD) - 2025/01/22 18:23:26 WET [2025/01/22 13:23:26 ET]
Table 'McElroy IV' 6-max Seat #3 is the button
Seat 1: michasia ($100 in chips) 
Seat 2: Poker9803 ($100 in chips) 
Seat 3: DL1B ($100 in chips) 
Seat 4: BoyLoc0 ($100 in chips) 
Seat 5: z00mba ($101.50 in chips) 
Seat 6: radovan202 ($54.50 in chips) 
BoyLoc0: posts small blind $0.50
z00mba: posts big blind $1
*** HOLE CARDS ***
radovan202: folds 
michasia: folds 
Poker9803: folds 
DL1B: folds 
BoyLoc0: folds 
Uncalled bet ($0.50) returned to z00mba
z00mba collected $1 from pot
z00mba: doesn't show hand 
*** SUMMARY ***
Total pot $1 | Rake $0 
Seat 1: michasia folded before Flop (didn't bet)
Seat 2: Poker9803 folded before Flop (didn't bet)
Seat 3: DL1B (button) folded before Flop (didn't bet)
Seat 4: BoyLoc0 (small blind) folded before Flop
Seat 5: z00mba (big blind) collected ($1)
Seat 6: radovan202 folded before Flop (didn't bet)



PokerStars Hand #254502416619:  Hold'em No Limit ($0.50/$1.00 USD) - 2025/01/22 18:23:40 WET [2025/01/22 13:23:40 ET]
Table 'McElroy IV' 6-max Seat #4 is the button
Seat 1: michasia ($100 in chips) 
Seat 2: Poker9803 ($100 in chips) 
Seat 3: DL1B ($100 in chips) 
Seat 4: BoyLoc0 ($100 in chips) 
Seat 5: z00mba ($102 in chips) 
Seat 6: radovan202 ($54.50 in chips) 
z00mba: posts small blind $0.50
radovan202: posts big blind $1
*** HOLE CARDS ***
michasia: raises $1.60 to $2.60
Poker9803: folds 
DL1B: raises $4.15 to $6.75
BoyLoc0: folds 
z00mba: folds 
radovan202: folds 
michasia: calls $4.15
*** FLOP *** [7d Jc Th]
michasia: checks 
DL1B: bets $5.20
michasia: calls $5.20
*** TURN *** [7d Jc Th] [3c]
michasia: checks 
DL1B: checks 
*** RIVER *** [7d Jc Th 3c] [3h]
michasia: bets $16.09
DL1B: folds 
Uncalled bet ($16.09) returned to michasia
michasia collected $24.13 from pot
michasia: doesn't show hand 
*** SUMMARY ***
Total pot $25.40 | Rake $1.27 
Board [7d Jc Th 3c 3h]
Seat 1: michasia collected ($24.13)
Seat 2: Poker9803 folded before Flop (didn't bet)
Seat 3: DL1B folded on the River
Seat 4: BoyLoc0 (button) folded before Flop (didn't bet)
Seat 5: z00mba (small blind) folded before Flop
Seat 6: radovan202 (big blind) folded before Flop



PokerStars Hand #254502428354:  Hold'em No Limit ($0.50/$1.00 USD) - 2025/01/22 18:24:24 WET [2025/01/22 13:24:24 ET]
Table 'McElroy IV' 6-max Seat #5 is the button
Seat 1: michasia ($112.18 in chips) 
Seat 2: Poker9803 ($100 in chips) 
Seat 3: DL1B ($100 in chips) 
Seat 4: BoyLoc0 ($100 in chips) 
Seat 5: z00mba ($101.50 in chips) 
Seat 6: radovan202 ($53.50 in chips) 
radovan202: posts small blind $0.50
michasia: posts big blind $1
*** HOLE CARDS ***
Poker9803: folds 
DL1B: folds 
BoyLoc0: raises $1.50 to $2.50
z00mba: folds 
radovan202: calls $2
michasia: folds 
*** FLOP *** [Ad Jc 9d]
radovan202: checks 
BoyLoc0: bets $1.88
radovan202: calls $1.88
*** TURN *** [Ad Jc 9d] [4d]
radovan202: checks 
BoyLoc0: checks 
*** RIVER *** [Ad Jc 9d 4d] [Qd]
radovan202: checks 
BoyLoc0: bets $4.64
radovan202: calls $4.64
*** SHOW DOWN ***
BoyLoc0: shows [3c 3d] (a flush, Ace high)
radovan202: mucks hand 
BoyLoc0 collected $18.09 from pot
*** SUMMARY ***
Total pot $19.04 | Rake $0.95 
Board [Ad Jc 9d 4d Qd]
Seat 1: michasia (big blind) folded before Flop
Seat 2: Poker9803 folded before Flop (didn't bet)
Seat 3: DL1B folded before Flop (didn't bet)
Seat 4: BoyLoc0 showed [3c 3d] and won ($18.09) with a flush, Ace high
Seat 5: z00mba (button) folded before Flop (didn't bet)
Seat 6: radovan202 (small blind) mucked



PokerStars Hand #254502436972:  Hold'em No Limit ($0.50/$1.00 USD) - 2025/01/22 18:24:56 WET [2025/01/22 13:24:56 ET]
Table 'McElroy IV' 6-max Seat #6 is the button
Seat 1: michasia ($111.18 in chips) 
Seat 2: Poker9803 ($100 in chips) 
Seat 3: DL1B ($100 in chips) 
Seat 4: BoyLoc0 ($109.07 in chips) 
Seat 5: z00mba ($101.50 in chips) 
Seat 6: radovan202 ($44.48 in chips) 
michasia: posts small blind $0.50
Poker9803: posts big blind $1
*** HOLE CARDS ***
DL1B: folds 
BoyLoc0: raises $1.50 to $2.50
z00mba: folds 
radovan202: folds 
michasia: folds 
Poker9803: folds 
Uncalled bet ($1.50) returned to BoyLoc0
BoyLoc0 collected $2.50 from pot
BoyLoc0: doesn't show hand 
*** SUMMARY ***
Total pot $2.50 | Rake $0 
Seat 1: michasia (small blind) folded before Flop
Seat 2: Poker9803 (big blind) folded before Flop
Seat 3: DL1B folded before Flop (didn't bet)
Seat 4: BoyLoc0 collected ($2.50)
Seat 5: z00mba folded before Flop (didn't bet)
Seat 6: radovan202 (button) folded before Flop (didn't bet)



PokerStars Hand #254502440063:  Hold'em No Limit ($0.50/$1.00 USD) - 2025/01/22 18:25:07 WET [2025/01/22 13:25:07 ET]
Table 'McElroy IV' 6-max Seat #1 is the button
Seat 1: michasia ($110.68 in chips) 
Seat 2: Poker9803 ($100 in chips) 
Seat 3: DL1B ($100 in chips) 
Seat 4: BoyLoc0 ($110.57 in chips) 
Seat 5: z00mba ($101.50 in chips) 
Seat 6: radovan202 ($44.48 in chips) 
Poker9803: posts small blind $0.50
DL1B: posts big blind $1
*** HOLE CARDS ***
BoyLoc0: folds 
z00mba: folds 
radovan202: folds 
michasia: folds 
Poker9803: folds 
Uncalled bet ($0.50) returned to DL1B
DL1B collected $1 from pot
DL1B: doesn't show hand 
*** SUMMARY ***
Total pot $1 | Rake $0 
Seat 1: michasia (button) folded before Flop (didn't bet)
Seat 2: Poker9803 (small blind) folded before Flop
Seat 3: DL1B (big blind) collected ($1)
Seat 4: BoyLoc0 folded before Flop (didn't bet)
Seat 5: z00mba folded before Flop (didn't bet)
Seat 6: radovan202 folded before Flop (didn't bet)



PokerStars Hand #254502443688:  Hold'em No Limit ($0.50/$1.00 USD) - 2025/01/22 18:25:21 WET [2025/01/22 13:25:21 ET]
Table 'McElroy IV' 6-max Seat #2 is the button
Seat 1: michasia ($110.68 in chips) 
Seat 2: Poker9803 ($100 in chips) 
Seat 3: DL1B ($100.50 in chips) 
Seat 4: BoyLoc0 ($110.57 in chips) 
Seat 5: z00mba ($101.50 in chips) 
Seat 6: radovan202 ($44.48 in chips) 
DL1B: posts small blind $0.50
BoyLoc0: posts big blind $1
*** HOLE CARDS ***
z00mba: folds 
radovan202: raises $1 to $2
michasia: folds 
Poker9803: folds 
DL1B: folds 
BoyLoc0: calls $1
*** FLOP *** [2s 6d 4d]
BoyLoc0: checks 
radovan202: bets $2.14
BoyLoc0: raises $6.42 to $8.56
radovan202: folds 
Uncalled bet ($6.42) returned to BoyLoc0
BoyLoc0 collected $8.34 from pot
BoyLoc0: doesn't show hand 
*** SUMMARY ***
Total pot $8.78 | Rake $0.44 
Board [2s 6d 4d]
Seat 1: michasia folded before Flop (didn't bet)
Seat 2: Poker9803 (button) folded before Flop (didn't bet)
Seat 3: DL1B (small blind) folded before Flop
Seat 4: BoyLoc0 (big blind) collected ($8.34)
Seat 5: z00mba folded before Flop (didn't bet)
Seat 6: radovan202 folded on the Flop



PokerStars Hand #254502452502:  Hold'em No Limit ($0.50/$1.00 USD) - 2025/01/22 18:25:54 WET [2025/01/22 13:25:54 ET]
Table 'McElroy IV' 6-max Seat #3 is the button
Seat 1: michasia ($110.68 in chips) 
Seat 2: Poker9803 ($100 in chips) 
Seat 3: DL1B ($100 in chips) 
Seat 4: BoyLoc0 ($114.77 in chips) 
Seat 5: z00mba ($101.50 in chips) 
Seat 6: radovan202 ($40.34 in chips) 
BoyLoc0: posts small blind $0.50
z00mba: posts big blind $1
*** HOLE CARDS ***
radovan202: folds 
michasia: folds 
Poker9803: folds 
DL1B: raises $1.50 to $2.50
BoyLoc0: folds 
z00mba: folds 
Uncalled bet ($1.50) returned to DL1B
DL1B collected $2.50 from pot
DL1B: doesn't show hand 
*** SUMMARY ***
Total pot $2.50 | Rake $0 
Seat 1: michasia folded before Flop (didn't bet)
Seat 2: Poker9803 folded before Flop (didn't bet)
Seat 3: DL1B (button) collected ($2.50)
Seat 4: BoyLoc0 (small blind) folded before Flop
Seat 5: z00mba (big blind) folded before Flop
Seat 6: radovan202 folded before Flop (didn't bet)



PokerStars Hand #254502458598:  Hold'em No Limit ($0.50/$1.00 USD) - 2025/01/22 18:26:17 WET [2025/01/22 13:26:17 ET]
Table 'McElroy IV' 6-max Seat #4 is the button
Seat 1: michasia ($110.68 in chips) 
Seat 2: Poker9803 ($100 in chips) 
Seat 3: DL1B ($101.50 in chips) 
Seat 4: BoyLoc0 ($114.27 in chips) 
Seat 5: z00mba ($100.50 in chips) 
Seat 6: radovan202 ($40.34 in chips) 
z00mba: posts small blind $0.50
radovan202: posts big blind $1
*** HOLE CARDS ***
michasia: folds 
Poker9803: folds 
DL1B: folds 
BoyLoc0: raises $1.50 to $2.50
z00mba: folds 
radovan202: calls $1.50
*** FLOP *** [8c As Ks]
radovan202: checks 
BoyLoc0: bets $1.72
radovan202: calls $1.72
*** TURN *** [8c As Ks] [Qc]
radovan202: checks 
BoyLoc0: bets $4.25
radovan202: calls $4.25
*** RIVER *** [8c As Ks Qc] [9h]
radovan202: checks 
BoyLoc0: checks 
*** SHOW DOWN ***
radovan202: shows [6h 6d] (a pair of Sixes)
BoyLoc0: shows [Jh 9c] (a pair of Nines)
BoyLoc0 collected $16.57 from pot
*** SUMMARY ***
Total pot $17.44 | Rake $0.87 
Board [8c As Ks Qc 9h]
Seat 1: michasia folded before Flop (didn't bet)
Seat 2: Poker9803 folded before Flop (didn't bet)
Seat 3: DL1B folded before Flop (didn't bet)
Seat 4: BoyLoc0 (button) showed [Jh 9c] and won ($16.57) with a pair of Nines
Seat 5: z00mba (small blind) folded before Flop
Seat 6: radovan202 (big blind) showed [6h 6d] and lost with a pair of Sixes



PokerStars Hand #254502467647:  Hold'em No Limit ($0.50/$1.00 USD) - 2025/01/22 18:26:50 WET [2025/01/22 13:26:50 ET]
Table 'McElroy IV' 6-max Seat #5 is the button
Seat 1: michasia ($110.68 in chips) 
Seat 2: Poker9803 ($100 in chips) 
Seat 3: DL1B ($101.50 in chips) 
Seat 4: BoyLoc0 ($122.37 in chips) 
Seat 5: z00mba ($100 in chips) 
Seat 6: radovan202 ($31.87 in chips) 
radovan202: posts small blind $0.50
michasia: posts big blind $1
*** HOLE CARDS ***
Poker9803: folds 
DL1B: folds 
BoyLoc0: raises $1.50 to $2.50
z00mba: folds 
radovan202: calls $2
michasia: folds 
*** FLOP *** [6d Js Jd]
radovan202: bets $2.85
BoyLoc0: raises $3.76 to $6.61
radovan202: folds 
Uncalled bet ($3.76) returned to BoyLoc0
BoyLoc0 collected $11.12 from pot
BoyLoc0: doesn't show hand 
*** SUMMARY ***
Total pot $11.70 | Rake $0.58 
Board [6d Js Jd]
Seat 1: michasia (big blind) folded before Flop
Seat 2: Poker9803 folded before Flop (didn't bet)
Seat 3: DL1B folded before Flop (didn't bet)
Seat 4: BoyLoc0 collected ($11.12)
Seat 5: z00mba (button) folded before Flop (didn't bet)
Seat 6: radovan202 (small blind) folded on the Flop



PokerStars Hand #254502473588:  Hold'em No Limit ($0.50/$1.00 USD) - 2025/01/22 18:27:13 WET [2025/01/22 13:27:13 ET]
Table 'McElroy IV' 6-max Seat #6 is the button
Seat 1: michasia ($109.68 in chips) 
Seat 2: Poker9803 ($100 in chips) 
Seat 3: DL1B ($101.50 in chips) 
Seat 4: BoyLoc0 ($128.14 in chips) 
Seat 5: z00mba ($100 in chips) 
Seat 6: radovan202 ($26.52 in chips) 
michasia: posts small blind $0.50
Poker9803: posts big blind $1
*** HOLE CARDS ***
DL1B: folds 
BoyLoc0: raises $1.50 to $2.50
z00mba: folds 
radovan202: folds 
michasia: folds 
Poker9803: folds 
Uncalled bet ($1.50) returned to BoyLoc0
BoyLoc0 collected $2.50 from pot
BoyLoc0: doesn't show hand 
*** SUMMARY ***
Total pot $2.50 | Rake $0 
Seat 1: michasia (small blind) folded before Flop
Seat 2: Poker9803 (big blind) folded before Flop
Seat 3: DL1B folded before Flop (didn't bet)
Seat 4: BoyLoc0 collected ($2.50)
Seat 5: z00mba folded before Flop (didn't bet)
Seat 6: radovan202 (button) folded before Flop (didn't bet)



PokerStars Hand #254502476528:  Hold'em No Limit ($0.50/$1.00 USD) - 2025/01/22 18:27:24 WET [2025/01/22 13:27:24 ET]
Table 'McElroy IV' 6-max Seat #1 is the button
Seat 1: michasia ($109.18 in chips) 
Seat 2: Poker9803 ($100 in chips) 
Seat 3: DL1B ($101.50 in chips) 
Seat 4: BoyLoc0 ($129.64 in chips) 
Seat 5: z00mba ($100 in chips) 
Seat 6: radovan202 ($26.52 in chips) 
Poker9803: posts small blind $0.50
DL1B: posts big blind $1
*** HOLE CARDS ***
BoyLoc0: folds 
z00mba: raises $1.50 to $2.50
radovan202: calls $2.50
michasia: calls $2.50
Poker9803: folds 
DL1B: folds 
*** FLOP *** [9c 2h 2d]
z00mba: bets $2.74
radovan202: folds 
michasia: folds 
Uncalled bet ($2.74) returned to z00mba
z00mba collected $8.55 from pot
z00mba: doesn't show hand 
*** SUMMARY ***
Total pot $9 | Rake $0.45 
Board [9c 2h 2d]
Seat 1: michasia (button) folded on the Flop
Seat 2: Poker9803 (small blind) folded before Flop
Seat 3: DL1B (big blind) folded before Flop
Seat 4: BoyLoc0 folded before Flop (didn't bet)
Seat 5: z00mba collected ($8.55)
Seat 6: radovan202 folded on the Flop



PokerStars Hand #254502483414:  Hold'em No Limit ($0.50/$1.00 USD) - 2025/01/22 18:27:49 WET [2025/01/22 13:27:49 ET]
Table 'McElroy IV' 6-max Seat #2 is the button
Seat 1: michasia ($106.68 in chips) 
Seat 2: Poker9803 ($100 in chips) 
Seat 3: DL1B ($100.50 in chips) 
Seat 4: BoyLoc0 ($129.64 in chips) 
Seat 5: z00mba ($106.05 in chips) 
Seat 6: radovan202 ($24.02 in chips) 
DL1B: posts small blind $0.50
BoyLoc0: posts big blind $1
*** HOLE CARDS ***
z00mba: folds 
radovan202: raises $1 to $2
michasia: folds 
Poker9803: folds 
DL1B: folds 
BoyLoc0: folds 
Uncalled bet ($1) returned to radovan202
radovan202 collected $2.50 from pot
radovan202: doesn't show hand 
*** SUMMARY ***
Total pot $2.50 | Rake $0 
Seat 1: michasia folded before Flop (didn't bet)
Seat 2: Poker9803 (button) folded before Flop (didn't bet)
Seat 3: DL1B (small blind) folded before Flop
Seat 4: BoyLoc0 (big blind) folded before Flop
Seat 5: z00mba folded before Flop (didn't bet)
Seat 6: radovan202 collected ($2.50)



PokerStars Hand #254502487887:  Hold'em No Limit ($0.50/$1.00 USD) - 2025/01/22 18:28:06 WET [2025/01/22 13:28:06 ET]
Table 'McElroy IV' 6-max Seat #3 is the button
Seat 1: michasia ($106.68 in chips) 
Seat 2: Poker9803 ($100 in chips) 
Seat 3: DL1B ($100 in chips) 
Seat 4: BoyLoc0 ($128.64 in chips) 
Seat 5: z00mba ($106.05 in chips) 
Seat 6: radovan202 ($25.52 in chips) 
BoyLoc0: posts small blind $0.50
z00mba: posts big blind $1
*** HOLE CARDS ***
radovan202: raises $1 to $2
michasia: folds 
Poker9803: folds 
DL1B: folds 
BoyLoc0: raises $7 to $9
z00mba: folds 
radovan202: calls $7
*** FLOP *** [6c 7d 5h]
BoyLoc0: bets $27.08
radovan202: calls $16.52 and is all-in
Uncalled bet ($10.56) returned to BoyLoc0
*** TURN *** [6c 7d 5h] [2c]
*** RIVER *** [6c 7d 5h 2c] [Qd]
*** SHOW DOWN ***
BoyLoc0: shows [9h 9d] (a pair of Nines)
radovan202: shows [Js Td] (high card Queen)
BoyLoc0 collected $49.54 from pot
*** SUMMARY ***
Total pot $52.04 | Rake $2.50 
Board [6c 7d 5h 2c Qd]
Seat 1: michasia folded before Flop (didn't bet)
Seat 2: Poker9803 folded before Flop (didn't bet)
Seat 3: DL1B (button) folded before Flop (didn't bet)
Seat 4: BoyLoc0 (small blind) showed [9h 9d] and won ($49.54) with a pair of Nines
Seat 5: z00mba (big blind) folded before Flop
Seat 6: radovan202 showed [Js Td] and lost with high card Queen



PokerStars Hand #254502497403:  Hold'em No Limit ($0.50/$1.00 USD) - 2025/01/22 18:28:41 WET [2025/01/22 13:28:41 ET]
Table 'McElroy IV' 6-max Seat #4 is the button
Seat 6: radovan202 ($0 in chips) is sitting out
Seat 1: michasia ($106.68 in chips) 
Seat 2: Poker9803 ($100 in chips) 
Seat 3: DL1B ($100 in chips) 
Seat 4: BoyLoc0 ($152.66 in chips) 
Seat 5: z00mba ($105.05 in chips) 
z00mba: posts small blind $0.50
michasia: posts big blind $1
*** HOLE CARDS ***
Poker9803: folds 
DL1B: folds 
BoyLoc0: folds 
z00mba: folds 
Uncalled bet ($0.50) returned to michasia
michasia collected $1 from pot
michasia: doesn't show hand 
radovan202 leaves the table
*** SUMMARY ***
Total pot $1 | Rake $0 
Seat 6: radovan202
Seat 1: michasia (big blind) collected ($1)
Seat 2: Poker9803 folded before Flop (didn't bet)
Seat 3: DL1B folded before Flop (didn't bet)
Seat 4: BoyLoc0 (button) folded before Flop (didn't bet)
Seat 5: z00mba (small blind) folded before Flop



PokerStars Hand #254502499710:  Hold'em No Limit ($0.50/$1.00 USD) - 2025/01/22 18:28:50 WET [2025/01/22 13:28:50 ET]
Table 'McElroy IV' 6-max Seat #5 is the button
Seat 1: michasia ($107.18 in chips) 
Seat 2: Poker9803 ($100 in chips) 
Seat 3: DL1B ($100 in chips) 
Seat 4: BoyLoc0 ($152.66 in chips) 
Seat 5: z00mba ($104.55 in chips) 
michasia: posts small blind $0.50
Poker9803: posts big blind $1
*** HOLE CARDS ***
DL1B: folds 
BoyLoc0: folds 
z00mba: raises $1.50 to $2.50
michasia: folds 
Poker9803: folds 
Uncalled bet ($1.50) returned to z00mba
z00mba collected $2.50 from pot
z00mba: doesn't show hand 
*** SUMMARY ***
Total pot $2.50 | Rake $0 
Seat 1: michasia (small blind) folded before Flop
Seat 2: Poker9803 (big blind) folded before Flop
Seat 3: DL1B folded before Flop (didn't bet)
Seat 4: BoyLoc0 folded before Flop (didn't bet)
Seat 5: z00mba (button) collected ($2.50)



PokerStars Hand #254502505746:  Hold'em No Limit ($0.50/$1.00 USD) - 2025/01/22 18:29:12 WET [2025/01/22 13:29:12 ET]
Table 'McElroy IV' 6-max Seat #1 is the button
Seat 1: michasia ($106.68 in chips) 
Seat 2: Poker9803 ($100 in chips) 
Seat 3: DL1B ($100 in chips) 
Seat 4: BoyLoc0 ($152.66 in chips) 
Seat 5: z00mba ($106.05 in chips) 
Poker9803: posts small blind $0.50
DL1B: posts big blind $1
*** HOLE CARDS ***
BoyLoc0: folds 
z00mba: folds 
michasia: raises $1.80 to $2.80
Poker9803: folds 
DL1B: folds 
Uncalled bet ($1.80) returned to michasia
michasia collected $2.50 from pot
michasia: doesn't show hand 
*** SUMMARY ***
Total pot $2.50 | Rake $0 
Seat 1: michasia (button) collected ($2.50)
Seat 2: Poker9803 (small blind) folded before Flop
Seat 3: DL1B (big blind) folded before Flop
Seat 4: BoyLoc0 folded before Flop (didn't bet)
Seat 5: z00mba folded before Flop (didn't bet)



PokerStars Hand #254502509065:  Hold'em No Limit ($0.50/$1.00 USD) - 2025/01/22 18:29:24 WET [2025/01/22 13:29:24 ET]
Table 'McElroy IV' 6-max Seat #2 is the button
Seat 4: BoyLoc0 ($152.66 in chips) is sitting out
Seat 5: z00mba ($106.05 in chips) is sitting out
Seat 1: michasia ($108.18 in chips) 
Seat 2: Poker9803 ($100 in chips) 
Seat 3: DL1B ($100 in chips) 
DL1B: posts small blind $0.50
BoyLoc0: is sitting out 
z00mba: is sitting out 
michasia: posts big blind $1
*** HOLE CARDS ***
Poker9803: folds 
BoyLoc0 leaves the table
DL1B: raises $2 to $3
z00mba leaves the table
michasia: folds 
Uncalled bet ($2) returned to DL1B
DL1B collected $2 from pot
DL1B: doesn't show hand 
*** SUMMARY ***
Total pot $2 | Rake $0 
Seat 4: BoyLoc0
Seat 5: z00mba
Seat 1: michasia (big blind) folded before Flop
Seat 2: Poker9803 (button) folded before Flop (didn't bet)
Seat 3: DL1B (small blind) collected ($2)



