PokerStars Hand #254503456734:  Hold'em No Limit ($0.50/$1.00 USD) - 2025/01/22 19:27:38 WET [2025/01/22 14:27:38 ET]
Table 'Titius IV' 6-max Seat #5 is the button
Seat 1: Ozymandias912 ($97 in chips) 
Seat 2: AlexPinsk1 ($100 in chips) 
Seat 3: z00mba ($100 in chips) 
Seat 4: Manifestorr ($100 in chips) 
Seat 5: ptolejmus ($10 in chips) 
Ozymandias912: posts small blind $0.50
AlexPinsk1: posts big blind $1
*** HOLE CARDS ***
z00mba: raises $1.50 to $2.50
Manifestorr: folds 
ptolejmus: folds 
Ozymandias912: folds 
AlexPinsk1: folds 
Uncalled bet ($1.50) returned to z00mba
z00mba collected $2.50 from pot
z00mba: doesn't show hand 
*** SUMMARY ***
Total pot $2.50 | Rake $0 
Seat 1: Ozymandias912 (small blind) folded before Flop
Seat 2: AlexPinsk1 (big blind) folded before Flop
Seat 3: z00mba collected ($2.50)
Seat 4: Manifestorr folded before Flop (didn't bet)
Seat 5: ptolejmus (button) folded before Flop (didn't bet)



PokerStars Hand #254503459984:  Hold'em No Limit ($0.50/$1.00 USD) - 2025/01/22 19:27:49 WET [2025/01/22 14:27:49 ET]
Table 'Titius IV' 6-max Seat #1 is the button
Seat 3: z00mba ($101.50 in chips) is sitting out
Seat 1: Ozymandias912 ($100 in chips) 
Seat 2: AlexPinsk1 ($100 in chips) 
Seat 4: Manifestorr ($100 in chips) 
Seat 5: ptolejmus ($10 in chips) 
AlexPinsk1: posts small blind $0.50
z00mba: is sitting out 
Manifestorr: posts big blind $1
*** HOLE CARDS ***
ptolejmus: folds 
Ozymandias912: folds 
AlexPinsk1: folds 
Uncalled bet ($0.50) returned to Manifestorr
Manifestorr collected $1 from pot
*** SUMMARY ***
Total pot $1 | Rake $0 
Seat 3: z00mba
Seat 1: Ozymandias912 (button) folded before Flop (didn't bet)
Seat 2: AlexPinsk1 (small blind) folded before Flop
Seat 4: Manifestorr (big blind) collected ($1)
Seat 5: ptolejmus folded before Flop (didn't bet)



PokerStars Hand #254503461919:  Hold'em No Limit ($0.50/$1.00 USD) - 2025/01/22 19:27:56 WET [2025/01/22 14:27:56 ET]
Table 'Titius IV' 6-max Seat #2 is the button
Seat 3: z00mba ($101.50 in chips) is sitting out
Seat 1: Ozymandias912 ($100 in chips) 
Seat 2: AlexPinsk1 ($100 in chips) 
Seat 4: Manifestorr ($100.50 in chips) 
Seat 5: ptolejmus ($10 in chips) 
Manifestorr: posts small blind $0.50
ptolejmus: posts big blind $1
*** HOLE CARDS ***
Ozymandias912: folds 
AlexPinsk1: folds 
Manifestorr: raises $2 to $3
ptolejmus: folds 
Uncalled bet ($2) returned to Manifestorr
Manifestorr collected $2 from pot
*** SUMMARY ***
Total pot $2 | Rake $0 
Seat 3: z00mba
Seat 1: Ozymandias912 folded before Flop (didn't bet)
Seat 2: AlexPinsk1 (button) folded before Flop (didn't bet)
Seat 4: Manifestorr (small blind) collected ($2)
Seat 5: ptolejmus (big blind) folded before Flop



PokerStars Hand #254503467979:  Hold'em No Limit ($0.50/$1.00 USD) - 2025/01/22 19:28:17 WET [2025/01/22 14:28:17 ET]
Table 'Titius IV' 6-max Seat #4 is the button
Seat 1: Ozymandias912 ($100 in chips) is sitting out
Seat 3: z00mba ($101.50 in chips) is sitting out
Seat 2: AlexPinsk1 ($100 in chips) 
Seat 4: Manifestorr ($101.50 in chips) 
Seat 5: ptolejmus ($10 in chips) 
ptolejmus: posts small blind $0.50
Ozymandias912: is sitting out 
AlexPinsk1: posts big blind $1
z00mba: sits out 
*** HOLE CARDS ***
Manifestorr: folds 
ptolejmus: raises $1.75 to $2.75
AlexPinsk1: folds 
Uncalled bet ($1.75) returned to ptolejmus
Ozymandias912 leaves the table
ptolejmus collected $2 from pot
*** SUMMARY ***
Total pot $2 | Rake $0 
Seat 1: Ozymandias912
Seat 3: z00mba
Seat 2: AlexPinsk1 (big blind) folded before Flop
Seat 4: Manifestorr (button) folded before Flop (didn't bet)
Seat 5: ptolejmus (small blind) collected ($2)



PokerStars Hand #254503472715:  Hold'em No Limit ($0.50/$1.00 USD) - 2025/01/22 19:28:34 WET [2025/01/22 14:28:34 ET]
Table 'Titius IV' 6-max Seat #5 is the button
Seat 2: AlexPinsk1 ($100 in chips) 
Seat 3: z00mba ($101.50 in chips) 
Seat 4: Manifestorr ($101.50 in chips) 
Seat 5: ptolejmus ($11 in chips) 
AlexPinsk1: posts small blind $0.50
z00mba: posts big blind $1
*** HOLE CARDS ***
Manifestorr: folds 
ptolejmus: folds 
AlexPinsk1: folds 
Uncalled bet ($0.50) returned to z00mba
z00mba collected $1 from pot
z00mba: doesn't show hand 
*** SUMMARY ***
Total pot $1 | Rake $0 
Seat 2: AlexPinsk1 (small blind) folded before Flop
Seat 3: z00mba (big blind) collected ($1)
Seat 4: Manifestorr folded before Flop (didn't bet)
Seat 5: ptolejmus (button) folded before Flop (didn't bet)



PokerStars Hand #254503476444:  Hold'em No Limit ($0.50/$1.00 USD) - 2025/01/22 19:28:47 WET [2025/01/22 14:28:47 ET]
Table 'Titius IV' 6-max Seat #3 is the button
Seat 4: Manifestorr ($101.50 in chips) is sitting out
Seat 5: ptolejmus ($11 in chips) is sitting out
Seat 2: AlexPinsk1 ($100 in chips) 
Seat 3: z00mba ($102 in chips) 
z00mba: posts small blind $0.50
Manifestorr: is sitting out 
ptolejmus: is sitting out 
AlexPinsk1: posts big blind $1
*** HOLE CARDS ***
z00mba: raises $2 to $3
Manifestorr leaves the table
ptolejmus leaves the table
AlexPinsk1: calls $2
*** FLOP *** [6h 2s 4s]
AlexPinsk1: checks 
z00mba: checks 
*** TURN *** [6h 2s 4s] [6s]
AlexPinsk1: checks 
z00mba: checks 
*** RIVER *** [6h 2s 4s 6s] [2c]
AlexPinsk1: checks 
z00mba: checks 
*** SHOW DOWN ***
AlexPinsk1: shows [9c Kd] (two pair, Sixes and Deuces)
z00mba: mucks hand 
AlexPinsk1 collected $5.70 from pot
*** SUMMARY ***
Total pot $6 | Rake $0.30 
Board [6h 2s 4s 6s 2c]
Seat 4: Manifestorr
Seat 5: ptolejmus
Seat 2: AlexPinsk1 (big blind) showed [9c Kd] and won ($5.70) with two pair, Sixes and Deuces
Seat 3: z00mba (button) (small blind) mucked



