PokerStars Hand #254501245069:  Hold'em No Limit ($0.50/$1.00 USD) - 2025/01/22 17:05:29 WET [2025/01/22 12:05:29 ET]
Table 'Baillauda IV' 6-max Seat #6 is the button
Seat 3: Caiovhb ($100 in chips) is sitting out
Seat 2: RAidakCo ($100 in chips) 
Seat 6: AlexPinsk1 ($100 in chips) 
AlexPinsk1: posts small blind $0.50
RAidakCo: posts big blind $1
*** HOLE CARDS ***
AlexPinsk1: raises $1.50 to $2.50
RAidakCo: calls $1.50
*** FLOP *** [8h 8d Qh]
RAidakCo: checks 
AlexPinsk1: bets $1.57
Caiovhb leaves the table
RAidakCo: raises $5.43 to $7
AlexPinsk1: folds 
Uncalled bet ($5.43) returned to RAidakCo
RAidakCo collected $7.73 from pot
RAidakCo: doesn't show hand 
*** SUMMARY ***
Total pot $8.14 | Rake $0.41 
Board [8h 8d Qh]
Seat 3: Caiovhb
Seat 2: RAidakCo (big blind) collected ($7.73)
Seat 6: AlexPinsk1 (button) (small blind) folded on the Flop



PokerStars Hand #254501255406:  Hold'em No Limit ($0.50/$1.00 USD) - 2025/01/22 17:06:14 WET [2025/01/22 12:06:14 ET]
Table 'Baillauda IV' 6-max Seat #2 is the button
Seat 2: RAidakCo ($103.66 in chips) 
Seat 6: AlexPinsk1 ($100 in chips) 
RAidakCo: posts small blind $0.50
AlexPinsk1: posts big blind $1
*** HOLE CARDS ***
RAidakCo: raises $1.50 to $2.50
Unipoker11 joins the table at seat #4 
blistein joins the table at seat #5 
AlexPinsk1: folds 
Uncalled bet ($1.50) returned to RAidakCo
RAidakCo collected $2 from pot
RAidakCo: doesn't show hand 
*** SUMMARY ***
Total pot $2 | Rake $0 
Seat 2: RAidakCo (button) (small blind) collected ($2)
Seat 6: AlexPinsk1 (big blind) folded before Flop



PokerStars Hand #254501258219:  Hold'em No Limit ($0.50/$1.00 USD) - 2025/01/22 17:06:26 WET [2025/01/22 12:06:26 ET]
Table 'Baillauda IV' 6-max Seat #6 is the button
Seat 5: blistein ($100 in chips) is sitting out
Seat 2: RAidakCo ($104.66 in chips) 
Seat 4: Unipoker11 ($100 in chips) 
Seat 6: AlexPinsk1 ($100 in chips) 
RAidakCo: posts small blind $0.50
Unipoker11: posts big blind $1
blistein: sits out 
*** HOLE CARDS ***
AlexPinsk1: folds 
RAidakCo: raises $2 to $3
Unipoker11: folds 
Uncalled bet ($2) returned to RAidakCo
RAidakCo collected $2 from pot
RAidakCo: doesn't show hand 
*** SUMMARY ***
Total pot $2 | Rake $0 
Seat 5: blistein
Seat 2: RAidakCo (small blind) collected ($2)
Seat 4: Unipoker11 (big blind) folded before Flop
Seat 6: AlexPinsk1 (button) folded before Flop (didn't bet)



PokerStars Hand #254501261584:  Hold'em No Limit ($0.50/$1.00 USD) - 2025/01/22 17:06:41 WET [2025/01/22 12:06:41 ET]
Table 'Baillauda IV' 6-max Seat #2 is the button
Seat 2: RAidakCo ($105.66 in chips) 
Seat 4: Unipoker11 ($100 in chips) 
Seat 5: blistein ($100 in chips) 
Seat 6: AlexPinsk1 ($100 in chips) 
poker_soul11 joins the table at seat #3 
Unipoker11: posts small blind $0.50
blistein: posts big blind $1
*** HOLE CARDS ***
AlexPinsk1: raises $1.50 to $2.50
RAidakCo: folds 
Unipoker11: raises $8.50 to $11
blistein: folds 
AlexPinsk1: raises $13.50 to $24.50
Unipoker11: folds 
Uncalled bet ($13.50) returned to AlexPinsk1
AlexPinsk1 collected $23 from pot
AlexPinsk1: doesn't show hand 
*** SUMMARY ***
Total pot $23 | Rake $0 
Seat 2: RAidakCo (button) folded before Flop (didn't bet)
Seat 4: Unipoker11 (small blind) folded before Flop
Seat 5: blistein (big blind) folded before Flop
Seat 6: AlexPinsk1 collected ($23)



PokerStars Hand #254501276757:  Hold'em No Limit ($0.50/$1.00 USD) - 2025/01/22 17:07:46 WET [2025/01/22 12:07:46 ET]
Table 'Baillauda IV' 6-max Seat #4 is the button
Seat 3: poker_soul11 ($100 in chips) is sitting out
Seat 2: RAidakCo ($105.66 in chips) 
Seat 4: Unipoker11 ($100 in chips) 
Seat 5: blistein ($100 in chips) 
Seat 6: AlexPinsk1 ($112 in chips) 
blistein: posts small blind $0.50
AlexPinsk1: posts big blind $1
poker_soul11: sits out 
*** HOLE CARDS ***
RAidakCo: folds 
Unipoker11: raises $1.50 to $2.50
blistein: folds 
AlexPinsk1: folds 
Uncalled bet ($1.50) returned to Unipoker11
Unipoker11 collected $2.50 from pot
Unipoker11: doesn't show hand 
*** SUMMARY ***
Total pot $2.50 | Rake $0 
Seat 3: poker_soul11
Seat 2: RAidakCo folded before Flop (didn't bet)
Seat 4: Unipoker11 (button) collected ($2.50)
Seat 5: blistein (small blind) folded before Flop
Seat 6: AlexPinsk1 (big blind) folded before Flop



PokerStars Hand #254501281130:  Hold'em No Limit ($0.50/$1.00 USD) - 2025/01/22 17:08:05 WET [2025/01/22 12:08:05 ET]
Table 'Baillauda IV' 6-max Seat #5 is the button
Seat 3: poker_soul11 ($100 in chips) is sitting out
Seat 2: RAidakCo ($105.66 in chips) 
Seat 4: Unipoker11 ($101.50 in chips) 
Seat 5: blistein ($100 in chips) 
Seat 6: AlexPinsk1 ($111 in chips) 
AlexPinsk1: posts small blind $0.50
RAidakCo: posts big blind $1
poker_soul11: sits out 
*** HOLE CARDS ***
Unipoker11: folds 
blistein: folds 
AlexPinsk1: folds 
Uncalled bet ($0.50) returned to RAidakCo
RAidakCo collected $1 from pot
RAidakCo: doesn't show hand 
*** SUMMARY ***
Total pot $1 | Rake $0 
Seat 3: poker_soul11
Seat 2: RAidakCo (big blind) collected ($1)
Seat 4: Unipoker11 folded before Flop (didn't bet)
Seat 5: blistein (button) folded before Flop (didn't bet)
Seat 6: AlexPinsk1 (small blind) folded before Flop



PokerStars Hand #254501283875:  Hold'em No Limit ($0.50/$1.00 USD) - 2025/01/22 17:08:17 WET [2025/01/22 12:08:17 ET]
Table 'Baillauda IV' 6-max Seat #6 is the button
Seat 2: RAidakCo ($106.16 in chips) 
Seat 3: poker_soul11 ($100 in chips) 
Seat 4: Unipoker11 ($101.50 in chips) 
Seat 5: blistein ($100 in chips) 
Seat 6: AlexPinsk1 ($110.50 in chips) 
RAidakCo: posts small blind $0.50
poker_soul11: posts big blind $1
*** HOLE CARDS ***
Unipoker11: folds 
blistein: folds 
AlexPinsk1: folds 
RAidakCo: folds 
Uncalled bet ($0.50) returned to poker_soul11
poker_soul11 collected $1 from pot
poker_soul11: doesn't show hand 
*** SUMMARY ***
Total pot $1 | Rake $0 
Seat 2: RAidakCo (small blind) folded before Flop
Seat 3: poker_soul11 (big blind) collected ($1)
Seat 4: Unipoker11 folded before Flop (didn't bet)
Seat 5: blistein folded before Flop (didn't bet)
Seat 6: AlexPinsk1 (button) folded before Flop (didn't bet)



PokerStars Hand #254501287083:  Hold'em No Limit ($0.50/$1.00 USD) - 2025/01/22 17:08:30 WET [2025/01/22 12:08:30 ET]
Table 'Baillauda IV' 6-max Seat #2 is the button
Seat 2: RAidakCo ($105.66 in chips) 
Seat 3: poker_soul11 ($100.50 in chips) 
Seat 4: Unipoker11 ($101.50 in chips) 
Seat 5: blistein ($100 in chips) 
Seat 6: AlexPinsk1 ($110.50 in chips) 
poker_soul11: posts small blind $0.50
Unipoker11: posts big blind $1
*** HOLE CARDS ***
blistein: folds 
blistein leaves the table
AlexPinsk1: folds 
RAidakCo: folds 
poker_soul11: folds 
Uncalled bet ($0.50) returned to Unipoker11
Unipoker11 collected $1 from pot
Unipoker11: doesn't show hand 
*** SUMMARY ***
Total pot $1 | Rake $0 
Seat 2: RAidakCo (button) folded before Flop (didn't bet)
Seat 3: poker_soul11 (small blind) folded before Flop
Seat 4: Unipoker11 (big blind) collected ($1)
Seat 5: blistein folded before Flop (didn't bet)
Seat 6: AlexPinsk1 folded before Flop (didn't bet)



PokerStars Hand #254501289513:  Hold'em No Limit ($0.50/$1.00 USD) - 2025/01/22 17:08:41 WET [2025/01/22 12:08:41 ET]
Table 'Baillauda IV' 6-max Seat #3 is the button
Seat 2: RAidakCo ($105.66 in chips) 
Seat 3: poker_soul11 ($100 in chips) 
Seat 4: Unipoker11 ($102 in chips) 
Seat 6: AlexPinsk1 ($110.50 in chips) 
Unipoker11: posts small blind $0.50
AlexPinsk1: posts big blind $1
*** HOLE CARDS ***
RAidakCo: raises $1.20 to $2.20
poker_soul11: folds 
Unipoker11: folds 
AlexPinsk1: calls $1.20
*** FLOP *** [3s Qc 2s]
AlexPinsk1: checks 
RAidakCo: bets $1.54
AlexPinsk1: raises $4.46 to $6
RAidakCo: calls $4.46
*** TURN *** [3s Qc 2s] [9s]
AlexPinsk1: bets $12.05
RAidakCo: folds 
Uncalled bet ($12.05) returned to AlexPinsk1
AlexPinsk1 collected $16.06 from pot
AlexPinsk1: doesn't show hand 
*** SUMMARY ***
Total pot $16.90 | Rake $0.84 
Board [3s Qc 2s 9s]
Seat 2: RAidakCo folded on the Turn
Seat 3: poker_soul11 (button) folded before Flop (didn't bet)
Seat 4: Unipoker11 (small blind) folded before Flop
Seat 6: AlexPinsk1 (big blind) collected ($16.06)



PokerStars Hand #254501305610:  Hold'em No Limit ($0.50/$1.00 USD) - 2025/01/22 17:09:50 WET [2025/01/22 12:09:50 ET]
Table 'Baillauda IV' 6-max Seat #4 is the button
Seat 2: RAidakCo ($100 in chips) 
Seat 3: poker_soul11 ($100 in chips) 
Seat 4: Unipoker11 ($101.50 in chips) 
Seat 6: AlexPinsk1 ($118.36 in chips) 
AlexPinsk1: posts small blind $0.50
RAidakCo: posts big blind $1
*** HOLE CARDS ***
poker_soul11: folds 
Unipoker11: folds 
AlexPinsk1: folds 
Uncalled bet ($0.50) returned to RAidakCo
RAidakCo collected $1 from pot
RAidakCo: doesn't show hand 
*** SUMMARY ***
Total pot $1 | Rake $0 
Seat 2: RAidakCo (big blind) collected ($1)
Seat 3: poker_soul11 folded before Flop (didn't bet)
Seat 4: Unipoker11 (button) folded before Flop (didn't bet)
Seat 6: AlexPinsk1 (small blind) folded before Flop



PokerStars Hand #254501309199:  Hold'em No Limit ($0.50/$1.00 USD) - 2025/01/22 17:10:06 WET [2025/01/22 12:10:06 ET]
Table 'Baillauda IV' 6-max Seat #6 is the button
Seat 2: RAidakCo ($100.50 in chips) 
Seat 3: poker_soul11 ($100 in chips) 
Seat 4: Unipoker11 ($101.50 in chips) 
Seat 6: AlexPinsk1 ($117.86 in chips) 
RAidakCo: posts small blind $0.50
poker_soul11: posts big blind $1
*** HOLE CARDS ***
Unipoker11: folds 
AlexPinsk1: raises $1.50 to $2.50
RAidakCo: folds 
poker_soul11: folds 
Uncalled bet ($1.50) returned to AlexPinsk1
AlexPinsk1 collected $2.50 from pot
AlexPinsk1: doesn't show hand 
*** SUMMARY ***
Total pot $2.50 | Rake $0 
Seat 2: RAidakCo (small blind) folded before Flop
Seat 3: poker_soul11 (big blind) folded before Flop
Seat 4: Unipoker11 folded before Flop (didn't bet)
Seat 6: AlexPinsk1 (button) collected ($2.50)



PokerStars Hand #254501312150:  Hold'em No Limit ($0.50/$1.00 USD) - 2025/01/22 17:10:18 WET [2025/01/22 12:10:18 ET]
Table 'Baillauda IV' 6-max Seat #2 is the button
Seat 2: RAidakCo ($100 in chips) 
Seat 3: poker_soul11 ($100 in chips) 
Seat 4: Unipoker11 ($101.50 in chips) 
Seat 6: AlexPinsk1 ($119.36 in chips) 
poker_soul11: posts small blind $0.50
Unipoker11: posts big blind $1
*** HOLE CARDS ***
AlexPinsk1: folds 
RAidakCo: raises $1.50 to $2.50
poker_soul11: folds 
Unipoker11: calls $1.50
*** FLOP *** [2d 5h 6c]
Unipoker11: checks 
RAidakCo: checks 
*** TURN *** [2d 5h 6c] [9h]
Unipoker11: checks 
RAidakCo: checks 
*** RIVER *** [2d 5h 6c 9h] [7s]
Unipoker11: checks 
RAidakCo: bets $3.92
Unipoker11: calls $3.92
*** SHOW DOWN ***
RAidakCo: shows [Jc Ts] (high card Jack)
Unipoker11: shows [4d Ad] (high card Ace)
Unipoker11 collected $12.67 from pot
*** SUMMARY ***
Total pot $13.34 | Rake $0.67 
Board [2d 5h 6c 9h 7s]
Seat 2: RAidakCo (button) showed [Jc Ts] and lost with high card Jack
Seat 3: poker_soul11 (small blind) folded before Flop
Seat 4: Unipoker11 (big blind) showed [4d Ad] and won ($12.67) with high card Ace
Seat 6: AlexPinsk1 folded before Flop (didn't bet)



PokerStars Hand #254501338219:  Hold'em No Limit ($0.50/$1.00 USD) - 2025/01/22 17:12:05 WET [2025/01/22 12:12:05 ET]
Table 'Baillauda IV' 6-max Seat #3 is the button
Seat 2: RAidakCo ($100 in chips) 
Seat 3: poker_soul11 ($100 in chips) 
Seat 4: Unipoker11 ($107.75 in chips) 
Seat 6: AlexPinsk1 ($119.36 in chips) 
Unipoker11: posts small blind $0.50
AlexPinsk1: posts big blind $1
*** HOLE CARDS ***
RAidakCo: folds 
poker_soul11: raises $1.20 to $2.20
Unipoker11: folds 
AlexPinsk1: calls $1.20
*** FLOP *** [7c 7d Kc]
AlexPinsk1: checks 
poker_soul11: bets $1.54
AlexPinsk1: folds 
Uncalled bet ($1.54) returned to poker_soul11
poker_soul11 collected $4.66 from pot
poker_soul11: doesn't show hand 
*** SUMMARY ***
Total pot $4.90 | Rake $0.24 
Board [7c 7d Kc]
Seat 2: RAidakCo folded before Flop (didn't bet)
Seat 3: poker_soul11 (button) collected ($4.66)
Seat 4: Unipoker11 (small blind) folded before Flop
Seat 6: AlexPinsk1 (big blind) folded on the Flop



PokerStars Hand #254501347212:  Hold'em No Limit ($0.50/$1.00 USD) - 2025/01/22 17:12:41 WET [2025/01/22 12:12:41 ET]
Table 'Baillauda IV' 6-max Seat #4 is the button
Seat 2: RAidakCo ($100 in chips) 
Seat 3: poker_soul11 ($102.46 in chips) 
Seat 4: Unipoker11 ($107.25 in chips) 
Seat 6: AlexPinsk1 ($117.16 in chips) 
AlexPinsk1: posts small blind $0.50
RAidakCo: posts big blind $1
*** HOLE CARDS ***
poker_soul11: raises $1.20 to $2.20
Unipoker11: folds 
AlexPinsk1: folds 
RAidakCo: calls $1.20
*** FLOP *** [5s Qh 4c]
RAidakCo: checks 
poker_soul11: bets $1.54
RAidakCo: folds 
Uncalled bet ($1.54) returned to poker_soul11
poker_soul11 collected $4.66 from pot
poker_soul11: doesn't show hand 
*** SUMMARY ***
Total pot $4.90 | Rake $0.24 
Board [5s Qh 4c]
Seat 2: RAidakCo (big blind) folded on the Flop
Seat 3: poker_soul11 collected ($4.66)
Seat 4: Unipoker11 (button) folded before Flop (didn't bet)
Seat 6: AlexPinsk1 (small blind) folded before Flop



PokerStars Hand #254501355623:  Hold'em No Limit ($0.50/$1.00 USD) - 2025/01/22 17:13:16 WET [2025/01/22 12:13:16 ET]
Table 'Baillauda IV' 6-max Seat #6 is the button
Seat 3: poker_soul11 ($104.92 in chips) is sitting out
Seat 2: RAidakCo ($100 in chips) 
Seat 4: Unipoker11 ($107.25 in chips) 
Seat 6: AlexPinsk1 ($116.66 in chips) 
RAidakCo: posts small blind $0.50
poker_soul11: is sitting out 
Unipoker11: posts big blind $1
*** HOLE CARDS ***
poker_soul11 leaves the table
AlexPinsk1: folds 
RAidakCo: raises $2 to $3
Unipoker11: folds 
Uncalled bet ($2) returned to RAidakCo
RAidakCo collected $2 from pot
RAidakCo: doesn't show hand 
*** SUMMARY ***
Total pot $2 | Rake $0 
Seat 3: poker_soul11
Seat 2: RAidakCo (small blind) collected ($2)
Seat 4: Unipoker11 (big blind) folded before Flop
Seat 6: AlexPinsk1 (button) folded before Flop (didn't bet)



PokerStars Hand #254501361280:  Hold'em No Limit ($0.50/$1.00 USD) - 2025/01/22 17:13:39 WET [2025/01/22 12:13:39 ET]
Table 'Baillauda IV' 6-max Seat #2 is the button
Seat 2: RAidakCo ($101 in chips) 
Seat 4: Unipoker11 ($106.25 in chips) 
Seat 6: AlexPinsk1 ($116.66 in chips) 
Unipoker11: posts small blind $0.50
AlexPinsk1: posts big blind $1
*** HOLE CARDS ***
RAidakCo: raises $1.50 to $2.50
Unipoker11: folds 
AlexPinsk1: folds 
Uncalled bet ($1.50) returned to RAidakCo
RAidakCo collected $2.50 from pot
RAidakCo: doesn't show hand 
*** SUMMARY ***
Total pot $2.50 | Rake $0 
Seat 2: RAidakCo (button) collected ($2.50)
Seat 4: Unipoker11 (small blind) folded before Flop
Seat 6: AlexPinsk1 (big blind) folded before Flop



PokerStars Hand #254501364510:  Hold'em No Limit ($0.50/$1.00 USD) - 2025/01/22 17:13:52 WET [2025/01/22 12:13:52 ET]
Table 'Baillauda IV' 6-max Seat #4 is the button
Seat 2: RAidakCo ($102.50 in chips) 
Seat 4: Unipoker11 ($105.75 in chips) 
Seat 6: AlexPinsk1 ($115.66 in chips) 
AlexPinsk1: posts small blind $0.50
RAidakCo: posts big blind $1
*** HOLE CARDS ***
Unipoker11: raises $1.50 to $2.50
AlexPinsk1: folds 
RAidakCo: calls $1.50
*** FLOP *** [Qh 3s 4c]
RAidakCo: checks 
Unipoker11: bets $1.30
RAidakCo: raises $4.70 to $6
Unipoker11: raises $8.61 to $14.61
RAidakCo: folds 
Uncalled bet ($8.61) returned to Unipoker11
Unipoker11 collected $16.62 from pot
Unipoker11: doesn't show hand 
*** SUMMARY ***
Total pot $17.50 | Rake $0.88 
Board [Qh 3s 4c]
Seat 2: RAidakCo (big blind) folded on the Flop
Seat 4: Unipoker11 (button) collected ($16.62)
Seat 6: AlexPinsk1 (small blind) folded before Flop



PokerStars Hand #254501373551:  Hold'em No Limit ($0.50/$1.00 USD) - 2025/01/22 17:14:29 WET [2025/01/22 12:14:29 ET]
Table 'Baillauda IV' 6-max Seat #6 is the button
Seat 2: RAidakCo ($100 in chips) 
Seat 4: Unipoker11 ($113.87 in chips) 
Seat 6: AlexPinsk1 ($115.16 in chips) 
RAidakCo: posts small blind $0.50
Unipoker11: posts big blind $1
*** HOLE CARDS ***
AlexPinsk1: folds 
RAidakCo: folds 
Uncalled bet ($0.50) returned to Unipoker11
RAidakCo leaves the table
Unipoker11 collected $1 from pot
Unipoker11: doesn't show hand 
*** SUMMARY ***
Total pot $1 | Rake $0 
Seat 2: RAidakCo (small blind) folded before Flop
Seat 4: Unipoker11 (big blind) collected ($1)
Seat 6: AlexPinsk1 (button) folded before Flop (didn't bet)



PokerStars Hand #254501378233:  Hold'em No Limit ($0.50/$1.00 USD) - 2025/01/22 17:14:48 WET [2025/01/22 12:14:48 ET]
Table 'Baillauda IV' 6-max Seat #4 is the button
Seat 4: Unipoker11 ($114.37 in chips) 
Seat 6: AlexPinsk1 ($115.16 in chips) 
Unipoker11: posts small blind $0.50
AlexPinsk1: posts big blind $1
*** HOLE CARDS ***
Unipoker11: raises $1.50 to $2.50
AlexPinsk1: folds 
Uncalled bet ($1.50) returned to Unipoker11
Unipoker11 collected $2 from pot
Unipoker11: doesn't show hand 
*** SUMMARY ***
Total pot $2 | Rake $0 
Seat 4: Unipoker11 (button) (small blind) collected ($2)
Seat 6: AlexPinsk1 (big blind) folded before Flop



PokerStars Hand #254501383133:  Hold'em No Limit ($0.50/$1.00 USD) - 2025/01/22 17:15:07 WET [2025/01/22 12:15:07 ET]
Table 'Baillauda IV' 6-max Seat #6 is the button
Seat 4: Unipoker11 ($115.37 in chips) 
Seat 6: AlexPinsk1 ($114.16 in chips) 
AlexPinsk1: posts small blind $0.50
Unipoker11: posts big blind $1
*** HOLE CARDS ***
AlexPinsk1: folds 
Uncalled bet ($0.50) returned to Unipoker11
Unipoker11 collected $1 from pot
Unipoker11: doesn't show hand 
*** SUMMARY ***
Total pot $1 | Rake $0 
Seat 4: Unipoker11 (big blind) collected ($1)
Seat 6: AlexPinsk1 (button) (small blind) folded before Flop



PokerStars Hand #254501432354:  Hold'em No Limit ($0.50/$1.00 USD) - 2025/01/22 17:18:25 WET [2025/01/22 12:18:25 ET]
Table 'Baillauda IV' 6-max Seat #2 is the button
Seat 2: MAO_DZEDYN_S ($100 in chips) 
Seat 4: Unipoker11 ($115.87 in chips) 
Seat 6: AlexPinsk1 ($113.66 in chips) 
Unipoker11: posts small blind $0.50
AlexPinsk1: posts big blind $1
*** HOLE CARDS ***
MAO_DZEDYN_S: folds 
Unipoker11: folds 
Uncalled bet ($0.50) returned to AlexPinsk1
AlexPinsk1 collected $1 from pot
AlexPinsk1: doesn't show hand 
*** SUMMARY ***
Total pot $1 | Rake $0 
Seat 2: MAO_DZEDYN_S (button) folded before Flop (didn't bet)
Seat 4: Unipoker11 (small blind) folded before Flop
Seat 6: AlexPinsk1 (big blind) collected ($1)



PokerStars Hand #254501436765:  Hold'em No Limit ($0.50/$1.00 USD) - 2025/01/22 17:18:43 WET [2025/01/22 12:18:43 ET]
Table 'Baillauda IV' 6-max Seat #4 is the button
Seat 2: MAO_DZEDYN_S ($100 in chips) 
Seat 4: Unipoker11 ($115.37 in chips) 
Seat 6: AlexPinsk1 ($114.16 in chips) 
AlexPinsk1: posts small blind $0.50
MAO_DZEDYN_S: posts big blind $1
*** HOLE CARDS ***
Unipoker11: raises $1.50 to $2.50
AlexPinsk1: raises $7.50 to $10
MAO_DZEDYN_S: raises $14.36 to $24.36
Unipoker11: folds 
AlexPinsk1: folds 
Uncalled bet ($14.36) returned to MAO_DZEDYN_S
MAO_DZEDYN_S collected $22.50 from pot
MAO_DZEDYN_S: doesn't show hand 
*** SUMMARY ***
Total pot $22.50 | Rake $0 
Seat 2: MAO_DZEDYN_S (big blind) collected ($22.50)
Seat 4: Unipoker11 (button) folded before Flop
Seat 6: AlexPinsk1 (small blind) folded before Flop



PokerStars Hand #254501447273:  Hold'em No Limit ($0.50/$1.00 USD) - 2025/01/22 17:19:25 WET [2025/01/22 12:19:25 ET]
Table 'Baillauda IV' 6-max Seat #6 is the button
Seat 2: MAO_DZEDYN_S ($112.50 in chips) 
Seat 4: Unipoker11 ($112.87 in chips) 
Seat 6: AlexPinsk1 ($104.16 in chips) 
MAO_DZEDYN_S: posts small blind $0.50
Unipoker11: posts big blind $1
*** HOLE CARDS ***
AlexPinsk1: raises $1.50 to $2.50
MAO_DZEDYN_S: folds 
MaikonAll joins the table at seat #3 
Unipoker11: calls $1.50
*** FLOP *** [Ad 4d 8s]
Unipoker11: checks 
AlexPinsk1: checks 
*** TURN *** [Ad 4d 8s] [7h]
Unipoker11: checks 
AlexPinsk1: checks 
*** RIVER *** [Ad 4d 8s 7h] [3h]
Unipoker11: bets $3.91
AlexPinsk1: folds 
Uncalled bet ($3.91) returned to Unipoker11
Unipoker11 collected $5.22 from pot
Unipoker11: doesn't show hand 
*** SUMMARY ***
Total pot $5.50 | Rake $0.28 
Board [Ad 4d 8s 7h 3h]
Seat 2: MAO_DZEDYN_S (small blind) folded before Flop
Seat 4: Unipoker11 (big blind) collected ($5.22)
Seat 6: AlexPinsk1 (button) folded on the River



PokerStars Hand #254501473797:  Hold'em No Limit ($0.50/$1.00 USD) - 2025/01/22 17:21:12 WET [2025/01/22 12:21:12 ET]
Table 'Baillauda IV' 6-max Seat #2 is the button
Seat 3: MaikonAll ($100 in chips) is sitting out
Seat 2: MAO_DZEDYN_S ($112 in chips) 
Seat 4: Unipoker11 ($115.59 in chips) 
Seat 6: AlexPinsk1 ($101.66 in chips) 
Unipoker11: posts small blind $0.50
AlexPinsk1: posts big blind $1
*** HOLE CARDS ***
MAO_DZEDYN_S: raises $1.50 to $2.50
Unipoker11: folds 
AlexPinsk1: folds 
Uncalled bet ($1.50) returned to MAO_DZEDYN_S
MAO_DZEDYN_S collected $2.50 from pot
MAO_DZEDYN_S: doesn't show hand 
*** SUMMARY ***
Total pot $2.50 | Rake $0 
Seat 3: MaikonAll
Seat 2: MAO_DZEDYN_S (button) collected ($2.50)
Seat 4: Unipoker11 (small blind) folded before Flop
Seat 6: AlexPinsk1 (big blind) folded before Flop



PokerStars Hand #254501479092:  Hold'em No Limit ($0.50/$1.00 USD) - 2025/01/22 17:21:34 WET [2025/01/22 12:21:34 ET]
Table 'Baillauda IV' 6-max Seat #4 is the button
Seat 3: MaikonAll ($100 in chips) is sitting out
Seat 2: MAO_DZEDYN_S ($113.50 in chips) 
Seat 4: Unipoker11 ($115.09 in chips) 
Seat 6: AlexPinsk1 ($100.66 in chips) 
AlexPinsk1: posts small blind $0.50
MAO_DZEDYN_S: posts big blind $1
MaikonAll: sits out 
*** HOLE CARDS ***
Unipoker11: raises $1.50 to $2.50
AlexPinsk1: folds 
MAO_DZEDYN_S: calls $1.50
*** FLOP *** [9h 8c 5h]
MAO_DZEDYN_S: checks 
Unipoker11: checks 
*** TURN *** [9h 8c 5h] [6s]
MAO_DZEDYN_S: checks 
Unipoker11: checks 
*** RIVER *** [9h 8c 5h 6s] [5c]
MAO_DZEDYN_S: bets $1.57
z00mba joins the table at seat #1 
blistein joins the table at seat #5 
Unipoker11: raises $6.27 to $7.84
z00mba leaves the table
MAO_DZEDYN_S: folds 
Uncalled bet ($6.27) returned to Unipoker11
Unipoker11 collected $8.21 from pot
Unipoker11: doesn't show hand 
*** SUMMARY ***
Total pot $8.64 | Rake $0.43 
Board [9h 8c 5h 6s 5c]
Seat 3: MaikonAll
Seat 2: MAO_DZEDYN_S (big blind) folded on the River
Seat 4: Unipoker11 (button) collected ($8.21)
Seat 6: AlexPinsk1 (small blind) folded before Flop



PokerStars Hand #254501514275:  Hold'em No Limit ($0.50/$1.00 USD) - 2025/01/22 17:23:56 WET [2025/01/22 12:23:56 ET]
Table 'Baillauda IV' 6-max Seat #6 is the button
Seat 5: blistein ($100 in chips) is sitting out
Seat 2: MAO_DZEDYN_S ($109.43 in chips) 
Seat 3: MaikonAll ($100 in chips) 
Seat 4: Unipoker11 ($119.23 in chips) 
Seat 6: AlexPinsk1 ($100.16 in chips) 
MAO_DZEDYN_S: posts small blind $0.50
MaikonAll: posts big blind $1
blistein: sits out 
*** HOLE CARDS ***
Unipoker11: folds 
AlexPinsk1: raises $1.50 to $2.50
MAO_DZEDYN_S: folds 
MaikonAll: folds 
Uncalled bet ($1.50) returned to AlexPinsk1
AlexPinsk1 collected $2.50 from pot
AlexPinsk1: doesn't show hand 
*** SUMMARY ***
Total pot $2.50 | Rake $0 
Seat 5: blistein
Seat 2: MAO_DZEDYN_S (small blind) folded before Flop
Seat 3: MaikonAll (big blind) folded before Flop
Seat 4: Unipoker11 folded before Flop (didn't bet)
Seat 6: AlexPinsk1 (button) collected ($2.50)



PokerStars Hand #254501519487:  Hold'em No Limit ($0.50/$1.00 USD) - 2025/01/22 17:24:17 WET [2025/01/22 12:24:17 ET]
Table 'Baillauda IV' 6-max Seat #2 is the button
Seat 4: Unipoker11 ($119.23 in chips) is sitting out
Seat 2: MAO_DZEDYN_S ($108.93 in chips) 
Seat 3: MaikonAll ($100 in chips) 
Seat 5: blistein ($100 in chips) 
Seat 6: AlexPinsk1 ($101.66 in chips) 
MaikonAll: posts small blind $0.50
Unipoker11: is sitting out 
blistein: posts big blind $1
*** HOLE CARDS ***
Unipoker11 leaves the table
AlexPinsk1: folds 
MAO_DZEDYN_S: folds 
MaikonAll: folds 
Uncalled bet ($0.50) returned to blistein
blistein collected $1 from pot
blistein: doesn't show hand 
*** SUMMARY ***
Total pot $1 | Rake $0 
Seat 4: Unipoker11
Seat 2: MAO_DZEDYN_S (button) folded before Flop (didn't bet)
Seat 3: MaikonAll (small blind) folded before Flop
Seat 5: blistein (big blind) collected ($1)
Seat 6: AlexPinsk1 folded before Flop (didn't bet)



PokerStars Hand #254501522268:  Hold'em No Limit ($0.50/$1.00 USD) - 2025/01/22 17:24:28 WET [2025/01/22 12:24:28 ET]
Table 'Baillauda IV' 6-max Seat #3 is the button
Seat 2: MAO_DZEDYN_S ($108.93 in chips) 
Seat 3: MaikonAll ($100 in chips) 
Seat 5: blistein ($100.50 in chips) 
Seat 6: AlexPinsk1 ($101.66 in chips) 
blistein: posts small blind $0.50
AlexPinsk1: posts big blind $1
*** HOLE CARDS ***
MAO_DZEDYN_S: raises $1.25 to $2.25
MaikonAll: folds 
blistein: folds 
AlexPinsk1: folds 
Uncalled bet ($1.25) returned to MAO_DZEDYN_S
MAO_DZEDYN_S collected $2.50 from pot
MAO_DZEDYN_S: doesn't show hand 
*** SUMMARY ***
Total pot $2.50 | Rake $0 
Seat 2: MAO_DZEDYN_S collected ($2.50)
Seat 3: MaikonAll (button) folded before Flop (didn't bet)
Seat 5: blistein (small blind) folded before Flop
Seat 6: AlexPinsk1 (big blind) folded before Flop



PokerStars Hand #254501526059:  Hold'em No Limit ($0.50/$1.00 USD) - 2025/01/22 17:24:44 WET [2025/01/22 12:24:44 ET]
Table 'Baillauda IV' 6-max Seat #5 is the button
Seat 2: MAO_DZEDYN_S ($110.43 in chips) is sitting out
Seat 3: MaikonAll ($100 in chips) 
Seat 5: blistein ($100 in chips) 
Seat 6: AlexPinsk1 ($100.66 in chips) 
AlexPinsk1: posts small blind $0.50
MAO_DZEDYN_S: is sitting out 
MaikonAll: posts big blind $1
*** HOLE CARDS ***
sta$igk joins the table at seat #4 
UnderC@t joins the table at seat #1 
blistein: raises $1.50 to $2.50
AlexPinsk1: folds 
MAO_DZEDYN_S leaves the table
UnderC@t leaves the table
z00mba joins the table at seat #2 
MaikonAll: calls $1.50
*** FLOP *** [Js 7h 9d]
kel3vr4_23 joins the table at seat #1 
MaikonAll: checks 
blistein: bets $2.61
MaikonAll: calls $2.61
*** TURN *** [Js 7h 9d] [3c]
MaikonAll: checks 
blistein: bets $15.27
MaikonAll: folds 
Uncalled bet ($15.27) returned to blistein
blistein collected $10.18 from pot
blistein: doesn't show hand 
*** SUMMARY ***
Total pot $10.72 | Rake $0.54 
Board [Js 7h 9d 3c]
Seat 2: MAO_DZEDYN_S
Seat 3: MaikonAll (big blind) folded on the Turn
Seat 5: blistein (button) collected ($10.18)
Seat 6: AlexPinsk1 (small blind) folded before Flop



PokerStars Hand #254501541895:  Hold'em No Limit ($0.50/$1.00 USD) - 2025/01/22 17:25:47 WET [2025/01/22 12:25:47 ET]
Table 'Baillauda IV' 6-max Seat #6 is the button
Seat 1: kel3vr4_23 ($40 in chips) is sitting out
Seat 2: z00mba ($100 in chips) is sitting out
Seat 3: MaikonAll ($100 in chips) 
Seat 4: sta$igk ($100 in chips) 
Seat 5: blistein ($105.07 in chips) 
Seat 6: AlexPinsk1 ($100.16 in chips) 
MaikonAll: posts small blind $0.50
sta$igk: posts big blind $1
*** HOLE CARDS ***
blistein: folds 
blistein leaves the table
AlexPinsk1: raises $1.50 to $2.50
MaikonAll: folds 
sta$igk: folds 
Uncalled bet ($1.50) returned to AlexPinsk1
AlexPinsk1 collected $2.50 from pot
AlexPinsk1: doesn't show hand 
*** SUMMARY ***
Total pot $2.50 | Rake $0 
Seat 1: kel3vr4_23
Seat 2: z00mba
Seat 3: MaikonAll (small blind) folded before Flop
Seat 4: sta$igk (big blind) folded before Flop
Seat 5: blistein folded before Flop (didn't bet)
Seat 6: AlexPinsk1 (button) collected ($2.50)



PokerStars Hand #254501545019:  Hold'em No Limit ($0.50/$1.00 USD) - 2025/01/22 17:26:00 WET [2025/01/22 12:26:00 ET]
Table 'Baillauda IV' 6-max Seat #3 is the button
Seat 1: kel3vr4_23 ($40 in chips) is sitting out
Seat 2: z00mba ($100 in chips) is sitting out
Seat 3: MaikonAll ($100 in chips) 
Seat 4: sta$igk ($100 in chips) 
Seat 6: AlexPinsk1 ($101.66 in chips) 
sta$igk: posts small blind $0.50
AlexPinsk1: posts big blind $1
kel3vr4_23: sits out 
z00mba: sits out 
*** HOLE CARDS ***
MaikonAll: raises $1.50 to $2.50
sta$igk: raises $8.50 to $11
AlexPinsk1: folds 
MaikonAll: folds 
Uncalled bet ($8.50) returned to sta$igk
sta$igk collected $6 from pot
sta$igk: doesn't show hand 
*** SUMMARY ***
Total pot $6 | Rake $0 
Seat 1: kel3vr4_23
Seat 2: z00mba
Seat 3: MaikonAll (button) folded before Flop
Seat 4: sta$igk (small blind) collected ($6)
Seat 6: AlexPinsk1 (big blind) folded before Flop



PokerStars Hand #254501551616:  Hold'em No Limit ($0.50/$1.00 USD) - 2025/01/22 17:26:26 WET [2025/01/22 12:26:26 ET]
Table 'Baillauda IV' 6-max Seat #4 is the button
Seat 2: z00mba ($100 in chips) is sitting out
Seat 1: kel3vr4_23 ($40 in chips) 
Seat 3: MaikonAll ($100 in chips) 
Seat 4: sta$igk ($103.50 in chips) 
Seat 6: AlexPinsk1 ($100.66 in chips) 
AlexPinsk1: posts small blind $0.50
kel3vr4_23: posts big blind $1
z00mba: sits out 
*** HOLE CARDS ***
MaikonAll: raises $1.30 to $2.30
sta$igk: folds 
AlexPinsk1: folds 
kel3vr4_23: folds 
Uncalled bet ($1.30) returned to MaikonAll
MaikonAll collected $2.50 from pot
MaikonAll: doesn't show hand 
*** SUMMARY ***
Total pot $2.50 | Rake $0 
Seat 2: z00mba
Seat 1: kel3vr4_23 (big blind) folded before Flop
Seat 3: MaikonAll collected ($2.50)
Seat 4: sta$igk (button) folded before Flop (didn't bet)
Seat 6: AlexPinsk1 (small blind) folded before Flop



PokerStars Hand #254501556509:  Hold'em No Limit ($0.50/$1.00 USD) - 2025/01/22 17:26:46 WET [2025/01/22 12:26:46 ET]
Table 'Baillauda IV' 6-max Seat #6 is the button
Seat 1: kel3vr4_23 ($39 in chips) 
Seat 2: z00mba ($100 in chips) 
Seat 3: MaikonAll ($101.50 in chips) 
Seat 4: sta$igk ($103.50 in chips) 
Seat 6: AlexPinsk1 ($100.16 in chips) 
kel3vr4_23: posts small blind $0.50
z00mba: posts big blind $1
*** HOLE CARDS ***
MaikonAll: folds 
sta$igk: folds 
UnderC@t joins the table at seat #5 
AlexPinsk1: folds 
kel3vr4_23: raises $2 to $3
z00mba: folds 
Uncalled bet ($2) returned to kel3vr4_23
kel3vr4_23 collected $2 from pot
kel3vr4_23: doesn't show hand 
*** SUMMARY ***
Total pot $2 | Rake $0 
Seat 1: kel3vr4_23 (small blind) collected ($2)
Seat 2: z00mba (big blind) folded before Flop
Seat 3: MaikonAll folded before Flop (didn't bet)
Seat 4: sta$igk folded before Flop (didn't bet)
Seat 6: AlexPinsk1 (button) folded before Flop (didn't bet)



PokerStars Hand #254501560453:  Hold'em No Limit ($0.50/$1.00 USD) - 2025/01/22 17:27:02 WET [2025/01/22 12:27:02 ET]
Table 'Baillauda IV' 6-max Seat #1 is the button
Seat 5: UnderC@t ($100 in chips) is sitting out
Seat 1: kel3vr4_23 ($40 in chips) 
Seat 2: z00mba ($100 in chips) 
Seat 3: MaikonAll ($101.50 in chips) 
Seat 4: sta$igk ($103.50 in chips) 
Seat 6: AlexPinsk1 ($100.16 in chips) 
z00mba: posts small blind $0.50
MaikonAll: posts big blind $1
UnderC@t: sits out 
*** HOLE CARDS ***
sta$igk: folds 
AlexPinsk1: folds 
kel3vr4_23: folds 
z00mba: raises $2 to $3
MaikonAll: folds 
Uncalled bet ($2) returned to z00mba
z00mba collected $2 from pot
z00mba: doesn't show hand 
*** SUMMARY ***
Total pot $2 | Rake $0 
Seat 5: UnderC@t
Seat 1: kel3vr4_23 (button) folded before Flop (didn't bet)
Seat 2: z00mba (small blind) collected ($2)
Seat 3: MaikonAll (big blind) folded before Flop
Seat 4: sta$igk folded before Flop (didn't bet)
Seat 6: AlexPinsk1 folded before Flop (didn't bet)



PokerStars Hand #254501566826:  Hold'em No Limit ($0.50/$1.00 USD) - 2025/01/22 17:27:27 WET [2025/01/22 12:27:27 ET]
Table 'Baillauda IV' 6-max Seat #2 is the button
Seat 4: sta$igk ($103.50 in chips) is sitting out
Seat 1: kel3vr4_23 ($40 in chips) 
Seat 2: z00mba ($101 in chips) 
Seat 3: MaikonAll ($100.50 in chips) 
Seat 5: UnderC@t ($100 in chips) 
Seat 6: AlexPinsk1 ($100.16 in chips) 
MaikonAll: posts small blind $0.50
sta$igk: is sitting out 
UnderC@t: posts big blind $1
*** HOLE CARDS ***
AlexPinsk1: folds 
sta$igk leaves the table
kel3vr4_23: raises $1 to $2
z00mba: raises $5 to $7
MaikonAll: folds 
UnderC@t: folds 
kel3vr4_23: folds 
Uncalled bet ($5) returned to z00mba
z00mba collected $5.50 from pot
z00mba: doesn't show hand 
*** SUMMARY ***
Total pot $5.50 | Rake $0 
Seat 4: sta$igk
Seat 1: kel3vr4_23 folded before Flop
Seat 2: z00mba (button) collected ($5.50)
Seat 3: MaikonAll (small blind) folded before Flop
Seat 5: UnderC@t (big blind) folded before Flop
Seat 6: AlexPinsk1 folded before Flop (didn't bet)



PokerStars Hand #254501570901:  Hold'em No Limit ($0.50/$1.00 USD) - 2025/01/22 17:27:43 WET [2025/01/22 12:27:43 ET]
Table 'Baillauda IV' 6-max Seat #3 is the button
Seat 1: kel3vr4_23 ($38 in chips) 
Seat 2: z00mba ($104.50 in chips) 
Seat 3: MaikonAll ($100 in chips) 
Seat 5: UnderC@t ($100 in chips) 
Seat 6: AlexPinsk1 ($100.16 in chips) 
UnderC@t: posts small blind $0.50
AlexPinsk1: posts big blind $1
*** HOLE CARDS ***
magzi777 joins the table at seat #4 
kel3vr4_23: folds 
z00mba: folds 
MaikonAll: raises $1.50 to $2.50
UnderC@t: folds 
AlexPinsk1: folds 
Uncalled bet ($1.50) returned to MaikonAll
MaikonAll collected $2.50 from pot
MaikonAll: doesn't show hand 
*** SUMMARY ***
Total pot $2.50 | Rake $0 
Seat 1: kel3vr4_23 folded before Flop (didn't bet)
Seat 2: z00mba folded before Flop (didn't bet)
Seat 3: MaikonAll (button) collected ($2.50)
Seat 5: UnderC@t (small blind) folded before Flop
Seat 6: AlexPinsk1 (big blind) folded before Flop



PokerStars Hand #254501574320:  Hold'em No Limit ($0.50/$1.00 USD) - 2025/01/22 17:27:57 WET [2025/01/22 12:27:57 ET]
Table 'Baillauda IV' 6-max Seat #5 is the button
Seat 4: magzi777 ($100 in chips) is sitting out
Seat 1: kel3vr4_23 ($38 in chips) 
Seat 2: z00mba ($104.50 in chips) 
Seat 3: MaikonAll ($101.50 in chips) 
Seat 5: UnderC@t ($100 in chips) 
Seat 6: AlexPinsk1 ($100 in chips) 
AlexPinsk1: posts small blind $0.50
kel3vr4_23: posts big blind $1
magzi777: sits out 
*** HOLE CARDS ***
z00mba: folds 
MaikonAll: raises $1.30 to $2.30
UnderC@t: folds 
AlexPinsk1: folds 
kel3vr4_23: folds 
Uncalled bet ($1.30) returned to MaikonAll
MaikonAll collected $2.50 from pot
MaikonAll: doesn't show hand 
*** SUMMARY ***
Total pot $2.50 | Rake $0 
Seat 4: magzi777
Seat 1: kel3vr4_23 (big blind) folded before Flop
Seat 2: z00mba folded before Flop (didn't bet)
Seat 3: MaikonAll collected ($2.50)
Seat 5: UnderC@t (button) folded before Flop (didn't bet)
Seat 6: AlexPinsk1 (small blind) folded before Flop



PokerStars Hand #254501581002:  Hold'em No Limit ($0.50/$1.00 USD) - 2025/01/22 17:28:23 WET [2025/01/22 12:28:23 ET]
Table 'Baillauda IV' 6-max Seat #6 is the button
Seat 4: magzi777 ($100 in chips) is sitting out
Seat 1: kel3vr4_23 ($37 in chips) 
Seat 2: z00mba ($104.50 in chips) 
Seat 3: MaikonAll ($103 in chips) 
Seat 5: UnderC@t ($100 in chips) 
Seat 6: AlexPinsk1 ($100 in chips) 
kel3vr4_23: posts small blind $0.50
z00mba: posts big blind $1
magzi777: sits out 
*** HOLE CARDS ***
MaikonAll: folds 
UnderC@t: raises $1.50 to $2.50
AlexPinsk1: folds 
kel3vr4_23: folds 
z00mba: folds 
Uncalled bet ($1.50) returned to UnderC@t
UnderC@t collected $2.50 from pot
UnderC@t: doesn't show hand 
*** SUMMARY ***
Total pot $2.50 | Rake $0 
Seat 4: magzi777
Seat 1: kel3vr4_23 (small blind) folded before Flop
Seat 2: z00mba (big blind) folded before Flop
Seat 3: MaikonAll folded before Flop (didn't bet)
Seat 5: UnderC@t collected ($2.50)
Seat 6: AlexPinsk1 (button) folded before Flop (didn't bet)



PokerStars Hand #254501585992:  Hold'em No Limit ($0.50/$1.00 USD) - 2025/01/22 17:28:43 WET [2025/01/22 12:28:43 ET]
Table 'Baillauda IV' 6-max Seat #1 is the button
Seat 4: magzi777 ($100 in chips) is sitting out
Seat 1: kel3vr4_23 ($36.50 in chips) 
Seat 2: z00mba ($103.50 in chips) 
Seat 3: MaikonAll ($103 in chips) 
Seat 5: UnderC@t ($101.50 in chips) 
Seat 6: AlexPinsk1 ($100 in chips) 
z00mba: posts small blind $0.50
MaikonAll: posts big blind $1
magzi777: sits out 
*** HOLE CARDS ***
UnderC@t: folds 
AlexPinsk1: folds 
kel3vr4_23: raises $1 to $2
z00mba: folds 
MaikonAll: calls $1
*** FLOP *** [Jc 3s Jd]
MaikonAll: checks 
kel3vr4_23: checks 
*** TURN *** [Jc 3s Jd] [4d]
MaikonAll: bets $2.14
kel3vr4_23: calls $2.14
*** RIVER *** [Jc 3s Jd 4d] [2d]
MaikonAll: bets $4.17
kel3vr4_23: raises $4.17 to $8.34
MaikonAll: folds 
Uncalled bet ($4.17) returned to kel3vr4_23
kel3vr4_23 collected $16.26 from pot
kel3vr4_23: doesn't show hand 
*** SUMMARY ***
Total pot $17.12 | Rake $0.86 
Board [Jc 3s Jd 4d 2d]
Seat 4: magzi777
Seat 1: kel3vr4_23 (button) collected ($16.26)
Seat 2: z00mba (small blind) folded before Flop
Seat 3: MaikonAll (big blind) folded on the River
Seat 5: UnderC@t folded before Flop (didn't bet)
Seat 6: AlexPinsk1 folded before Flop (didn't bet)



PokerStars Hand #254501602103:  Hold'em No Limit ($0.50/$1.00 USD) - 2025/01/22 17:29:47 WET [2025/01/22 12:29:47 ET]
Table 'Baillauda IV' 6-max Seat #2 is the button
Seat 1: kel3vr4_23 ($44.45 in chips) 
Seat 2: z00mba ($103 in chips) 
Seat 3: MaikonAll ($100 in chips) 
Seat 4: magzi777 ($100 in chips) 
Seat 5: UnderC@t ($101.50 in chips) 
Seat 6: AlexPinsk1 ($100 in chips) 
MaikonAll: posts small blind $0.50
magzi777: posts big blind $1
*** HOLE CARDS ***
UnderC@t: folds 
AlexPinsk1: folds 
kel3vr4_23: folds 
z00mba: folds 
MaikonAll: folds 
Uncalled bet ($0.50) returned to magzi777
magzi777 collected $1 from pot
*** SUMMARY ***
Total pot $1 | Rake $0 
Seat 1: kel3vr4_23 folded before Flop (didn't bet)
Seat 2: z00mba (button) folded before Flop (didn't bet)
Seat 3: MaikonAll (small blind) folded before Flop
Seat 4: magzi777 (big blind) collected ($1)
Seat 5: UnderC@t folded before Flop (didn't bet)
Seat 6: AlexPinsk1 folded before Flop (didn't bet)



PokerStars Hand #254501605790:  Hold'em No Limit ($0.50/$1.00 USD) - 2025/01/22 17:30:01 WET [2025/01/22 12:30:01 ET]
Table 'Baillauda IV' 6-max Seat #3 is the button
Seat 1: kel3vr4_23 ($44.45 in chips) 
Seat 2: z00mba ($103 in chips) 
Seat 3: MaikonAll ($100 in chips) 
Seat 4: magzi777 ($100.50 in chips) 
Seat 5: UnderC@t ($101.50 in chips) 
Seat 6: AlexPinsk1 ($100 in chips) 
magzi777: posts small blind $0.50
UnderC@t: posts big blind $1
*** HOLE CARDS ***
AlexPinsk1: folds 
kel3vr4_23: folds 
z00mba: raises $1.50 to $2.50
MaikonAll: folds 
magzi777: folds 
UnderC@t: calls $1.50
*** FLOP *** [9d Ac Js]
UnderC@t: checks 
z00mba: checks 
*** TURN *** [9d Ac Js] [5d]
UnderC@t: bets $1.57
z00mba: raises $6.35 to $7.92
UnderC@t: calls $6.35
*** RIVER *** [9d Ac Js 5d] [Qh]
UnderC@t: checks 
z00mba: checks 
*** SHOW DOWN ***
UnderC@t: shows [5s Ad] (two pair, Aces and Fives)
z00mba: mucks hand 
UnderC@t collected $20.27 from pot
*** SUMMARY ***
Total pot $21.34 | Rake $1.07 
Board [9d Ac Js 5d Qh]
Seat 1: kel3vr4_23 folded before Flop (didn't bet)
Seat 2: z00mba mucked
Seat 3: MaikonAll (button) folded before Flop (didn't bet)
Seat 4: magzi777 (small blind) folded before Flop
Seat 5: UnderC@t (big blind) showed [5s Ad] and won ($20.27) with two pair, Aces and Fives
Seat 6: AlexPinsk1 folded before Flop (didn't bet)



PokerStars Hand #254501618889:  Hold'em No Limit ($0.50/$1.00 USD) - 2025/01/22 17:30:52 WET [2025/01/22 12:30:52 ET]
Table 'Baillauda IV' 6-max Seat #4 is the button
Seat 1: kel3vr4_23 ($44.45 in chips) 
Seat 2: z00mba ($100 in chips) 
Seat 3: MaikonAll ($100 in chips) 
Seat 4: magzi777 ($100 in chips) 
Seat 5: UnderC@t ($111.35 in chips) 
Seat 6: AlexPinsk1 ($100 in chips) 
UnderC@t: posts small blind $0.50
AlexPinsk1: posts big blind $1
*** HOLE CARDS ***
kel3vr4_23: folds 
z00mba: raises $1.50 to $2.50
MaikonAll: folds 
magzi777: folds 
UnderC@t: folds 
AlexPinsk1: folds 
Uncalled bet ($1.50) returned to z00mba
z00mba collected $2.50 from pot
z00mba: doesn't show hand 
*** SUMMARY ***
Total pot $2.50 | Rake $0 
Seat 1: kel3vr4_23 folded before Flop (didn't bet)
Seat 2: z00mba collected ($2.50)
Seat 3: MaikonAll folded before Flop (didn't bet)
Seat 4: magzi777 (button) folded before Flop (didn't bet)
Seat 5: UnderC@t (small blind) folded before Flop
Seat 6: AlexPinsk1 (big blind) folded before Flop



PokerStars Hand #254501623774:  Hold'em No Limit ($0.50/$1.00 USD) - 2025/01/22 17:31:11 WET [2025/01/22 12:31:11 ET]
Table 'Baillauda IV' 6-max Seat #5 is the button
Seat 1: kel3vr4_23 ($44.45 in chips) 
Seat 2: z00mba ($101.50 in chips) 
Seat 3: MaikonAll ($100 in chips) 
Seat 4: magzi777 ($100 in chips) 
Seat 5: UnderC@t ($110.85 in chips) 
Seat 6: AlexPinsk1 ($100 in chips) 
AlexPinsk1: posts small blind $0.50
kel3vr4_23: posts big blind $1
*** HOLE CARDS ***
z00mba: folds 
MaikonAll: folds 
z00mba leaves the table
magzi777: folds 
UnderC@t: folds 
BoyLoc0 joins the table at seat #2 
AlexPinsk1: folds 
Uncalled bet ($0.50) returned to kel3vr4_23
kel3vr4_23 collected $1 from pot
kel3vr4_23: doesn't show hand 
*** SUMMARY ***
Total pot $1 | Rake $0 
Seat 1: kel3vr4_23 (big blind) collected ($1)
Seat 2: z00mba folded before Flop (didn't bet)
Seat 3: MaikonAll folded before Flop (didn't bet)
Seat 4: magzi777 folded before Flop (didn't bet)
Seat 5: UnderC@t (button) folded before Flop (didn't bet)
Seat 6: AlexPinsk1 (small blind) folded before Flop



PokerStars Hand #254501630279:  Hold'em No Limit ($0.50/$1.00 USD) - 2025/01/22 17:31:37 WET [2025/01/22 12:31:37 ET]
Table 'Baillauda IV' 6-max Seat #6 is the button
Seat 1: kel3vr4_23 ($44.95 in chips) 
Seat 2: BoyLoc0 ($100 in chips) 
Seat 3: MaikonAll ($100 in chips) 
Seat 4: magzi777 ($100 in chips) 
Seat 5: UnderC@t ($110.85 in chips) 
Seat 6: AlexPinsk1 ($100 in chips) 
kel3vr4_23: posts small blind $0.50
BoyLoc0: posts big blind $1
*** HOLE CARDS ***
MaikonAll: folds 
magzi777: folds 
UnderC@t: folds 
AlexPinsk1: raises $1.50 to $2.50
kel3vr4_23: folds 
BoyLoc0: folds 
Uncalled bet ($1.50) returned to AlexPinsk1
AlexPinsk1 collected $2.50 from pot
AlexPinsk1: doesn't show hand 
*** SUMMARY ***
Total pot $2.50 | Rake $0 
Seat 1: kel3vr4_23 (small blind) folded before Flop
Seat 2: BoyLoc0 (big blind) folded before Flop
Seat 3: MaikonAll folded before Flop (didn't bet)
Seat 4: magzi777 folded before Flop (didn't bet)
Seat 5: UnderC@t folded before Flop (didn't bet)
Seat 6: AlexPinsk1 (button) collected ($2.50)



PokerStars Hand #254501637872:  Hold'em No Limit ($0.50/$1.00 USD) - 2025/01/22 17:32:06 WET [2025/01/22 12:32:06 ET]
Table 'Baillauda IV' 6-max Seat #1 is the button
Seat 1: kel3vr4_23 ($44.45 in chips) 
Seat 2: BoyLoc0 ($100 in chips) 
Seat 3: MaikonAll ($100 in chips) 
Seat 4: magzi777 ($100 in chips) 
Seat 5: UnderC@t ($110.85 in chips) 
Seat 6: AlexPinsk1 ($101.50 in chips) 
BoyLoc0: posts small blind $0.50
MaikonAll: posts big blind $1
*** HOLE CARDS ***
magzi777: folds 
UnderC@t: folds 
AlexPinsk1: folds 
kel3vr4_23: folds 
BoyLoc0: raises $2 to $3
MaikonAll: calls $2
*** FLOP *** [Kc Qd Ad]
BoyLoc0: checks 
MaikonAll: checks 
*** TURN *** [Kc Qd Ad] [7s]
BoyLoc0: checks 
MaikonAll: bets $2.85
BoyLoc0: calls $2.85
*** RIVER *** [Kc Qd Ad 7s] [Ts]
BoyLoc0: checks 
MaikonAll: checks 
*** SHOW DOWN ***
BoyLoc0: shows [6c As] (a pair of Aces)
MaikonAll: shows [Kd 7d] (two pair, Kings and Sevens)
MaikonAll collected $11.12 from pot
*** SUMMARY ***
Total pot $11.70 | Rake $0.58 
Board [Kc Qd Ad 7s Ts]
Seat 1: kel3vr4_23 (button) folded before Flop (didn't bet)
Seat 2: BoyLoc0 (small blind) showed [6c As] and lost with a pair of Aces
Seat 3: MaikonAll (big blind) showed [Kd 7d] and won ($11.12) with two pair, Kings and Sevens
Seat 4: magzi777 folded before Flop (didn't bet)
Seat 5: UnderC@t folded before Flop (didn't bet)
Seat 6: AlexPinsk1 folded before Flop (didn't bet)



PokerStars Hand #254501657492:  Hold'em No Limit ($0.50/$1.00 USD) - 2025/01/22 17:33:22 WET [2025/01/22 12:33:22 ET]
Table 'Baillauda IV' 6-max Seat #2 is the button
Seat 1: kel3vr4_23 ($44.45 in chips) 
Seat 2: BoyLoc0 ($100 in chips) 
Seat 3: MaikonAll ($105.27 in chips) 
Seat 4: magzi777 ($100 in chips) 
Seat 5: UnderC@t ($110.85 in chips) 
Seat 6: AlexPinsk1 ($101.50 in chips) 
MaikonAll: posts small blind $0.50
magzi777: posts big blind $1
*** HOLE CARDS ***
UnderC@t: folds 
AlexPinsk1: folds 
kel3vr4_23: folds 
BoyLoc0: folds 
MaikonAll: raises $2 to $3
magzi777: folds 
Uncalled bet ($2) returned to MaikonAll
MaikonAll collected $2 from pot
MaikonAll: doesn't show hand 
*** SUMMARY ***
Total pot $2 | Rake $0 
Seat 1: kel3vr4_23 folded before Flop (didn't bet)
Seat 2: BoyLoc0 (button) folded before Flop (didn't bet)
Seat 3: MaikonAll (small blind) collected ($2)
Seat 4: magzi777 (big blind) folded before Flop
Seat 5: UnderC@t folded before Flop (didn't bet)
Seat 6: AlexPinsk1 folded before Flop (didn't bet)



PokerStars Hand #254501663871:  Hold'em No Limit ($0.50/$1.00 USD) - 2025/01/22 17:33:47 WET [2025/01/22 12:33:47 ET]
Table 'Baillauda IV' 6-max Seat #3 is the button
Seat 1: kel3vr4_23 ($44.45 in chips) 
Seat 2: BoyLoc0 ($100 in chips) 
Seat 3: MaikonAll ($106.27 in chips) 
Seat 4: magzi777 ($100 in chips) 
Seat 5: UnderC@t ($110.85 in chips) 
Seat 6: AlexPinsk1 ($101.50 in chips) 
magzi777: posts small blind $0.50
UnderC@t: posts big blind $1
*** HOLE CARDS ***
AlexPinsk1: folds 
kel3vr4_23: folds 
BoyLoc0: folds 
MaikonAll: folds 
magzi777: raises $2 to $3
UnderC@t: folds 
Uncalled bet ($2) returned to magzi777
magzi777 collected $2 from pot
*** SUMMARY ***
Total pot $2 | Rake $0 
Seat 1: kel3vr4_23 folded before Flop (didn't bet)
Seat 2: BoyLoc0 folded before Flop (didn't bet)
Seat 3: MaikonAll (button) folded before Flop (didn't bet)
Seat 4: magzi777 (small blind) collected ($2)
Seat 5: UnderC@t (big blind) folded before Flop
Seat 6: AlexPinsk1 folded before Flop (didn't bet)



PokerStars Hand #254501667190:  Hold'em No Limit ($0.50/$1.00 USD) - 2025/01/22 17:34:00 WET [2025/01/22 12:34:00 ET]
Table 'Baillauda IV' 6-max Seat #4 is the button
Seat 1: kel3vr4_23 ($44.45 in chips) 
Seat 2: BoyLoc0 ($100 in chips) 
Seat 3: MaikonAll ($106.27 in chips) 
Seat 4: magzi777 ($101 in chips) 
Seat 5: UnderC@t ($109.85 in chips) 
Seat 6: AlexPinsk1 ($101.50 in chips) 
UnderC@t: posts small blind $0.50
AlexPinsk1: posts big blind $1
*** HOLE CARDS ***
kel3vr4_23: folds 
BoyLoc0: folds 
MaikonAll: folds 
magzi777: folds 
UnderC@t: folds 
Uncalled bet ($0.50) returned to AlexPinsk1
AlexPinsk1 collected $1 from pot
AlexPinsk1: doesn't show hand 
*** SUMMARY ***
Total pot $1 | Rake $0 
Seat 1: kel3vr4_23 folded before Flop (didn't bet)
Seat 2: BoyLoc0 folded before Flop (didn't bet)
Seat 3: MaikonAll folded before Flop (didn't bet)
Seat 4: magzi777 (button) folded before Flop (didn't bet)
Seat 5: UnderC@t (small blind) folded before Flop
Seat 6: AlexPinsk1 (big blind) collected ($1)



PokerStars Hand #254501671258:  Hold'em No Limit ($0.50/$1.00 USD) - 2025/01/22 17:34:16 WET [2025/01/22 12:34:16 ET]
Table 'Baillauda IV' 6-max Seat #5 is the button
Seat 1: kel3vr4_23 ($44.45 in chips) 
Seat 2: BoyLoc0 ($100 in chips) 
Seat 3: MaikonAll ($106.27 in chips) 
Seat 4: magzi777 ($101 in chips) 
Seat 5: UnderC@t ($109.35 in chips) 
Seat 6: AlexPinsk1 ($102 in chips) 
AlexPinsk1: posts small blind $0.50
kel3vr4_23: posts big blind $1
*** HOLE CARDS ***
BoyLoc0: folds 
MaikonAll: folds 
magzi777: folds 
UnderC@t: raises $1.50 to $2.50
AlexPinsk1: folds 
kel3vr4_23: folds 
Uncalled bet ($1.50) returned to UnderC@t
UnderC@t collected $2.50 from pot
UnderC@t: doesn't show hand 
*** SUMMARY ***
Total pot $2.50 | Rake $0 
Seat 1: kel3vr4_23 (big blind) folded before Flop
Seat 2: BoyLoc0 folded before Flop (didn't bet)
Seat 3: MaikonAll folded before Flop (didn't bet)
Seat 4: magzi777 folded before Flop (didn't bet)
Seat 5: UnderC@t (button) collected ($2.50)
Seat 6: AlexPinsk1 (small blind) folded before Flop



PokerStars Hand #254501676870:  Hold'em No Limit ($0.50/$1.00 USD) - 2025/01/22 17:34:38 WET [2025/01/22 12:34:38 ET]
Table 'Baillauda IV' 6-max Seat #6 is the button
Seat 1: kel3vr4_23 ($43.45 in chips) 
Seat 2: BoyLoc0 ($100 in chips) 
Seat 3: MaikonAll ($106.27 in chips) 
Seat 4: magzi777 ($101 in chips) 
Seat 5: UnderC@t ($110.85 in chips) 
Seat 6: AlexPinsk1 ($101.50 in chips) 
kel3vr4_23: posts small blind $0.50
BoyLoc0: posts big blind $1
*** HOLE CARDS ***
MaikonAll: folds 
magzi777: folds 
UnderC@t: folds 
AlexPinsk1: raises $1.50 to $2.50
kel3vr4_23: folds 
BoyLoc0: calls $1.50
*** FLOP *** [5h 5d 9h]
BoyLoc0: checks 
AlexPinsk1: bets $1.72
BoyLoc0: calls $1.72
*** TURN *** [5h 5d 9h] [8d]
BoyLoc0: checks 
AlexPinsk1: checks 
*** RIVER *** [5h 5d 9h 8d] [6d]
BoyLoc0: bets $6.37
AlexPinsk1: calls $6.37
*** SHOW DOWN ***
BoyLoc0: shows [3h 4h] (a pair of Fives)
AlexPinsk1: shows [Kh Kc] (two pair, Kings and Fives)
AlexPinsk1 collected $20.60 from pot
*** SUMMARY ***
Total pot $21.68 | Rake $1.08 
Board [5h 5d 9h 8d 6d]
Seat 1: kel3vr4_23 (small blind) folded before Flop
Seat 2: BoyLoc0 (big blind) showed [3h 4h] and lost with a pair of Fives
Seat 3: MaikonAll folded before Flop (didn't bet)
Seat 4: magzi777 folded before Flop (didn't bet)
Seat 5: UnderC@t folded before Flop (didn't bet)
Seat 6: AlexPinsk1 (button) showed [Kh Kc] and won ($20.60) with two pair, Kings and Fives



PokerStars Hand #254501695577:  Hold'em No Limit ($0.50/$1.00 USD) - 2025/01/22 17:35:51 WET [2025/01/22 12:35:51 ET]
Table 'Baillauda IV' 6-max Seat #1 is the button
Seat 1: kel3vr4_23 ($42.95 in chips) 
Seat 2: BoyLoc0 ($100 in chips) 
Seat 3: MaikonAll ($106.27 in chips) 
Seat 4: magzi777 ($101 in chips) 
Seat 5: UnderC@t ($110.85 in chips) 
Seat 6: AlexPinsk1 ($111.51 in chips) 
BoyLoc0: posts small blind $0.50
MaikonAll: posts big blind $1
*** HOLE CARDS ***
magzi777: folds 
UnderC@t: folds 
AlexPinsk1: folds 
kel3vr4_23: folds 
BoyLoc0: folds 
Uncalled bet ($0.50) returned to MaikonAll
MaikonAll collected $1 from pot
MaikonAll: doesn't show hand 
*** SUMMARY ***
Total pot $1 | Rake $0 
Seat 1: kel3vr4_23 (button) folded before Flop (didn't bet)
Seat 2: BoyLoc0 (small blind) folded before Flop
Seat 3: MaikonAll (big blind) collected ($1)
Seat 4: magzi777 folded before Flop (didn't bet)
Seat 5: UnderC@t folded before Flop (didn't bet)
Seat 6: AlexPinsk1 folded before Flop (didn't bet)



PokerStars Hand #254501698889:  Hold'em No Limit ($0.50/$1.00 USD) - 2025/01/22 17:36:04 WET [2025/01/22 12:36:04 ET]
Table 'Baillauda IV' 6-max Seat #2 is the button
Seat 1: kel3vr4_23 ($42.95 in chips) 
Seat 2: BoyLoc0 ($100 in chips) 
Seat 3: MaikonAll ($106.77 in chips) 
Seat 4: magzi777 ($101 in chips) 
Seat 5: UnderC@t ($110.85 in chips) 
Seat 6: AlexPinsk1 ($111.51 in chips) 
MaikonAll: posts small blind $0.50
magzi777: posts big blind $1
*** HOLE CARDS ***
UnderC@t: folds 
AlexPinsk1: folds 
kel3vr4_23: folds 
BoyLoc0: folds 
MaikonAll: folds 
Uncalled bet ($0.50) returned to magzi777
magzi777 collected $1 from pot
*** SUMMARY ***
Total pot $1 | Rake $0 
Seat 1: kel3vr4_23 folded before Flop (didn't bet)
Seat 2: BoyLoc0 (button) folded before Flop (didn't bet)
Seat 3: MaikonAll (small blind) folded before Flop
Seat 4: magzi777 (big blind) collected ($1)
Seat 5: UnderC@t folded before Flop (didn't bet)
Seat 6: AlexPinsk1 folded before Flop (didn't bet)



PokerStars Hand #254501702693:  Hold'em No Limit ($0.50/$1.00 USD) - 2025/01/22 17:36:19 WET [2025/01/22 12:36:19 ET]
Table 'Baillauda IV' 6-max Seat #3 is the button
Seat 1: kel3vr4_23 ($42.95 in chips) 
Seat 2: BoyLoc0 ($100 in chips) 
Seat 3: MaikonAll ($106.27 in chips) 
Seat 4: magzi777 ($101.50 in chips) 
Seat 5: UnderC@t ($110.85 in chips) 
Seat 6: AlexPinsk1 ($111.51 in chips) 
magzi777: posts small blind $0.50
UnderC@t: posts big blind $1
*** HOLE CARDS ***
AlexPinsk1: folds 
kel3vr4_23: raises $1 to $2
BoyLoc0: folds 
MaikonAll: folds 
magzi777: folds 
UnderC@t: folds 
Uncalled bet ($1) returned to kel3vr4_23
kel3vr4_23 collected $2.50 from pot
kel3vr4_23: doesn't show hand 
*** SUMMARY ***
Total pot $2.50 | Rake $0 
Seat 1: kel3vr4_23 collected ($2.50)
Seat 2: BoyLoc0 folded before Flop (didn't bet)
Seat 3: MaikonAll (button) folded before Flop (didn't bet)
Seat 4: magzi777 (small blind) folded before Flop
Seat 5: UnderC@t (big blind) folded before Flop
Seat 6: AlexPinsk1 folded before Flop (didn't bet)



PokerStars Hand #254501706097:  Hold'em No Limit ($0.50/$1.00 USD) - 2025/01/22 17:36:32 WET [2025/01/22 12:36:32 ET]
Table 'Baillauda IV' 6-max Seat #4 is the button
Seat 6: AlexPinsk1 ($111.51 in chips) is sitting out
Seat 1: kel3vr4_23 ($44.45 in chips) 
Seat 2: BoyLoc0 ($100 in chips) 
Seat 3: MaikonAll ($106.27 in chips) 
Seat 4: magzi777 ($101 in chips) 
Seat 5: UnderC@t ($109.85 in chips) 
UnderC@t: posts small blind $0.50
AlexPinsk1: is sitting out 
kel3vr4_23: posts big blind $1
*** HOLE CARDS ***
BoyLoc0: folds 
MaikonAll: raises $1.30 to $2.30
magzi777: folds 
UnderC@t: folds 
kel3vr4_23: calls $1.30
*** FLOP *** [4s 3d 6s]
kel3vr4_23: checks 
MaikonAll: checks 
*** TURN *** [4s 3d 6s] [7s]
kel3vr4_23: checks 
MaikonAll: checks 
*** RIVER *** [4s 3d 6s 7s] [Qd]
kel3vr4_23: bets $2
MaikonAll: calls $2
*** SHOW DOWN ***
kel3vr4_23: shows [Js 8s] (a flush, Jack high)
MaikonAll: mucks hand 
kel3vr4_23 collected $8.64 from pot
*** SUMMARY ***
Total pot $9.10 | Rake $0.46 
Board [4s 3d 6s 7s Qd]
Seat 6: AlexPinsk1
Seat 1: kel3vr4_23 (big blind) showed [Js 8s] and won ($8.64) with a flush, Jack high
Seat 2: BoyLoc0 folded before Flop (didn't bet)
Seat 3: MaikonAll mucked
Seat 4: magzi777 (button) folded before Flop (didn't bet)
Seat 5: UnderC@t (small blind) folded before Flop



PokerStars Hand #254501723290:  Hold'em No Limit ($0.50/$1.00 USD) - 2025/01/22 17:37:39 WET [2025/01/22 12:37:39 ET]
Table 'Baillauda IV' 6-max Seat #5 is the button
Seat 6: AlexPinsk1 ($111.51 in chips) is sitting out
Seat 1: kel3vr4_23 ($48.79 in chips) 
Seat 2: BoyLoc0 ($100 in chips) 
Seat 3: MaikonAll ($101.97 in chips) 
Seat 4: magzi777 ($101 in chips) 
Seat 5: UnderC@t ($109.35 in chips) 
kel3vr4_23: posts small blind $0.50
BoyLoc0: posts big blind $1
*** HOLE CARDS ***
MaikonAll: folds 
magzi777: folds 
UnderC@t: raises $1.50 to $2.50
kel3vr4_23: folds 
BoyLoc0: calls $1.50
*** FLOP *** [5d As 4d]
BoyLoc0: checks 
UnderC@t: bets $1.57
BoyLoc0: raises $9.27 to $10.84
UnderC@t: folds 
Uncalled bet ($9.27) returned to BoyLoc0
BoyLoc0 collected $8.21 from pot
BoyLoc0: doesn't show hand 
*** SUMMARY ***
Total pot $8.64 | Rake $0.43 
Board [5d As 4d]
Seat 6: AlexPinsk1
Seat 1: kel3vr4_23 (small blind) folded before Flop
Seat 2: BoyLoc0 (big blind) collected ($8.21)
Seat 3: MaikonAll folded before Flop (didn't bet)
Seat 4: magzi777 folded before Flop (didn't bet)
Seat 5: UnderC@t (button) folded on the Flop



PokerStars Hand #254501735456:  Hold'em No Limit ($0.50/$1.00 USD) - 2025/01/22 17:38:27 WET [2025/01/22 12:38:27 ET]
Table 'Baillauda IV' 6-max Seat #1 is the button
Seat 6: AlexPinsk1 ($111.51 in chips) is sitting out
Seat 1: kel3vr4_23 ($48.29 in chips) 
Seat 2: BoyLoc0 ($104.14 in chips) 
Seat 3: MaikonAll ($101.97 in chips) 
Seat 4: magzi777 ($101 in chips) 
Seat 5: UnderC@t ($105.28 in chips) 
BoyLoc0: posts small blind $0.50
MaikonAll: posts big blind $1
*** HOLE CARDS ***
magzi777: folds 
UnderC@t: folds 
kel3vr4_23: raises $1 to $2
BoyLoc0: folds 
MaikonAll: calls $1
*** FLOP *** [Th 9s Qc]
MaikonAll: checks 
kel3vr4_23: bets $2
MaikonAll: folds 
Uncalled bet ($2) returned to kel3vr4_23
MaikonAll leaves the table
kel3vr4_23 collected $4.28 from pot
kel3vr4_23: doesn't show hand 
*** SUMMARY ***
Total pot $4.50 | Rake $0.22 
Board [Th 9s Qc]
Seat 6: AlexPinsk1
Seat 1: kel3vr4_23 (button) collected ($4.28)
Seat 2: BoyLoc0 (small blind) folded before Flop
Seat 3: MaikonAll (big blind) folded on the Flop
Seat 4: magzi777 folded before Flop (didn't bet)
Seat 5: UnderC@t folded before Flop (didn't bet)



PokerStars Hand #254501745508:  Hold'em No Limit ($0.50/$1.00 USD) - 2025/01/22 17:39:08 WET [2025/01/22 12:39:08 ET]
Table 'Baillauda IV' 6-max Seat #2 is the button
Seat 6: AlexPinsk1 ($111.51 in chips) is sitting out
Seat 1: kel3vr4_23 ($50.57 in chips) 
Seat 2: BoyLoc0 ($103.64 in chips) 
Seat 4: magzi777 ($101 in chips) 
Seat 5: UnderC@t ($105.28 in chips) 
magzi777: posts small blind $0.50
UnderC@t: posts big blind $1
*** HOLE CARDS ***
kel3vr4_23: folds 
BoyLoc0: folds 
coeeeelho joins the table at seat #3 
magzi777: folds 
Uncalled bet ($0.50) returned to UnderC@t
UnderC@t collected $1 from pot
UnderC@t: doesn't show hand 
*** SUMMARY ***
Total pot $1 | Rake $0 
Seat 6: AlexPinsk1
Seat 1: kel3vr4_23 folded before Flop (didn't bet)
Seat 2: BoyLoc0 (button) folded before Flop (didn't bet)
Seat 4: magzi777 (small blind) folded before Flop
Seat 5: UnderC@t (big blind) collected ($1)



PokerStars Hand #254501748383:  Hold'em No Limit ($0.50/$1.00 USD) - 2025/01/22 17:39:19 WET [2025/01/22 12:39:19 ET]
Table 'Baillauda IV' 6-max Seat #4 is the button
Seat 3: coeeeelho ($100 in chips) is sitting out
Seat 6: AlexPinsk1 ($111.51 in chips) is sitting out
Seat 1: kel3vr4_23 ($50.57 in chips) 
Seat 2: BoyLoc0 ($103.64 in chips) 
Seat 4: magzi777 ($100.50 in chips) 
Seat 5: UnderC@t ($105.78 in chips) 
UnderC@t: posts small blind $0.50
kel3vr4_23: posts big blind $1
coeeeelho: sits out 
*** HOLE CARDS ***
BoyLoc0: folds 
magzi777: folds 
UnderC@t: raises $2 to $3
kel3vr4_23: folds 
Uncalled bet ($2) returned to UnderC@t
UnderC@t collected $2 from pot
UnderC@t: doesn't show hand 
*** SUMMARY ***
Total pot $2 | Rake $0 
Seat 3: coeeeelho
Seat 6: AlexPinsk1
Seat 1: kel3vr4_23 (big blind) folded before Flop
Seat 2: BoyLoc0 folded before Flop (didn't bet)
Seat 4: magzi777 (button) folded before Flop (didn't bet)
Seat 5: UnderC@t (small blind) collected ($2)



PokerStars Hand #254501755741:  Hold'em No Limit ($0.50/$1.00 USD) - 2025/01/22 17:39:48 WET [2025/01/22 12:39:48 ET]
Table 'Baillauda IV' 6-max Seat #5 is the button
Seat 3: coeeeelho ($100 in chips) is sitting out
Seat 6: AlexPinsk1 ($111.51 in chips) is sitting out
Seat 1: kel3vr4_23 ($49.57 in chips) 
Seat 2: BoyLoc0 ($103.64 in chips) 
Seat 4: magzi777 ($100.50 in chips) 
Seat 5: UnderC@t ($106.78 in chips) 
kel3vr4_23: posts small blind $0.50
BoyLoc0: posts big blind $1
coeeeelho: sits out 
*** HOLE CARDS ***
magzi777: folds 
UnderC@t: folds 
kel3vr4_23: folds 
Uncalled bet ($0.50) returned to BoyLoc0
BoyLoc0 collected $1 from pot
BoyLoc0: doesn't show hand 
*** SUMMARY ***
Total pot $1 | Rake $0 
Seat 3: coeeeelho
Seat 6: AlexPinsk1
Seat 1: kel3vr4_23 (small blind) folded before Flop
Seat 2: BoyLoc0 (big blind) collected ($1)
Seat 4: magzi777 folded before Flop (didn't bet)
Seat 5: UnderC@t (button) folded before Flop (didn't bet)



PokerStars Hand #254501758138:  Hold'em No Limit ($0.50/$1.00 USD) - 2025/01/22 17:39:57 WET [2025/01/22 12:39:57 ET]
Table 'Baillauda IV' 6-max Seat #1 is the button
Seat 6: AlexPinsk1 ($111.51 in chips) is sitting out
Seat 1: kel3vr4_23 ($49.07 in chips) 
Seat 2: BoyLoc0 ($104.14 in chips) 
Seat 3: coeeeelho ($100 in chips) 
Seat 4: magzi777 ($100.50 in chips) 
Seat 5: UnderC@t ($106.78 in chips) 
BoyLoc0: posts small blind $0.50
coeeeelho: posts big blind $1
AlexPinsk1: sits out 
*** HOLE CARDS ***
magzi777: raises $1.50 to $2.50
UnderC@t: folds 
kel3vr4_23: folds 
BoyLoc0: folds 
coeeeelho: calls $1.50
*** FLOP *** [7d 7s 4s]
coeeeelho: checks 
magzi777: checks 
*** TURN *** [7d 7s 4s] [3h]
coeeeelho: bets $7.83
magzi777: folds 
Uncalled bet ($7.83) returned to coeeeelho
coeeeelho collected $5.22 from pot
*** SUMMARY ***
Total pot $5.50 | Rake $0.28 
Board [7d 7s 4s 3h]
Seat 6: AlexPinsk1
Seat 1: kel3vr4_23 (button) folded before Flop (didn't bet)
Seat 2: BoyLoc0 (small blind) folded before Flop
Seat 3: coeeeelho (big blind) collected ($5.22)
Seat 4: magzi777 folded on the Turn
Seat 5: UnderC@t folded before Flop (didn't bet)



PokerStars Hand #254501769688:  Hold'em No Limit ($0.50/$1.00 USD) - 2025/01/22 17:40:42 WET [2025/01/22 12:40:42 ET]
Table 'Baillauda IV' 6-max Seat #2 is the button
Seat 6: AlexPinsk1 ($111.51 in chips) is sitting out
Seat 1: kel3vr4_23 ($49.07 in chips) 
Seat 2: BoyLoc0 ($103.64 in chips) 
Seat 3: coeeeelho ($102.72 in chips) 
Seat 4: magzi777 ($100 in chips) 
Seat 5: UnderC@t ($106.78 in chips) 
coeeeelho: posts small blind $0.50
magzi777: posts big blind $1
AlexPinsk1: sits out 
*** HOLE CARDS ***
UnderC@t: folds 
kel3vr4_23: raises $1 to $2
BoyLoc0: folds 
coeeeelho: folds 
magzi777: folds 
Uncalled bet ($1) returned to kel3vr4_23
kel3vr4_23 collected $2.50 from pot
kel3vr4_23: doesn't show hand 
*** SUMMARY ***
Total pot $2.50 | Rake $0 
Seat 6: AlexPinsk1
Seat 1: kel3vr4_23 collected ($2.50)
Seat 2: BoyLoc0 (button) folded before Flop (didn't bet)
Seat 3: coeeeelho (small blind) folded before Flop
Seat 4: magzi777 (big blind) folded before Flop
Seat 5: UnderC@t folded before Flop (didn't bet)



PokerStars Hand #254501774074:  Hold'em No Limit ($0.50/$1.00 USD) - 2025/01/22 17:40:59 WET [2025/01/22 12:40:59 ET]
Table 'Baillauda IV' 6-max Seat #3 is the button
Seat 6: AlexPinsk1 ($111.51 in chips) is sitting out
Seat 1: kel3vr4_23 ($50.57 in chips) 
Seat 2: BoyLoc0 ($103.64 in chips) 
Seat 3: coeeeelho ($102.22 in chips) 
Seat 4: magzi777 ($100 in chips) 
Seat 5: UnderC@t ($106.78 in chips) 
magzi777: posts small blind $0.50
UnderC@t: posts big blind $1
AlexPinsk1: sits out 
*** HOLE CARDS ***
kel3vr4_23: folds 
BoyLoc0: folds 
coeeeelho: folds 
magzi777: folds 
Uncalled bet ($0.50) returned to UnderC@t
UnderC@t collected $1 from pot
UnderC@t: doesn't show hand 
*** SUMMARY ***
Total pot $1 | Rake $0 
Seat 6: AlexPinsk1
Seat 1: kel3vr4_23 folded before Flop (didn't bet)
Seat 2: BoyLoc0 folded before Flop (didn't bet)
Seat 3: coeeeelho (button) folded before Flop (didn't bet)
Seat 4: magzi777 (small blind) folded before Flop
Seat 5: UnderC@t (big blind) collected ($1)



PokerStars Hand #254501778040:  Hold'em No Limit ($0.50/$1.00 USD) - 2025/01/22 17:41:15 WET [2025/01/22 12:41:15 ET]
Table 'Baillauda IV' 6-max Seat #4 is the button
Seat 1: kel3vr4_23 ($50.57 in chips) 
Seat 2: BoyLoc0 ($103.64 in chips) 
Seat 3: coeeeelho ($102.22 in chips) 
Seat 4: magzi777 ($100 in chips) 
Seat 5: UnderC@t ($107.28 in chips) 
Seat 6: AlexPinsk1 ($111.51 in chips) 
UnderC@t: posts small blind $0.50
AlexPinsk1: posts big blind $1
*** HOLE CARDS ***
kel3vr4_23: raises $1 to $2
BoyLoc0: folds 
coeeeelho: folds 
magzi777: folds 
UnderC@t: folds 
AlexPinsk1: folds 
Uncalled bet ($1) returned to kel3vr4_23
kel3vr4_23 collected $2.50 from pot
kel3vr4_23: doesn't show hand 
*** SUMMARY ***
Total pot $2.50 | Rake $0 
Seat 1: kel3vr4_23 collected ($2.50)
Seat 2: BoyLoc0 folded before Flop (didn't bet)
Seat 3: coeeeelho folded before Flop (didn't bet)
Seat 4: magzi777 (button) folded before Flop (didn't bet)
Seat 5: UnderC@t (small blind) folded before Flop
Seat 6: AlexPinsk1 (big blind) folded before Flop



PokerStars Hand #254501784145:  Hold'em No Limit ($0.50/$1.00 USD) - 2025/01/22 17:41:39 WET [2025/01/22 12:41:39 ET]
Table 'Baillauda IV' 6-max Seat #5 is the button
Seat 1: kel3vr4_23 ($52.07 in chips) 
Seat 2: BoyLoc0 ($103.64 in chips) 
Seat 3: coeeeelho ($102.22 in chips) 
Seat 4: magzi777 ($100 in chips) 
Seat 5: UnderC@t ($106.78 in chips) 
Seat 6: AlexPinsk1 ($110.51 in chips) 
AlexPinsk1: posts small blind $0.50
kel3vr4_23: posts big blind $1
*** HOLE CARDS ***
BoyLoc0: folds 
coeeeelho: folds 
magzi777: folds 
UnderC@t: folds 
AlexPinsk1: raises $2 to $3
kel3vr4_23: folds 
Uncalled bet ($2) returned to AlexPinsk1
AlexPinsk1 collected $2 from pot
AlexPinsk1: doesn't show hand 
*** SUMMARY ***
Total pot $2 | Rake $0 
Seat 1: kel3vr4_23 (big blind) folded before Flop
Seat 2: BoyLoc0 folded before Flop (didn't bet)
Seat 3: coeeeelho folded before Flop (didn't bet)
Seat 4: magzi777 folded before Flop (didn't bet)
Seat 5: UnderC@t (button) folded before Flop (didn't bet)
Seat 6: AlexPinsk1 (small blind) collected ($2)



PokerStars Hand #254501791659:  Hold'em No Limit ($0.50/$1.00 USD) - 2025/01/22 17:42:08 WET [2025/01/22 12:42:08 ET]
Table 'Baillauda IV' 6-max Seat #6 is the button
Seat 1: kel3vr4_23 ($51.07 in chips) 
Seat 2: BoyLoc0 ($103.64 in chips) 
Seat 3: coeeeelho ($102.22 in chips) 
Seat 4: magzi777 ($100 in chips) 
Seat 5: UnderC@t ($106.78 in chips) 
Seat 6: AlexPinsk1 ($111.51 in chips) 
kel3vr4_23: posts small blind $0.50
BoyLoc0: posts big blind $1
*** HOLE CARDS ***
coeeeelho: folds 
magzi777: folds 
UnderC@t: folds 
AlexPinsk1: folds 
kel3vr4_23: raises $2 to $3
BoyLoc0: folds 
Uncalled bet ($2) returned to kel3vr4_23
kel3vr4_23 collected $2 from pot
kel3vr4_23: doesn't show hand 
magzi777 leaves the table
*** SUMMARY ***
Total pot $2 | Rake $0 
Seat 1: kel3vr4_23 (small blind) collected ($2)
Seat 2: BoyLoc0 (big blind) folded before Flop
Seat 3: coeeeelho folded before Flop (didn't bet)
Seat 4: magzi777 folded before Flop (didn't bet)
Seat 5: UnderC@t folded before Flop (didn't bet)
Seat 6: AlexPinsk1 (button) folded before Flop (didn't bet)



PokerStars Hand #254501795383:  Hold'em No Limit ($0.50/$1.00 USD) - 2025/01/22 17:42:23 WET [2025/01/22 12:42:23 ET]
Table 'Baillauda IV' 6-max Seat #1 is the button
Seat 1: kel3vr4_23 ($52.07 in chips) 
Seat 2: BoyLoc0 ($102.64 in chips) 
Seat 3: coeeeelho ($102.22 in chips) 
Seat 5: UnderC@t ($106.78 in chips) 
Seat 6: AlexPinsk1 ($111.51 in chips) 
BoyLoc0: posts small blind $0.50
coeeeelho: posts big blind $1
*** HOLE CARDS ***
UnderC@t: folds 
AlexPinsk1: folds 
kel3vr4_23: folds 
BoyLoc0: folds 
Uncalled bet ($0.50) returned to coeeeelho
coeeeelho collected $1 from pot
*** SUMMARY ***
Total pot $1 | Rake $0 
Seat 1: kel3vr4_23 (button) folded before Flop (didn't bet)
Seat 2: BoyLoc0 (small blind) folded before Flop
Seat 3: coeeeelho (big blind) collected ($1)
Seat 5: UnderC@t folded before Flop (didn't bet)
Seat 6: AlexPinsk1 folded before Flop (didn't bet)



PokerStars Hand #254501800074:  Hold'em No Limit ($0.50/$1.00 USD) - 2025/01/22 17:42:42 WET [2025/01/22 12:42:42 ET]
Table 'Baillauda IV' 6-max Seat #2 is the button
Seat 1: kel3vr4_23 ($52.07 in chips) 
Seat 2: BoyLoc0 ($102.14 in chips) 
Seat 3: coeeeelho ($102.72 in chips) 
Seat 5: UnderC@t ($106.78 in chips) 
Seat 6: AlexPinsk1 ($111.51 in chips) 
coeeeelho: posts small blind $0.50
UnderC@t: posts big blind $1
*** HOLE CARDS ***
AlexPinsk1: folds 
kel3vr4_23: folds 
BoyLoc0: folds 
coeeeelho: folds 
Uncalled bet ($0.50) returned to UnderC@t
UnderC@t collected $1 from pot
UnderC@t: doesn't show hand 
*** SUMMARY ***
Total pot $1 | Rake $0 
Seat 1: kel3vr4_23 folded before Flop (didn't bet)
Seat 2: BoyLoc0 (button) folded before Flop (didn't bet)
Seat 3: coeeeelho (small blind) folded before Flop
Seat 5: UnderC@t (big blind) collected ($1)
Seat 6: AlexPinsk1 folded before Flop (didn't bet)



PokerStars Hand #254501804440:  Hold'em No Limit ($0.50/$1.00 USD) - 2025/01/22 17:42:59 WET [2025/01/22 12:42:59 ET]
Table 'Baillauda IV' 6-max Seat #3 is the button
Seat 1: kel3vr4_23 ($52.07 in chips) 
Seat 2: BoyLoc0 ($102.14 in chips) 
Seat 3: coeeeelho ($102.22 in chips) 
Seat 5: UnderC@t ($107.28 in chips) 
Seat 6: AlexPinsk1 ($111.51 in chips) 
UnderC@t: posts small blind $0.50
AlexPinsk1: posts big blind $1
*** HOLE CARDS ***
kel3vr4_23: raises $1 to $2
tukeiron joins the table at seat #4 
BoyLoc0: raises $5 to $7
coeeeelho: folds 
UnderC@t: folds 
AlexPinsk1: folds 
kel3vr4_23: calls $5
*** FLOP *** [4h 9d Ah]
kel3vr4_23: checks 
BoyLoc0: bets $4.86
kel3vr4_23: folds 
Uncalled bet ($4.86) returned to BoyLoc0
BoyLoc0 collected $14.72 from pot
BoyLoc0: doesn't show hand 
*** SUMMARY ***
Total pot $15.50 | Rake $0.78 
Board [4h 9d Ah]
Seat 1: kel3vr4_23 folded on the Flop
Seat 2: BoyLoc0 collected ($14.72)
Seat 3: coeeeelho (button) folded before Flop (didn't bet)
Seat 5: UnderC@t (small blind) folded before Flop
Seat 6: AlexPinsk1 (big blind) folded before Flop



PokerStars Hand #254501815390:  Hold'em No Limit ($0.50/$1.00 USD) - 2025/01/22 17:43:42 WET [2025/01/22 12:43:42 ET]
Table 'Baillauda IV' 6-max Seat #5 is the button
Seat 4: tukeiron ($100 in chips) is sitting out
Seat 1: kel3vr4_23 ($45.07 in chips) 
Seat 2: BoyLoc0 ($109.86 in chips) 
Seat 3: coeeeelho ($102.22 in chips) 
Seat 5: UnderC@t ($106.78 in chips) 
Seat 6: AlexPinsk1 ($110.51 in chips) 
AlexPinsk1: posts small blind $0.50
kel3vr4_23: posts big blind $1
tukeiron: sits out 
*** HOLE CARDS ***
BoyLoc0: raises $1.50 to $2.50
coeeeelho: folds 
UnderC@t: folds 
AlexPinsk1: folds 
kel3vr4_23: folds 
Uncalled bet ($1.50) returned to BoyLoc0
BoyLoc0 collected $2.50 from pot
BoyLoc0: doesn't show hand 
*** SUMMARY ***
Total pot $2.50 | Rake $0 
Seat 4: tukeiron
Seat 1: kel3vr4_23 (big blind) folded before Flop
Seat 2: BoyLoc0 collected ($2.50)
Seat 3: coeeeelho folded before Flop (didn't bet)
Seat 5: UnderC@t (button) folded before Flop (didn't bet)
Seat 6: AlexPinsk1 (small blind) folded before Flop



PokerStars Hand #254501818860:  Hold'em No Limit ($0.50/$1.00 USD) - 2025/01/22 17:43:56 WET [2025/01/22 12:43:56 ET]
Table 'Baillauda IV' 6-max Seat #6 is the button
Seat 4: tukeiron ($100 in chips) is sitting out
Seat 1: kel3vr4_23 ($44.07 in chips) 
Seat 2: BoyLoc0 ($111.36 in chips) 
Seat 3: coeeeelho ($102.22 in chips) 
Seat 5: UnderC@t ($106.78 in chips) 
Seat 6: AlexPinsk1 ($110.01 in chips) 
kel3vr4_23: posts small blind $0.50
BoyLoc0: posts big blind $1
tukeiron: sits out 
*** HOLE CARDS ***
coeeeelho: folds 
UnderC@t: folds 
AlexPinsk1: folds 
kel3vr4_23: raises $2 to $3
BoyLoc0: folds 
Uncalled bet ($2) returned to kel3vr4_23
kel3vr4_23 collected $2 from pot
kel3vr4_23: doesn't show hand 
*** SUMMARY ***
Total pot $2 | Rake $0 
Seat 4: tukeiron
Seat 1: kel3vr4_23 (small blind) collected ($2)
Seat 2: BoyLoc0 (big blind) folded before Flop
Seat 3: coeeeelho folded before Flop (didn't bet)
Seat 5: UnderC@t folded before Flop (didn't bet)
Seat 6: AlexPinsk1 (button) folded before Flop (didn't bet)



PokerStars Hand #254501822822:  Hold'em No Limit ($0.50/$1.00 USD) - 2025/01/22 17:44:11 WET [2025/01/22 12:44:11 ET]
Table 'Baillauda IV' 6-max Seat #1 is the button
Seat 4: tukeiron ($100 in chips) is sitting out
Seat 1: kel3vr4_23 ($45.07 in chips) 
Seat 2: BoyLoc0 ($110.36 in chips) 
Seat 3: coeeeelho ($102.22 in chips) 
Seat 5: UnderC@t ($106.78 in chips) 
Seat 6: AlexPinsk1 ($110.01 in chips) 
BoyLoc0: posts small blind $0.50
coeeeelho: posts big blind $1
tukeiron: sits out 
*** HOLE CARDS ***
UnderC@t: folds 
AlexPinsk1: raises $1.50 to $2.50
kel3vr4_23: folds 
BoyLoc0: folds 
coeeeelho: folds 
Uncalled bet ($1.50) returned to AlexPinsk1
AlexPinsk1 collected $2.50 from pot
AlexPinsk1: doesn't show hand 
*** SUMMARY ***
Total pot $2.50 | Rake $0 
Seat 4: tukeiron
Seat 1: kel3vr4_23 (button) folded before Flop (didn't bet)
Seat 2: BoyLoc0 (small blind) folded before Flop
Seat 3: coeeeelho (big blind) folded before Flop
Seat 5: UnderC@t folded before Flop (didn't bet)
Seat 6: AlexPinsk1 collected ($2.50)



PokerStars Hand #254501828508:  Hold'em No Limit ($0.50/$1.00 USD) - 2025/01/22 17:44:34 WET [2025/01/22 12:44:34 ET]
Table 'Baillauda IV' 6-max Seat #2 is the button
Seat 1: kel3vr4_23 ($45.07 in chips) 
Seat 2: BoyLoc0 ($109.86 in chips) 
Seat 3: coeeeelho ($101.22 in chips) 
Seat 4: tukeiron ($100 in chips) 
Seat 5: UnderC@t ($106.78 in chips) 
Seat 6: AlexPinsk1 ($111.51 in chips) 
coeeeelho: posts small blind $0.50
tukeiron: posts big blind $1
*** HOLE CARDS ***
UnderC@t: folds 
AlexPinsk1: folds 
kel3vr4_23: folds 
BoyLoc0: folds 
coeeeelho: folds 
Uncalled bet ($0.50) returned to tukeiron
tukeiron collected $1 from pot
*** SUMMARY ***
Total pot $1 | Rake $0 
Seat 1: kel3vr4_23 folded before Flop (didn't bet)
Seat 2: BoyLoc0 (button) folded before Flop (didn't bet)
Seat 3: coeeeelho (small blind) folded before Flop
Seat 4: tukeiron (big blind) collected ($1)
Seat 5: UnderC@t folded before Flop (didn't bet)
Seat 6: AlexPinsk1 folded before Flop (didn't bet)



PokerStars Hand #254501834402:  Hold'em No Limit ($0.50/$1.00 USD) - 2025/01/22 17:44:57 WET [2025/01/22 12:44:57 ET]
Table 'Baillauda IV' 6-max Seat #3 is the button
Seat 1: kel3vr4_23 ($45.07 in chips) 
Seat 2: BoyLoc0 ($109.86 in chips) 
Seat 3: coeeeelho ($100.72 in chips) 
Seat 4: tukeiron ($100.50 in chips) 
Seat 5: UnderC@t ($106.78 in chips) 
Seat 6: AlexPinsk1 ($111.51 in chips) 
tukeiron: posts small blind $0.50
UnderC@t: posts big blind $1
*** HOLE CARDS ***
AlexPinsk1: folds 
kel3vr4_23: raises $1 to $2
BoyLoc0: folds 
coeeeelho: folds 
tukeiron: folds 
UnderC@t: calls $1
*** FLOP *** [3h 2h 6d]
UnderC@t: checks 
kel3vr4_23: bets $2
UnderC@t: folds 
Uncalled bet ($2) returned to kel3vr4_23
kel3vr4_23 collected $4.28 from pot
kel3vr4_23: doesn't show hand 
*** SUMMARY ***
Total pot $4.50 | Rake $0.22 
Board [3h 2h 6d]
Seat 1: kel3vr4_23 collected ($4.28)
Seat 2: BoyLoc0 folded before Flop (didn't bet)
Seat 3: coeeeelho (button) folded before Flop (didn't bet)
Seat 4: tukeiron (small blind) folded before Flop
Seat 5: UnderC@t (big blind) folded on the Flop
Seat 6: AlexPinsk1 folded before Flop (didn't bet)



PokerStars Hand #254501841804:  Hold'em No Limit ($0.50/$1.00 USD) - 2025/01/22 17:45:26 WET [2025/01/22 12:45:26 ET]
Table 'Baillauda IV' 6-max Seat #4 is the button
Seat 1: kel3vr4_23 ($47.35 in chips) 
Seat 2: BoyLoc0 ($109.86 in chips) 
Seat 3: coeeeelho ($100.72 in chips) 
Seat 4: tukeiron ($100 in chips) 
Seat 5: UnderC@t ($104.78 in chips) 
Seat 6: AlexPinsk1 ($111.51 in chips) 
UnderC@t: posts small blind $0.50
AlexPinsk1: posts big blind $1
*** HOLE CARDS ***
kel3vr4_23: folds 
BoyLoc0: folds 
coeeeelho: folds 
tukeiron: folds 
UnderC@t: folds 
Uncalled bet ($0.50) returned to AlexPinsk1
AlexPinsk1 collected $1 from pot
AlexPinsk1: doesn't show hand 
*** SUMMARY ***
Total pot $1 | Rake $0 
Seat 1: kel3vr4_23 folded before Flop (didn't bet)
Seat 2: BoyLoc0 folded before Flop (didn't bet)
Seat 3: coeeeelho folded before Flop (didn't bet)
Seat 4: tukeiron (button) folded before Flop (didn't bet)
Seat 5: UnderC@t (small blind) folded before Flop
Seat 6: AlexPinsk1 (big blind) collected ($1)



PokerStars Hand #254501847554:  Hold'em No Limit ($0.50/$1.00 USD) - 2025/01/22 17:45:48 WET [2025/01/22 12:45:48 ET]
Table 'Baillauda IV' 6-max Seat #5 is the button
Seat 1: kel3vr4_23 ($47.35 in chips) 
Seat 2: BoyLoc0 ($109.86 in chips) 
Seat 3: coeeeelho ($100.72 in chips) 
Seat 4: tukeiron ($100 in chips) 
Seat 5: UnderC@t ($104.28 in chips) 
Seat 6: AlexPinsk1 ($112.01 in chips) 
AlexPinsk1: posts small blind $0.50
kel3vr4_23: posts big blind $1
*** HOLE CARDS ***
BoyLoc0: folds 
coeeeelho: folds 
tukeiron: folds 
UnderC@t: folds 
AlexPinsk1: folds 
Uncalled bet ($0.50) returned to kel3vr4_23
kel3vr4_23 collected $1 from pot
kel3vr4_23: doesn't show hand 
*** SUMMARY ***
Total pot $1 | Rake $0 
Seat 1: kel3vr4_23 (big blind) collected ($1)
Seat 2: BoyLoc0 folded before Flop (didn't bet)
Seat 3: coeeeelho folded before Flop (didn't bet)
Seat 4: tukeiron folded before Flop (didn't bet)
Seat 5: UnderC@t (button) folded before Flop (didn't bet)
Seat 6: AlexPinsk1 (small blind) folded before Flop



PokerStars Hand #254501852335:  Hold'em No Limit ($0.50/$1.00 USD) - 2025/01/22 17:46:07 WET [2025/01/22 12:46:07 ET]
Table 'Baillauda IV' 6-max Seat #6 is the button
Seat 1: kel3vr4_23 ($47.85 in chips) 
Seat 2: BoyLoc0 ($109.86 in chips) 
Seat 3: coeeeelho ($100.72 in chips) 
Seat 4: tukeiron ($100 in chips) 
Seat 5: UnderC@t ($104.28 in chips) 
Seat 6: AlexPinsk1 ($111.51 in chips) 
kel3vr4_23: posts small blind $0.50
BoyLoc0: posts big blind $1
*** HOLE CARDS ***
coeeeelho: raises $1.20 to $2.20
tukeiron: folds 
UnderC@t: folds 
AlexPinsk1: folds 
kel3vr4_23: folds 
BoyLoc0: folds 
Uncalled bet ($1.20) returned to coeeeelho
coeeeelho collected $2.50 from pot
*** SUMMARY ***
Total pot $2.50 | Rake $0 
Seat 1: kel3vr4_23 (small blind) folded before Flop
Seat 2: BoyLoc0 (big blind) folded before Flop
Seat 3: coeeeelho collected ($2.50)
Seat 4: tukeiron folded before Flop (didn't bet)
Seat 5: UnderC@t folded before Flop (didn't bet)
Seat 6: AlexPinsk1 (button) folded before Flop (didn't bet)



PokerStars Hand #254501858539:  Hold'em No Limit ($0.50/$1.00 USD) - 2025/01/22 17:46:32 WET [2025/01/22 12:46:32 ET]
Table 'Baillauda IV' 6-max Seat #1 is the button
Seat 1: kel3vr4_23 ($47.35 in chips) 
Seat 2: BoyLoc0 ($108.86 in chips) 
Seat 3: coeeeelho ($102.22 in chips) 
Seat 4: tukeiron ($100 in chips) 
Seat 5: UnderC@t ($104.28 in chips) 
Seat 6: AlexPinsk1 ($111.51 in chips) 
BoyLoc0: posts small blind $0.50
coeeeelho: posts big blind $1
*** HOLE CARDS ***
tukeiron: folds 
UnderC@t: folds 
AlexPinsk1: folds 
kel3vr4_23: folds 
BoyLoc0: folds 
Uncalled bet ($0.50) returned to coeeeelho
coeeeelho collected $1 from pot
*** SUMMARY ***
Total pot $1 | Rake $0 
Seat 1: kel3vr4_23 (button) folded before Flop (didn't bet)
Seat 2: BoyLoc0 (small blind) folded before Flop
Seat 3: coeeeelho (big blind) collected ($1)
Seat 4: tukeiron folded before Flop (didn't bet)
Seat 5: UnderC@t folded before Flop (didn't bet)
Seat 6: AlexPinsk1 folded before Flop (didn't bet)



PokerStars Hand #254501862967:  Hold'em No Limit ($0.50/$1.00 USD) - 2025/01/22 17:46:49 WET [2025/01/22 12:46:49 ET]
Table 'Baillauda IV' 6-max Seat #2 is the button
Seat 1: kel3vr4_23 ($47.35 in chips) 
Seat 2: BoyLoc0 ($108.36 in chips) 
Seat 3: coeeeelho ($102.72 in chips) 
Seat 4: tukeiron ($100 in chips) 
Seat 5: UnderC@t ($104.28 in chips) 
Seat 6: AlexPinsk1 ($111.51 in chips) 
coeeeelho: posts small blind $0.50
tukeiron: posts big blind $1
*** HOLE CARDS ***
UnderC@t: folds 
AlexPinsk1: raises $1.50 to $2.50
kel3vr4_23: folds 
BoyLoc0: folds 
coeeeelho: folds 
tukeiron: calls $1.50
*** FLOP *** [7d Ad 6s]
tukeiron: checks 
AlexPinsk1: checks 
*** TURN *** [7d Ad 6s] [Ks]
tukeiron: checks 
AlexPinsk1: checks 
*** RIVER *** [7d Ad 6s Ks] [2c]
tukeiron: bets $2.09
AlexPinsk1: calls $2.09
*** SHOW DOWN ***
tukeiron: shows [4c Kc] (a pair of Kings)
AlexPinsk1: shows [Kd Jh] (a pair of Kings - Ace+Jack kicker)
AlexPinsk1 collected $9.20 from pot
*** SUMMARY ***
Total pot $9.68 | Rake $0.48 
Board [7d Ad 6s Ks 2c]
Seat 1: kel3vr4_23 folded before Flop (didn't bet)
Seat 2: BoyLoc0 (button) folded before Flop (didn't bet)
Seat 3: coeeeelho (small blind) folded before Flop
Seat 4: tukeiron (big blind) showed [4c Kc] and lost with a pair of Kings
Seat 5: UnderC@t folded before Flop (didn't bet)
Seat 6: AlexPinsk1 showed [Kd Jh] and won ($9.20) with a pair of Kings



PokerStars Hand #254501880003:  Hold'em No Limit ($0.50/$1.00 USD) - 2025/01/22 17:47:56 WET [2025/01/22 12:47:56 ET]
Table 'Baillauda IV' 6-max Seat #3 is the button
Seat 1: kel3vr4_23 ($47.35 in chips) 
Seat 2: BoyLoc0 ($108.36 in chips) 
Seat 3: coeeeelho ($102.22 in chips) 
Seat 4: tukeiron ($100 in chips) 
Seat 5: UnderC@t ($104.28 in chips) 
Seat 6: AlexPinsk1 ($116.12 in chips) 
tukeiron: posts small blind $0.50
UnderC@t: posts big blind $1
*** HOLE CARDS ***
AlexPinsk1: raises $1.50 to $2.50
kel3vr4_23: calls $2.50
BoyLoc0: folds 
coeeeelho: raises $7.50 to $10
tukeiron: folds 
UnderC@t: folds 
AlexPinsk1: folds 
kel3vr4_23: folds 
Uncalled bet ($7.50) returned to coeeeelho
coeeeelho collected $9 from pot
*** SUMMARY ***
Total pot $9 | Rake $0 
Seat 1: kel3vr4_23 folded before Flop
Seat 2: BoyLoc0 folded before Flop (didn't bet)
Seat 3: coeeeelho (button) collected ($9)
Seat 4: tukeiron (small blind) folded before Flop
Seat 5: UnderC@t (big blind) folded before Flop
Seat 6: AlexPinsk1 folded before Flop



PokerStars Hand #254501889570:  Hold'em No Limit ($0.50/$1.00 USD) - 2025/01/22 17:48:34 WET [2025/01/22 12:48:34 ET]
Table 'Baillauda IV' 6-max Seat #4 is the button
Seat 1: kel3vr4_23 ($44.85 in chips) 
Seat 2: BoyLoc0 ($108.36 in chips) 
Seat 3: coeeeelho ($108.72 in chips) 
Seat 4: tukeiron ($100 in chips) 
Seat 5: UnderC@t ($103.28 in chips) 
Seat 6: AlexPinsk1 ($113.62 in chips) 
UnderC@t: posts small blind $0.50
AlexPinsk1: posts big blind $1
*** HOLE CARDS ***
kel3vr4_23: raises $1 to $2
BoyLoc0: folds 
coeeeelho: folds 
tukeiron: calls $2
UnderC@t: folds 
AlexPinsk1: folds 
*** FLOP *** [8d Qs As]
kel3vr4_23: checks 
tukeiron: checks 
*** TURN *** [8d Qs As] [9c]
kel3vr4_23: checks 
tukeiron: checks 
*** RIVER *** [8d Qs As 9c] [Kc]
kel3vr4_23: bets $2
tukeiron: folds 
Uncalled bet ($2) returned to kel3vr4_23
kel3vr4_23 collected $5.22 from pot
kel3vr4_23: doesn't show hand 
*** SUMMARY ***
Total pot $5.50 | Rake $0.28 
Board [8d Qs As 9c Kc]
Seat 1: kel3vr4_23 collected ($5.22)
Seat 2: BoyLoc0 folded before Flop (didn't bet)
Seat 3: coeeeelho folded before Flop (didn't bet)
Seat 4: tukeiron (button) folded on the River
Seat 5: UnderC@t (small blind) folded before Flop
Seat 6: AlexPinsk1 (big blind) folded before Flop



PokerStars Hand #254501912696:  Hold'em No Limit ($0.50/$1.00 USD) - 2025/01/22 17:50:04 WET [2025/01/22 12:50:04 ET]
Table 'Baillauda IV' 6-max Seat #5 is the button
Seat 1: kel3vr4_23 ($48.07 in chips) 
Seat 2: BoyLoc0 ($108.36 in chips) 
Seat 3: coeeeelho ($108.72 in chips) 
Seat 4: tukeiron ($100 in chips) 
Seat 5: UnderC@t ($102.78 in chips) 
Seat 6: AlexPinsk1 ($112.62 in chips) 
AlexPinsk1: posts small blind $0.50
kel3vr4_23: posts big blind $1
*** HOLE CARDS ***
BoyLoc0: folds 
coeeeelho: folds 
tukeiron: folds 
UnderC@t: raises $1.50 to $2.50
AlexPinsk1: folds 
kel3vr4_23: folds 
Uncalled bet ($1.50) returned to UnderC@t
UnderC@t collected $2.50 from pot
UnderC@t: doesn't show hand 
*** SUMMARY ***
Total pot $2.50 | Rake $0 
Seat 1: kel3vr4_23 (big blind) folded before Flop
Seat 2: BoyLoc0 folded before Flop (didn't bet)
Seat 3: coeeeelho folded before Flop (didn't bet)
Seat 4: tukeiron folded before Flop (didn't bet)
Seat 5: UnderC@t (button) collected ($2.50)
Seat 6: AlexPinsk1 (small blind) folded before Flop



PokerStars Hand #254501917598:  Hold'em No Limit ($0.50/$1.00 USD) - 2025/01/22 17:50:23 WET [2025/01/22 12:50:23 ET]
Table 'Baillauda IV' 6-max Seat #6 is the button
Seat 1: kel3vr4_23 ($47.07 in chips) 
Seat 2: BoyLoc0 ($108.36 in chips) 
Seat 3: coeeeelho ($108.72 in chips) 
Seat 4: tukeiron ($100 in chips) 
Seat 5: UnderC@t ($104.28 in chips) 
Seat 6: AlexPinsk1 ($112.12 in chips) 
kel3vr4_23: posts small blind $0.50
BoyLoc0: posts big blind $1
*** HOLE CARDS ***
coeeeelho: folds 
tukeiron: raises $1.50 to $2.50
UnderC@t: raises $5 to $7.50
AlexPinsk1: folds 
kel3vr4_23: folds 
BoyLoc0: folds 
tukeiron: folds 
Uncalled bet ($5) returned to UnderC@t
UnderC@t collected $6.50 from pot
UnderC@t: doesn't show hand 
*** SUMMARY ***
Total pot $6.50 | Rake $0 
Seat 1: kel3vr4_23 (small blind) folded before Flop
Seat 2: BoyLoc0 (big blind) folded before Flop
Seat 3: coeeeelho folded before Flop (didn't bet)
Seat 4: tukeiron folded before Flop
Seat 5: UnderC@t collected ($6.50)
Seat 6: AlexPinsk1 (button) folded before Flop (didn't bet)



PokerStars Hand #254501924732:  Hold'em No Limit ($0.50/$1.00 USD) - 2025/01/22 17:50:51 WET [2025/01/22 12:50:51 ET]
Table 'Baillauda IV' 6-max Seat #1 is the button
Seat 1: kel3vr4_23 ($46.57 in chips) 
Seat 2: BoyLoc0 ($107.36 in chips) 
Seat 3: coeeeelho ($108.72 in chips) 
Seat 4: tukeiron ($100 in chips) 
Seat 5: UnderC@t ($108.28 in chips) 
Seat 6: AlexPinsk1 ($112.12 in chips) 
BoyLoc0: posts small blind $0.50
coeeeelho: posts big blind $1
*** HOLE CARDS ***
tukeiron: folds 
UnderC@t: folds 
AlexPinsk1: folds 
kel3vr4_23: raises $1 to $2
BoyLoc0: folds 
coeeeelho: folds 
Uncalled bet ($1) returned to kel3vr4_23
kel3vr4_23 collected $2.50 from pot
kel3vr4_23: doesn't show hand 
*** SUMMARY ***
Total pot $2.50 | Rake $0 
Seat 1: kel3vr4_23 (button) collected ($2.50)
Seat 2: BoyLoc0 (small blind) folded before Flop
Seat 3: coeeeelho (big blind) folded before Flop
Seat 4: tukeiron folded before Flop (didn't bet)
Seat 5: UnderC@t folded before Flop (didn't bet)
Seat 6: AlexPinsk1 folded before Flop (didn't bet)



PokerStars Hand #254501927521:  Hold'em No Limit ($0.50/$1.00 USD) - 2025/01/22 17:51:02 WET [2025/01/22 12:51:02 ET]
Table 'Baillauda IV' 6-max Seat #2 is the button
Seat 1: kel3vr4_23 ($48.07 in chips) 
Seat 2: BoyLoc0 ($106.86 in chips) 
Seat 3: coeeeelho ($107.72 in chips) 
Seat 4: tukeiron ($100 in chips) 
Seat 5: UnderC@t ($108.28 in chips) 
Seat 6: AlexPinsk1 ($112.12 in chips) 
coeeeelho: posts small blind $0.50
tukeiron: posts big blind $1
*** HOLE CARDS ***
UnderC@t: folds 
AlexPinsk1: folds 
kel3vr4_23: raises $1 to $2
BoyLoc0: folds 
coeeeelho: folds 
tukeiron: folds 
Uncalled bet ($1) returned to kel3vr4_23
kel3vr4_23 collected $2.50 from pot
kel3vr4_23: doesn't show hand 
*** SUMMARY ***
Total pot $2.50 | Rake $0 
Seat 1: kel3vr4_23 collected ($2.50)
Seat 2: BoyLoc0 (button) folded before Flop (didn't bet)
Seat 3: coeeeelho (small blind) folded before Flop
Seat 4: tukeiron (big blind) folded before Flop
Seat 5: UnderC@t folded before Flop (didn't bet)
Seat 6: AlexPinsk1 folded before Flop (didn't bet)



PokerStars Hand #254501933357:  Hold'em No Limit ($0.50/$1.00 USD) - 2025/01/22 17:51:25 WET [2025/01/22 12:51:25 ET]
Table 'Baillauda IV' 6-max Seat #3 is the button
Seat 1: kel3vr4_23 ($49.57 in chips) 
Seat 2: BoyLoc0 ($106.86 in chips) 
Seat 3: coeeeelho ($107.22 in chips) 
Seat 4: tukeiron ($100 in chips) 
Seat 5: UnderC@t ($108.28 in chips) 
Seat 6: AlexPinsk1 ($112.12 in chips) 
tukeiron: posts small blind $0.50
UnderC@t: posts big blind $1
*** HOLE CARDS ***
AlexPinsk1: folds 
kel3vr4_23: raises $1 to $2
BoyLoc0: folds 
coeeeelho: folds 
tukeiron: raises $10 to $12
UnderC@t: folds 
kel3vr4_23: folds 
Uncalled bet ($10) returned to tukeiron
tukeiron collected $5 from pot
tukeiron: doesn't show hand 
*** SUMMARY ***
Total pot $5 | Rake $0 
Seat 1: kel3vr4_23 folded before Flop
Seat 2: BoyLoc0 folded before Flop (didn't bet)
Seat 3: coeeeelho (button) folded before Flop (didn't bet)
Seat 4: tukeiron (small blind) collected ($5)
Seat 5: UnderC@t (big blind) folded before Flop
Seat 6: AlexPinsk1 folded before Flop (didn't bet)



PokerStars Hand #254501938879:  Hold'em No Limit ($0.50/$1.00 USD) - 2025/01/22 17:51:46 WET [2025/01/22 12:51:46 ET]
Table 'Baillauda IV' 6-max Seat #4 is the button
Seat 1: kel3vr4_23 ($47.57 in chips) 
Seat 2: BoyLoc0 ($106.86 in chips) 
Seat 3: coeeeelho ($107.22 in chips) 
Seat 4: tukeiron ($103 in chips) 
Seat 5: UnderC@t ($107.28 in chips) 
Seat 6: AlexPinsk1 ($112.12 in chips) 
UnderC@t: posts small blind $0.50
AlexPinsk1: posts big blind $1
*** HOLE CARDS ***
kel3vr4_23: folds 
BoyLoc0: folds 
coeeeelho: raises $1.20 to $2.20
tukeiron: folds 
UnderC@t: folds 
AlexPinsk1: folds 
Uncalled bet ($1.20) returned to coeeeelho
coeeeelho collected $2.50 from pot
*** SUMMARY ***
Total pot $2.50 | Rake $0 
Seat 1: kel3vr4_23 folded before Flop (didn't bet)
Seat 2: BoyLoc0 folded before Flop (didn't bet)
Seat 3: coeeeelho collected ($2.50)
Seat 4: tukeiron (button) folded before Flop (didn't bet)
Seat 5: UnderC@t (small blind) folded before Flop
Seat 6: AlexPinsk1 (big blind) folded before Flop



PokerStars Hand #254501944069:  Hold'em No Limit ($0.50/$1.00 USD) - 2025/01/22 17:52:07 WET [2025/01/22 12:52:07 ET]
Table 'Baillauda IV' 6-max Seat #5 is the button
Seat 1: kel3vr4_23 ($47.57 in chips) 
Seat 2: BoyLoc0 ($106.86 in chips) 
Seat 3: coeeeelho ($108.72 in chips) 
Seat 4: tukeiron ($103 in chips) 
Seat 5: UnderC@t ($106.78 in chips) 
Seat 6: AlexPinsk1 ($111.12 in chips) 
AlexPinsk1: posts small blind $0.50
kel3vr4_23: posts big blind $1
*** HOLE CARDS ***
BoyLoc0: folds 
coeeeelho: folds 
tukeiron: folds 
UnderC@t: folds 
AlexPinsk1: folds 
Uncalled bet ($0.50) returned to kel3vr4_23
kel3vr4_23 collected $1 from pot
kel3vr4_23: doesn't show hand 
*** SUMMARY ***
Total pot $1 | Rake $0 
Seat 1: kel3vr4_23 (big blind) collected ($1)
Seat 2: BoyLoc0 folded before Flop (didn't bet)
Seat 3: coeeeelho folded before Flop (didn't bet)
Seat 4: tukeiron folded before Flop (didn't bet)
Seat 5: UnderC@t (button) folded before Flop (didn't bet)
Seat 6: AlexPinsk1 (small blind) folded before Flop



PokerStars Hand #254501949096:  Hold'em No Limit ($0.50/$1.00 USD) - 2025/01/22 17:52:26 WET [2025/01/22 12:52:26 ET]
Table 'Baillauda IV' 6-max Seat #6 is the button
Seat 1: kel3vr4_23 ($48.07 in chips) 
Seat 2: BoyLoc0 ($106.86 in chips) 
Seat 3: coeeeelho ($108.72 in chips) 
Seat 4: tukeiron ($103 in chips) 
Seat 5: UnderC@t ($106.78 in chips) 
Seat 6: AlexPinsk1 ($110.62 in chips) 
kel3vr4_23: posts small blind $0.50
BoyLoc0: posts big blind $1
*** HOLE CARDS ***
coeeeelho: folds 
tukeiron: folds 
UnderC@t: folds 
AlexPinsk1: folds 
kel3vr4_23: raises $2 to $3
BoyLoc0: folds 
Uncalled bet ($2) returned to kel3vr4_23
kel3vr4_23 collected $2 from pot
*** SUMMARY ***
Total pot $2 | Rake $0 
Seat 1: kel3vr4_23 (small blind) collected ($2)
Seat 2: BoyLoc0 (big blind) folded before Flop
Seat 3: coeeeelho folded before Flop (didn't bet)
Seat 4: tukeiron folded before Flop (didn't bet)
Seat 5: UnderC@t folded before Flop (didn't bet)
Seat 6: AlexPinsk1 (button) folded before Flop (didn't bet)



PokerStars Hand #254501953126:  Hold'em No Limit ($0.50/$1.00 USD) - 2025/01/22 17:52:42 WET [2025/01/22 12:52:42 ET]
Table 'Baillauda IV' 6-max Seat #1 is the button
Seat 1: kel3vr4_23 ($49.07 in chips) 
Seat 2: BoyLoc0 ($105.86 in chips) 
Seat 3: coeeeelho ($108.72 in chips) 
Seat 4: tukeiron ($103 in chips) 
Seat 5: UnderC@t ($106.78 in chips) 
Seat 6: AlexPinsk1 ($110.62 in chips) 
BoyLoc0: posts small blind $0.50
coeeeelho: posts big blind $1
*** HOLE CARDS ***
tukeiron: folds 
UnderC@t: folds 
AlexPinsk1: raises $1.50 to $2.50
kel3vr4_23: folds 
BoyLoc0: folds 
coeeeelho: calls $1.50
*** FLOP *** [Th Qc Ts]
coeeeelho: checks 
AlexPinsk1: bets $1.72
coeeeelho: folds 
Uncalled bet ($1.72) returned to AlexPinsk1
AlexPinsk1 collected $5.22 from pot
AlexPinsk1: doesn't show hand 
*** SUMMARY ***
Total pot $5.50 | Rake $0.28 
Board [Th Qc Ts]
Seat 1: kel3vr4_23 (button) folded before Flop (didn't bet)
Seat 2: BoyLoc0 (small blind) folded before Flop
Seat 3: coeeeelho (big blind) folded on the Flop
Seat 4: tukeiron folded before Flop (didn't bet)
Seat 5: UnderC@t folded before Flop (didn't bet)
Seat 6: AlexPinsk1 collected ($5.22)



PokerStars Hand #254501965004:  Hold'em No Limit ($0.50/$1.00 USD) - 2025/01/22 17:53:28 WET [2025/01/22 12:53:28 ET]
Table 'Baillauda IV' 6-max Seat #2 is the button
Seat 1: kel3vr4_23 ($49.07 in chips) 
Seat 2: BoyLoc0 ($105.36 in chips) 
Seat 3: coeeeelho ($106.22 in chips) 
Seat 4: tukeiron ($103 in chips) 
Seat 5: UnderC@t ($106.78 in chips) 
Seat 6: AlexPinsk1 ($113.34 in chips) 
coeeeelho: posts small blind $0.50
tukeiron: posts big blind $1
*** HOLE CARDS ***
UnderC@t: folds 
AlexPinsk1: folds 
kel3vr4_23: folds 
BoyLoc0: folds 
coeeeelho: raises $2 to $3
tukeiron: calls $2
*** FLOP *** [Kc Ac 4d]
coeeeelho: checks 
tukeiron: bets $1.88
coeeeelho: calls $1.88
*** TURN *** [Kc Ac 4d] [2c]
coeeeelho: checks 
tukeiron: bets $18.54
coeeeelho: folds 
Uncalled bet ($18.54) returned to tukeiron
tukeiron collected $9.27 from pot
tukeiron: doesn't show hand 
*** SUMMARY ***
Total pot $9.76 | Rake $0.49 
Board [Kc Ac 4d 2c]
Seat 1: kel3vr4_23 folded before Flop (didn't bet)
Seat 2: BoyLoc0 (button) folded before Flop (didn't bet)
Seat 3: coeeeelho (small blind) folded on the Turn
Seat 4: tukeiron (big blind) collected ($9.27)
Seat 5: UnderC@t folded before Flop (didn't bet)
Seat 6: AlexPinsk1 folded before Flop (didn't bet)



PokerStars Hand #254501977819:  Hold'em No Limit ($0.50/$1.00 USD) - 2025/01/22 17:54:19 WET [2025/01/22 12:54:19 ET]
Table 'Baillauda IV' 6-max Seat #3 is the button
Seat 1: kel3vr4_23 ($49.07 in chips) 
Seat 2: BoyLoc0 ($105.36 in chips) 
Seat 3: coeeeelho ($101.34 in chips) 
Seat 4: tukeiron ($107.39 in chips) 
Seat 5: UnderC@t ($106.78 in chips) 
Seat 6: AlexPinsk1 ($113.34 in chips) 
tukeiron: posts small blind $0.50
UnderC@t: posts big blind $1
*** HOLE CARDS ***
AlexPinsk1: folds 
kel3vr4_23: folds 
BoyLoc0: folds 
coeeeelho: raises $1.50 to $2.50
tukeiron: folds 
UnderC@t: folds 
Uncalled bet ($1.50) returned to coeeeelho
coeeeelho collected $2.50 from pot
*** SUMMARY ***
Total pot $2.50 | Rake $0 
Seat 1: kel3vr4_23 folded before Flop (didn't bet)
Seat 2: BoyLoc0 folded before Flop (didn't bet)
Seat 3: coeeeelho (button) collected ($2.50)
Seat 4: tukeiron (small blind) folded before Flop
Seat 5: UnderC@t (big blind) folded before Flop
Seat 6: AlexPinsk1 folded before Flop (didn't bet)



PokerStars Hand #254501984708:  Hold'em No Limit ($0.50/$1.00 USD) - 2025/01/22 17:54:46 WET [2025/01/22 12:54:46 ET]
Table 'Baillauda IV' 6-max Seat #4 is the button
Seat 1: kel3vr4_23 ($49.07 in chips) 
Seat 2: BoyLoc0 ($105.36 in chips) 
Seat 3: coeeeelho ($102.84 in chips) 
Seat 4: tukeiron ($106.89 in chips) 
Seat 5: UnderC@t ($105.78 in chips) 
Seat 6: AlexPinsk1 ($113.34 in chips) 
UnderC@t: posts small blind $0.50
AlexPinsk1: posts big blind $1
*** HOLE CARDS ***
kel3vr4_23: raises $1 to $2
BoyLoc0: raises $5 to $7
coeeeelho: folds 
tukeiron: folds 
UnderC@t: folds 
AlexPinsk1: folds 
kel3vr4_23: calls $5
*** FLOP *** [3d 2c 3s]
kel3vr4_23: checks 
BoyLoc0: bets $7.36
kel3vr4_23: folds 
Uncalled bet ($7.36) returned to BoyLoc0
BoyLoc0 collected $14.72 from pot
BoyLoc0: doesn't show hand 
*** SUMMARY ***
Total pot $15.50 | Rake $0.78 
Board [3d 2c 3s]
Seat 1: kel3vr4_23 folded on the Flop
Seat 2: BoyLoc0 collected ($14.72)
Seat 3: coeeeelho folded before Flop (didn't bet)
Seat 4: tukeiron (button) folded before Flop (didn't bet)
Seat 5: UnderC@t (small blind) folded before Flop
Seat 6: AlexPinsk1 (big blind) folded before Flop



PokerStars Hand #254501995580:  Hold'em No Limit ($0.50/$1.00 USD) - 2025/01/22 17:55:34 WET [2025/01/22 12:55:34 ET]
Table 'Baillauda IV' 6-max Seat #5 is the button
Seat 1: kel3vr4_23 ($42.07 in chips) 
Seat 2: BoyLoc0 ($113.08 in chips) 
Seat 3: coeeeelho ($102.84 in chips) 
Seat 4: tukeiron ($106.89 in chips) 
Seat 5: UnderC@t ($105.28 in chips) 
Seat 6: AlexPinsk1 ($112.34 in chips) 
AlexPinsk1: posts small blind $0.50
kel3vr4_23: posts big blind $1
*** HOLE CARDS ***
BoyLoc0: folds 
coeeeelho: folds 
tukeiron: folds 
UnderC@t: raises $1.50 to $2.50
AlexPinsk1: folds 
kel3vr4_23: calls $1.50
*** FLOP *** [6c Kd 4h]
kel3vr4_23: checks 
UnderC@t: bets $1.57
kel3vr4_23: calls $1.57
*** TURN *** [6c Kd 4h] [Jd]
kel3vr4_23: checks 
UnderC@t: bets $4
kel3vr4_23: folds 
Uncalled bet ($4) returned to UnderC@t
UnderC@t collected $8.21 from pot
UnderC@t: doesn't show hand 
*** SUMMARY ***
Total pot $8.64 | Rake $0.43 
Board [6c Kd 4h Jd]
Seat 1: kel3vr4_23 (big blind) folded on the Turn
Seat 2: BoyLoc0 folded before Flop (didn't bet)
Seat 3: coeeeelho folded before Flop (didn't bet)
Seat 4: tukeiron folded before Flop (didn't bet)
Seat 5: UnderC@t (button) collected ($8.21)
Seat 6: AlexPinsk1 (small blind) folded before Flop



PokerStars Hand #254502005682:  Hold'em No Limit ($0.50/$1.00 USD) - 2025/01/22 17:56:26 WET [2025/01/22 12:56:26 ET]
Table 'Baillauda IV' 6-max Seat #6 is the button
Seat 1: kel3vr4_23 ($38 in chips) 
Seat 2: BoyLoc0 ($113.08 in chips) 
Seat 3: coeeeelho ($102.84 in chips) 
Seat 4: tukeiron ($106.89 in chips) 
Seat 5: UnderC@t ($109.42 in chips) 
Seat 6: AlexPinsk1 ($111.84 in chips) 
kel3vr4_23: posts small blind $0.50
BoyLoc0: posts big blind $1
*** HOLE CARDS ***
coeeeelho: folds 
tukeiron: folds 
UnderC@t: folds 
AlexPinsk1: folds 
kel3vr4_23: folds 
Uncalled bet ($0.50) returned to BoyLoc0
BoyLoc0 collected $1 from pot
BoyLoc0: doesn't show hand 
*** SUMMARY ***
Total pot $1 | Rake $0 
Seat 1: kel3vr4_23 (small blind) folded before Flop
Seat 2: BoyLoc0 (big blind) collected ($1)
Seat 3: coeeeelho folded before Flop (didn't bet)
Seat 4: tukeiron folded before Flop (didn't bet)
Seat 5: UnderC@t folded before Flop (didn't bet)
Seat 6: AlexPinsk1 (button) folded before Flop (didn't bet)



PokerStars Hand #254502007995:  Hold'em No Limit ($0.50/$1.00 USD) - 2025/01/22 17:56:38 WET [2025/01/22 12:56:38 ET]
Table 'Baillauda IV' 6-max Seat #1 is the button
Seat 1: kel3vr4_23 ($37.50 in chips) 
Seat 2: BoyLoc0 ($113.58 in chips) 
Seat 3: coeeeelho ($102.84 in chips) 
Seat 4: tukeiron ($106.89 in chips) 
Seat 5: UnderC@t ($109.42 in chips) 
Seat 6: AlexPinsk1 ($111.84 in chips) 
BoyLoc0: posts small blind $0.50
coeeeelho: posts big blind $1
*** HOLE CARDS ***
tukeiron: raises $1.10 to $2.10
UnderC@t: folds 
AlexPinsk1: folds 
kel3vr4_23: calls $2.10
BoyLoc0: folds 
coeeeelho: calls $1.10
*** FLOP *** [2s 6s Kd]
coeeeelho: checks 
tukeiron: checks 
kel3vr4_23: bets $2
coeeeelho: folds 
tukeiron: folds 
Uncalled bet ($2) returned to kel3vr4_23
kel3vr4_23 collected $6.46 from pot
kel3vr4_23: doesn't show hand 
*** SUMMARY ***
Total pot $6.80 | Rake $0.34 
Board [2s 6s Kd]
Seat 1: kel3vr4_23 (button) collected ($6.46)
Seat 2: BoyLoc0 (small blind) folded before Flop
Seat 3: coeeeelho (big blind) folded on the Flop
Seat 4: tukeiron folded on the Flop
Seat 5: UnderC@t folded before Flop (didn't bet)
Seat 6: AlexPinsk1 folded before Flop (didn't bet)



PokerStars Hand #254502017553:  Hold'em No Limit ($0.50/$1.00 USD) - 2025/01/22 17:57:27 WET [2025/01/22 12:57:27 ET]
Table 'Baillauda IV' 6-max Seat #2 is the button
Seat 1: kel3vr4_23 ($41.86 in chips) 
Seat 2: BoyLoc0 ($113.08 in chips) 
Seat 3: coeeeelho ($100.74 in chips) 
Seat 4: tukeiron ($104.79 in chips) 
Seat 5: UnderC@t ($109.42 in chips) 
Seat 6: AlexPinsk1 ($111.84 in chips) 
coeeeelho: posts small blind $0.50
tukeiron: posts big blind $1
*** HOLE CARDS ***
UnderC@t: folds 
AlexPinsk1: folds 
kel3vr4_23: folds 
BoyLoc0: folds 
coeeeelho: folds 
Uncalled bet ($0.50) returned to tukeiron
tukeiron collected $1 from pot
*** SUMMARY ***
Total pot $1 | Rake $0 
Seat 1: kel3vr4_23 folded before Flop (didn't bet)
Seat 2: BoyLoc0 (button) folded before Flop (didn't bet)
Seat 3: coeeeelho (small blind) folded before Flop
Seat 4: tukeiron (big blind) collected ($1)
Seat 5: UnderC@t folded before Flop (didn't bet)
Seat 6: AlexPinsk1 folded before Flop (didn't bet)



PokerStars Hand #254502019500:  Hold'em No Limit ($0.50/$1.00 USD) - 2025/01/22 17:57:37 WET [2025/01/22 12:57:37 ET]
Table 'Baillauda IV' 6-max Seat #3 is the button
Seat 1: kel3vr4_23 ($41.86 in chips) 
Seat 2: BoyLoc0 ($113.08 in chips) 
Seat 3: coeeeelho ($100.24 in chips) 
Seat 4: tukeiron ($105.29 in chips) 
Seat 5: UnderC@t ($109.42 in chips) 
Seat 6: AlexPinsk1 ($111.84 in chips) 
tukeiron: posts small blind $0.50
UnderC@t: posts big blind $1
*** HOLE CARDS ***
AlexPinsk1: folds 
kel3vr4_23: folds 
BoyLoc0: folds 
coeeeelho: folds 
tukeiron: raises $2 to $3
UnderC@t: folds 
Uncalled bet ($2) returned to tukeiron
tukeiron collected $2 from pot
*** SUMMARY ***
Total pot $2 | Rake $0 
Seat 1: kel3vr4_23 folded before Flop (didn't bet)
Seat 2: BoyLoc0 folded before Flop (didn't bet)
Seat 3: coeeeelho (button) folded before Flop (didn't bet)
Seat 4: tukeiron (small blind) collected ($2)
Seat 5: UnderC@t (big blind) folded before Flop
Seat 6: AlexPinsk1 folded before Flop (didn't bet)



PokerStars Hand #254502023519:  Hold'em No Limit ($0.50/$1.00 USD) - 2025/01/22 17:57:57 WET [2025/01/22 12:57:57 ET]
Table 'Baillauda IV' 6-max Seat #4 is the button
Seat 1: kel3vr4_23 ($41.86 in chips) 
Seat 2: BoyLoc0 ($113.08 in chips) 
Seat 3: coeeeelho ($100.24 in chips) 
Seat 4: tukeiron ($106.29 in chips) 
Seat 5: UnderC@t ($108.42 in chips) 
Seat 6: AlexPinsk1 ($111.84 in chips) 
UnderC@t: posts small blind $0.50
AlexPinsk1: posts big blind $1
*** HOLE CARDS ***
kel3vr4_23: folds 
BoyLoc0: folds 
coeeeelho: folds 
tukeiron: raises $1.50 to $2.50
UnderC@t: folds 
AlexPinsk1: raises $9.50 to $12
tukeiron: folds 
Uncalled bet ($9.50) returned to AlexPinsk1
AlexPinsk1 collected $5.50 from pot
AlexPinsk1: doesn't show hand 
*** SUMMARY ***
Total pot $5.50 | Rake $0 
Seat 1: kel3vr4_23 folded before Flop (didn't bet)
Seat 2: BoyLoc0 folded before Flop (didn't bet)
Seat 3: coeeeelho folded before Flop (didn't bet)
Seat 4: tukeiron (button) folded before Flop
Seat 5: UnderC@t (small blind) folded before Flop
Seat 6: AlexPinsk1 (big blind) collected ($5.50)



PokerStars Hand #254502028966:  Hold'em No Limit ($0.50/$1.00 USD) - 2025/01/22 17:58:25 WET [2025/01/22 12:58:25 ET]
Table 'Baillauda IV' 6-max Seat #5 is the button
Seat 1: kel3vr4_23 ($41.86 in chips) 
Seat 2: BoyLoc0 ($113.08 in chips) 
Seat 3: coeeeelho ($100.24 in chips) 
Seat 4: tukeiron ($103.79 in chips) 
Seat 5: UnderC@t ($107.92 in chips) 
Seat 6: AlexPinsk1 ($114.84 in chips) 
AlexPinsk1: posts small blind $0.50
kel3vr4_23: posts big blind $1
*** HOLE CARDS ***
BoyLoc0: raises $1.50 to $2.50
coeeeelho: folds 
tukeiron: folds 
UnderC@t: folds 
AlexPinsk1: folds 
kel3vr4_23: calls $1.50
*** FLOP *** [8c Jh 8h]
kel3vr4_23: checks 
BoyLoc0: bets $3.92
kel3vr4_23: folds 
Uncalled bet ($3.92) returned to BoyLoc0
BoyLoc0 collected $5.22 from pot
BoyLoc0: doesn't show hand 
*** SUMMARY ***
Total pot $5.50 | Rake $0.28 
Board [8c Jh 8h]
Seat 1: kel3vr4_23 (big blind) folded on the Flop
Seat 2: BoyLoc0 collected ($5.22)
Seat 3: coeeeelho folded before Flop (didn't bet)
Seat 4: tukeiron folded before Flop (didn't bet)
Seat 5: UnderC@t (button) folded before Flop (didn't bet)
Seat 6: AlexPinsk1 (small blind) folded before Flop



PokerStars Hand #254502056631:  Hold'em No Limit ($0.50/$1.00 USD) - 2025/01/22 18:00:48 WET [2025/01/22 13:00:48 ET]
Table 'Baillauda IV' 6-max Seat #4 is the button
Seat 1: kel3vr4_23 ($38.86 in chips) 
Seat 2: BoyLoc0 ($118 in chips) 
Seat 3: coeeeelho ($100 in chips) 
Seat 4: tukeiron ($103.79 in chips) 
Seat 5: UnderC@t ($114.17 in chips) 
Seat 6: AlexPinsk1 ($107.92 in chips) 
UnderC@t: posts small blind $0.50
AlexPinsk1: posts big blind $1
*** HOLE CARDS ***
kel3vr4_23: folds 
BoyLoc0: folds 
coeeeelho: folds 
tukeiron: raises $1.50 to $2.50
UnderC@t: folds 
AlexPinsk1: folds 
Uncalled bet ($1.50) returned to tukeiron
tukeiron collected $2.50 from pot
*** SUMMARY ***
Total pot $2.50 | Rake $0 
Seat 1: kel3vr4_23 folded before Flop (didn't bet)
Seat 2: BoyLoc0 folded before Flop (didn't bet)
Seat 3: coeeeelho folded before Flop (didn't bet)
Seat 4: tukeiron (button) collected ($2.50)
Seat 5: UnderC@t (small blind) folded before Flop
Seat 6: AlexPinsk1 (big blind) folded before Flop



PokerStars Hand #254502060987:  Hold'em No Limit ($0.50/$1.00 USD) - 2025/01/22 18:01:08 WET [2025/01/22 13:01:08 ET]
Table 'Baillauda IV' 6-max Seat #5 is the button
Seat 1: kel3vr4_23 ($38.86 in chips) 
Seat 2: BoyLoc0 ($118 in chips) 
Seat 3: coeeeelho ($100 in chips) 
Seat 4: tukeiron ($105.29 in chips) 
Seat 5: UnderC@t ($113.67 in chips) 
Seat 6: AlexPinsk1 ($106.92 in chips) 
AlexPinsk1: posts small blind $0.50
kel3vr4_23: posts big blind $1
*** HOLE CARDS ***
BoyLoc0: raises $1.50 to $2.50
coeeeelho: folds 
tukeiron: folds 
UnderC@t: folds 
AlexPinsk1: folds 
kel3vr4_23: calls $1.50
*** FLOP *** [Kd Tc 5c]
kel3vr4_23: checks 
BoyLoc0: bets $1.72
kel3vr4_23: calls $1.72
*** TURN *** [Kd Tc 5c] [7s]
kel3vr4_23: checks 
BoyLoc0: bets $6.37
kel3vr4_23: calls $6.37
*** RIVER *** [Kd Tc 5c 7s] [Jh]
kel3vr4_23: bets $10.30
BoyLoc0: raises $20.60 to $30.90
kel3vr4_23: calls $17.97 and is all-in
Uncalled bet ($2.63) returned to BoyLoc0
*** SHOW DOWN ***
BoyLoc0: shows [Ts Th] (three of a kind, Tens)
kel3vr4_23: shows [5s 5h] (three of a kind, Fives)
BoyLoc0 collected $75.72 from pot
*** SUMMARY ***
Total pot $78.22 | Rake $2.50 
Board [Kd Tc 5c 7s Jh]
Seat 1: kel3vr4_23 (big blind) showed [5s 5h] and lost with three of a kind, Fives
Seat 2: BoyLoc0 showed [Ts Th] and won ($75.72) with three of a kind, Tens
Seat 3: coeeeelho folded before Flop (didn't bet)
Seat 4: tukeiron folded before Flop (didn't bet)
Seat 5: UnderC@t (button) folded before Flop (didn't bet)
Seat 6: AlexPinsk1 (small blind) folded before Flop



PokerStars Hand #254502072119:  Hold'em No Limit ($0.50/$1.00 USD) - 2025/01/22 18:01:57 WET [2025/01/22 13:01:57 ET]
Table 'Baillauda IV' 6-max Seat #6 is the button
Seat 1: kel3vr4_23 ($0 in chips) is sitting out
Seat 2: BoyLoc0 ($154.86 in chips) 
Seat 3: coeeeelho ($100 in chips) 
Seat 4: tukeiron ($105.29 in chips) 
Seat 5: UnderC@t ($113.67 in chips) 
Seat 6: AlexPinsk1 ($106.42 in chips) 
BoyLoc0: posts small blind $0.50
coeeeelho: posts big blind $1
*** HOLE CARDS ***
tukeiron: folds 
UnderC@t: folds 
kel3vr4_23 leaves the table
AlexPinsk1: raises $1.50 to $2.50
BoyLoc0: folds 
GuigaMan joins the table at seat #1 
coeeeelho: folds 
Uncalled bet ($1.50) returned to AlexPinsk1
AlexPinsk1 collected $2.50 from pot
AlexPinsk1: doesn't show hand 
*** SUMMARY ***
Total pot $2.50 | Rake $0 
Seat 1: kel3vr4_23
Seat 2: BoyLoc0 (small blind) folded before Flop
Seat 3: coeeeelho (big blind) folded before Flop
Seat 4: tukeiron folded before Flop (didn't bet)
Seat 5: UnderC@t folded before Flop (didn't bet)
Seat 6: AlexPinsk1 (button) collected ($2.50)



PokerStars Hand #254502079982:  Hold'em No Limit ($0.50/$1.00 USD) - 2025/01/22 18:02:28 WET [2025/01/22 13:02:28 ET]
Table 'Baillauda IV' 6-max Seat #2 is the button
Seat 1: GuigaMan ($100 in chips) is sitting out
Seat 2: BoyLoc0 ($154.36 in chips) 
Seat 3: coeeeelho ($100 in chips) 
Seat 4: tukeiron ($105.29 in chips) 
Seat 5: UnderC@t ($113.67 in chips) 
Seat 6: AlexPinsk1 ($107.92 in chips) 
coeeeelho: posts small blind $0.50
tukeiron: posts big blind $1
GuigaMan: sits out 
*** HOLE CARDS ***
UnderC@t: folds 
AlexPinsk1: folds 
BoyLoc0: folds 
coeeeelho: raises $2 to $3
tukeiron: calls $2
*** FLOP *** [6d 3h 5d]
coeeeelho: checks 
tukeiron: bets $4.28
coeeeelho: folds 
Uncalled bet ($4.28) returned to tukeiron
tukeiron collected $5.70 from pot
*** SUMMARY ***
Total pot $6 | Rake $0.30 
Board [6d 3h 5d]
Seat 1: GuigaMan
Seat 2: BoyLoc0 (button) folded before Flop (didn't bet)
Seat 3: coeeeelho (small blind) folded on the Flop
Seat 4: tukeiron (big blind) collected ($5.70)
Seat 5: UnderC@t folded before Flop (didn't bet)
Seat 6: AlexPinsk1 folded before Flop (didn't bet)



PokerStars Hand #254502095524:  Hold'em No Limit ($0.50/$1.00 USD) - 2025/01/22 18:03:29 WET [2025/01/22 13:03:29 ET]
Table 'Baillauda IV' 6-max Seat #3 is the button
Seat 1: GuigaMan ($100 in chips) is sitting out
Seat 2: BoyLoc0 ($154.36 in chips) 
Seat 3: coeeeelho ($100 in chips) 
Seat 4: tukeiron ($107.99 in chips) 
Seat 5: UnderC@t ($113.67 in chips) 
Seat 6: AlexPinsk1 ($107.92 in chips) 
tukeiron: posts small blind $0.50
UnderC@t: posts big blind $1
GuigaMan: sits out 
*** HOLE CARDS ***
AlexPinsk1: folds 
BoyLoc0: folds 
coeeeelho: raises $1.50 to $2.50
tukeiron: raises $9 to $11.50
UnderC@t: folds 
coeeeelho: folds 
Uncalled bet ($9) returned to tukeiron
tukeiron collected $6 from pot
*** SUMMARY ***
Total pot $6 | Rake $0 
Seat 1: GuigaMan
Seat 2: BoyLoc0 folded before Flop (didn't bet)
Seat 3: coeeeelho (button) folded before Flop
Seat 4: tukeiron (small blind) collected ($6)
Seat 5: UnderC@t (big blind) folded before Flop
Seat 6: AlexPinsk1 folded before Flop (didn't bet)



PokerStars Hand #254502101870:  Hold'em No Limit ($0.50/$1.00 USD) - 2025/01/22 18:03:54 WET [2025/01/22 13:03:54 ET]
Table 'Baillauda IV' 6-max Seat #4 is the button
Seat 1: GuigaMan ($100 in chips) is sitting out
Seat 2: BoyLoc0 ($154.36 in chips) 
Seat 3: coeeeelho ($100 in chips) 
Seat 4: tukeiron ($111.49 in chips) 
Seat 5: UnderC@t ($112.67 in chips) 
Seat 6: AlexPinsk1 ($107.92 in chips) 
UnderC@t: posts small blind $0.50
AlexPinsk1: posts big blind $1
GuigaMan: sits out 
*** HOLE CARDS ***
BoyLoc0: folds 
coeeeelho: raises $1.20 to $2.20
tukeiron: folds 
UnderC@t: folds 
AlexPinsk1: raises $9.80 to $12
coeeeelho: folds 
Uncalled bet ($9.80) returned to AlexPinsk1
AlexPinsk1 collected $4.90 from pot
AlexPinsk1: doesn't show hand 
*** SUMMARY ***
Total pot $4.90 | Rake $0 
Seat 1: GuigaMan
Seat 2: BoyLoc0 folded before Flop (didn't bet)
Seat 3: coeeeelho folded before Flop
Seat 4: tukeiron (button) folded before Flop (didn't bet)
Seat 5: UnderC@t (small blind) folded before Flop
Seat 6: AlexPinsk1 (big blind) collected ($4.90)



PokerStars Hand #254502108113:  Hold'em No Limit ($0.50/$1.00 USD) - 2025/01/22 18:04:19 WET [2025/01/22 13:04:19 ET]
Table 'Baillauda IV' 6-max Seat #5 is the button
Seat 1: GuigaMan ($100 in chips) 
Seat 2: BoyLoc0 ($154.36 in chips) 
Seat 3: coeeeelho ($100 in chips) 
Seat 4: tukeiron ($111.49 in chips) 
Seat 5: UnderC@t ($112.17 in chips) 
Seat 6: AlexPinsk1 ($110.62 in chips) 
AlexPinsk1: posts small blind $0.50
GuigaMan: posts big blind $1
*** HOLE CARDS ***
BoyLoc0: folds 
coeeeelho: raises $1.20 to $2.20
tukeiron: folds 
UnderC@t: raises $4.80 to $7
AlexPinsk1: folds 
GuigaMan: folds 
coeeeelho: folds 
Uncalled bet ($4.80) returned to UnderC@t
UnderC@t collected $5.90 from pot
UnderC@t: doesn't show hand 
*** SUMMARY ***
Total pot $5.90 | Rake $0 
Seat 1: GuigaMan (big blind) folded before Flop
Seat 2: BoyLoc0 folded before Flop (didn't bet)
Seat 3: coeeeelho folded before Flop
Seat 4: tukeiron folded before Flop (didn't bet)
Seat 5: UnderC@t (button) collected ($5.90)
Seat 6: AlexPinsk1 (small blind) folded before Flop



PokerStars Hand #254502114681:  Hold'em No Limit ($0.50/$1.00 USD) - 2025/01/22 18:04:44 WET [2025/01/22 13:04:44 ET]
Table 'Baillauda IV' 6-max Seat #6 is the button
Seat 2: BoyLoc0 ($154.36 in chips) is sitting out
Seat 1: GuigaMan ($100 in chips) 
Seat 3: coeeeelho ($100 in chips) 
Seat 4: tukeiron ($111.49 in chips) 
Seat 5: UnderC@t ($115.87 in chips) 
Seat 6: AlexPinsk1 ($110.12 in chips) 
GuigaMan: posts small blind $0.50
BoyLoc0: is sitting out 
coeeeelho: posts big blind $1
*** HOLE CARDS ***
BoyLoc0 leaves the table
tukeiron: folds 
UnderC@t: raises $1.50 to $2.50
AlexPinsk1: folds 
GuigaMan: folds 
coeeeelho: folds 
Uncalled bet ($1.50) returned to UnderC@t
UnderC@t collected $2.50 from pot
UnderC@t: doesn't show hand 
*** SUMMARY ***
Total pot $2.50 | Rake $0 
Seat 2: BoyLoc0
Seat 1: GuigaMan (small blind) folded before Flop
Seat 3: coeeeelho (big blind) folded before Flop
Seat 4: tukeiron folded before Flop (didn't bet)
Seat 5: UnderC@t collected ($2.50)
Seat 6: AlexPinsk1 (button) folded before Flop (didn't bet)



PokerStars Hand #254502119710:  Hold'em No Limit ($0.50/$1.00 USD) - 2025/01/22 18:05:04 WET [2025/01/22 13:05:04 ET]
Table 'Baillauda IV' 6-max Seat #1 is the button
Seat 1: GuigaMan ($100 in chips) 
Seat 3: coeeeelho ($100 in chips) 
Seat 4: tukeiron ($111.49 in chips) 
Seat 5: UnderC@t ($117.37 in chips) 
Seat 6: AlexPinsk1 ($110.12 in chips) 
coeeeelho: posts small blind $0.50
tukeiron: posts big blind $1
*** HOLE CARDS ***
UnderC@t: folds 
AlexPinsk1: raises $1.50 to $2.50
GuigaMan: folds 
coeeeelho: folds 
tukeiron: calls $1.50
*** FLOP *** [Qs 8c 9d]
tukeiron: checks 
AlexPinsk1: bets $3.92
tukeiron: folds 
Uncalled bet ($3.92) returned to AlexPinsk1
AlexPinsk1 collected $5.22 from pot
AlexPinsk1: doesn't show hand 
*** SUMMARY ***
Total pot $5.50 | Rake $0.28 
Board [Qs 8c 9d]
Seat 1: GuigaMan (button) folded before Flop (didn't bet)
Seat 3: coeeeelho (small blind) folded before Flop
Seat 4: tukeiron (big blind) folded on the Flop
Seat 5: UnderC@t folded before Flop (didn't bet)
Seat 6: AlexPinsk1 collected ($5.22)



PokerStars Hand #254502128219:  Hold'em No Limit ($0.50/$1.00 USD) - 2025/01/22 18:05:36 WET [2025/01/22 13:05:36 ET]
Table 'Baillauda IV' 6-max Seat #3 is the button
Seat 1: GuigaMan ($100 in chips) 
Seat 3: coeeeelho ($100 in chips) 
Seat 4: tukeiron ($108.99 in chips) 
Seat 5: UnderC@t ($117.37 in chips) 
Seat 6: AlexPinsk1 ($112.84 in chips) 
tukeiron: posts small blind $0.50
UnderC@t: posts big blind $1
*** HOLE CARDS ***
AlexPinsk1: folds 
GuigaMan: folds 
coeeeelho: folds 
tukeiron: folds 
Uncalled bet ($0.50) returned to UnderC@t
UnderC@t collected $1 from pot
UnderC@t: doesn't show hand 
*** SUMMARY ***
Total pot $1 | Rake $0 
Seat 1: GuigaMan folded before Flop (didn't bet)
Seat 3: coeeeelho (button) folded before Flop (didn't bet)
Seat 4: tukeiron (small blind) folded before Flop
Seat 5: UnderC@t (big blind) collected ($1)
Seat 6: AlexPinsk1 folded before Flop (didn't bet)



PokerStars Hand #254502132627:  Hold'em No Limit ($0.50/$1.00 USD) - 2025/01/22 18:05:53 WET [2025/01/22 13:05:53 ET]
Table 'Baillauda IV' 6-max Seat #4 is the button
Seat 6: AlexPinsk1 ($112.84 in chips) is sitting out
Seat 1: GuigaMan ($100 in chips) 
Seat 3: coeeeelho ($100 in chips) 
Seat 4: tukeiron ($108.49 in chips) 
Seat 5: UnderC@t ($117.87 in chips) 
UnderC@t: posts small blind $0.50
AlexPinsk1: is sitting out 
GuigaMan: posts big blind $1
*** HOLE CARDS ***
coeeeelho: folds 
tukeiron: folds 
UnderC@t: raises $2 to $3
GuigaMan: folds 
Uncalled bet ($2) returned to UnderC@t
UnderC@t collected $2 from pot
UnderC@t: doesn't show hand 
*** SUMMARY ***
Total pot $2 | Rake $0 
Seat 6: AlexPinsk1
Seat 1: GuigaMan (big blind) folded before Flop
Seat 3: coeeeelho folded before Flop (didn't bet)
Seat 4: tukeiron (button) folded before Flop (didn't bet)
Seat 5: UnderC@t (small blind) collected ($2)



PokerStars Hand #254502136628:  Hold'em No Limit ($0.50/$1.00 USD) - 2025/01/22 18:06:09 WET [2025/01/22 13:06:09 ET]
Table 'Baillauda IV' 6-max Seat #5 is the button
Seat 6: AlexPinsk1 ($112.84 in chips) is sitting out
Seat 1: GuigaMan ($100 in chips) 
Seat 3: coeeeelho ($100 in chips) 
Seat 4: tukeiron ($108.49 in chips) 
Seat 5: UnderC@t ($118.87 in chips) 
GuigaMan: posts small blind $0.50
coeeeelho: posts big blind $1
*** HOLE CARDS ***
tukeiron: folds 
UnderC@t: raises $1.50 to $2.50
GuigaMan: folds 
coeeeelho: calls $1.50
*** FLOP *** [Qc 3h 9d]
coeeeelho: checks 
UnderC@t: bets $1.57
coeeeelho: folds 
Uncalled bet ($1.57) returned to UnderC@t
UnderC@t collected $5.22 from pot
UnderC@t: doesn't show hand 
*** SUMMARY ***
Total pot $5.50 | Rake $0.28 
Board [Qc 3h 9d]
Seat 6: AlexPinsk1
Seat 1: GuigaMan (small blind) folded before Flop
Seat 3: coeeeelho (big blind) folded on the Flop
Seat 4: tukeiron folded before Flop (didn't bet)
Seat 5: UnderC@t (button) collected ($5.22)



PokerStars Hand #254502144783:  Hold'em No Limit ($0.50/$1.00 USD) - 2025/01/22 18:06:41 WET [2025/01/22 13:06:41 ET]
Table 'Baillauda IV' 6-max Seat #1 is the button
Seat 6: AlexPinsk1 ($112.84 in chips) is sitting out
Seat 1: GuigaMan ($100 in chips) 
Seat 3: coeeeelho ($100 in chips) 
Seat 4: tukeiron ($108.49 in chips) 
Seat 5: UnderC@t ($121.59 in chips) 
coeeeelho: posts small blind $0.50
tukeiron: posts big blind $1
*** HOLE CARDS ***
UnderC@t: folds 
GuigaMan: folds 
UnderC@t leaves the table
coeeeelho: raises $2 to $3
tukeiron: calls $2
*** FLOP *** [As Ks 8d]
shave_mustache joins the table at seat #5 
coeeeelho: checks 
tukeiron: checks 
*** TURN *** [As Ks 8d] [4h]
coeeeelho: bets $14.02
tukeiron: folds 
Uncalled bet ($14.02) returned to coeeeelho
coeeeelho collected $5.70 from pot
*** SUMMARY ***
Total pot $6 | Rake $0.30 
Board [As Ks 8d 4h]
Seat 6: AlexPinsk1
Seat 1: GuigaMan (button) folded before Flop (didn't bet)
Seat 3: coeeeelho (small blind) collected ($5.70)
Seat 4: tukeiron (big blind) folded on the Turn
Seat 5: UnderC@t folded before Flop (didn't bet)



PokerStars Hand #254502156433:  Hold'em No Limit ($0.50/$1.00 USD) - 2025/01/22 18:07:26 WET [2025/01/22 13:07:26 ET]
Table 'Baillauda IV' 6-max Seat #3 is the button
Seat 6: AlexPinsk1 ($112.84 in chips) is sitting out
Seat 1: GuigaMan ($100 in chips) 
Seat 3: coeeeelho ($102.70 in chips) 
Seat 4: tukeiron ($105.49 in chips) 
Seat 5: shave_mustache ($100 in chips) 
tukeiron: posts small blind $0.50
shave_mustache: posts big blind $1
*** HOLE CARDS ***
GuigaMan: raises $1.20 to $2.20
coeeeelho: folds 
tukeiron: folds 
shave_mustache: folds 
Uncalled bet ($1.20) returned to GuigaMan
GuigaMan collected $2.50 from pot
*** SUMMARY ***
Total pot $2.50 | Rake $0 
Seat 6: AlexPinsk1
Seat 1: GuigaMan collected ($2.50)
Seat 3: coeeeelho (button) folded before Flop (didn't bet)
Seat 4: tukeiron (small blind) folded before Flop
Seat 5: shave_mustache (big blind) folded before Flop



PokerStars Hand #254502163977:  Hold'em No Limit ($0.50/$1.00 USD) - 2025/01/22 18:07:54 WET [2025/01/22 13:07:54 ET]
Table 'Baillauda IV' 6-max Seat #4 is the button
Seat 6: AlexPinsk1 ($112.84 in chips) is sitting out
Seat 1: GuigaMan ($101.50 in chips) 
Seat 3: coeeeelho ($102.70 in chips) 
Seat 4: tukeiron ($104.99 in chips) 
Seat 5: shave_mustache ($100 in chips) 
shave_mustache: posts small blind $0.50
GuigaMan: posts big blind $1
*** HOLE CARDS ***
BrilliantDawn84 joins the table at seat #2 
coeeeelho: folds 
tukeiron: folds 
shave_mustache: raises $2 to $3
GuigaMan: raises $6 to $9
shave_mustache: calls $6
*** FLOP *** [9c Ah Kh]
shave_mustache: checks 
GuigaMan: bets $5.13
shave_mustache: raises $14.87 to $20
GuigaMan: calls $14.87
*** TURN *** [9c Ah Kh] [5d]
shave_mustache: bets $28.50
GuigaMan: calls $28.50
*** RIVER *** [9c Ah Kh 5d] [6d]
shave_mustache: bets $42.50 and is all-in
GuigaMan: folds 
Uncalled bet ($42.50) returned to shave_mustache
shave_mustache collected $114 from pot
shave_mustache: doesn't show hand 
*** SUMMARY ***
Total pot $115 | Rake $1 
Board [9c Ah Kh 5d 6d]
Seat 6: AlexPinsk1
Seat 1: GuigaMan (big blind) folded on the River
Seat 3: coeeeelho folded before Flop (didn't bet)
Seat 4: tukeiron (button) folded before Flop (didn't bet)
Seat 5: shave_mustache (small blind) collected ($114)



PokerStars Hand #254502189954:  Hold'em No Limit ($0.50/$1.00 USD) - 2025/01/22 18:09:33 WET [2025/01/22 13:09:33 ET]
Table 'Baillauda IV' 6-max Seat #5 is the button
Seat 6: AlexPinsk1 ($112.84 in chips) is sitting out
Seat 1: GuigaMan ($100 in chips) 
Seat 2: BrilliantDawn84 ($100 in chips) 
Seat 3: coeeeelho ($102.70 in chips) 
Seat 4: tukeiron ($104.99 in chips) 
Seat 5: shave_mustache ($156.50 in chips) 
GuigaMan: posts small blind $0.50
BrilliantDawn84: posts big blind $1
*** HOLE CARDS ***
coeeeelho: folds 
tukeiron: folds 
shave_mustache: folds 
GuigaMan: raises $2 to $3
BrilliantDawn84: folds 
Uncalled bet ($2) returned to GuigaMan
GuigaMan collected $2 from pot
*** SUMMARY ***
Total pot $2 | Rake $0 
Seat 6: AlexPinsk1
Seat 1: GuigaMan (small blind) collected ($2)
Seat 2: BrilliantDawn84 (big blind) folded before Flop
Seat 3: coeeeelho folded before Flop (didn't bet)
Seat 4: tukeiron folded before Flop (didn't bet)
Seat 5: shave_mustache (button) folded before Flop (didn't bet)



PokerStars Hand #254502195194:  Hold'em No Limit ($0.50/$1.00 USD) - 2025/01/22 18:09:53 WET [2025/01/22 13:09:53 ET]
Table 'Baillauda IV' 6-max Seat #1 is the button
Seat 6: AlexPinsk1 ($112.84 in chips) is sitting out
Seat 1: GuigaMan ($101 in chips) 
Seat 2: BrilliantDawn84 ($99 in chips) 
Seat 3: coeeeelho ($102.70 in chips) 
Seat 4: tukeiron ($104.99 in chips) 
Seat 5: shave_mustache ($156.50 in chips) 
BrilliantDawn84: posts small blind $0.50
coeeeelho: posts big blind $1
*** HOLE CARDS ***
tukeiron: folds 
shave_mustache: folds 
GuigaMan: folds 
BrilliantDawn84: raises $1.50 to $2.50
coeeeelho: calls $1.50
*** FLOP *** [Ah 3s 6d]
BrilliantDawn84: checks 
coeeeelho: bets $1.19
BrilliantDawn84: calls $1.19
*** TURN *** [Ah 3s 6d] [5d]
BrilliantDawn84: checks 
coeeeelho: bets $10.52
BrilliantDawn84: calls $10.52
*** RIVER *** [Ah 3s 6d 5d] [8d]
BrilliantDawn84: bets $24.75
coeeeelho: folds 
Uncalled bet ($24.75) returned to BrilliantDawn84
BrilliantDawn84 collected $27 from pot
BrilliantDawn84: doesn't show hand 
*** SUMMARY ***
Total pot $28.42 | Rake $1.42 
Board [Ah 3s 6d 5d 8d]
Seat 6: AlexPinsk1
Seat 1: GuigaMan (button) folded before Flop (didn't bet)
Seat 2: BrilliantDawn84 (small blind) collected ($27)
Seat 3: coeeeelho (big blind) folded on the River
Seat 4: tukeiron folded before Flop (didn't bet)
Seat 5: shave_mustache folded before Flop (didn't bet)



PokerStars Hand #254502210701:  Hold'em No Limit ($0.50/$1.00 USD) - 2025/01/22 18:10:53 WET [2025/01/22 13:10:53 ET]
Table 'Baillauda IV' 6-max Seat #2 is the button
Seat 6: AlexPinsk1 ($112.84 in chips) is sitting out
Seat 1: GuigaMan ($101 in chips) 
Seat 2: BrilliantDawn84 ($111.79 in chips) 
Seat 3: coeeeelho ($100 in chips) 
Seat 4: tukeiron ($104.99 in chips) 
Seat 5: shave_mustache ($156.50 in chips) 
coeeeelho: posts small blind $0.50
tukeiron: posts big blind $1
*** HOLE CARDS ***
shave_mustache: folds 
GuigaMan: folds 
BrilliantDawn84: raises $1.50 to $2.50
coeeeelho: folds 
tukeiron: folds 
Uncalled bet ($1.50) returned to BrilliantDawn84
BrilliantDawn84 collected $2.50 from pot
BrilliantDawn84: doesn't show hand 
*** SUMMARY ***
Total pot $2.50 | Rake $0 
Seat 6: AlexPinsk1
Seat 1: GuigaMan folded before Flop (didn't bet)
Seat 2: BrilliantDawn84 (button) collected ($2.50)
Seat 3: coeeeelho (small blind) folded before Flop
Seat 4: tukeiron (big blind) folded before Flop
Seat 5: shave_mustache folded before Flop (didn't bet)



PokerStars Hand #254502216433:  Hold'em No Limit ($0.50/$1.00 USD) - 2025/01/22 18:11:15 WET [2025/01/22 13:11:15 ET]
Table 'Baillauda IV' 6-max Seat #3 is the button
Seat 5: shave_mustache ($156.50 in chips) is sitting out
Seat 6: AlexPinsk1 ($112.84 in chips) is sitting out
Seat 1: GuigaMan ($101 in chips) 
Seat 2: BrilliantDawn84 ($113.29 in chips) 
Seat 3: coeeeelho ($100 in chips) 
Seat 4: tukeiron ($103.99 in chips) 
tukeiron: posts small blind $0.50
shave_mustache: is sitting out 
GuigaMan: posts big blind $1
*** HOLE CARDS ***
BrilliantDawn84: folds 
shave_mustache leaves the table
coeeeelho: raises $1.50 to $2.50
tukeiron: folds 
GuigaMan: folds 
Uncalled bet ($1.50) returned to coeeeelho
coeeeelho collected $2.50 from pot
*** SUMMARY ***
Total pot $2.50 | Rake $0 
Seat 5: shave_mustache
Seat 6: AlexPinsk1
Seat 1: GuigaMan (big blind) folded before Flop
Seat 2: BrilliantDawn84 folded before Flop (didn't bet)
Seat 3: coeeeelho (button) collected ($2.50)
Seat 4: tukeiron (small blind) folded before Flop



PokerStars Hand #254502220485:  Hold'em No Limit ($0.50/$1.00 USD) - 2025/01/22 18:11:30 WET [2025/01/22 13:11:30 ET]
Table 'Baillauda IV' 6-max Seat #4 is the button
Seat 6: AlexPinsk1 ($112.84 in chips) is sitting out
Seat 1: GuigaMan ($100 in chips) 
Seat 2: BrilliantDawn84 ($113.29 in chips) 
Seat 3: coeeeelho ($101.50 in chips) 
Seat 4: tukeiron ($103.49 in chips) 
GuigaMan: posts small blind $0.50
BrilliantDawn84: posts big blind $1
*** HOLE CARDS ***
coeeeelho: folds 
tukeiron: raises $1.50 to $2.50
GuigaMan: folds 
BrilliantDawn84: folds 
Uncalled bet ($1.50) returned to tukeiron
tukeiron collected $2.50 from pot
*** SUMMARY ***
Total pot $2.50 | Rake $0 
Seat 6: AlexPinsk1
Seat 1: GuigaMan (small blind) folded before Flop
Seat 2: BrilliantDawn84 (big blind) folded before Flop
Seat 3: coeeeelho folded before Flop (didn't bet)
Seat 4: tukeiron (button) collected ($2.50)



PokerStars Hand #254502227382:  Hold'em No Limit ($0.50/$1.00 USD) - 2025/01/22 18:11:56 WET [2025/01/22 13:11:56 ET]
Table 'Baillauda IV' 6-max Seat #1 is the button
Seat 6: AlexPinsk1 ($112.84 in chips) is sitting out
Seat 1: GuigaMan ($100 in chips) 
Seat 2: BrilliantDawn84 ($112.29 in chips) 
Seat 3: coeeeelho ($101.50 in chips) 
Seat 4: tukeiron ($104.99 in chips) 
BrilliantDawn84: posts small blind $0.50
coeeeelho: posts big blind $1
*** HOLE CARDS ***
tukeiron: folds 
GuigaMan: folds 
BrilliantDawn84: folds 
Uncalled bet ($0.50) returned to coeeeelho
coeeeelho collected $1 from pot
*** SUMMARY ***
Total pot $1 | Rake $0 
Seat 6: AlexPinsk1
Seat 1: GuigaMan (button) folded before Flop (didn't bet)
Seat 2: BrilliantDawn84 (small blind) folded before Flop
Seat 3: coeeeelho (big blind) collected ($1)
Seat 4: tukeiron folded before Flop (didn't bet)



PokerStars Hand #254502230252:  Hold'em No Limit ($0.50/$1.00 USD) - 2025/01/22 18:12:06 WET [2025/01/22 13:12:06 ET]
Table 'Baillauda IV' 6-max Seat #2 is the button
Seat 6: AlexPinsk1 ($112.84 in chips) is sitting out
Seat 1: GuigaMan ($100 in chips) 
Seat 2: BrilliantDawn84 ($111.79 in chips) 
Seat 3: coeeeelho ($102 in chips) 
Seat 4: tukeiron ($104.99 in chips) 
coeeeelho: posts small blind $0.50
tukeiron: posts big blind $1
*** HOLE CARDS ***
GuigaMan: folds 
BrilliantDawn84: folds 
coeeeelho: raises $2 to $3
tukeiron: raises $6 to $9
coeeeelho: folds 
Uncalled bet ($6) returned to tukeiron
tukeiron collected $6 from pot
*** SUMMARY ***
Total pot $6 | Rake $0 
Seat 6: AlexPinsk1
Seat 1: GuigaMan folded before Flop (didn't bet)
Seat 2: BrilliantDawn84 (button) folded before Flop (didn't bet)
Seat 3: coeeeelho (small blind) folded before Flop
Seat 4: tukeiron (big blind) collected ($6)



PokerStars Hand #254502238300:  Hold'em No Limit ($0.50/$1.00 USD) - 2025/01/22 18:12:36 WET [2025/01/22 13:12:36 ET]
Table 'Baillauda IV' 6-max Seat #3 is the button
Seat 6: AlexPinsk1 ($112.84 in chips) is sitting out
Seat 1: GuigaMan ($100 in chips) 
Seat 2: BrilliantDawn84 ($111.79 in chips) 
Seat 3: coeeeelho ($100 in chips) 
Seat 4: tukeiron ($107.99 in chips) 
tukeiron: posts small blind $0.50
GuigaMan: posts big blind $1
*** HOLE CARDS ***
BrilliantDawn84: raises $1.50 to $2.50
coeeeelho: folds 
tukeiron: folds 
GuigaMan: folds 
Uncalled bet ($1.50) returned to BrilliantDawn84
BrilliantDawn84 collected $2.50 from pot
AlexPinsk1 leaves the table
BrilliantDawn84: doesn't show hand 
*** SUMMARY ***
Total pot $2.50 | Rake $0 
Seat 6: AlexPinsk1
Seat 1: GuigaMan (big blind) folded before Flop
Seat 2: BrilliantDawn84 collected ($2.50)
Seat 3: coeeeelho (button) folded before Flop (didn't bet)
Seat 4: tukeiron (small blind) folded before Flop



PokerStars Hand #254502241757:  Hold'em No Limit ($0.50/$1.00 USD) - 2025/01/22 18:12:49 WET [2025/01/22 13:12:49 ET]
Table 'Baillauda IV' 6-max Seat #4 is the button
Seat 1: GuigaMan ($100 in chips) 
Seat 2: BrilliantDawn84 ($113.29 in chips) 
Seat 3: coeeeelho ($100 in chips) 
Seat 4: tukeiron ($107.49 in chips) 
GuigaMan: posts small blind $0.50
BrilliantDawn84: posts big blind $1
*** HOLE CARDS ***
coeeeelho: folds 
tukeiron: raises $1.50 to $2.50
GuigaMan: raises $8.50 to $11
BrilliantDawn84: folds 
tukeiron: folds 
Uncalled bet ($8.50) returned to GuigaMan
GuigaMan collected $6 from pot
z00mba joins the table at seat #6 
*** SUMMARY ***
Total pot $6 | Rake $0 
Seat 1: GuigaMan (small blind) collected ($6)
Seat 2: BrilliantDawn84 (big blind) folded before Flop
Seat 3: coeeeelho folded before Flop (didn't bet)
Seat 4: tukeiron (button) folded before Flop



PokerStars Hand #254502248486:  Hold'em No Limit ($0.50/$1.00 USD) - 2025/01/22 18:13:15 WET [2025/01/22 13:13:15 ET]
Table 'Baillauda IV' 6-max Seat #1 is the button
Seat 6: z00mba ($101.50 in chips) is sitting out
Seat 1: GuigaMan ($103.50 in chips) 
Seat 2: BrilliantDawn84 ($112.29 in chips) 
Seat 3: coeeeelho ($100 in chips) 
Seat 4: tukeiron ($104.99 in chips) 
BrilliantDawn84: posts small blind $0.50
coeeeelho: posts big blind $1
*** HOLE CARDS ***
tukeiron: raises $1.50 to $2.50
I TAKE IT 85 joins the table at seat #5 
GuigaMan: folds 
BrilliantDawn84: folds 
coeeeelho: folds 
Uncalled bet ($1.50) returned to tukeiron
tukeiron collected $2.50 from pot
tukeiron: doesn't show hand 
*** SUMMARY ***
Total pot $2.50 | Rake $0 
Seat 6: z00mba
Seat 1: GuigaMan (button) folded before Flop (didn't bet)
Seat 2: BrilliantDawn84 (small blind) folded before Flop
Seat 3: coeeeelho (big blind) folded before Flop
Seat 4: tukeiron collected ($2.50)



PokerStars Hand #254502257806:  Hold'em No Limit ($0.50/$1.00 USD) - 2025/01/22 18:13:50 WET [2025/01/22 13:13:50 ET]
Table 'Baillauda IV' 6-max Seat #2 is the button
Seat 5: I TAKE IT 85 ($100 in chips) is sitting out
Seat 6: z00mba ($101.50 in chips) is sitting out
Seat 1: GuigaMan ($103.50 in chips) 
Seat 2: BrilliantDawn84 ($111.79 in chips) 
Seat 3: coeeeelho ($100 in chips) 
Seat 4: tukeiron ($106.49 in chips) 
coeeeelho: posts small blind $0.50
tukeiron: posts big blind $1
I TAKE IT 85: sits out 
z00mba: sits out 
*** HOLE CARDS ***
GuigaMan: raises $1.50 to $2.50
BrilliantDawn84: folds 
coeeeelho: folds 
tukeiron: folds 
Uncalled bet ($1.50) returned to GuigaMan
GuigaMan collected $2.50 from pot
*** SUMMARY ***
Total pot $2.50 | Rake $0 
Seat 5: I TAKE IT 85
Seat 6: z00mba
Seat 1: GuigaMan collected ($2.50)
Seat 2: BrilliantDawn84 (button) folded before Flop (didn't bet)
Seat 3: coeeeelho (small blind) folded before Flop
Seat 4: tukeiron (big blind) folded before Flop



PokerStars Hand #254502264008:  Hold'em No Limit ($0.50/$1.00 USD) - 2025/01/22 18:14:13 WET [2025/01/22 13:14:13 ET]
Table 'Baillauda IV' 6-max Seat #3 is the button
Seat 6: z00mba ($101.50 in chips) is sitting out
Seat 1: GuigaMan ($105 in chips) 
Seat 2: BrilliantDawn84 ($111.79 in chips) 
Seat 3: coeeeelho ($100 in chips) 
Seat 4: tukeiron ($105.49 in chips) 
Seat 5: I TAKE IT 85 ($100 in chips) 
tukeiron: posts small blind $0.50
I TAKE IT 85: posts big blind $1
z00mba: sits out 
*** HOLE CARDS ***
GuigaMan: folds 
BrilliantDawn84: raises $1.50 to $2.50
coeeeelho: folds 
tukeiron: raises $9 to $11.50
I TAKE IT 85: folds 
BrilliantDawn84: calls $9
*** FLOP *** [As Kh 6c]
tukeiron: bets $7.52
BrilliantDawn84: raises $11.92 to $19.44
tukeiron: raises $12.56 to $32
BrilliantDawn84: raises $68.29 to $100.29 and is all-in
tukeiron: folds 
Uncalled bet ($68.29) returned to BrilliantDawn84
BrilliantDawn84 collected $85.50 from pot
BrilliantDawn84: doesn't show hand 
*** SUMMARY ***
Total pot $88 | Rake $2.50 
Board [As Kh 6c]
Seat 6: z00mba
Seat 1: GuigaMan folded before Flop (didn't bet)
Seat 2: BrilliantDawn84 collected ($85.50)
Seat 3: coeeeelho (button) folded before Flop (didn't bet)
Seat 4: tukeiron (small blind) folded on the Flop
Seat 5: I TAKE IT 85 (big blind) folded before Flop



PokerStars Hand #254502282329:  Hold'em No Limit ($0.50/$1.00 USD) - 2025/01/22 18:15:21 WET [2025/01/22 13:15:21 ET]
Table 'Baillauda IV' 6-max Seat #4 is the button
Seat 1: GuigaMan ($105 in chips) 
Seat 2: BrilliantDawn84 ($153.79 in chips) 
Seat 3: coeeeelho ($100 in chips) 
Seat 4: tukeiron ($100 in chips) 
Seat 5: I TAKE IT 85 ($100 in chips) 
Seat 6: z00mba ($101.50 in chips) 
I TAKE IT 85: posts small blind $0.50
z00mba: posts big blind $1
*** HOLE CARDS ***
GuigaMan: folds 
BrilliantDawn84: folds 
coeeeelho: folds 
tukeiron: raises $1.50 to $2.50
I TAKE IT 85: folds 
z00mba: folds 
Uncalled bet ($1.50) returned to tukeiron
tukeiron collected $2.50 from pot
tukeiron: doesn't show hand 
*** SUMMARY ***
Total pot $2.50 | Rake $0 
Seat 1: GuigaMan folded before Flop (didn't bet)
Seat 2: BrilliantDawn84 folded before Flop (didn't bet)
Seat 3: coeeeelho folded before Flop (didn't bet)
Seat 4: tukeiron (button) collected ($2.50)
Seat 5: I TAKE IT 85 (small blind) folded before Flop
Seat 6: z00mba (big blind) folded before Flop



PokerStars Hand #254502286529:  Hold'em No Limit ($0.50/$1.00 USD) - 2025/01/22 18:15:37 WET [2025/01/22 13:15:37 ET]
Table 'Baillauda IV' 6-max Seat #5 is the button
Seat 1: GuigaMan ($105 in chips) 
Seat 2: BrilliantDawn84 ($153.79 in chips) 
Seat 3: coeeeelho ($100 in chips) 
Seat 4: tukeiron ($101.50 in chips) 
Seat 5: I TAKE IT 85 ($100 in chips) 
Seat 6: z00mba ($100.50 in chips) 
z00mba: posts small blind $0.50
GuigaMan: posts big blind $1
*** HOLE CARDS ***
BrilliantDawn84: folds 
coeeeelho: folds 
tukeiron: folds 
I TAKE IT 85: folds 
z00mba: folds 
Uncalled bet ($0.50) returned to GuigaMan
GuigaMan collected $1 from pot
*** SUMMARY ***
Total pot $1 | Rake $0 
Seat 1: GuigaMan (big blind) collected ($1)
Seat 2: BrilliantDawn84 folded before Flop (didn't bet)
Seat 3: coeeeelho folded before Flop (didn't bet)
Seat 4: tukeiron folded before Flop (didn't bet)
Seat 5: I TAKE IT 85 (button) folded before Flop (didn't bet)
Seat 6: z00mba (small blind) folded before Flop



PokerStars Hand #254502290776:  Hold'em No Limit ($0.50/$1.00 USD) - 2025/01/22 18:15:53 WET [2025/01/22 13:15:53 ET]
Table 'Baillauda IV' 6-max Seat #6 is the button
Seat 1: GuigaMan ($105.50 in chips) 
Seat 2: BrilliantDawn84 ($153.79 in chips) 
Seat 3: coeeeelho ($100 in chips) 
Seat 4: tukeiron ($101.50 in chips) 
Seat 5: I TAKE IT 85 ($100 in chips) 
Seat 6: z00mba ($100 in chips) 
GuigaMan: posts small blind $0.50
BrilliantDawn84: posts big blind $1
*** HOLE CARDS ***
coeeeelho: folds 
tukeiron: folds 
I TAKE IT 85: folds 
z00mba: raises $1.50 to $2.50
GuigaMan: raises $8.50 to $11
BrilliantDawn84: folds 
z00mba: folds 
Uncalled bet ($8.50) returned to GuigaMan
GuigaMan collected $6 from pot
*** SUMMARY ***
Total pot $6 | Rake $0 
Seat 1: GuigaMan (small blind) collected ($6)
Seat 2: BrilliantDawn84 (big blind) folded before Flop
Seat 3: coeeeelho folded before Flop (didn't bet)
Seat 4: tukeiron folded before Flop (didn't bet)
Seat 5: I TAKE IT 85 folded before Flop (didn't bet)
Seat 6: z00mba (button) folded before Flop



PokerStars Hand #254502296541:  Hold'em No Limit ($0.50/$1.00 USD) - 2025/01/22 18:16:14 WET [2025/01/22 13:16:14 ET]
Table 'Baillauda IV' 6-max Seat #1 is the button
Seat 1: GuigaMan ($109 in chips) 
Seat 2: BrilliantDawn84 ($152.79 in chips) 
Seat 3: coeeeelho ($100 in chips) 
Seat 4: tukeiron ($101.50 in chips) 
Seat 5: I TAKE IT 85 ($100 in chips) 
Seat 6: z00mba ($100 in chips) 
BrilliantDawn84: posts small blind $0.50
coeeeelho: posts big blind $1
*** HOLE CARDS ***
tukeiron: raises $1.50 to $2.50
I TAKE IT 85: folds 
z00mba: folds 
GuigaMan: folds 
BrilliantDawn84: folds 
coeeeelho: calls $1.50
*** FLOP *** [5s Kh Tc]
coeeeelho: checks 
tukeiron: checks 
*** TURN *** [5s Kh Tc] [Ac]
coeeeelho: checks 
tukeiron: bets $3.92
coeeeelho: folds 
Uncalled bet ($3.92) returned to tukeiron
tukeiron collected $5.22 from pot
*** SUMMARY ***
Total pot $5.50 | Rake $0.28 
Board [5s Kh Tc Ac]
Seat 1: GuigaMan (button) folded before Flop (didn't bet)
Seat 2: BrilliantDawn84 (small blind) folded before Flop
Seat 3: coeeeelho (big blind) folded on the Turn
Seat 4: tukeiron collected ($5.22)
Seat 5: I TAKE IT 85 folded before Flop (didn't bet)
Seat 6: z00mba folded before Flop (didn't bet)



PokerStars Hand #254502308941:  Hold'em No Limit ($0.50/$1.00 USD) - 2025/01/22 18:17:01 WET [2025/01/22 13:17:01 ET]
Table 'Baillauda IV' 6-max Seat #2 is the button
Seat 1: GuigaMan ($109 in chips) 
Seat 2: BrilliantDawn84 ($152.29 in chips) 
Seat 3: coeeeelho ($100 in chips) 
Seat 4: tukeiron ($104.22 in chips) 
Seat 5: I TAKE IT 85 ($100 in chips) 
Seat 6: z00mba ($100 in chips) 
coeeeelho: posts small blind $0.50
tukeiron: posts big blind $1
*** HOLE CARDS ***
I TAKE IT 85: raises $1.05 to $2.05
z00mba: raises $5.45 to $7.50
GuigaMan: folds 
BrilliantDawn84: folds 
coeeeelho: folds 
tukeiron: folds 
I TAKE IT 85: folds 
Uncalled bet ($5.45) returned to z00mba
z00mba collected $5.60 from pot
z00mba: doesn't show hand 
*** SUMMARY ***
Total pot $5.60 | Rake $0 
Seat 1: GuigaMan folded before Flop (didn't bet)
Seat 2: BrilliantDawn84 (button) folded before Flop (didn't bet)
Seat 3: coeeeelho (small blind) folded before Flop
Seat 4: tukeiron (big blind) folded before Flop
Seat 5: I TAKE IT 85 folded before Flop
Seat 6: z00mba collected ($5.60)



PokerStars Hand #254502317980:  Hold'em No Limit ($0.50/$1.00 USD) - 2025/01/22 18:17:35 WET [2025/01/22 13:17:35 ET]
Table 'Baillauda IV' 6-max Seat #3 is the button
Seat 1: GuigaMan ($109 in chips) 
Seat 2: BrilliantDawn84 ($152.29 in chips) 
Seat 3: coeeeelho ($100 in chips) 
Seat 4: tukeiron ($103.22 in chips) 
Seat 5: I TAKE IT 85 ($100 in chips) 
Seat 6: z00mba ($103.55 in chips) 
tukeiron: posts small blind $0.50
I TAKE IT 85: posts big blind $1
*** HOLE CARDS ***
z00mba: folds 
GuigaMan: folds 
BrilliantDawn84: folds 
coeeeelho: folds 
z00mba leaves the table
tukeiron: folds 
Uncalled bet ($0.50) returned to I TAKE IT 85
I TAKE IT 85 collected $1 from pot
I TAKE IT 85: doesn't show hand 
*** SUMMARY ***
Total pot $1 | Rake $0 
Seat 1: GuigaMan folded before Flop (didn't bet)
Seat 2: BrilliantDawn84 folded before Flop (didn't bet)
Seat 3: coeeeelho (button) folded before Flop (didn't bet)
Seat 4: tukeiron (small blind) folded before Flop
Seat 5: I TAKE IT 85 (big blind) collected ($1)
Seat 6: z00mba folded before Flop (didn't bet)



PokerStars Hand #254502321779:  Hold'em No Limit ($0.50/$1.00 USD) - 2025/01/22 18:17:49 WET [2025/01/22 13:17:49 ET]
Table 'Baillauda IV' 6-max Seat #4 is the button
Seat 1: GuigaMan ($109 in chips) 
Seat 2: BrilliantDawn84 ($152.29 in chips) 
Seat 3: coeeeelho ($100 in chips) 
Seat 4: tukeiron ($102.72 in chips) 
Seat 5: I TAKE IT 85 ($100.50 in chips) 
I TAKE IT 85: posts small blind $0.50
GuigaMan: posts big blind $1
*** HOLE CARDS ***
BrilliantDawn84 has timed out
BrilliantDawn84: folds 
coeeeelho: folds 
tukeiron: raises $1.50 to $2.50
I TAKE IT 85: folds 
GuigaMan: folds 
Uncalled bet ($1.50) returned to tukeiron
tukeiron collected $2.50 from pot
*** SUMMARY ***
Total pot $2.50 | Rake $0 
Seat 1: GuigaMan (big blind) folded before Flop
Seat 2: BrilliantDawn84 folded before Flop (didn't bet)
Seat 3: coeeeelho folded before Flop (didn't bet)
Seat 4: tukeiron (button) collected ($2.50)
Seat 5: I TAKE IT 85 (small blind) folded before Flop



PokerStars Hand #254502329884:  Hold'em No Limit ($0.50/$1.00 USD) - 2025/01/22 18:18:19 WET [2025/01/22 13:18:19 ET]
Table 'Baillauda IV' 6-max Seat #5 is the button
Seat 2: BrilliantDawn84 ($152.29 in chips) is sitting out
Seat 1: GuigaMan ($108 in chips) 
Seat 3: coeeeelho ($100 in chips) 
Seat 4: tukeiron ($104.22 in chips) 
Seat 5: I TAKE IT 85 ($100 in chips) 
GuigaMan: posts small blind $0.50
coeeeelho: posts big blind $1
*** HOLE CARDS ***
tukeiron: folds 
I TAKE IT 85: raises $1.05 to $2.05
GuigaMan: folds 
BrilliantDawn84 leaves the table
coeeeelho: folds 
Uncalled bet ($1.05) returned to I TAKE IT 85
I TAKE IT 85 collected $2.50 from pot
I TAKE IT 85: doesn't show hand 
michasia joins the table at seat #2 
*** SUMMARY ***
Total pot $2.50 | Rake $0 
Seat 2: BrilliantDawn84
Seat 1: GuigaMan (small blind) folded before Flop
Seat 3: coeeeelho (big blind) folded before Flop
Seat 4: tukeiron folded before Flop (didn't bet)
Seat 5: I TAKE IT 85 (button) collected ($2.50)



PokerStars Hand #254502334365:  Hold'em No Limit ($0.50/$1.00 USD) - 2025/01/22 18:18:35 WET [2025/01/22 13:18:35 ET]
Table 'Baillauda IV' 6-max Seat #1 is the button
Seat 2: michasia ($100 in chips) is sitting out
Seat 1: GuigaMan ($107.50 in chips) 
Seat 3: coeeeelho ($100 in chips) 
Seat 4: tukeiron ($104.22 in chips) 
Seat 5: I TAKE IT 85 ($101.50 in chips) 
coeeeelho: posts small blind $0.50
tukeiron: posts big blind $1
*** HOLE CARDS ***
I TAKE IT 85: folds 
GuigaMan: folds 
coeeeelho: raises $2 to $3
tukeiron: calls $2
*** FLOP *** [6d Td Qd]
coeeeelho: checks 
tukeiron: bets $1.88
coeeeelho: raises $7.12 to $9
tukeiron: folds 
Uncalled bet ($7.12) returned to coeeeelho
coeeeelho collected $9.27 from pot
*** SUMMARY ***
Total pot $9.76 | Rake $0.49 
Board [6d Td Qd]
Seat 2: michasia
Seat 1: GuigaMan (button) folded before Flop (didn't bet)
Seat 3: coeeeelho (small blind) collected ($9.27)
Seat 4: tukeiron (big blind) folded on the Flop
Seat 5: I TAKE IT 85 folded before Flop (didn't bet)



PokerStars Hand #254502346348:  Hold'em No Limit ($0.50/$1.00 USD) - 2025/01/22 18:19:20 WET [2025/01/22 13:19:20 ET]
Table 'Baillauda IV' 6-max Seat #3 is the button
Seat 2: michasia ($100 in chips) is sitting out
Seat 1: GuigaMan ($107.50 in chips) 
Seat 3: coeeeelho ($104.39 in chips) 
Seat 4: tukeiron ($100 in chips) 
Seat 5: I TAKE IT 85 ($101.50 in chips) 
tukeiron: posts small blind $0.50
I TAKE IT 85: posts big blind $1
michasia: sits out 
*** HOLE CARDS ***
GuigaMan: folds 
coeeeelho: folds 
tukeiron: folds 
Uncalled bet ($0.50) returned to I TAKE IT 85
I TAKE IT 85 collected $1 from pot
I TAKE IT 85: doesn't show hand 
*** SUMMARY ***
Total pot $1 | Rake $0 
Seat 2: michasia
Seat 1: GuigaMan folded before Flop (didn't bet)
Seat 3: coeeeelho (button) folded before Flop (didn't bet)
Seat 4: tukeiron (small blind) folded before Flop
Seat 5: I TAKE IT 85 (big blind) collected ($1)



PokerStars Hand #254502348834:  Hold'em No Limit ($0.50/$1.00 USD) - 2025/01/22 18:19:29 WET [2025/01/22 13:19:29 ET]
Table 'Baillauda IV' 6-max Seat #4 is the button
Seat 2: michasia ($100 in chips) is sitting out
Seat 1: GuigaMan ($107.50 in chips) 
Seat 3: coeeeelho ($104.39 in chips) 
Seat 4: tukeiron ($100 in chips) 
Seat 5: I TAKE IT 85 ($102 in chips) 
I TAKE IT 85: posts small blind $0.50
GuigaMan: posts big blind $1
michasia: sits out 
*** HOLE CARDS ***
coeeeelho: folds 
tukeiron: folds 
I TAKE IT 85: raises $2 to $3
GuigaMan: folds 
Uncalled bet ($2) returned to I TAKE IT 85
I TAKE IT 85 collected $2 from pot
I TAKE IT 85: doesn't show hand 
*** SUMMARY ***
Total pot $2 | Rake $0 
Seat 2: michasia
Seat 1: GuigaMan (big blind) folded before Flop
Seat 3: coeeeelho folded before Flop (didn't bet)
Seat 4: tukeiron (button) folded before Flop (didn't bet)
Seat 5: I TAKE IT 85 (small blind) collected ($2)



PokerStars Hand #254502354885:  Hold'em No Limit ($0.50/$1.00 USD) - 2025/01/22 18:19:52 WET [2025/01/22 13:19:52 ET]
Table 'Baillauda IV' 6-max Seat #5 is the button
Seat 1: GuigaMan ($106.50 in chips) 
Seat 2: michasia ($100 in chips) 
Seat 3: coeeeelho ($104.39 in chips) 
Seat 4: tukeiron ($100 in chips) 
Seat 5: I TAKE IT 85 ($103 in chips) 
GuigaMan: posts small blind $0.50
michasia: posts big blind $1
*** HOLE CARDS ***
coeeeelho: folds 
tukeiron: raises $1.50 to $2.50
I TAKE IT 85: folds 
GuigaMan: folds 
michasia: folds 
Uncalled bet ($1.50) returned to tukeiron
tukeiron collected $2.50 from pot
*** SUMMARY ***
Total pot $2.50 | Rake $0 
Seat 1: GuigaMan (small blind) folded before Flop
Seat 2: michasia (big blind) folded before Flop
Seat 3: coeeeelho folded before Flop (didn't bet)
Seat 4: tukeiron collected ($2.50)
Seat 5: I TAKE IT 85 (button) folded before Flop (didn't bet)



PokerStars Hand #254502361113:  Hold'em No Limit ($0.50/$1.00 USD) - 2025/01/22 18:20:15 WET [2025/01/22 13:20:15 ET]
Table 'Baillauda IV' 6-max Seat #1 is the button
Seat 3: coeeeelho ($104.39 in chips) is sitting out
Seat 1: GuigaMan ($106 in chips) 
Seat 2: michasia ($100 in chips) 
Seat 4: tukeiron ($101.50 in chips) 
Seat 5: I TAKE IT 85 ($103 in chips) 
michasia: posts small blind $0.50
coeeeelho: is sitting out 
tukeiron: posts big blind $1
*** HOLE CARDS ***
I TAKE IT 85: raises $1.05 to $2.05
GuigaMan: folds 
michasia: folds 
tukeiron: folds 
Uncalled bet ($1.05) returned to I TAKE IT 85
coeeeelho leaves the table
I TAKE IT 85 collected $2.50 from pot
I TAKE IT 85: doesn't show hand 
*** SUMMARY ***
Total pot $2.50 | Rake $0 
Seat 3: coeeeelho
Seat 1: GuigaMan (button) folded before Flop (didn't bet)
Seat 2: michasia (small blind) folded before Flop
Seat 4: tukeiron (big blind) folded before Flop
Seat 5: I TAKE IT 85 collected ($2.50)



PokerStars Hand #254502363506:  Hold'em No Limit ($0.50/$1.00 USD) - 2025/01/22 18:20:24 WET [2025/01/22 13:20:24 ET]
Table 'Baillauda IV' 6-max Seat #2 is the button
Seat 5: I TAKE IT 85 ($104.50 in chips) is sitting out
Seat 1: GuigaMan ($106 in chips) 
Seat 2: michasia ($100 in chips) 
Seat 4: tukeiron ($100.50 in chips) 
tukeiron: posts small blind $0.50
I TAKE IT 85: is sitting out 
GuigaMan: posts big blind $1
*** HOLE CARDS ***
michasia: folds 
I TAKE IT 85 leaves the table
tukeiron: raises $2 to $3
GuigaMan: calls $2
*** FLOP *** [2c 4s 5d]
tukeiron: checks 
GuigaMan: checks 
*** TURN *** [2c 4s 5d] [As]
tukeiron: checks 
GuigaMan: checks 
*** RIVER *** [2c 4s 5d As] [7c]
tukeiron: bets $2.28
GuigaMan: folds 
Uncalled bet ($2.28) returned to tukeiron
tukeiron collected $5.70 from pot
*** SUMMARY ***
Total pot $6 | Rake $0.30 
Board [2c 4s 5d As 7c]
Seat 5: I TAKE IT 85
Seat 1: GuigaMan (big blind) folded on the River
Seat 2: michasia (button) folded before Flop (didn't bet)
Seat 4: tukeiron (small blind) collected ($5.70)



