PokerStars Hand #254499300704:  Hold'em No Limit ($0.50/$1.00 USD) - 2025/01/22 15:11:58 WET [2025/01/22 10:11:58 ET]
Table 'Apus IV' 6-max Seat #2 is the button
Seat 3: Caiovhb ($100 in chips) is sitting out
Seat 1: joaquin612 ($100 in chips) 
Seat 2: poker_soul11 ($100 in chips) 
Seat 4: BrilliantDawn84 ($100 in chips) 
Seat 5: Unipoker11 ($100 in chips) 
Seat 6: tintin641 ($100 in chips) 
BrilliantDawn84: posts small blind $0.50
Unipoker11: posts big blind $1
*** HOLE CARDS ***
tintin641: folds 
joaquin612: folds 
poker_soul11: folds 
BrilliantDawn84: raises $1.50 to $2.50
Caiovhb leaves the table
Unipoker11: calls $1.50
*** FLOP *** [As Kc Ac]
BrilliantDawn84: bets $2.38
Unipoker11: calls $2.38
*** TURN *** [As Kc Ac] [7s]
BrilliantDawn84: checks 
Unipoker11: checks 
*** RIVER *** [As Kc Ac 7s] [3h]
BrilliantDawn84: bets $7.64
Unipoker11: folds 
Uncalled bet ($7.64) returned to BrilliantDawn84
BrilliantDawn84 collected $9.27 from pot
BrilliantDawn84: doesn't show hand 
*** SUMMARY ***
Total pot $9.76 | Rake $0.49 
Board [As Kc Ac 7s 3h]
Seat 3: Caiovhb
Seat 1: joaquin612 folded before Flop (didn't bet)
Seat 2: poker_soul11 (button) folded before Flop (didn't bet)
Seat 4: BrilliantDawn84 (small blind) collected ($9.27)
Seat 5: Unipoker11 (big blind) folded on the River
Seat 6: tintin641 folded before Flop (didn't bet)



PokerStars Hand #254499311374:  Hold'em No Limit ($0.50/$1.00 USD) - 2025/01/22 15:12:53 WET [2025/01/22 10:12:53 ET]
Table 'Apus IV' 6-max Seat #4 is the button
Seat 1: joaquin612 ($100 in chips) 
Seat 2: poker_soul11 ($100 in chips) 
Seat 4: BrilliantDawn84 ($104.39 in chips) 
Seat 5: Unipoker11 ($100 in chips) 
Seat 6: tintin641 ($100 in chips) 
Unipoker11: posts small blind $0.50
tintin641: posts big blind $1
*** HOLE CARDS ***
joaquin612: raises $1.50 to $2.50
poker_soul11: folds 
BrilliantDawn84: folds 
Unipoker11: folds 
tintin641: calls $1.50
*** FLOP *** [8h Jd 9d]
tintin641: checks 
joaquin612: bets $3.92
tintin641: calls $3.92
*** TURN *** [8h Jd 9d] [7c]
tintin641: checks 
joaquin612: checks 
*** RIVER *** [8h Jd 9d 7c] [7d]
tintin641: bets $9.50
joaquin612: calls $9.50
*** SHOW DOWN ***
tintin641: shows [4d 3d] (a flush, Jack high)
joaquin612: mucks hand 
tintin641 collected $30.72 from pot
*** SUMMARY ***
Total pot $32.34 | Rake $1.62 
Board [8h Jd 9d 7c 7d]
Seat 1: joaquin612 mucked
Seat 2: poker_soul11 folded before Flop (didn't bet)
Seat 4: BrilliantDawn84 (button) folded before Flop (didn't bet)
Seat 5: Unipoker11 (small blind) folded before Flop
Seat 6: tintin641 (big blind) showed [4d 3d] and won ($30.72) with a flush, Jack high



PokerStars Hand #254499324671:  Hold'em No Limit ($0.50/$1.00 USD) - 2025/01/22 15:14:03 WET [2025/01/22 10:14:03 ET]
Table 'Apus IV' 6-max Seat #5 is the button
Seat 1: joaquin612 ($100 in chips) is sitting out
Seat 2: poker_soul11 ($100 in chips) 
Seat 4: BrilliantDawn84 ($104.39 in chips) 
Seat 5: Unipoker11 ($100 in chips) 
Seat 6: tintin641 ($114.80 in chips) 
tintin641: posts small blind $0.50
joaquin612: is sitting out 
poker_soul11: posts big blind $1
*** HOLE CARDS ***
RichDad01 joins the table at seat #3 
BrilliantDawn84: raises $1.50 to $2.50
Unipoker11: folds 
tintin641: folds 
poker_soul11: folds 
Uncalled bet ($1.50) returned to BrilliantDawn84
BrilliantDawn84 collected $2.50 from pot
BrilliantDawn84: doesn't show hand 
*** SUMMARY ***
Total pot $2.50 | Rake $0 
Seat 1: joaquin612
Seat 2: poker_soul11 (big blind) folded before Flop
Seat 4: BrilliantDawn84 collected ($2.50)
Seat 5: Unipoker11 (button) folded before Flop (didn't bet)
Seat 6: tintin641 (small blind) folded before Flop



PokerStars Hand #254499327282:  Hold'em No Limit ($0.50/$1.00 USD) - 2025/01/22 15:14:17 WET [2025/01/22 10:14:17 ET]
Table 'Apus IV' 6-max Seat #6 is the button
Seat 1: joaquin612 ($100 in chips) is sitting out
Seat 2: poker_soul11 ($100 in chips) 
Seat 3: RichDad01 ($50 in chips) 
Seat 4: BrilliantDawn84 ($105.89 in chips) 
Seat 5: Unipoker11 ($100 in chips) 
Seat 6: tintin641 ($114.30 in chips) 
poker_soul11: posts small blind $0.50
RichDad01: posts big blind $1
*** HOLE CARDS ***
BrilliantDawn84: folds 
Unipoker11: raises $1.30 to $2.30
tintin641: folds 
poker_soul11: folds 
RichDad01: folds 
Uncalled bet ($1.30) returned to Unipoker11
Unipoker11 collected $2.50 from pot
Unipoker11: doesn't show hand 
*** SUMMARY ***
Total pot $2.50 | Rake $0 
Seat 1: joaquin612
Seat 2: poker_soul11 (small blind) folded before Flop
Seat 3: RichDad01 (big blind) folded before Flop
Seat 4: BrilliantDawn84 folded before Flop (didn't bet)
Seat 5: Unipoker11 collected ($2.50)
Seat 6: tintin641 (button) folded before Flop (didn't bet)



PokerStars Hand #254499330110:  Hold'em No Limit ($0.50/$1.00 USD) - 2025/01/22 15:14:32 WET [2025/01/22 10:14:32 ET]
Table 'Apus IV' 6-max Seat #2 is the button
Seat 1: joaquin612 ($100 in chips) is sitting out
Seat 2: poker_soul11 ($100 in chips) 
Seat 3: RichDad01 ($50 in chips) 
Seat 4: BrilliantDawn84 ($105.89 in chips) 
Seat 5: Unipoker11 ($101.50 in chips) 
Seat 6: tintin641 ($114.30 in chips) 
RichDad01: posts small blind $0.50
BrilliantDawn84: posts big blind $1
joaquin612: sits out 
*** HOLE CARDS ***
Unipoker11: folds 
tintin641: folds 
poker_soul11: raises $1.20 to $2.20
RichDad01: folds 
BrilliantDawn84: folds 
Uncalled bet ($1.20) returned to poker_soul11
poker_soul11 collected $2.50 from pot
poker_soul11: doesn't show hand 
*** SUMMARY ***
Total pot $2.50 | Rake $0 
Seat 1: joaquin612
Seat 2: poker_soul11 (button) collected ($2.50)
Seat 3: RichDad01 (small blind) folded before Flop
Seat 4: BrilliantDawn84 (big blind) folded before Flop
Seat 5: Unipoker11 folded before Flop (didn't bet)
Seat 6: tintin641 folded before Flop (didn't bet)



PokerStars Hand #254499332795:  Hold'em No Limit ($0.50/$1.00 USD) - 2025/01/22 15:14:46 WET [2025/01/22 10:14:46 ET]
Table 'Apus IV' 6-max Seat #3 is the button
Seat 1: joaquin612 ($100 in chips) is sitting out
Seat 2: poker_soul11 ($101.50 in chips) 
Seat 3: RichDad01 ($50 in chips) 
Seat 4: BrilliantDawn84 ($104.89 in chips) 
Seat 5: Unipoker11 ($101.50 in chips) 
Seat 6: tintin641 ($114.30 in chips) 
BrilliantDawn84: posts small blind $0.50
Unipoker11: posts big blind $1
joaquin612: sits out 
*** HOLE CARDS ***
tintin641: folds 
joaquin612 leaves the table
poker_soul11: folds 
RichDad01: folds 
BrilliantDawn84: folds 
Uncalled bet ($0.50) returned to Unipoker11
Unipoker11 collected $1 from pot
Unipoker11: doesn't show hand 
*** SUMMARY ***
Total pot $1 | Rake $0 
Seat 1: joaquin612
Seat 2: poker_soul11 folded before Flop (didn't bet)
Seat 3: RichDad01 (button) folded before Flop (didn't bet)
Seat 4: BrilliantDawn84 (small blind) folded before Flop
Seat 5: Unipoker11 (big blind) collected ($1)
Seat 6: tintin641 folded before Flop (didn't bet)



PokerStars Hand #254499335017:  Hold'em No Limit ($0.50/$1.00 USD) - 2025/01/22 15:14:58 WET [2025/01/22 10:14:58 ET]
Table 'Apus IV' 6-max Seat #4 is the button
Seat 2: poker_soul11 ($101.50 in chips) 
Seat 3: RichDad01 ($50 in chips) 
Seat 4: BrilliantDawn84 ($104.39 in chips) 
Seat 5: Unipoker11 ($102 in chips) 
Seat 6: tintin641 ($114.30 in chips) 
Unipoker11: posts small blind $0.50
tintin641: posts big blind $1
*** HOLE CARDS ***
poker_soul11: folds 
RichDad01: folds 
Yoalfre joins the table at seat #1 
BrilliantDawn84: raises $1.50 to $2.50
Unipoker11: folds 
tintin641: calls $1.50
*** FLOP *** [6c Qc Kd]
tintin641: checks 
BrilliantDawn84: bets $2.61
tintin641: folds 
Uncalled bet ($2.61) returned to BrilliantDawn84
BrilliantDawn84 collected $5.22 from pot
BrilliantDawn84: doesn't show hand 
*** SUMMARY ***
Total pot $5.50 | Rake $0.28 
Board [6c Qc Kd]
Seat 2: poker_soul11 folded before Flop (didn't bet)
Seat 3: RichDad01 folded before Flop (didn't bet)
Seat 4: BrilliantDawn84 (button) collected ($5.22)
Seat 5: Unipoker11 (small blind) folded before Flop
Seat 6: tintin641 (big blind) folded on the Flop



PokerStars Hand #254499341685:  Hold'em No Limit ($0.50/$1.00 USD) - 2025/01/22 15:15:31 WET [2025/01/22 10:15:31 ET]
Table 'Apus IV' 6-max Seat #5 is the button
Seat 1: Yoalfre ($100 in chips) 
Seat 2: poker_soul11 ($101.50 in chips) 
Seat 3: RichDad01 ($50 in chips) 
Seat 4: BrilliantDawn84 ($107.11 in chips) 
Seat 5: Unipoker11 ($101.50 in chips) 
Seat 6: tintin641 ($111.80 in chips) 
tintin641: posts small blind $0.50
Yoalfre: posts big blind $1
*** HOLE CARDS ***
poker_soul11: folds 
RichDad01: folds 
BrilliantDawn84: folds 
Unipoker11: raises $1.50 to $2.50
tintin641: folds 
Yoalfre: folds 
Uncalled bet ($1.50) returned to Unipoker11
Unipoker11 collected $2.50 from pot
Unipoker11: doesn't show hand 
*** SUMMARY ***
Total pot $2.50 | Rake $0 
Seat 1: Yoalfre (big blind) folded before Flop
Seat 2: poker_soul11 folded before Flop (didn't bet)
Seat 3: RichDad01 folded before Flop (didn't bet)
Seat 4: BrilliantDawn84 folded before Flop (didn't bet)
Seat 5: Unipoker11 (button) collected ($2.50)
Seat 6: tintin641 (small blind) folded before Flop



PokerStars Hand #254499345269:  Hold'em No Limit ($0.50/$1.00 USD) - 2025/01/22 15:15:50 WET [2025/01/22 10:15:50 ET]
Table 'Apus IV' 6-max Seat #6 is the button
Seat 1: Yoalfre ($100 in chips) 
Seat 2: poker_soul11 ($101.50 in chips) 
Seat 3: RichDad01 ($50 in chips) 
Seat 4: BrilliantDawn84 ($107.11 in chips) 
Seat 5: Unipoker11 ($103 in chips) 
Seat 6: tintin641 ($111.30 in chips) 
Yoalfre: posts small blind $0.50
poker_soul11: posts big blind $1
*** HOLE CARDS ***
RichDad01: folds 
BrilliantDawn84: raises $1.50 to $2.50
Unipoker11: folds 
tintin641: folds 
Yoalfre: folds 
poker_soul11: folds 
Uncalled bet ($1.50) returned to BrilliantDawn84
BrilliantDawn84 collected $2.50 from pot
BrilliantDawn84: doesn't show hand 
*** SUMMARY ***
Total pot $2.50 | Rake $0 
Seat 1: Yoalfre (small blind) folded before Flop
Seat 2: poker_soul11 (big blind) folded before Flop
Seat 3: RichDad01 folded before Flop (didn't bet)
Seat 4: BrilliantDawn84 collected ($2.50)
Seat 5: Unipoker11 folded before Flop (didn't bet)
Seat 6: tintin641 (button) folded before Flop (didn't bet)



PokerStars Hand #254499349505:  Hold'em No Limit ($0.50/$1.00 USD) - 2025/01/22 15:16:11 WET [2025/01/22 10:16:11 ET]
Table 'Apus IV' 6-max Seat #1 is the button
Seat 1: Yoalfre ($100 in chips) 
Seat 2: poker_soul11 ($100.50 in chips) 
Seat 3: RichDad01 ($50 in chips) 
Seat 4: BrilliantDawn84 ($108.61 in chips) 
Seat 5: Unipoker11 ($103 in chips) 
Seat 6: tintin641 ($111.30 in chips) 
poker_soul11: posts small blind $0.50
RichDad01: posts big blind $1
*** HOLE CARDS ***
BrilliantDawn84: folds 
Unipoker11: raises $1 to $2
tintin641: folds 
Yoalfre: folds 
poker_soul11: folds 
RichDad01: calls $1
*** FLOP *** [Ts Qs 8s]
RichDad01: bets $2.14
Unipoker11: calls $2.14
*** TURN *** [Ts Qs 8s] [5d]
RichDad01: bets $8.34
Unipoker11: calls $8.34
*** RIVER *** [Ts Qs 8s 5d] [8h]
RichDad01: bets $37.52 and is all-in
Yoalfre leaves the table
Unipoker11: calls $37.52
*** SHOW DOWN ***
RichDad01: shows [Ad Qc] (two pair, Queens and Eights)
Unipoker11: shows [As Js] (a flush, Ace high)
Unipoker11 collected $98 from pot
*** SUMMARY ***
Total pot $100.50 | Rake $2.50 
Board [Ts Qs 8s 5d 8h]
Seat 1: Yoalfre (button) folded before Flop (didn't bet)
Seat 2: poker_soul11 (small blind) folded before Flop
Seat 3: RichDad01 (big blind) showed [Ad Qc] and lost with two pair, Queens and Eights
Seat 4: BrilliantDawn84 folded before Flop (didn't bet)
Seat 5: Unipoker11 showed [As Js] and won ($98) with a flush, Ace high
Seat 6: tintin641 folded before Flop (didn't bet)



PokerStars Hand #254499362726:  Hold'em No Limit ($0.50/$1.00 USD) - 2025/01/22 15:17:16 WET [2025/01/22 10:17:16 ET]
Table 'Apus IV' 6-max Seat #2 is the button
Seat 2: poker_soul11 ($100 in chips) 
Seat 3: RichDad01 ($50 in chips) 
Seat 4: BrilliantDawn84 ($108.61 in chips) 
Seat 5: Unipoker11 ($151 in chips) 
Seat 6: tintin641 ($111.30 in chips) 
RichDad01: posts small blind $0.50
BrilliantDawn84: posts big blind $1
*** HOLE CARDS ***
Unipoker11: folds 
tintin641: raises $1.50 to $2.50
poker_soul11: folds 
RichDad01: folds 
BrilliantDawn84: folds 
Uncalled bet ($1.50) returned to tintin641
tintin641 collected $2.50 from pot
tintin641: doesn't show hand 
*** SUMMARY ***
Total pot $2.50 | Rake $0 
Seat 2: poker_soul11 (button) folded before Flop (didn't bet)
Seat 3: RichDad01 (small blind) folded before Flop
Seat 4: BrilliantDawn84 (big blind) folded before Flop
Seat 5: Unipoker11 folded before Flop (didn't bet)
Seat 6: tintin641 collected ($2.50)



PokerStars Hand #254499364911:  Hold'em No Limit ($0.50/$1.00 USD) - 2025/01/22 15:17:27 WET [2025/01/22 10:17:27 ET]
Table 'Apus IV' 6-max Seat #3 is the button
Seat 5: Unipoker11 ($151 in chips) is sitting out
Seat 2: poker_soul11 ($100 in chips) 
Seat 3: RichDad01 ($50 in chips) 
Seat 4: BrilliantDawn84 ($107.61 in chips) 
Seat 6: tintin641 ($112.80 in chips) 
BrilliantDawn84: posts small blind $0.50
Unipoker11: is sitting out 
tintin641: posts big blind $1
*** HOLE CARDS ***
Unipoker11 leaves the table
poker_soul11: folds 
RichDad01: folds 
BrilliantDawn84 is connected 
BrilliantDawn84: folds 
Uncalled bet ($0.50) returned to tintin641
blistein joins the table at seat #1 
tintin641 collected $1 from pot
tintin641: doesn't show hand 
Joe_Li7 joins the table at seat #5 
*** SUMMARY ***
Total pot $1 | Rake $0 
Seat 5: Unipoker11
Seat 2: poker_soul11 folded before Flop (didn't bet)
Seat 3: RichDad01 (button) folded before Flop (didn't bet)
Seat 4: BrilliantDawn84 (small blind) folded before Flop
Seat 6: tintin641 (big blind) collected ($1)



PokerStars Hand #254499367368:  Hold'em No Limit ($0.50/$1.00 USD) - 2025/01/22 15:17:39 WET [2025/01/22 10:17:39 ET]
Table 'Apus IV' 6-max Seat #4 is the button
Seat 5: Joe_Li7 ($100 in chips) is sitting out
Seat 1: blistein ($100 in chips) 
Seat 2: poker_soul11 ($100 in chips) 
Seat 3: RichDad01 ($50 in chips) 
Seat 4: BrilliantDawn84 ($107.11 in chips) 
Seat 6: tintin641 ($113.30 in chips) 
tintin641: posts small blind $0.50
blistein: posts big blind $1
*** HOLE CARDS ***
poker_soul11: raises $1.20 to $2.20
RichDad01: folds 
BrilliantDawn84: folds 
tintin641: folds 
blistein: folds 
Uncalled bet ($1.20) returned to poker_soul11
poker_soul11 collected $2.50 from pot
poker_soul11: doesn't show hand 
*** SUMMARY ***
Total pot $2.50 | Rake $0 
Seat 5: Joe_Li7
Seat 1: blistein (big blind) folded before Flop
Seat 2: poker_soul11 collected ($2.50)
Seat 3: RichDad01 folded before Flop (didn't bet)
Seat 4: BrilliantDawn84 (button) folded before Flop (didn't bet)
Seat 6: tintin641 (small blind) folded before Flop



PokerStars Hand #254499370284:  Hold'em No Limit ($0.50/$1.00 USD) - 2025/01/22 15:17:53 WET [2025/01/22 10:17:53 ET]
Table 'Apus IV' 6-max Seat #6 is the button
Seat 5: Joe_Li7 ($100 in chips) is sitting out
Seat 1: blistein ($100 in chips) 
Seat 2: poker_soul11 ($101.50 in chips) 
Seat 3: RichDad01 ($50 in chips) 
Seat 4: BrilliantDawn84 ($107.11 in chips) 
Seat 6: tintin641 ($112.80 in chips) 
blistein: posts small blind $0.50
poker_soul11: posts big blind $1
Joe_Li7: sits out 
*** HOLE CARDS ***
RichDad01: folds 
BrilliantDawn84: folds 
tintin641: raises $1.50 to $2.50
blistein: folds 
poker_soul11: calls $1.50
*** FLOP *** [9c 3s Ad]
poker_soul11: checks 
tintin641: bets $1.72
poker_soul11: calls $1.72
*** TURN *** [9c 3s Ad] [5s]
poker_soul11: checks 
tintin641: bets $12.74
poker_soul11: calls $12.74
*** RIVER *** [9c 3s Ad 5s] [As]
poker_soul11: checks 
tintin641: bets $24.53
poker_soul11: calls $24.53
*** SHOW DOWN ***
tintin641: shows [7s 8s] (a flush, Ace high)
poker_soul11: shows [Ks 4s] (a flush, Ace high - King higher)
poker_soul11 collected $80.98 from pot
*** SUMMARY ***
Total pot $83.48 | Rake $2.50 
Board [9c 3s Ad 5s As]
Seat 5: Joe_Li7
Seat 1: blistein (small blind) folded before Flop
Seat 2: poker_soul11 (big blind) showed [Ks 4s] and won ($80.98) with a flush, Ace high
Seat 3: RichDad01 folded before Flop (didn't bet)
Seat 4: BrilliantDawn84 folded before Flop (didn't bet)
Seat 6: tintin641 (button) showed [7s 8s] and lost with a flush, Ace high



PokerStars Hand #254499393801:  Hold'em No Limit ($0.50/$1.00 USD) - 2025/01/22 15:19:47 WET [2025/01/22 10:19:47 ET]
Table 'Apus IV' 6-max Seat #1 is the button
Seat 5: Joe_Li7 ($100 in chips) is sitting out
Seat 1: blistein ($100 in chips) 
Seat 2: poker_soul11 ($140.99 in chips) 
Seat 3: RichDad01 ($50 in chips) 
Seat 4: BrilliantDawn84 ($107.11 in chips) 
Seat 6: tintin641 ($100 in chips) 
poker_soul11: posts small blind $0.50
RichDad01: posts big blind $1
Joe_Li7: sits out 
*** HOLE CARDS ***
BrilliantDawn84: folds 
tintin641: folds 
blistein: raises $1.50 to $2.50
poker_soul11: folds 
RichDad01: calls $1.50
*** FLOP *** [5d Qs 4c]
RichDad01: checks 
blistein: bets $2.61
RichDad01: calls $2.61
*** TURN *** [5d Qs 4c] [7c]
RichDad01: checks 
blistein: checks 
*** RIVER *** [5d Qs 4c 7c] [7s]
RichDad01: checks 
blistein: checks 
*** SHOW DOWN ***
RichDad01: shows [6c Ks] (a pair of Sevens)
blistein: shows [3h 3d] (two pair, Sevens and Threes)
blistein collected $10.18 from pot
*** SUMMARY ***
Total pot $10.72 | Rake $0.54 
Board [5d Qs 4c 7c 7s]
Seat 5: Joe_Li7
Seat 1: blistein (button) showed [3h 3d] and won ($10.18) with two pair, Sevens and Threes
Seat 2: poker_soul11 (small blind) folded before Flop
Seat 3: RichDad01 (big blind) showed [6c Ks] and lost with a pair of Sevens
Seat 4: BrilliantDawn84 folded before Flop (didn't bet)
Seat 6: tintin641 folded before Flop (didn't bet)



PokerStars Hand #254499402430:  Hold'em No Limit ($0.50/$1.00 USD) - 2025/01/22 15:20:29 WET [2025/01/22 10:20:29 ET]
Table 'Apus IV' 6-max Seat #2 is the button
Seat 5: Joe_Li7 ($100 in chips) is sitting out
Seat 1: blistein ($105.07 in chips) 
Seat 2: poker_soul11 ($140.49 in chips) 
Seat 3: RichDad01 ($50 in chips) 
Seat 4: BrilliantDawn84 ($107.11 in chips) 
Seat 6: tintin641 ($100 in chips) 
RichDad01: posts small blind $0.50
BrilliantDawn84: posts big blind $1
Joe_Li7: sits out 
*** HOLE CARDS ***
tintin641: folds 
blistein: raises $1.30 to $2.30
poker_soul11: folds 
RichDad01: calls $1.80
BrilliantDawn84: calls $1.30
*** FLOP *** [Ad Qd 7s]
RichDad01: checks 
BrilliantDawn84: checks 
blistein: bets $2.23
RichDad01: raises $2.23 to $4.46
BrilliantDawn84: calls $4.46
blistein: calls $2.23
*** TURN *** [Ad Qd 7s] [4s]
RichDad01: bets $19.27
BrilliantDawn84: folds 
blistein: raises $57.81 to $77.08
RichDad01: calls $23.97 and is all-in
Uncalled bet ($33.84) returned to blistein
*** RIVER *** [Ad Qd 7s 4s] [Qh]
*** SHOW DOWN ***
RichDad01: shows [Qs Ts] (three of a kind, Queens)
blistein: shows [Ac 4c] (two pair, Aces and Queens)
RichDad01 collected $104.26 from pot
*** SUMMARY ***
Total pot $106.76 | Rake $2.50 
Board [Ad Qd 7s 4s Qh]
Seat 5: Joe_Li7
Seat 1: blistein showed [Ac 4c] and lost with two pair, Aces and Queens
Seat 2: poker_soul11 (button) folded before Flop (didn't bet)
Seat 3: RichDad01 (small blind) showed [Qs Ts] and won ($104.26) with three of a kind, Queens
Seat 4: BrilliantDawn84 (big blind) folded on the Turn
Seat 6: tintin641 folded before Flop (didn't bet)



PokerStars Hand #254499414890:  Hold'em No Limit ($0.50/$1.00 USD) - 2025/01/22 15:21:29 WET [2025/01/22 10:21:29 ET]
Table 'Apus IV' 6-max Seat #3 is the button
Seat 1: blistein ($100 in chips) 
Seat 2: poker_soul11 ($140.49 in chips) 
Seat 3: RichDad01 ($104.26 in chips) 
Seat 4: BrilliantDawn84 ($100.35 in chips) 
Seat 5: Joe_Li7 ($100 in chips) 
Seat 6: tintin641 ($100 in chips) 
BrilliantDawn84: posts small blind $0.50
Joe_Li7: posts big blind $1
*** HOLE CARDS ***
tintin641: folds 
blistein: folds 
poker_soul11: folds 
RichDad01: folds 
RichDad01 leaves the table
BrilliantDawn84: folds 
Uncalled bet ($0.50) returned to Joe_Li7
Joe_Li7 collected $1 from pot
*** SUMMARY ***
Total pot $1 | Rake $0 
Seat 1: blistein folded before Flop (didn't bet)
Seat 2: poker_soul11 folded before Flop (didn't bet)
Seat 3: RichDad01 (button) folded before Flop (didn't bet)
Seat 4: BrilliantDawn84 (small blind) folded before Flop
Seat 5: Joe_Li7 (big blind) collected ($1)
Seat 6: tintin641 folded before Flop (didn't bet)



PokerStars Hand #254499417672:  Hold'em No Limit ($0.50/$1.00 USD) - 2025/01/22 15:21:42 WET [2025/01/22 10:21:42 ET]
Table 'Apus IV' 6-max Seat #4 is the button
Seat 1: blistein ($100 in chips) 
Seat 2: poker_soul11 ($140.49 in chips) 
Seat 4: BrilliantDawn84 ($99.85 in chips) 
Seat 5: Joe_Li7 ($100.50 in chips) 
Seat 6: tintin641 ($100 in chips) 
Joe_Li7: posts small blind $0.50
tintin641: posts big blind $1
*** HOLE CARDS ***
blistein: folds 
poker_soul11: raises $1.20 to $2.20
BrilliantDawn84: folds 
Joe_Li7: folds 
tintin641: folds 
Uncalled bet ($1.20) returned to poker_soul11
blistein leaves the table
poker_soul11 collected $2.50 from pot
poker_soul11: doesn't show hand 
*** SUMMARY ***
Total pot $2.50 | Rake $0 
Seat 1: blistein folded before Flop (didn't bet)
Seat 2: poker_soul11 collected ($2.50)
Seat 4: BrilliantDawn84 (button) folded before Flop (didn't bet)
Seat 5: Joe_Li7 (small blind) folded before Flop
Seat 6: tintin641 (big blind) folded before Flop



PokerStars Hand #254499420019:  Hold'em No Limit ($0.50/$1.00 USD) - 2025/01/22 15:21:54 WET [2025/01/22 10:21:54 ET]
Table 'Apus IV' 6-max Seat #5 is the button
Seat 2: poker_soul11 ($141.99 in chips) 
Seat 4: BrilliantDawn84 ($99.85 in chips) 
Seat 5: Joe_Li7 ($100 in chips) 
Seat 6: tintin641 ($100 in chips) 
tintin641: posts small blind $0.50
poker_soul11: posts big blind $1
*** HOLE CARDS ***
BrilliantDawn84: folds 
Joe_Li7: raises $1.50 to $2.50
tintin641: raises $8.50 to $11
poker_soul11: folds 
Joe_Li7: calls $8.50
*** FLOP *** [6s 2c Ac]
tintin641: bets $7.26
Joe_Li7: raises $12.06 to $19.32
tintin641: calls $12.06
*** TURN *** [6s 2c Ac] [Jh]
tintin641: checks 
Joe_Li7: bets $20
tintin641: folds 
Uncalled bet ($20) returned to Joe_Li7
Joe_Li7 collected $60.64 from pot
*** SUMMARY ***
Total pot $61.64 | Rake $1 
Board [6s 2c Ac Jh]
Seat 2: poker_soul11 (big blind) folded before Flop
Seat 4: BrilliantDawn84 folded before Flop (didn't bet)
Seat 5: Joe_Li7 (button) collected ($60.64)
Seat 6: tintin641 (small blind) folded on the Turn



PokerStars Hand #254499440935:  Hold'em No Limit ($0.50/$1.00 USD) - 2025/01/22 15:23:34 WET [2025/01/22 10:23:34 ET]
Table 'Apus IV' 6-max Seat #6 is the button
Seat 2: poker_soul11 ($140.99 in chips) 
Seat 4: BrilliantDawn84 ($99.85 in chips) 
Seat 5: Joe_Li7 ($130.32 in chips) 
Seat 6: tintin641 ($100 in chips) 
poker_soul11: posts small blind $0.50
BrilliantDawn84: posts big blind $1
*** HOLE CARDS ***
Joe_Li7: folds 
tintin641: raises $1.50 to $2.50
poker_soul11: folds 
BrilliantDawn84: folds 
Uncalled bet ($1.50) returned to tintin641
tintin641 collected $2.50 from pot
tintin641: doesn't show hand 
*** SUMMARY ***
Total pot $2.50 | Rake $0 
Seat 2: poker_soul11 (small blind) folded before Flop
Seat 4: BrilliantDawn84 (big blind) folded before Flop
Seat 5: Joe_Li7 folded before Flop (didn't bet)
Seat 6: tintin641 (button) collected ($2.50)



PokerStars Hand #254499443476:  Hold'em No Limit ($0.50/$1.00 USD) - 2025/01/22 15:23:46 WET [2025/01/22 10:23:46 ET]
Table 'Apus IV' 6-max Seat #4 is the button
Seat 5: Joe_Li7 ($130.32 in chips) is sitting out
Seat 6: tintin641 ($101.50 in chips) is sitting out
Seat 2: poker_soul11 ($140.49 in chips) 
Seat 4: BrilliantDawn84 ($98.85 in chips) 
BrilliantDawn84: posts small blind $0.50
Joe_Li7: is sitting out 
tintin641: is sitting out 
poker_soul11: posts big blind $1
*** HOLE CARDS ***
tintin641 leaves the table
BrilliantDawn84: folds 
Uncalled bet ($0.50) returned to poker_soul11
Joe_Li7 leaves the table
poker_soul11 collected $1 from pot
poker_soul11: doesn't show hand 
*** SUMMARY ***
Total pot $1 | Rake $0 
Seat 5: Joe_Li7
Seat 6: tintin641
Seat 2: poker_soul11 (big blind) collected ($1)
Seat 4: BrilliantDawn84 (button) (small blind) folded before Flop



PokerStars Hand #254499445681:  Hold'em No Limit ($0.50/$1.00 USD) - 2025/01/22 15:23:57 WET [2025/01/22 10:23:57 ET]
Table 'Apus IV' 6-max Seat #2 is the button
Seat 2: poker_soul11 ($140.99 in chips) 
Seat 4: BrilliantDawn84 ($98.35 in chips) 
poker_soul11: posts small blind $0.50
BrilliantDawn84: posts big blind $1
*** HOLE CARDS ***
poker_soul11: folds 
Uncalled bet ($0.50) returned to BrilliantDawn84
BrilliantDawn84 collected $1 from pot
BrilliantDawn84: doesn't show hand 
*** SUMMARY ***
Total pot $1 | Rake $0 
Seat 2: poker_soul11 (button) (small blind) folded before Flop
Seat 4: BrilliantDawn84 (big blind) collected ($1)



PokerStars Hand #254499447543:  Hold'em No Limit ($0.50/$1.00 USD) - 2025/01/22 15:24:05 WET [2025/01/22 10:24:05 ET]
Table 'Apus IV' 6-max Seat #4 is the button
Seat 2: poker_soul11 ($140.49 in chips) 
Seat 4: BrilliantDawn84 ($98.85 in chips) 
BrilliantDawn84: posts small blind $0.50
poker_soul11: posts big blind $1
*** HOLE CARDS ***
BrilliantDawn84: raises $1.50 to $2.50
poker_soul11: calls $1.50
*** FLOP *** [4h 7s 4d]
poker_soul11: checks 
BrilliantDawn84: bets $2.38
poker_soul11: folds 
Uncalled bet ($2.38) returned to BrilliantDawn84
BrilliantDawn84 collected $4.75 from pot
BrilliantDawn84: doesn't show hand 
*** SUMMARY ***
Total pot $5 | Rake $0.25 
Board [4h 7s 4d]
Seat 2: poker_soul11 (big blind) folded on the Flop
Seat 4: BrilliantDawn84 (button) (small blind) collected ($4.75)



PokerStars Hand #254499456170:  Hold'em No Limit ($0.50/$1.00 USD) - 2025/01/22 15:24:47 WET [2025/01/22 10:24:47 ET]
Table 'Apus IV' 6-max Seat #2 is the button
Seat 2: poker_soul11 ($137.99 in chips) 
Seat 4: BrilliantDawn84 ($101.10 in chips) 
poker_soul11: posts small blind $0.50
BrilliantDawn84: posts big blind $1
*** HOLE CARDS ***
joaquin612 joins the table at seat #1 
poker_soul11: folds 
Uncalled bet ($0.50) returned to BrilliantDawn84
BrilliantDawn84 collected $1 from pot
BrilliantDawn84: doesn't show hand 
*** SUMMARY ***
Total pot $1 | Rake $0 
Seat 2: poker_soul11 (button) (small blind) folded before Flop
Seat 4: BrilliantDawn84 (big blind) collected ($1)



PokerStars Hand #254499458539:  Hold'em No Limit ($0.50/$1.00 USD) - 2025/01/22 15:24:58 WET [2025/01/22 10:24:58 ET]
Table 'Apus IV' 6-max Seat #2 is the button
Seat 1: joaquin612 ($100 in chips) 
Seat 2: poker_soul11 ($137.49 in chips) 
Seat 4: BrilliantDawn84 ($101.60 in chips) 
BrilliantDawn84: posts small blind $0.50
joaquin612: posts big blind $1
*** HOLE CARDS ***
poker_soul11: raises $1.20 to $2.20
BrilliantDawn84: raises $5.40 to $7.60
joaquin612: folds 
poker_soul11: folds 
Uncalled bet ($5.40) returned to BrilliantDawn84
BrilliantDawn84 collected $5.40 from pot
BrilliantDawn84: doesn't show hand 
*** SUMMARY ***
Total pot $5.40 | Rake $0 
Seat 1: joaquin612 (big blind) folded before Flop
Seat 2: poker_soul11 (button) folded before Flop
Seat 4: BrilliantDawn84 (small blind) collected ($5.40)



PokerStars Hand #254499462528:  Hold'em No Limit ($0.50/$1.00 USD) - 2025/01/22 15:25:17 WET [2025/01/22 10:25:17 ET]
Table 'Apus IV' 6-max Seat #1 is the button
Seat 2: poker_soul11 ($135.29 in chips) is sitting out
Seat 1: joaquin612 ($100 in chips) 
Seat 4: BrilliantDawn84 ($104.80 in chips) 
joaquin612: posts small blind $0.50
poker_soul11: is sitting out 
BrilliantDawn84: posts big blind $1
*** HOLE CARDS ***
joaquin612: raises $2 to $3
BrilliantDawn84: calls $2
*** FLOP *** [Qd Th 4d]
poker_soul11 leaves the table
BrilliantDawn84: bets $2.85
joaquin612: calls $2.85
*** TURN *** [Qd Th 4d] [4s]
BrilliantDawn84: bets $6.56
joaquin612: folds 
Uncalled bet ($6.56) returned to BrilliantDawn84
BrilliantDawn84 collected $11.12 from pot
BrilliantDawn84: doesn't show hand 
*** SUMMARY ***
Total pot $11.70 | Rake $0.58 
Board [Qd Th 4d 4s]
Seat 2: poker_soul11
Seat 1: joaquin612 (button) (small blind) folded on the Turn
Seat 4: BrilliantDawn84 (big blind) collected ($11.12)



PokerStars Hand #254499470492:  Hold'em No Limit ($0.50/$1.00 USD) - 2025/01/22 15:25:56 WET [2025/01/22 10:25:56 ET]
Table 'Apus IV' 6-max Seat #4 is the button
Seat 1: joaquin612 ($100 in chips) 
Seat 4: BrilliantDawn84 ($110.07 in chips) 
BrilliantDawn84: posts small blind $0.50
joaquin612: posts big blind $1
*** HOLE CARDS ***
BrilliantDawn84: raises $1.50 to $2.50
joaquin612: folds 
Uncalled bet ($1.50) returned to BrilliantDawn84
BrilliantDawn84 collected $2 from pot
BrilliantDawn84: doesn't show hand 
*** SUMMARY ***
Total pot $2 | Rake $0 
Seat 1: joaquin612 (big blind) folded before Flop
Seat 4: BrilliantDawn84 (button) (small blind) collected ($2)



PokerStars Hand #254499472248:  Hold'em No Limit ($0.50/$1.00 USD) - 2025/01/22 15:26:04 WET [2025/01/22 10:26:04 ET]
Table 'Apus IV' 6-max Seat #1 is the button
Seat 1: joaquin612 ($100 in chips) 
Seat 4: BrilliantDawn84 ($111.07 in chips) 
joaquin612: posts small blind $0.50
BrilliantDawn84: posts big blind $1
*** HOLE CARDS ***
joaquin612: calls $0.50
BrilliantDawn84: checks 
*** FLOP *** [3d 7c Th]
BrilliantDawn84: checks 
joaquin612: checks 
*** TURN *** [3d 7c Th] [2h]
BrilliantDawn84: checks 
joaquin612: checks 
*** RIVER *** [3d 7c Th 2h] [Td]
BrilliantDawn84: checks 
joaquin612: bets $1.05
BrilliantDawn84: folds 
Uncalled bet ($1.05) returned to joaquin612
joaquin612 collected $1.90 from pot
joaquin612: doesn't show hand 
*** SUMMARY ***
Total pot $2 | Rake $0.10 
Board [3d 7c Th 2h Td]
Seat 1: joaquin612 (button) (small blind) collected ($1.90)
Seat 4: BrilliantDawn84 (big blind) folded on the River



PokerStars Hand #254499478548:  Hold'em No Limit ($0.50/$1.00 USD) - 2025/01/22 15:26:34 WET [2025/01/22 10:26:34 ET]
Table 'Apus IV' 6-max Seat #4 is the button
Seat 1: joaquin612 ($100.90 in chips) 
Seat 4: BrilliantDawn84 ($110.07 in chips) 
BrilliantDawn84: posts small blind $0.50
joaquin612: posts big blind $1
*** HOLE CARDS ***
BrilliantDawn84: raises $1.50 to $2.50
joaquin612: calls $1.50
*** FLOP *** [4s 9s 5h]
joaquin612: checks 
BrilliantDawn84: checks 
*** TURN *** [4s 9s 5h] [2h]
nastja336 joins the table at seat #3 
tintin641 joins the table at seat #6 
joaquin612: bets $1.57
Trente666 joins the table at seat #2 
Trente666 is disconnected 
toxiiie joins the table at seat #5 
toxiiie is disconnected 
BrilliantDawn84: folds 
Uncalled bet ($1.57) returned to joaquin612
joaquin612 collected $4.75 from pot
joaquin612: doesn't show hand 
*** SUMMARY ***
Total pot $5 | Rake $0.25 
Board [4s 9s 5h 2h]
Seat 1: joaquin612 (big blind) collected ($4.75)
Seat 4: BrilliantDawn84 (button) (small blind) folded on the Turn



PokerStars Hand #254499485960:  Hold'em No Limit ($0.50/$1.00 USD) - 2025/01/22 15:27:10 WET [2025/01/22 10:27:10 ET]
Table 'Apus IV' 6-max Seat #1 is the button
Seat 2: Trente666 ($40 in chips) is sitting out
Seat 3: nastja336 ($100 in chips) is sitting out
Seat 6: tintin641 ($101.50 in chips) is sitting out
Seat 1: joaquin612 ($103.15 in chips) 
Seat 4: BrilliantDawn84 ($107.57 in chips) 
Seat 5: toxiiie ($52.65 in chips) 
BrilliantDawn84: posts small blind $0.50
toxiiie: posts big blind $1
tintin641: sits out 
*** HOLE CARDS ***
joaquin612: folds 
BrilliantDawn84: folds 
Uncalled bet ($0.50) returned to toxiiie
toxiiie collected $1 from pot
*** SUMMARY ***
Total pot $1 | Rake $0 
Seat 2: Trente666
Seat 3: nastja336
Seat 6: tintin641
Seat 1: joaquin612 (button) folded before Flop (didn't bet)
Seat 4: BrilliantDawn84 (small blind) folded before Flop
Seat 5: toxiiie (big blind) collected ($1)



PokerStars Hand #254499487742:  Hold'em No Limit ($0.50/$1.00 USD) - 2025/01/22 15:27:19 WET [2025/01/22 10:27:19 ET]
Table 'Apus IV' 6-max Seat #4 is the button
Seat 3: nastja336 ($100 in chips) is sitting out
Seat 1: joaquin612 ($103.15 in chips) 
Seat 2: Trente666 ($40 in chips) 
Seat 4: BrilliantDawn84 ($107.07 in chips) 
Seat 5: toxiiie ($53.15 in chips) 
Seat 6: tintin641 ($101.50 in chips) 
toxiiie: posts small blind $0.50
tintin641: posts big blind $1
Trente666: posts big blind $1
nastja336: sits out 
*** HOLE CARDS ***
joaquin612: folds 
Trente666: checks 
BrilliantDawn84: folds 
toxiiie: calls $0.50
tintin641: checks 
*** FLOP *** [5d 5h 9c]
toxiiie: checks 
tintin641: checks 
Trente666: bets $2.85
toxiiie: folds 
tintin641: folds 
Uncalled bet ($2.85) returned to Trente666
Trente666 collected $2.85 from pot
*** SUMMARY ***
Total pot $3 | Rake $0.15 
Board [5d 5h 9c]
Seat 3: nastja336
Seat 1: joaquin612 folded before Flop (didn't bet)
Seat 2: Trente666 collected ($2.85)
Seat 4: BrilliantDawn84 (button) folded before Flop (didn't bet)
Seat 5: toxiiie (small blind) folded on the Flop
Seat 6: tintin641 (big blind) folded on the Flop



PokerStars Hand #254499494755:  Hold'em No Limit ($0.50/$1.00 USD) - 2025/01/22 15:27:53 WET [2025/01/22 10:27:53 ET]
Table 'Apus IV' 6-max Seat #5 is the button
Seat 3: nastja336 ($100 in chips) is sitting out
Seat 1: joaquin612 ($103.15 in chips) 
Seat 2: Trente666 ($41.85 in chips) 
Seat 4: BrilliantDawn84 ($107.07 in chips) 
Seat 5: toxiiie ($52.15 in chips) 
Seat 6: tintin641 ($100.50 in chips) 
tintin641: posts small blind $0.50
joaquin612: posts big blind $1
nastja336: sits out 
*** HOLE CARDS ***
Trente666: calls $1
BrilliantDawn84: folds 
toxiiie: folds 
tintin641: calls $0.50
joaquin612: raises $5 to $6
Trente666: calls $5
tintin641: folds 
*** FLOP *** [7s Ad Qd]
joaquin612: checks 
Trente666: checks 
*** TURN *** [7s Ad Qd] [3s]
joaquin612: checks 
Trente666: bets $6.18
joaquin612: folds 
Uncalled bet ($6.18) returned to Trente666
Trente666 collected $12.35 from pot
*** SUMMARY ***
Total pot $13 | Rake $0.65 
Board [7s Ad Qd 3s]
Seat 3: nastja336
Seat 1: joaquin612 (big blind) folded on the Turn
Seat 2: Trente666 collected ($12.35)
Seat 4: BrilliantDawn84 folded before Flop (didn't bet)
Seat 5: toxiiie (button) folded before Flop (didn't bet)
Seat 6: tintin641 (small blind) folded before Flop



PokerStars Hand #254499505699:  Hold'em No Limit ($0.50/$1.00 USD) - 2025/01/22 15:28:45 WET [2025/01/22 10:28:45 ET]
Table 'Apus IV' 6-max Seat #6 is the button
Seat 3: nastja336 ($100 in chips) is sitting out
Seat 1: joaquin612 ($100 in chips) 
Seat 2: Trente666 ($48.20 in chips) 
Seat 4: BrilliantDawn84 ($107.07 in chips) 
Seat 5: toxiiie ($52.15 in chips) 
Seat 6: tintin641 ($100 in chips) 
joaquin612: posts small blind $0.50
Trente666: posts big blind $1
nastja336: sits out 
*** HOLE CARDS ***
BrilliantDawn84: folds 
toxiiie: folds 
tintin641: raises $1.50 to $2.50
joaquin612: folds 
Trente666: folds 
Uncalled bet ($1.50) returned to tintin641
tintin641 collected $2.50 from pot
tintin641: doesn't show hand 
*** SUMMARY ***
Total pot $2.50 | Rake $0 
Seat 3: nastja336
Seat 1: joaquin612 (small blind) folded before Flop
Seat 2: Trente666 (big blind) folded before Flop
Seat 4: BrilliantDawn84 folded before Flop (didn't bet)
Seat 5: toxiiie folded before Flop (didn't bet)
Seat 6: tintin641 (button) collected ($2.50)



PokerStars Hand #254499512366:  Hold'em No Limit ($0.50/$1.00 USD) - 2025/01/22 15:29:17 WET [2025/01/22 10:29:17 ET]
Table 'Apus IV' 6-max Seat #1 is the button
Seat 1: joaquin612 ($100 in chips) 
Seat 2: Trente666 ($47.20 in chips) 
Seat 3: nastja336 ($100 in chips) 
Seat 4: BrilliantDawn84 ($107.07 in chips) 
Seat 5: toxiiie ($52.15 in chips) 
Seat 6: tintin641 ($101.50 in chips) 
Trente666: posts small blind $0.50
nastja336: posts big blind $1
*** HOLE CARDS ***
BrilliantDawn84: folds 
toxiiie: calls $1
tintin641: folds 
joaquin612: folds 
Trente666: folds 
nastja336: checks 
*** FLOP *** [7s Qh 3c]
nastja336: checks 
toxiiie: checks 
*** TURN *** [7s Qh 3c] [4h]
nastja336: checks 
toxiiie: checks 
*** RIVER *** [7s Qh 3c 4h] [Qd]
nastja336: checks 
toxiiie: checks 
*** SHOW DOWN ***
nastja336: shows [5h Td] (a pair of Queens)
toxiiie: mucks hand 
nastja336 collected $2.38 from pot
*** SUMMARY ***
Total pot $2.50 | Rake $0.12 
Board [7s Qh 3c 4h Qd]
Seat 1: joaquin612 (button) folded before Flop (didn't bet)
Seat 2: Trente666 (small blind) folded before Flop
Seat 3: nastja336 (big blind) showed [5h Td] and won ($2.38) with a pair of Queens
Seat 4: BrilliantDawn84 folded before Flop (didn't bet)
Seat 5: toxiiie mucked
Seat 6: tintin641 folded before Flop (didn't bet)



PokerStars Hand #254499521504:  Hold'em No Limit ($0.50/$1.00 USD) - 2025/01/22 15:30:00 WET [2025/01/22 10:30:00 ET]
Table 'Apus IV' 6-max Seat #2 is the button
Seat 1: joaquin612 ($100 in chips) 
Seat 2: Trente666 ($46.70 in chips) 
Seat 3: nastja336 ($101.38 in chips) 
Seat 4: BrilliantDawn84 ($107.07 in chips) 
Seat 5: toxiiie ($51.15 in chips) 
Seat 6: tintin641 ($101.50 in chips) 
nastja336: posts small blind $0.50
BrilliantDawn84: posts big blind $1
*** HOLE CARDS ***
toxiiie: calls $1
tintin641: folds 
joaquin612: folds 
Trente666: folds 
nastja336: calls $0.50
BrilliantDawn84: checks 
*** FLOP *** [6c 7s 8c]
nastja336: checks 
BrilliantDawn84: checks 
toxiiie: bets $1
nastja336: folds 
BrilliantDawn84: calls $1
*** TURN *** [6c 7s 8c] [4c]
BrilliantDawn84: checks 
toxiiie: checks 
*** RIVER *** [6c 7s 8c 4c] [Qc]
BrilliantDawn84: checks 
toxiiie: checks 
*** SHOW DOWN ***
BrilliantDawn84: shows [5c 5s] (a flush, Queen high)
toxiiie: mucks hand 
BrilliantDawn84 collected $4.75 from pot
*** SUMMARY ***
Total pot $5 | Rake $0.25 
Board [6c 7s 8c 4c Qc]
Seat 1: joaquin612 folded before Flop (didn't bet)
Seat 2: Trente666 (button) folded before Flop (didn't bet)
Seat 3: nastja336 (small blind) folded on the Flop
Seat 4: BrilliantDawn84 (big blind) showed [5c 5s] and won ($4.75) with a flush, Queen high
Seat 5: toxiiie mucked
Seat 6: tintin641 folded before Flop (didn't bet)



PokerStars Hand #254499534420:  Hold'em No Limit ($0.50/$1.00 USD) - 2025/01/22 15:31:02 WET [2025/01/22 10:31:02 ET]
Table 'Apus IV' 6-max Seat #3 is the button
Seat 1: joaquin612 ($100 in chips) 
Seat 2: Trente666 ($46.70 in chips) 
Seat 3: nastja336 ($100.38 in chips) 
Seat 4: BrilliantDawn84 ($109.82 in chips) 
Seat 5: toxiiie ($49.15 in chips) 
Seat 6: tintin641 ($101.50 in chips) 
BrilliantDawn84: posts small blind $0.50
toxiiie: posts big blind $1
*** HOLE CARDS ***
tintin641: raises $1.50 to $2.50
joaquin612: folds 
Trente666: calls $2.50
nastja336: folds 
BrilliantDawn84: folds 
toxiiie: calls $1.50
*** FLOP *** [Td 3d 6s]
toxiiie: checks 
tintin641: checks 
Trente666: bets $4.80
toxiiie: folds 
tintin641: folds 
Uncalled bet ($4.80) returned to Trente666
Trente666 collected $7.60 from pot
*** SUMMARY ***
Total pot $8 | Rake $0.40 
Board [Td 3d 6s]
Seat 1: joaquin612 folded before Flop (didn't bet)
Seat 2: Trente666 collected ($7.60)
Seat 3: nastja336 (button) folded before Flop (didn't bet)
Seat 4: BrilliantDawn84 (small blind) folded before Flop
Seat 5: toxiiie (big blind) folded on the Flop
Seat 6: tintin641 folded on the Flop



PokerStars Hand #254499545275:  Hold'em No Limit ($0.50/$1.00 USD) - 2025/01/22 15:31:53 WET [2025/01/22 10:31:53 ET]
Table 'Apus IV' 6-max Seat #4 is the button
Seat 1: joaquin612 ($100 in chips) 
Seat 2: Trente666 ($51.80 in chips) 
Seat 3: nastja336 ($100.38 in chips) 
Seat 4: BrilliantDawn84 ($109.32 in chips) 
Seat 5: toxiiie ($46.65 in chips) 
Seat 6: tintin641 ($100 in chips) 
toxiiie: posts small blind $0.50
tintin641: posts big blind $1
*** HOLE CARDS ***
joaquin612: raises $1.50 to $2.50
Trente666: raises $2.50 to $5
nastja336: folds 
BrilliantDawn84: folds 
toxiiie: folds 
tintin641: folds 
joaquin612: calls $2.50
*** FLOP *** [2h 7h Kd]
joaquin612: checks 
Trente666: bets $5.46
joaquin612: folds 
Uncalled bet ($5.46) returned to Trente666
Trente666 collected $10.92 from pot
*** SUMMARY ***
Total pot $11.50 | Rake $0.58 
Board [2h 7h Kd]
Seat 1: joaquin612 folded on the Flop
Seat 2: Trente666 collected ($10.92)
Seat 3: nastja336 folded before Flop (didn't bet)
Seat 4: BrilliantDawn84 (button) folded before Flop (didn't bet)
Seat 5: toxiiie (small blind) folded before Flop
Seat 6: tintin641 (big blind) folded before Flop



PokerStars Hand #254499553619:  Hold'em No Limit ($0.50/$1.00 USD) - 2025/01/22 15:32:33 WET [2025/01/22 10:32:33 ET]
Table 'Apus IV' 6-max Seat #5 is the button
Seat 1: joaquin612 ($100 in chips) 
Seat 2: Trente666 ($57.72 in chips) 
Seat 3: nastja336 ($100.38 in chips) 
Seat 4: BrilliantDawn84 ($109.32 in chips) 
Seat 5: toxiiie ($46.15 in chips) 
Seat 6: tintin641 ($100 in chips) 
tintin641: posts small blind $0.50
joaquin612: posts big blind $1
*** HOLE CARDS ***
Trente666: folds 
nastja336: folds 
BrilliantDawn84: folds 
toxiiie: calls $1
tintin641: raises $4 to $5
joaquin612: folds 
toxiiie: calls $4
*** FLOP *** [Ks 3c As]
tintin641: checks 
toxiiie: bets $3
tintin641: calls $3
*** TURN *** [Ks 3c As] [8s]
tintin641: checks 
toxiiie: checks 
*** RIVER *** [Ks 3c As 8s] [2s]
tintin641: checks 
toxiiie: checks 
*** SHOW DOWN ***
tintin641: shows [Kh Qd] (a pair of Kings)
toxiiie: shows [3d Ad] (two pair, Aces and Threes)
toxiiie collected $16.15 from pot
*** SUMMARY ***
Total pot $17 | Rake $0.85 
Board [Ks 3c As 8s 2s]
Seat 1: joaquin612 (big blind) folded before Flop
Seat 2: Trente666 folded before Flop (didn't bet)
Seat 3: nastja336 folded before Flop (didn't bet)
Seat 4: BrilliantDawn84 folded before Flop (didn't bet)
Seat 5: toxiiie (button) showed [3d Ad] and won ($16.15) with two pair, Aces and Threes
Seat 6: tintin641 (small blind) showed [Kh Qd] and lost with a pair of Kings



PokerStars Hand #254499565681:  Hold'em No Limit ($0.50/$1.00 USD) - 2025/01/22 15:33:30 WET [2025/01/22 10:33:30 ET]
Table 'Apus IV' 6-max Seat #6 is the button
Seat 1: joaquin612 ($100 in chips) 
Seat 2: Trente666 ($57.72 in chips) 
Seat 3: nastja336 ($100.38 in chips) 
Seat 4: BrilliantDawn84 ($109.32 in chips) 
Seat 5: toxiiie ($54.30 in chips) 
Seat 6: tintin641 ($100 in chips) 
joaquin612: posts small blind $0.50
Trente666: posts big blind $1
*** HOLE CARDS ***
nastja336: folds 
BrilliantDawn84: folds 
toxiiie: folds 
tintin641: raises $1.50 to $2.50
joaquin612: folds 
Trente666: folds 
Uncalled bet ($1.50) returned to tintin641
tintin641 collected $2.50 from pot
tintin641: doesn't show hand 
*** SUMMARY ***
Total pot $2.50 | Rake $0 
Seat 1: joaquin612 (small blind) folded before Flop
Seat 2: Trente666 (big blind) folded before Flop
Seat 3: nastja336 folded before Flop (didn't bet)
Seat 4: BrilliantDawn84 folded before Flop (didn't bet)
Seat 5: toxiiie folded before Flop (didn't bet)
Seat 6: tintin641 (button) collected ($2.50)



PokerStars Hand #254499570375:  Hold'em No Limit ($0.50/$1.00 USD) - 2025/01/22 15:33:51 WET [2025/01/22 10:33:51 ET]
Table 'Apus IV' 6-max Seat #1 is the button
Seat 1: joaquin612 ($100 in chips) 
Seat 2: Trente666 ($56.72 in chips) 
Seat 3: nastja336 ($100.38 in chips) 
Seat 4: BrilliantDawn84 ($109.32 in chips) 
Seat 5: toxiiie ($54.30 in chips) 
Seat 6: tintin641 ($101.50 in chips) 
Trente666: posts small blind $0.50
nastja336: posts big blind $1
*** HOLE CARDS ***
BrilliantDawn84: raises $1.50 to $2.50
toxiiie: calls $2.50
tintin641: folds 
joaquin612: raises $9.50 to $12
Trente666: folds 
nastja336: raises $14 to $26
BrilliantDawn84: folds 
toxiiie: folds 
joaquin612: folds 
Uncalled bet ($14) returned to nastja336
nastja336 collected $29.50 from pot
nastja336: doesn't show hand 
*** SUMMARY ***
Total pot $29.50 | Rake $0 
Seat 1: joaquin612 (button) folded before Flop
Seat 2: Trente666 (small blind) folded before Flop
Seat 3: nastja336 (big blind) collected ($29.50)
Seat 4: BrilliantDawn84 folded before Flop
Seat 5: toxiiie folded before Flop
Seat 6: tintin641 folded before Flop (didn't bet)



PokerStars Hand #254499584850:  Hold'em No Limit ($0.50/$1.00 USD) - 2025/01/22 15:34:59 WET [2025/01/22 10:34:59 ET]
Table 'Apus IV' 6-max Seat #2 is the button
Seat 1: joaquin612 ($100 in chips) 
Seat 2: Trente666 ($56.22 in chips) 
Seat 3: nastja336 ($117.88 in chips) 
Seat 4: BrilliantDawn84 ($106.82 in chips) 
Seat 5: toxiiie ($51.80 in chips) 
Seat 6: tintin641 ($101.50 in chips) 
nastja336: posts small blind $0.50
BrilliantDawn84: posts big blind $1
*** HOLE CARDS ***
toxiiie: calls $1
tintin641: folds 
joaquin612: folds 
Trente666: folds 
nastja336: folds 
BrilliantDawn84: checks 
*** FLOP *** [6d 2c Kc]
BrilliantDawn84: checks 
toxiiie: checks 
*** TURN *** [6d 2c Kc] [9h]
BrilliantDawn84: checks 
toxiiie: checks 
*** RIVER *** [6d 2c Kc 9h] [6h]
BrilliantDawn84: checks 
toxiiie: checks 
*** SHOW DOWN ***
BrilliantDawn84: shows [Tc 3d] (a pair of Sixes)
toxiiie: shows [2d As] (two pair, Sixes and Deuces)
toxiiie collected $2.38 from pot
*** SUMMARY ***
Total pot $2.50 | Rake $0.12 
Board [6d 2c Kc 9h 6h]
Seat 1: joaquin612 folded before Flop (didn't bet)
Seat 2: Trente666 (button) folded before Flop (didn't bet)
Seat 3: nastja336 (small blind) folded before Flop
Seat 4: BrilliantDawn84 (big blind) showed [Tc 3d] and lost with a pair of Sixes
Seat 5: toxiiie showed [2d As] and won ($2.38) with two pair, Sixes and Deuces
Seat 6: tintin641 folded before Flop (didn't bet)



PokerStars Hand #254499590577:  Hold'em No Limit ($0.50/$1.00 USD) - 2025/01/22 15:35:26 WET [2025/01/22 10:35:26 ET]
Table 'Apus IV' 6-max Seat #3 is the button
Seat 1: joaquin612 ($100 in chips) 
Seat 2: Trente666 ($56.22 in chips) 
Seat 3: nastja336 ($117.38 in chips) 
Seat 4: BrilliantDawn84 ($105.82 in chips) 
Seat 5: toxiiie ($53.18 in chips) 
Seat 6: tintin641 ($101.50 in chips) 
BrilliantDawn84: posts small blind $0.50
toxiiie: posts big blind $1
*** HOLE CARDS ***
tintin641: folds 
joaquin612: raises $1.50 to $2.50
Trente666: folds 
nastja336: folds 
BrilliantDawn84: folds 
toxiiie: calls $1.50
*** FLOP *** [Ah Jc Qs]
toxiiie: checks 
joaquin612: bets $2.61
toxiiie: calls $2.61
*** TURN *** [Ah Jc Qs] [Th]
toxiiie: checks 
joaquin612: bets $5.60
toxiiie: calls $5.60
*** RIVER *** [Ah Jc Qs Th] [Ks]
toxiiie: bets $17
joaquin612: calls $17
*** SHOW DOWN ***
toxiiie: shows [Jh 8s] (a straight, Ten to Ace)
joaquin612: shows [Qd Kd] (a straight, Ten to Ace)
toxiiie collected $26.71 from pot
joaquin612 collected $26.71 from pot
*** SUMMARY ***
Total pot $55.92 | Rake $2.50 
Board [Ah Jc Qs Th Ks]
Seat 1: joaquin612 showed [Qd Kd] and won ($26.71) with a straight, Ten to Ace
Seat 2: Trente666 folded before Flop (didn't bet)
Seat 3: nastja336 (button) folded before Flop (didn't bet)
Seat 4: BrilliantDawn84 (small blind) folded before Flop
Seat 5: toxiiie (big blind) showed [Jh 8s] and won ($26.71) with a straight, Ten to Ace
Seat 6: tintin641 folded before Flop (didn't bet)



PokerStars Hand #254499601132:  Hold'em No Limit ($0.50/$1.00 USD) - 2025/01/22 15:36:16 WET [2025/01/22 10:36:16 ET]
Table 'Apus IV' 6-max Seat #4 is the button
Seat 1: joaquin612 ($100 in chips) 
Seat 2: Trente666 ($56.22 in chips) 
Seat 3: nastja336 ($117.38 in chips) 
Seat 4: BrilliantDawn84 ($105.32 in chips) 
Seat 5: toxiiie ($52.18 in chips) 
Seat 6: tintin641 ($101.50 in chips) 
toxiiie: posts small blind $0.50
tintin641: posts big blind $1
*** HOLE CARDS ***
joaquin612: folds 
Trente666: folds 
nastja336: folds 
BrilliantDawn84: folds 
toxiiie: calls $0.50
tintin641: raises $3 to $4
toxiiie: calls $3
*** FLOP *** [3c Ks 5c]
toxiiie: checks 
tintin641: checks 
*** TURN *** [3c Ks 5c] [5s]
toxiiie: bets $3
tintin641: folds 
Uncalled bet ($3) returned to toxiiie
toxiiie collected $7.60 from pot
*** SUMMARY ***
Total pot $8 | Rake $0.40 
Board [3c Ks 5c 5s]
Seat 1: joaquin612 folded before Flop (didn't bet)
Seat 2: Trente666 folded before Flop (didn't bet)
Seat 3: nastja336 folded before Flop (didn't bet)
Seat 4: BrilliantDawn84 (button) folded before Flop (didn't bet)
Seat 5: toxiiie (small blind) collected ($7.60)
Seat 6: tintin641 (big blind) folded on the Turn



PokerStars Hand #254499615072:  Hold'em No Limit ($0.50/$1.00 USD) - 2025/01/22 15:37:21 WET [2025/01/22 10:37:21 ET]
Table 'Apus IV' 6-max Seat #5 is the button
Seat 1: joaquin612 ($100 in chips) 
Seat 2: Trente666 ($56.22 in chips) 
Seat 3: nastja336 ($117.38 in chips) 
Seat 4: BrilliantDawn84 ($105.32 in chips) 
Seat 5: toxiiie ($55.78 in chips) 
Seat 6: tintin641 ($100 in chips) 
tintin641: posts small blind $0.50
joaquin612: posts big blind $1
*** HOLE CARDS ***
Trente666: folds 
nastja336: raises $1.50 to $2.50
BrilliantDawn84: folds 
toxiiie: folds 
tintin641: raises $8.50 to $11
joaquin612: folds 
Trente666 is disconnected 
nastja336: raises $15 to $26
tintin641: folds 
Uncalled bet ($15) returned to nastja336
nastja336 collected $23 from pot
nastja336: doesn't show hand 
*** SUMMARY ***
Total pot $23 | Rake $0 
Seat 1: joaquin612 (big blind) folded before Flop
Seat 2: Trente666 folded before Flop (didn't bet)
Seat 3: nastja336 collected ($23)
Seat 4: BrilliantDawn84 folded before Flop (didn't bet)
Seat 5: toxiiie (button) folded before Flop (didn't bet)
Seat 6: tintin641 (small blind) folded before Flop



PokerStars Hand #254499624458:  Hold'em No Limit ($0.50/$1.00 USD) - 2025/01/22 15:38:06 WET [2025/01/22 10:38:06 ET]
Table 'Apus IV' 6-max Seat #6 is the button
Seat 1: joaquin612 ($100 in chips) 
Seat 2: Trente666 ($56.22 in chips) 
Seat 3: nastja336 ($129.38 in chips) 
Seat 4: BrilliantDawn84 ($105.32 in chips) 
Seat 5: toxiiie ($55.78 in chips) 
Seat 6: tintin641 ($100 in chips) 
joaquin612: posts small blind $0.50
Trente666: posts big blind $1
*** HOLE CARDS ***
nastja336: folds 
BrilliantDawn84: folds 
toxiiie: calls $1
tintin641: raises $3 to $4
joaquin612: folds 
Trente666: folds 
toxiiie: calls $3
*** FLOP *** [5c Jd Ks]
toxiiie: checks 
tintin641: bets $2.98
toxiiie: calls $2.98
*** TURN *** [5c Jd Ks] [7d]
toxiiie: checks 
tintin641: checks 
*** RIVER *** [5c Jd Ks 7d] [Qd]
toxiiie: checks 
tintin641: bets $18
toxiiie: calls $18
*** SHOW DOWN ***
tintin641: shows [8d Ah] (high card Ace)
toxiiie: shows [9c Kc] (a pair of Kings)
toxiiie collected $48.96 from pot
*** SUMMARY ***
Total pot $51.46 | Rake $2.50 
Board [5c Jd Ks 7d Qd]
Seat 1: joaquin612 (small blind) folded before Flop
Seat 2: Trente666 (big blind) folded before Flop
Seat 3: nastja336 folded before Flop (didn't bet)
Seat 4: BrilliantDawn84 folded before Flop (didn't bet)
Seat 5: toxiiie showed [9c Kc] and won ($48.96) with a pair of Kings
Seat 6: tintin641 (button) showed [8d Ah] and lost with high card Ace



PokerStars Hand #254499640356:  Hold'em No Limit ($0.50/$1.00 USD) - 2025/01/22 15:39:21 WET [2025/01/22 10:39:21 ET]
Table 'Apus IV' 6-max Seat #1 is the button
Seat 1: joaquin612 ($100 in chips) 
Seat 2: Trente666 ($55.22 in chips) 
Seat 3: nastja336 ($129.38 in chips) 
Seat 4: BrilliantDawn84 ($105.32 in chips) 
Seat 5: toxiiie ($79.76 in chips) 
Seat 6: tintin641 ($100 in chips) 
Trente666: posts small blind $0.50
nastja336: posts big blind $1
*** HOLE CARDS ***
BrilliantDawn84: folds 
toxiiie: calls $1
tintin641: folds 
joaquin612: folds 
Trente666: folds 
nastja336: checks 
*** FLOP *** [9h 7c 5s]
nastja336: checks 
toxiiie: checks 
*** TURN *** [9h 7c 5s] [2d]
nastja336: bets $1.19
toxiiie: calls $1.19
*** RIVER *** [9h 7c 5s 2d] [8s]
nastja336: checks 
toxiiie: checks 
*** SHOW DOWN ***
nastja336: shows [7s Qh] (a pair of Sevens)
toxiiie: mucks hand 
nastja336 collected $4.64 from pot
*** SUMMARY ***
Total pot $4.88 | Rake $0.24 
Board [9h 7c 5s 2d 8s]
Seat 1: joaquin612 (button) folded before Flop (didn't bet)
Seat 2: Trente666 (small blind) folded before Flop
Seat 3: nastja336 (big blind) showed [7s Qh] and won ($4.64) with a pair of Sevens
Seat 4: BrilliantDawn84 folded before Flop (didn't bet)
Seat 5: toxiiie mucked
Seat 6: tintin641 folded before Flop (didn't bet)



PokerStars Hand #254499646602:  Hold'em No Limit ($0.50/$1.00 USD) - 2025/01/22 15:39:50 WET [2025/01/22 10:39:50 ET]
Table 'Apus IV' 6-max Seat #2 is the button
Seat 1: joaquin612 ($100 in chips) 
Seat 2: Trente666 ($54.72 in chips) 
Seat 3: nastja336 ($131.83 in chips) 
Seat 4: BrilliantDawn84 ($105.32 in chips) 
Seat 5: toxiiie ($77.57 in chips) 
Seat 6: tintin641 ($100 in chips) 
nastja336: posts small blind $0.50
BrilliantDawn84: posts big blind $1
*** HOLE CARDS ***
toxiiie: folds 
tintin641: folds 
joaquin612: folds 
Trente666: folds 
nastja336: raises $2 to $3
BrilliantDawn84: folds 
Uncalled bet ($2) returned to nastja336
Trente666 leaves the table
nastja336 collected $2 from pot
nastja336: doesn't show hand 
*** SUMMARY ***
Total pot $2 | Rake $0 
Seat 1: joaquin612 folded before Flop (didn't bet)
Seat 2: Trente666 (button) folded before Flop (didn't bet)
Seat 3: nastja336 (small blind) collected ($2)
Seat 4: BrilliantDawn84 (big blind) folded before Flop
Seat 5: toxiiie folded before Flop (didn't bet)
Seat 6: tintin641 folded before Flop (didn't bet)



PokerStars Hand #254499649587:  Hold'em No Limit ($0.50/$1.00 USD) - 2025/01/22 15:40:04 WET [2025/01/22 10:40:04 ET]
Table 'Apus IV' 6-max Seat #3 is the button
Seat 1: joaquin612 ($100 in chips) 
Seat 3: nastja336 ($132.83 in chips) 
Seat 4: BrilliantDawn84 ($104.32 in chips) 
Seat 5: toxiiie ($77.57 in chips) 
Seat 6: tintin641 ($100 in chips) 
BrilliantDawn84: posts small blind $0.50
toxiiie: posts big blind $1
*** HOLE CARDS ***
tintin641: folds 
joaquin612: folds 
nastja336: raises $1.50 to $2.50
BrilliantDawn84: folds 
toxiiie: folds 
Uncalled bet ($1.50) returned to nastja336
nastja336 collected $2.50 from pot
nastja336: doesn't show hand 
*** SUMMARY ***
Total pot $2.50 | Rake $0 
Seat 1: joaquin612 folded before Flop (didn't bet)
Seat 3: nastja336 (button) collected ($2.50)
Seat 4: BrilliantDawn84 (small blind) folded before Flop
Seat 5: toxiiie (big blind) folded before Flop
Seat 6: tintin641 folded before Flop (didn't bet)



PokerStars Hand #254499655236:  Hold'em No Limit ($0.50/$1.00 USD) - 2025/01/22 15:40:30 WET [2025/01/22 10:40:30 ET]
Table 'Apus IV' 6-max Seat #4 is the button
Seat 1: joaquin612 ($100 in chips) 
Seat 3: nastja336 ($134.33 in chips) 
Seat 4: BrilliantDawn84 ($103.82 in chips) 
Seat 5: toxiiie ($76.57 in chips) 
Seat 6: tintin641 ($100 in chips) 
toxiiie: posts small blind $0.50
tintin641: posts big blind $1
*** HOLE CARDS ***
joaquin612: folds 
nastja336: raises $1.50 to $2.50
Rdalonso joins the table at seat #2 
BrilliantDawn84: folds 
toxiiie: calls $2
tintin641: folds 
*** FLOP *** [9s 4h Qc]
toxiiie: checks 
nastja336: bets $2.85
toxiiie: folds 
Uncalled bet ($2.85) returned to nastja336
nastja336 collected $5.70 from pot
nastja336: doesn't show hand 
*** SUMMARY ***
Total pot $6 | Rake $0.30 
Board [9s 4h Qc]
Seat 1: joaquin612 folded before Flop (didn't bet)
Seat 3: nastja336 collected ($5.70)
Seat 4: BrilliantDawn84 (button) folded before Flop (didn't bet)
Seat 5: toxiiie (small blind) folded on the Flop
Seat 6: tintin641 (big blind) folded before Flop



PokerStars Hand #254499662868:  Hold'em No Limit ($0.50/$1.00 USD) - 2025/01/22 15:41:05 WET [2025/01/22 10:41:05 ET]
Table 'Apus IV' 6-max Seat #5 is the button
Seat 2: Rdalonso ($100 in chips) is sitting out
Seat 1: joaquin612 ($100 in chips) 
Seat 3: nastja336 ($137.53 in chips) 
Seat 4: BrilliantDawn84 ($103.82 in chips) 
Seat 5: toxiiie ($74.07 in chips) 
Seat 6: tintin641 ($100 in chips) 
tintin641: posts small blind $0.50
joaquin612: posts big blind $1
Rdalonso: sits out 
*** HOLE CARDS ***
nastja336: folds 
BrilliantDawn84: folds 
toxiiie: calls $1
tintin641: calls $0.50
joaquin612: raises $5 to $6
toxiiie is disconnected 
toxiiie is connected 
toxiiie: folds 
tintin641: folds 
Uncalled bet ($5) returned to joaquin612
joaquin612 collected $3 from pot
joaquin612: doesn't show hand 
*** SUMMARY ***
Total pot $3 | Rake $0 
Seat 2: Rdalonso
Seat 1: joaquin612 (big blind) collected ($3)
Seat 3: nastja336 folded before Flop (didn't bet)
Seat 4: BrilliantDawn84 folded before Flop (didn't bet)
Seat 5: toxiiie (button) folded before Flop
Seat 6: tintin641 (small blind) folded before Flop



PokerStars Hand #254499669094:  Hold'em No Limit ($0.50/$1.00 USD) - 2025/01/22 15:41:34 WET [2025/01/22 10:41:34 ET]
Table 'Apus IV' 6-max Seat #6 is the button
Seat 1: joaquin612 ($102 in chips) 
Seat 2: Rdalonso ($100 in chips) 
Seat 3: nastja336 ($137.53 in chips) 
Seat 4: BrilliantDawn84 ($103.82 in chips) 
Seat 5: toxiiie ($73.07 in chips) 
Seat 6: tintin641 ($100 in chips) 
joaquin612: posts small blind $0.50
Rdalonso: posts big blind $1
*** HOLE CARDS ***
nastja336: folds 
BrilliantDawn84: folds 
toxiiie: folds 
tintin641: folds 
joaquin612: folds 
Uncalled bet ($0.50) returned to Rdalonso
Rdalonso collected $1 from pot
Rdalonso: doesn't show hand 
*** SUMMARY ***
Total pot $1 | Rake $0 
Seat 1: joaquin612 (small blind) folded before Flop
Seat 2: Rdalonso (big blind) collected ($1)
Seat 3: nastja336 folded before Flop (didn't bet)
Seat 4: BrilliantDawn84 folded before Flop (didn't bet)
Seat 5: toxiiie folded before Flop (didn't bet)
Seat 6: tintin641 (button) folded before Flop (didn't bet)



PokerStars Hand #254499671341:  Hold'em No Limit ($0.50/$1.00 USD) - 2025/01/22 15:41:45 WET [2025/01/22 10:41:45 ET]
Table 'Apus IV' 6-max Seat #1 is the button
Seat 1: joaquin612 ($101.50 in chips) 
Seat 2: Rdalonso ($100.50 in chips) 
Seat 3: nastja336 ($137.53 in chips) 
Seat 4: BrilliantDawn84 ($103.82 in chips) 
Seat 5: toxiiie ($73.07 in chips) 
Seat 6: tintin641 ($100 in chips) 
Rdalonso: posts small blind $0.50
nastja336: posts big blind $1
*** HOLE CARDS ***
BrilliantDawn84: raises $1.50 to $2.50
toxiiie: calls $2.50
tintin641: folds 
joaquin612: folds 
Rdalonso: folds 
nastja336: folds 
*** FLOP *** [4s 9c 8c]
BrilliantDawn84: bets $3.09
toxiiie: calls $3.09
*** TURN *** [4s 9c 8c] [2h]
BrilliantDawn84: bets $8.03
toxiiie: folds 
Uncalled bet ($8.03) returned to BrilliantDawn84
BrilliantDawn84 collected $12.05 from pot
BrilliantDawn84: doesn't show hand 
*** SUMMARY ***
Total pot $12.68 | Rake $0.63 
Board [4s 9c 8c 2h]
Seat 1: joaquin612 (button) folded before Flop (didn't bet)
Seat 2: Rdalonso (small blind) folded before Flop
Seat 3: nastja336 (big blind) folded before Flop
Seat 4: BrilliantDawn84 collected ($12.05)
Seat 5: toxiiie folded on the Turn
Seat 6: tintin641 folded before Flop (didn't bet)



PokerStars Hand #254499678841:  Hold'em No Limit ($0.50/$1.00 USD) - 2025/01/22 15:42:20 WET [2025/01/22 10:42:20 ET]
Table 'Apus IV' 6-max Seat #2 is the button
Seat 1: joaquin612 ($101.50 in chips) 
Seat 2: Rdalonso ($100 in chips) 
Seat 3: nastja336 ($136.53 in chips) 
Seat 4: BrilliantDawn84 ($110.28 in chips) 
Seat 5: toxiiie ($67.48 in chips) 
Seat 6: tintin641 ($100 in chips) 
nastja336: posts small blind $0.50
BrilliantDawn84: posts big blind $1
*** HOLE CARDS ***
toxiiie: calls $1
tintin641: folds 
joaquin612: folds 
Rdalonso: raises $4 to $5
nastja336: folds 
BrilliantDawn84: folds 
toxiiie: folds 
Uncalled bet ($4) returned to Rdalonso
Rdalonso collected $3.50 from pot
Rdalonso: doesn't show hand 
*** SUMMARY ***
Total pot $3.50 | Rake $0 
Seat 1: joaquin612 folded before Flop (didn't bet)
Seat 2: Rdalonso (button) collected ($3.50)
Seat 3: nastja336 (small blind) folded before Flop
Seat 4: BrilliantDawn84 (big blind) folded before Flop
Seat 5: toxiiie folded before Flop
Seat 6: tintin641 folded before Flop (didn't bet)



PokerStars Hand #254499684115:  Hold'em No Limit ($0.50/$1.00 USD) - 2025/01/22 15:42:45 WET [2025/01/22 10:42:45 ET]
Table 'Apus IV' 6-max Seat #3 is the button
Seat 1: joaquin612 ($101.50 in chips) 
Seat 2: Rdalonso ($102.50 in chips) 
Seat 3: nastja336 ($136.03 in chips) 
Seat 4: BrilliantDawn84 ($109.28 in chips) 
Seat 5: toxiiie ($66.48 in chips) 
Seat 6: tintin641 ($100 in chips) 
BrilliantDawn84: posts small blind $0.50
toxiiie: posts big blind $1
*** HOLE CARDS ***
tintin641: folds 
joaquin612: raises $1.50 to $2.50
Rdalonso: folds 
nastja336: folds 
BrilliantDawn84: folds 
toxiiie: calls $1.50
*** FLOP *** [3s 2h Ts]
toxiiie: checks 
joaquin612: bets $3.92
toxiiie: calls $3.92
*** TURN *** [3s 2h Ts] [Jh]
toxiiie: bets $7
joaquin612: calls $7
*** RIVER *** [3s 2h Ts Jh] [6h]
toxiiie: checks 
joaquin612: bets $7
toxiiie: folds 
Uncalled bet ($7) returned to joaquin612
joaquin612 collected $25.97 from pot
joaquin612: doesn't show hand 
*** SUMMARY ***
Total pot $27.34 | Rake $1.37 
Board [3s 2h Ts Jh 6h]
Seat 1: joaquin612 collected ($25.97)
Seat 2: Rdalonso folded before Flop (didn't bet)
Seat 3: nastja336 (button) folded before Flop (didn't bet)
Seat 4: BrilliantDawn84 (small blind) folded before Flop
Seat 5: toxiiie (big blind) folded on the River
Seat 6: tintin641 folded before Flop (didn't bet)



PokerStars Hand #254499698163:  Hold'em No Limit ($0.50/$1.00 USD) - 2025/01/22 15:43:50 WET [2025/01/22 10:43:50 ET]
Table 'Apus IV' 6-max Seat #4 is the button
Seat 1: joaquin612 ($114.05 in chips) 
Seat 2: Rdalonso ($102.50 in chips) 
Seat 3: nastja336 ($136.03 in chips) 
Seat 4: BrilliantDawn84 ($108.78 in chips) 
Seat 5: toxiiie ($53.06 in chips) 
Seat 6: tintin641 ($100 in chips) 
toxiiie: posts small blind $0.50
tintin641: posts big blind $1
*** HOLE CARDS ***
joaquin612: folds 
Rdalonso: folds 
nastja336: folds 
BrilliantDawn84: folds 
toxiiie: calls $0.50
tintin641: raises $3 to $4
toxiiie: calls $3
*** FLOP *** [5h Qd 3s]
toxiiie: checks 
tintin641: bets $2.51
toxiiie: raises $4.51 to $7.02
tintin641: calls $4.51
*** TURN *** [5h Qd 3s] [Kd]
toxiiie: checks 
tintin641: checks 
*** RIVER *** [5h Qd 3s Kd] [7d]
toxiiie: bets $10.47
tintin641: calls $10.47
*** SHOW DOWN ***
toxiiie: shows [5c 7c] (two pair, Sevens and Fives)
tintin641: mucks hand 
toxiiie collected $40.83 from pot
*** SUMMARY ***
Total pot $42.98 | Rake $2.15 
Board [5h Qd 3s Kd 7d]
Seat 1: joaquin612 folded before Flop (didn't bet)
Seat 2: Rdalonso folded before Flop (didn't bet)
Seat 3: nastja336 folded before Flop (didn't bet)
Seat 4: BrilliantDawn84 (button) folded before Flop (didn't bet)
Seat 5: toxiiie (small blind) showed [5c 7c] and won ($40.83) with two pair, Sevens and Fives
Seat 6: tintin641 (big blind) mucked



PokerStars Hand #254499716136:  Hold'em No Limit ($0.50/$1.00 USD) - 2025/01/22 15:45:14 WET [2025/01/22 10:45:14 ET]
Table 'Apus IV' 6-max Seat #5 is the button
Seat 1: joaquin612 ($114.05 in chips) 
Seat 2: Rdalonso ($102.50 in chips) 
Seat 3: nastja336 ($136.03 in chips) 
Seat 4: BrilliantDawn84 ($108.78 in chips) 
Seat 5: toxiiie ($72.40 in chips) 
Seat 6: tintin641 ($100 in chips) 
tintin641: posts small blind $0.50
joaquin612: posts big blind $1
*** HOLE CARDS ***
Rdalonso: folds 
nastja336: folds 
BrilliantDawn84: folds 
toxiiie: calls $1
tintin641: folds 
joaquin612: raises $7 to $8
toxiiie: folds 
Uncalled bet ($7) returned to joaquin612
joaquin612 collected $2.50 from pot
joaquin612: doesn't show hand 
*** SUMMARY ***
Total pot $2.50 | Rake $0 
Seat 1: joaquin612 (big blind) collected ($2.50)
Seat 2: Rdalonso folded before Flop (didn't bet)
Seat 3: nastja336 folded before Flop (didn't bet)
Seat 4: BrilliantDawn84 folded before Flop (didn't bet)
Seat 5: toxiiie (button) folded before Flop
Seat 6: tintin641 (small blind) folded before Flop



PokerStars Hand #254499719869:  Hold'em No Limit ($0.50/$1.00 USD) - 2025/01/22 15:45:31 WET [2025/01/22 10:45:31 ET]
Table 'Apus IV' 6-max Seat #6 is the button
Seat 1: joaquin612 ($115.55 in chips) 
Seat 2: Rdalonso ($102.50 in chips) 
Seat 3: nastja336 ($136.03 in chips) 
Seat 4: BrilliantDawn84 ($108.78 in chips) 
Seat 5: toxiiie ($71.40 in chips) 
Seat 6: tintin641 ($100 in chips) 
joaquin612: posts small blind $0.50
Rdalonso: posts big blind $1
*** HOLE CARDS ***
nastja336: folds 
BrilliantDawn84: raises $1.50 to $2.50
toxiiie: raises $1.50 to $4
tintin641: folds 
joaquin612: folds 
Rdalonso: folds 
BrilliantDawn84: calls $1.50
*** FLOP *** [Td 4h Tc]
BrilliantDawn84: checks 
toxiiie: checks 
*** TURN *** [Td 4h Tc] [5h]
BrilliantDawn84: bets $12.02
toxiiie: folds 
Uncalled bet ($12.02) returned to BrilliantDawn84
BrilliantDawn84 collected $9.02 from pot
BrilliantDawn84: doesn't show hand 
*** SUMMARY ***
Total pot $9.50 | Rake $0.48 
Board [Td 4h Tc 5h]
Seat 1: joaquin612 (small blind) folded before Flop
Seat 2: Rdalonso (big blind) folded before Flop
Seat 3: nastja336 folded before Flop (didn't bet)
Seat 4: BrilliantDawn84 collected ($9.02)
Seat 5: toxiiie folded on the Turn
Seat 6: tintin641 (button) folded before Flop (didn't bet)



PokerStars Hand #254499726274:  Hold'em No Limit ($0.50/$1.00 USD) - 2025/01/22 15:46:01 WET [2025/01/22 10:46:01 ET]
Table 'Apus IV' 6-max Seat #1 is the button
Seat 1: joaquin612 ($115.05 in chips) 
Seat 2: Rdalonso ($101.50 in chips) 
Seat 3: nastja336 ($136.03 in chips) 
Seat 4: BrilliantDawn84 ($113.80 in chips) 
Seat 5: toxiiie ($67.40 in chips) 
Seat 6: tintin641 ($100 in chips) 
Rdalonso: posts small blind $0.50
nastja336: posts big blind $1
*** HOLE CARDS ***
BrilliantDawn84: folds 
toxiiie: raises $1 to $2
tintin641: folds 
joaquin612: raises $2.50 to $4.50
Rdalonso: folds 
nastja336: folds 
toxiiie: calls $2.50
*** FLOP *** [4s 3d 7c]
toxiiie: checks 
joaquin612: bets $3.29
toxiiie: folds 
Uncalled bet ($3.29) returned to joaquin612
joaquin612 collected $9.98 from pot
joaquin612: doesn't show hand 
*** SUMMARY ***
Total pot $10.50 | Rake $0.52 
Board [4s 3d 7c]
Seat 1: joaquin612 (button) collected ($9.98)
Seat 2: Rdalonso (small blind) folded before Flop
Seat 3: nastja336 (big blind) folded before Flop
Seat 4: BrilliantDawn84 folded before Flop (didn't bet)
Seat 5: toxiiie folded on the Flop
Seat 6: tintin641 folded before Flop (didn't bet)



PokerStars Hand #254499731733:  Hold'em No Limit ($0.50/$1.00 USD) - 2025/01/22 15:46:27 WET [2025/01/22 10:46:27 ET]
Table 'Apus IV' 6-max Seat #2 is the button
Seat 1: joaquin612 ($120.53 in chips) 
Seat 2: Rdalonso ($101 in chips) 
Seat 3: nastja336 ($135.03 in chips) 
Seat 4: BrilliantDawn84 ($113.80 in chips) 
Seat 5: toxiiie ($62.90 in chips) 
Seat 6: tintin641 ($100 in chips) 
nastja336: posts small blind $0.50
BrilliantDawn84: posts big blind $1
*** HOLE CARDS ***
toxiiie: raises $3 to $4
tintin641: folds 
joaquin612: folds 
Rdalonso: raises $7 to $11
nastja336: folds 
BrilliantDawn84: folds 
toxiiie: raises $13 to $24
Rdalonso: raises $77 to $101 and is all-in
toxiiie: calls $38.90 and is all-in
Uncalled bet ($38.10) returned to Rdalonso
*** FLOP *** [6h 4c Th]
*** TURN *** [6h 4c Th] [3d]
*** RIVER *** [6h 4c Th 3d] [8c]
*** SHOW DOWN ***
toxiiie: shows [7c Qc] (high card Queen)
Rdalonso: shows [Qs Qd] (a pair of Queens)
Rdalonso collected $124.80 from pot
*** SUMMARY ***
Total pot $127.30 | Rake $2.50 
Board [6h 4c Th 3d 8c]
Seat 1: joaquin612 folded before Flop (didn't bet)
Seat 2: Rdalonso (button) showed [Qs Qd] and won ($124.80) with a pair of Queens
Seat 3: nastja336 (small blind) folded before Flop
Seat 4: BrilliantDawn84 (big blind) folded before Flop
Seat 5: toxiiie showed [7c Qc] and lost with high card Queen
Seat 6: tintin641 folded before Flop (didn't bet)



PokerStars Hand #254499743057:  Hold'em No Limit ($0.50/$1.00 USD) - 2025/01/22 15:47:20 WET [2025/01/22 10:47:20 ET]
Table 'Apus IV' 6-max Seat #3 is the button
Seat 5: toxiiie ($0 in chips) is sitting out
Seat 1: joaquin612 ($120.53 in chips) 
Seat 2: Rdalonso ($162.90 in chips) 
Seat 3: nastja336 ($134.53 in chips) 
Seat 4: BrilliantDawn84 ($112.80 in chips) 
Seat 6: tintin641 ($100 in chips) 
BrilliantDawn84: posts small blind $0.50
tintin641: posts big blind $1
*** HOLE CARDS ***
joaquin612: folds 
Rdalonso: raises $1.50 to $2.50
nastja336: folds 
toxiiie leaves the table
BrilliantDawn84: calls $2
Evelexy1 joins the table at seat #5 
tintin641: folds 
*** FLOP *** [8d Jh 2h]
nastja336 leaves the table
BrilliantDawn84: checks 
Rdalonso: checks 
*** TURN *** [8d Jh 2h] [9h]
BrilliantDawn84: bets $2.85
Rdalonso: calls $2.85
*** RIVER *** [8d Jh 2h 9h] [6s]
Evelexy1 leaves the table
BrilliantDawn84: checks 
Rdalonso: bets $8.32
BrilliantDawn84: folds 
Uncalled bet ($8.32) returned to Rdalonso
Rdalonso collected $11.12 from pot
Rdalonso: doesn't show hand 
*** SUMMARY ***
Total pot $11.70 | Rake $0.58 
Board [8d Jh 2h 9h 6s]
Seat 5: toxiiie
Seat 1: joaquin612 folded before Flop (didn't bet)
Seat 2: Rdalonso collected ($11.12)
Seat 3: nastja336 (button) folded before Flop (didn't bet)
Seat 4: BrilliantDawn84 (small blind) folded on the River
Seat 6: tintin641 (big blind) folded before Flop



PokerStars Hand #254499757299:  Hold'em No Limit ($0.50/$1.00 USD) - 2025/01/22 15:48:28 WET [2025/01/22 10:48:28 ET]
Table 'Apus IV' 6-max Seat #6 is the button
Seat 1: joaquin612 ($120.53 in chips) is sitting out
Seat 2: Rdalonso ($168.67 in chips) is sitting out
Seat 4: BrilliantDawn84 ($107.45 in chips) 
Seat 6: tintin641 ($100 in chips) 
tintin641: posts small blind $0.50
joaquin612: is sitting out 
Rdalonso: is sitting out 
BrilliantDawn84: posts big blind $1
*** HOLE CARDS ***
tintin641: raises $1.50 to $2.50
Rdalonso leaves the table
joaquin612 leaves the table
BrilliantDawn84: folds 
Uncalled bet ($1.50) returned to tintin641
tintin641 collected $2 from pot
tintin641: doesn't show hand 
BrilliantDawn84 leaves the table
*** SUMMARY ***
Total pot $2 | Rake $0 
Seat 1: joaquin612
Seat 2: Rdalonso
Seat 4: BrilliantDawn84 (big blind) folded before Flop
Seat 6: tintin641 (button) (small blind) collected ($2)



