PokerStars Hand #254496008463:  Hold'em No Limit ($0.50/$1.00 USD) - 2025/01/22 7:58:44 WET [2025/01/22 2:58:44 ET]
Table 'Nemesis IV' 6-max Seat #1 is the button
Seat 1: massi7140 ($36.33 in chips) 
Seat 3: AlexEliseev7 ($105.66 in chips) 
massi7140: posts small blind $0.50
AlexEliseev7: posts big blind $1
*** HOLE CARDS ***
massi7140: folds 
Uncalled bet ($0.50) returned to AlexEliseev7
AlexEliseev7 collected $1 from pot
AlexEliseev7: doesn't show hand 
*** SUMMARY ***
Total pot $1 | Rake $0 
Seat 1: massi7140 (button) (small blind) folded before Flop
Seat 3: AlexEliseev7 (big blind) collected ($1)



PokerStars Hand #254496008816:  Hold'em No Limit ($0.50/$1.00 USD) - 2025/01/22 7:58:50 WET [2025/01/22 2:58:50 ET]
Table 'Nemesis IV' 6-max Seat #3 is the button
Seat 1: massi7140 ($35.83 in chips) 
Seat 3: AlexEliseev7 ($106.16 in chips) 
AlexEliseev7: posts small blind $0.50
massi7140: posts big blind $1
*** HOLE CARDS ***
AlexEliseev7: raises $1 to $2
massi7140: folds 
Uncalled bet ($1) returned to AlexEliseev7
AlexEliseev7 collected $2 from pot
AlexEliseev7: doesn't show hand 
*** SUMMARY ***
Total pot $2 | Rake $0 
Seat 1: massi7140 (big blind) folded before Flop
Seat 3: AlexEliseev7 (button) (small blind) collected ($2)



PokerStars Hand #254496009275:  Hold'em No Limit ($0.50/$1.00 USD) - 2025/01/22 7:58:57 WET [2025/01/22 2:58:57 ET]
Table 'Nemesis IV' 6-max Seat #1 is the button
Seat 1: massi7140 ($34.83 in chips) 
Seat 3: AlexEliseev7 ($107.16 in chips) 
massi7140: posts small blind $0.50
AlexEliseev7: posts big blind $1
*** HOLE CARDS ***
massi7140: raises $1 to $2
AlexEliseev7: calls $1
*** FLOP *** [2d Th 3c]
AlexEliseev7: checks 
massi7140: checks 
*** TURN *** [2d Th 3c] [8d]
AlexEliseev7: bets $5.74
massi7140: calls $5.74
*** RIVER *** [2d Th 3c 8d] [Td]
ddyyjj joins the table at seat #2 
ddyyjj is disconnected 
AlexEliseev7: bets $11.47
massi7140: folds 
Uncalled bet ($11.47) returned to AlexEliseev7
AlexEliseev7 collected $14.71 from pot
AlexEliseev7: doesn't show hand 
*** SUMMARY ***
Total pot $15.48 | Rake $0.77 
Board [2d Th 3c 8d Td]
Seat 1: massi7140 (button) (small blind) folded on the River
Seat 3: AlexEliseev7 (big blind) collected ($14.71)



PokerStars Hand #254496011886:  Hold'em No Limit ($0.50/$1.00 USD) - 2025/01/22 7:59:39 WET [2025/01/22 2:59:39 ET]
Table 'Nemesis IV' 6-max Seat #3 is the button
Seat 1: massi7140 ($27.09 in chips) 
Seat 2: ddyyjj ($100 in chips) 
Seat 3: AlexEliseev7 ($114.13 in chips) 
massi7140: posts small blind $0.50
ddyyjj: posts big blind $1
*** HOLE CARDS ***
AlexEliseev7: raises $1.50 to $2.50
massi7140: calls $2
ddyyjj: calls $1.50
*** FLOP *** [4s Qc 3c]
massi7140: checks 
ddyyjj: checks 
AlexEliseev7: bets $2.35
massi7140: calls $2.35
Burlica2013 joins the table at seat #4 
ddyyjj: calls $2.35
*** TURN *** [4s Qc 3c] [Ks]
massi7140: checks 
ddyyjj: checks 
AlexEliseev7: bets $10.78
massi7140: folds 
ddyyjj: calls $10.78
*** RIVER *** [4s Qc 3c Ks] [5c]
ddyyjj: bets $11.59
AlexEliseev7: folds 
Uncalled bet ($11.59) returned to ddyyjj
ddyyjj collected $35.11 from pot
*** SUMMARY ***
Total pot $36.11 | Rake $1 
Board [4s Qc 3c Ks 5c]
Seat 1: massi7140 (small blind) folded on the Turn
Seat 2: ddyyjj (big blind) collected ($35.11)
Seat 3: AlexEliseev7 (button) folded on the River



PokerStars Hand #254496016194:  Hold'em No Limit ($0.50/$1.00 USD) - 2025/01/22 8:00:48 WET [2025/01/22 3:00:48 ET]
Table 'Nemesis IV' 6-max Seat #1 is the button
Seat 4: Burlica2013 ($100 in chips) is sitting out
Seat 1: massi7140 ($22.24 in chips) 
Seat 2: ddyyjj ($119.48 in chips) 
Seat 3: AlexEliseev7 ($100 in chips) 
ddyyjj: posts small blind $0.50
AlexEliseev7: posts big blind $1
Burlica2013: sits out 
*** HOLE CARDS ***
massi7140: raises $1 to $2
ddyyjj: folds 
AlexEliseev7: calls $1
*** FLOP *** [9s 7h 7d]
AlexEliseev7: checks 
massi7140: bets $2
AlexEliseev7: folds 
Uncalled bet ($2) returned to massi7140
massi7140 collected $4.28 from pot
*** SUMMARY ***
Total pot $4.50 | Rake $0.22 
Board [9s 7h 7d]
Seat 4: Burlica2013
Seat 1: massi7140 (button) collected ($4.28)
Seat 2: ddyyjj (small blind) folded before Flop
Seat 3: AlexEliseev7 (big blind) folded on the Flop



PokerStars Hand #254496019233:  Hold'em No Limit ($0.50/$1.00 USD) - 2025/01/22 8:01:30 WET [2025/01/22 3:01:30 ET]
Table 'Nemesis IV' 6-max Seat #2 is the button
Seat 1: massi7140 ($24.52 in chips) 
Seat 2: ddyyjj ($118.98 in chips) 
Seat 3: AlexEliseev7 ($100 in chips) 
Seat 4: Burlica2013 ($100 in chips) 
AlexEliseev7: posts small blind $0.50
Burlica2013: posts big blind $1
*** HOLE CARDS ***
jeffy27dt1 joins the table at seat #5 
massi7140: raises $1 to $2
ddyyjj: folds 
ddyyjj leaves the table
AlexEliseev7: raises $9 to $11
Burlica2013: folds 
massi7140: calls $9
*** FLOP *** [Qh 8d 2c]
AlexEliseev7: bets $17.16
massi7140: calls $13.52 and is all-in
Uncalled bet ($3.64) returned to AlexEliseev7
AlexEliseev7 has timed out
*** TURN *** [Qh 8d 2c] [Qs]
*** RIVER *** [Qh 8d 2c Qs] [3h]
*** SHOW DOWN ***
AlexEliseev7: shows [Ac Jd] (a pair of Queens)
massi7140: shows [Kc Th] (a pair of Queens - lower kicker)
AlexEliseev7 collected $49.04 from pot
*** SUMMARY ***
Total pot $50.04 | Rake $1 
Board [Qh 8d 2c Qs 3h]
Seat 1: massi7140 showed [Kc Th] and lost with a pair of Queens
Seat 2: ddyyjj (button) folded before Flop (didn't bet)
Seat 3: AlexEliseev7 (small blind) showed [Ac Jd] and won ($49.04) with a pair of Queens
Seat 4: Burlica2013 (big blind) folded before Flop



PokerStars Hand #254496022712:  Hold'em No Limit ($0.50/$1.00 USD) - 2025/01/22 8:02:19 WET [2025/01/22 3:02:19 ET]
Table 'Nemesis IV' 6-max Seat #3 is the button
Seat 1: massi7140 ($0 in chips) is sitting out
Seat 3: AlexEliseev7 ($124.52 in chips) 
Seat 4: Burlica2013 ($100 in chips) 
Seat 5: jeffy27dt1 ($100 in chips) 
Burlica2013: posts small blind $0.50
jeffy27dt1: posts big blind $1
*** HOLE CARDS ***
AlexEliseev7: raises $1.50 to $2.50
Burlica2013: folds 
jeffy27dt1: folds 
Uncalled bet ($1.50) returned to AlexEliseev7
AlexEliseev7 collected $2.50 from pot
AlexEliseev7: doesn't show hand 
*** SUMMARY ***
Total pot $2.50 | Rake $0 
Seat 1: massi7140
Seat 3: AlexEliseev7 (button) collected ($2.50)
Seat 4: Burlica2013 (small blind) folded before Flop
Seat 5: jeffy27dt1 (big blind) folded before Flop



PokerStars Hand #254496023998:  Hold'em No Limit ($0.50/$1.00 USD) - 2025/01/22 8:02:37 WET [2025/01/22 3:02:37 ET]
Table 'Nemesis IV' 6-max Seat #4 is the button
Seat 1: massi7140 ($0 in chips) is sitting out
Seat 3: AlexEliseev7 ($126.02 in chips) 
Seat 4: Burlica2013 ($100 in chips) 
Seat 5: jeffy27dt1 ($100 in chips) 
jeffy27dt1: posts small blind $0.50
AlexEliseev7: posts big blind $1
*** HOLE CARDS ***
Burlica2013: folds 
jeffy27dt1: raises $2 to $3
AlexEliseev7: calls $2
*** FLOP *** [Td Ac As]
jeffy27dt1: bets $1.88
massi7140 leaves the table
AlexEliseev7: folds 
Uncalled bet ($1.88) returned to jeffy27dt1
jeffy27dt1 collected $5.70 from pot
jeffy27dt1: doesn't show hand 
*** SUMMARY ***
Total pot $6 | Rake $0.30 
Board [Td Ac As]
Seat 1: massi7140
Seat 3: AlexEliseev7 (big blind) folded on the Flop
Seat 4: Burlica2013 (button) folded before Flop (didn't bet)
Seat 5: jeffy27dt1 (small blind) collected ($5.70)



PokerStars Hand #254496048543:  Hold'em No Limit ($0.50/$1.00 USD) - 2025/01/22 8:08:19 WET [2025/01/22 3:08:19 ET]
Table 'Nemesis IV' 6-max Seat #5 is the button
Seat 5: Caoz NL ($100 in chips) 
Seat 6: Mr_Dick666 ($100 in chips) 
Caoz NL: posts small blind $0.50
Mr_Dick666: posts big blind $1
*** HOLE CARDS ***
Caoz NL: raises $2 to $3
Mr_Dick666: calls $2
*** FLOP *** [Th 6s 9c]
Mr_Dick666: checks 
Caoz NL: bets $5.70
MaRKiToScoK joins the table at seat #1 
Mr_Dick666: folds 
Uncalled bet ($5.70) returned to Caoz NL
Caoz NL collected $5.70 from pot
Caoz NL: doesn't show hand 
*** SUMMARY ***
Total pot $6 | Rake $0.30 
Board [Th 6s 9c]
Seat 5: Caoz NL (button) (small blind) collected ($5.70)
Seat 6: Mr_Dick666 (big blind) folded on the Flop



PokerStars Hand #254496051190:  Hold'em No Limit ($0.50/$1.00 USD) - 2025/01/22 8:08:55 WET [2025/01/22 3:08:55 ET]
Table 'Nemesis IV' 6-max Seat #5 is the button
Seat 1: MaRKiToScoK ($100 in chips) 
Seat 5: Caoz NL ($102.70 in chips) 
Seat 6: Mr_Dick666 ($100 in chips) 
Mr_Dick666: posts small blind $0.50
MaRKiToScoK: posts big blind $1
*** HOLE CARDS ***
Caoz NL: folds 
Mr_Dick666: folds 
Uncalled bet ($0.50) returned to MaRKiToScoK
MaRKiToScoK collected $1 from pot
*** SUMMARY ***
Total pot $1 | Rake $0 
Seat 1: MaRKiToScoK (big blind) collected ($1)
Seat 5: Caoz NL (button) folded before Flop (didn't bet)
Seat 6: Mr_Dick666 (small blind) folded before Flop



PokerStars Hand #254496052271:  Hold'em No Limit ($0.50/$1.00 USD) - 2025/01/22 8:09:09 WET [2025/01/22 3:09:09 ET]
Table 'Nemesis IV' 6-max Seat #6 is the button
Seat 1: MaRKiToScoK ($100.50 in chips) 
Seat 5: Caoz NL ($102.70 in chips) 
Seat 6: Mr_Dick666 ($100 in chips) 
MaRKiToScoK: posts small blind $0.50
Caoz NL: posts big blind $1
*** HOLE CARDS ***
Mr_Dick666: folds 
MaRKiToScoK: folds 
Uncalled bet ($0.50) returned to Caoz NL
Caoz NL collected $1 from pot
Caoz NL: doesn't show hand 
*** SUMMARY ***
Total pot $1 | Rake $0 
Seat 1: MaRKiToScoK (small blind) folded before Flop
Seat 5: Caoz NL (big blind) collected ($1)
Seat 6: Mr_Dick666 (button) folded before Flop (didn't bet)



PokerStars Hand #254496052930:  Hold'em No Limit ($0.50/$1.00 USD) - 2025/01/22 8:09:18 WET [2025/01/22 3:09:18 ET]
Table 'Nemesis IV' 6-max Seat #1 is the button
Seat 1: MaRKiToScoK ($100 in chips) 
Seat 5: Caoz NL ($103.20 in chips) 
Seat 6: Mr_Dick666 ($100 in chips) 
Caoz NL: posts small blind $0.50
Mr_Dick666: posts big blind $1
*** HOLE CARDS ***
50CandyJoe joins the table at seat #2 
MaRKiToScoK: folds 
Caoz NL: raises $2 to $3
Mr_Dick666: raises $6 to $9
Caoz NL: calls $6
*** FLOP *** [2c 4c 9d]
Caoz NL: checks 
Mr_Dick666: bets $8.55
Caoz NL: calls $8.55
*** TURN *** [2c 4c 9d] [5c]
Caoz NL: checks 
Mr_Dick666: checks 
*** RIVER *** [2c 4c 9d 5c] [Ad]
Caoz NL: checks 
peak joker33 joins the table at seat #3 
Mr_Dick666: checks 
*** SHOW DOWN ***
Caoz NL: shows [9h Qh] (a pair of Nines)
Mr_Dick666: mucks hand 
Caoz NL collected $34.10 from pot
*** SUMMARY ***
Total pot $35.10 | Rake $1 
Board [2c 4c 9d 5c Ad]
Seat 1: MaRKiToScoK (button) folded before Flop (didn't bet)
Seat 5: Caoz NL (small blind) showed [9h Qh] and won ($34.10) with a pair of Nines
Seat 6: Mr_Dick666 (big blind) mucked



PokerStars Hand #254496058148:  Hold'em No Limit ($0.50/$1.00 USD) - 2025/01/22 8:10:28 WET [2025/01/22 3:10:28 ET]
Table 'Nemesis IV' 6-max Seat #5 is the button
Seat 2: 50CandyJoe ($100 in chips) is sitting out
Seat 3: peak joker33 ($100 in chips) is sitting out
Seat 1: MaRKiToScoK ($100 in chips) 
Seat 5: Caoz NL ($119.75 in chips) 
Seat 6: Mr_Dick666 ($100 in chips) 
Mr_Dick666: posts small blind $0.50
MaRKiToScoK: posts big blind $1
50CandyJoe: sits out 
peak joker33: sits out 
*** HOLE CARDS ***
Caoz NL: folds 
Mr_Dick666: raises $2 to $3
MaRKiToScoK: raises $6 to $9
Mr_Dick666: folds 
Uncalled bet ($6) returned to MaRKiToScoK
MaRKiToScoK collected $6 from pot
*** SUMMARY ***
Total pot $6 | Rake $0 
Seat 2: 50CandyJoe
Seat 3: peak joker33
Seat 1: MaRKiToScoK (big blind) collected ($6)
Seat 5: Caoz NL (button) folded before Flop (didn't bet)
Seat 6: Mr_Dick666 (small blind) folded before Flop



PokerStars Hand #254496059340:  Hold'em No Limit ($0.50/$1.00 USD) - 2025/01/22 8:10:45 WET [2025/01/22 3:10:45 ET]
Table 'Nemesis IV' 6-max Seat #6 is the button
Seat 3: peak joker33 ($100 in chips) is sitting out
Seat 1: MaRKiToScoK ($103 in chips) 
Seat 2: 50CandyJoe ($100 in chips) 
Seat 5: Caoz NL ($119.75 in chips) 
Seat 6: Mr_Dick666 ($100 in chips) 
MaRKiToScoK: posts small blind $0.50
50CandyJoe: posts big blind $1
peak joker33: sits out 
*** HOLE CARDS ***
Caoz NL: folds 
Mr_Dick666: raises $1.50 to $2.50
MaRKiToScoK: raises $8.50 to $11
50CandyJoe: folds 
Mr_Dick666: folds 
Uncalled bet ($8.50) returned to MaRKiToScoK
MaRKiToScoK collected $6 from pot
*** SUMMARY ***
Total pot $6 | Rake $0 
Seat 3: peak joker33
Seat 1: MaRKiToScoK (small blind) collected ($6)
Seat 2: 50CandyJoe (big blind) folded before Flop
Seat 5: Caoz NL folded before Flop (didn't bet)
Seat 6: Mr_Dick666 (button) folded before Flop



PokerStars Hand #254496060993:  Hold'em No Limit ($0.50/$1.00 USD) - 2025/01/22 8:11:07 WET [2025/01/22 3:11:07 ET]
Table 'Nemesis IV' 6-max Seat #1 is the button
Seat 1: MaRKiToScoK ($106.50 in chips) 
Seat 2: 50CandyJoe ($100 in chips) 
Seat 3: peak joker33 ($100 in chips) 
Seat 5: Caoz NL ($119.75 in chips) 
Seat 6: Mr_Dick666 ($100 in chips) 
50CandyJoe: posts small blind $0.50
peak joker33: posts big blind $1
*** HOLE CARDS ***
Caoz NL: folds 
Mr_Dick666: raises $1.50 to $2.50
MaRKiToScoK: folds 
50CandyJoe: folds 
peak joker33: folds 
Uncalled bet ($1.50) returned to Mr_Dick666
Mr_Dick666 collected $2.50 from pot
Mr_Dick666: doesn't show hand 
*** SUMMARY ***
Total pot $2.50 | Rake $0 
Seat 1: MaRKiToScoK (button) folded before Flop (didn't bet)
Seat 2: 50CandyJoe (small blind) folded before Flop
Seat 3: peak joker33 (big blind) folded before Flop
Seat 5: Caoz NL folded before Flop (didn't bet)
Seat 6: Mr_Dick666 collected ($2.50)



PokerStars Hand #254496062204:  Hold'em No Limit ($0.50/$1.00 USD) - 2025/01/22 8:11:24 WET [2025/01/22 3:11:24 ET]
Table 'Nemesis IV' 6-max Seat #2 is the button
Seat 1: MaRKiToScoK ($106.50 in chips) 
Seat 2: 50CandyJoe ($100 in chips) 
Seat 3: peak joker33 ($100 in chips) 
Seat 5: Caoz NL ($119.75 in chips) 
Seat 6: Mr_Dick666 ($101.50 in chips) 
peak joker33: posts small blind $0.50
Caoz NL: posts big blind $1
*** HOLE CARDS ***
Mr_Dick666: folds 
MaRKiToScoK: folds 
50CandyJoe: raises $1.50 to $2.50
peak joker33: folds 
Caoz NL: folds 
Uncalled bet ($1.50) returned to 50CandyJoe
50CandyJoe collected $2.50 from pot
50CandyJoe: doesn't show hand 
*** SUMMARY ***
Total pot $2.50 | Rake $0 
Seat 1: MaRKiToScoK folded before Flop (didn't bet)
Seat 2: 50CandyJoe (button) collected ($2.50)
Seat 3: peak joker33 (small blind) folded before Flop
Seat 5: Caoz NL (big blind) folded before Flop
Seat 6: Mr_Dick666 folded before Flop (didn't bet)



PokerStars Hand #254496063669:  Hold'em No Limit ($0.50/$1.00 USD) - 2025/01/22 8:11:44 WET [2025/01/22 3:11:44 ET]
Table 'Nemesis IV' 6-max Seat #3 is the button
Seat 1: MaRKiToScoK ($106.50 in chips) 
Seat 2: 50CandyJoe ($101.50 in chips) 
Seat 3: peak joker33 ($100 in chips) 
Seat 5: Caoz NL ($118.75 in chips) 
Seat 6: Mr_Dick666 ($101.50 in chips) 
Caoz NL: posts small blind $0.50
Mr_Dick666: posts big blind $1
*** HOLE CARDS ***
MaRKiToScoK: raises $1 to $2
50CandyJoe: folds 
peak joker33: folds 
Caoz NL: raises $6 to $8
Mr_Dick666: folds 
MaRKiToScoK: raises $14.80 to $22.80
Caoz NL: calls $14.80
*** FLOP *** [As 4h 6h]
Caoz NL: checks 
MaRKiToScoK: bets $9.50
Caoz NL: raises $31.64 to $41.14
jesperb1982 joins the table at seat #4 
jesperb1982 is disconnected 
MaRKiToScoK: calls $31.64
*** TURN *** [As 4h 6h] [7c]
Caoz NL: bets $54.81 and is all-in
MaRKiToScoK: calls $42.56 and is all-in
Uncalled bet ($12.25) returned to Caoz NL
*** RIVER *** [As 4h 6h 7c] [2c]
*** SHOW DOWN ***
Caoz NL: shows [Kh Ah] (a pair of Aces)
MaRKiToScoK: shows [Ac Kc] (a pair of Aces)
Caoz NL collected $105.75 from pot
MaRKiToScoK collected $105.75 from pot
*** SUMMARY ***
Total pot $214 | Rake $2.50 
Board [As 4h 6h 7c 2c]
Seat 1: MaRKiToScoK showed [Ac Kc] and won ($105.75) with a pair of Aces
Seat 2: 50CandyJoe folded before Flop (didn't bet)
Seat 3: peak joker33 (button) folded before Flop (didn't bet)
Seat 5: Caoz NL (small blind) showed [Kh Ah] and won ($105.75) with a pair of Aces
Seat 6: Mr_Dick666 (big blind) folded before Flop



PokerStars Hand #254496067424:  Hold'em No Limit ($0.50/$1.00 USD) - 2025/01/22 8:12:34 WET [2025/01/22 3:12:34 ET]
Table 'Nemesis IV' 6-max Seat #5 is the button
Seat 4: jesperb1982 ($80 in chips) is sitting out
Seat 1: MaRKiToScoK ($105.75 in chips) 
Seat 2: 50CandyJoe ($101.50 in chips) 
Seat 3: peak joker33 ($100 in chips) 
Seat 5: Caoz NL ($118 in chips) 
Seat 6: Mr_Dick666 ($100.50 in chips) 
Mr_Dick666: posts small blind $0.50
MaRKiToScoK: posts big blind $1
jesperb1982: sits out 
*** HOLE CARDS ***
50CandyJoe: folds 
peak joker33: raises $1.50 to $2.50
Caoz NL: calls $2.50
Mr_Dick666: folds 
MaRKiToScoK: calls $1.50
*** FLOP *** [6h Tc 4d]
MaRKiToScoK: checks 
peak joker33: checks 
Caoz NL: bets $7.60
MaRKiToScoK: calls $7.60
peak joker33: folds 
*** TURN *** [6h Tc 4d] [3d]
MaRKiToScoK: checks 
Caoz NL: bets $14
MaRKiToScoK: raises $15.50 to $29.50
Caoz NL: folds 
Uncalled bet ($15.50) returned to MaRKiToScoK
MaRKiToScoK collected $48.70 from pot
*** SUMMARY ***
Total pot $51.20 | Rake $2.50 
Board [6h Tc 4d 3d]
Seat 4: jesperb1982
Seat 1: MaRKiToScoK (big blind) collected ($48.70)
Seat 2: 50CandyJoe folded before Flop (didn't bet)
Seat 3: peak joker33 folded on the Flop
Seat 5: Caoz NL (button) folded on the Turn
Seat 6: Mr_Dick666 (small blind) folded before Flop



PokerStars Hand #254496072254:  Hold'em No Limit ($0.50/$1.00 USD) - 2025/01/22 8:13:40 WET [2025/01/22 3:13:40 ET]
Table 'Nemesis IV' 6-max Seat #6 is the button
Seat 4: jesperb1982 ($80 in chips) is sitting out
Seat 1: MaRKiToScoK ($130.35 in chips) 
Seat 2: 50CandyJoe ($101.50 in chips) 
Seat 3: peak joker33 ($100 in chips) 
Seat 5: Caoz NL ($93.90 in chips) 
Seat 6: Mr_Dick666 ($100 in chips) 
MaRKiToScoK: posts small blind $0.50
50CandyJoe: posts big blind $1
jesperb1982: sits out 
*** HOLE CARDS ***
peak joker33: folds 
Caoz NL: folds 
Mr_Dick666: folds 
MaRKiToScoK: raises $2 to $3
50CandyJoe: raises $7 to $10
MaRKiToScoK: folds 
Uncalled bet ($7) returned to 50CandyJoe
50CandyJoe collected $6 from pot
50CandyJoe: doesn't show hand 
*** SUMMARY ***
Total pot $6 | Rake $0 
Seat 4: jesperb1982
Seat 1: MaRKiToScoK (small blind) folded before Flop
Seat 2: 50CandyJoe (big blind) collected ($6)
Seat 3: peak joker33 folded before Flop (didn't bet)
Seat 5: Caoz NL folded before Flop (didn't bet)
Seat 6: Mr_Dick666 (button) folded before Flop (didn't bet)



PokerStars Hand #254496074368:  Hold'em No Limit ($0.50/$1.00 USD) - 2025/01/22 8:14:09 WET [2025/01/22 3:14:09 ET]
Table 'Nemesis IV' 6-max Seat #1 is the button
Seat 4: jesperb1982 ($80 in chips) is sitting out
Seat 1: MaRKiToScoK ($127.35 in chips) 
Seat 2: 50CandyJoe ($104.50 in chips) 
Seat 3: peak joker33 ($100 in chips) 
Seat 5: Caoz NL ($93.90 in chips) 
Seat 6: Mr_Dick666 ($100 in chips) 
50CandyJoe: posts small blind $0.50
peak joker33: posts big blind $1
jesperb1982: sits out 
*** HOLE CARDS ***
Caoz NL: folds 
Mr_Dick666: folds 
MaRKiToScoK: folds 
50CandyJoe: raises $2 to $3
peak joker33: calls $2
*** FLOP *** [7s 6s 7c]
50CandyJoe: checks 
peak joker33: checks 
*** TURN *** [7s 6s 7c] [5s]
50CandyJoe: checks 
peak joker33: checks 
*** RIVER *** [7s 6s 7c 5s] [Qd]
50CandyJoe: checks 
peak joker33: checks 
*** SHOW DOWN ***
50CandyJoe: shows [Jh Ad] (a pair of Sevens)
peak joker33: mucks hand 
50CandyJoe collected $5.70 from pot
*** SUMMARY ***
Total pot $6 | Rake $0.30 
Board [7s 6s 7c 5s Qd]
Seat 4: jesperb1982
Seat 1: MaRKiToScoK (button) folded before Flop (didn't bet)
Seat 2: 50CandyJoe (small blind) showed [Jh Ad] and won ($5.70) with a pair of Sevens
Seat 3: peak joker33 (big blind) mucked
Seat 5: Caoz NL folded before Flop (didn't bet)
Seat 6: Mr_Dick666 folded before Flop (didn't bet)



PokerStars Hand #254496079315:  Hold'em No Limit ($0.50/$1.00 USD) - 2025/01/22 8:15:17 WET [2025/01/22 3:15:17 ET]
Table 'Nemesis IV' 6-max Seat #2 is the button
Seat 1: MaRKiToScoK ($127.35 in chips) 
Seat 2: 50CandyJoe ($107.20 in chips) 
Seat 3: peak joker33 ($100 in chips) 
Seat 4: jesperb1982 ($80 in chips) 
Seat 5: Caoz NL ($93.90 in chips) 
Seat 6: Mr_Dick666 ($100 in chips) 
peak joker33: posts small blind $0.50
jesperb1982: posts big blind $1
*** HOLE CARDS ***
Caoz NL: folds 
Mr_Dick666: folds 
MaRKiToScoK: raises $1.25 to $2.25
50CandyJoe: folds 
peak joker33: folds 
jesperb1982: calls $1.25
*** FLOP *** [3c 6d 4h]
jesperb1982: checks 
MaRKiToScoK: checks 
*** TURN *** [3c 6d 4h] [9h]
jesperb1982: checks 
MaRKiToScoK: bets $3.56
jesperb1982: folds 
Uncalled bet ($3.56) returned to MaRKiToScoK
MaRKiToScoK collected $4.75 from pot
*** SUMMARY ***
Total pot $5 | Rake $0.25 
Board [3c 6d 4h 9h]
Seat 1: MaRKiToScoK collected ($4.75)
Seat 2: 50CandyJoe (button) folded before Flop (didn't bet)
Seat 3: peak joker33 (small blind) folded before Flop
Seat 4: jesperb1982 (big blind) folded on the Turn
Seat 5: Caoz NL folded before Flop (didn't bet)
Seat 6: Mr_Dick666 folded before Flop (didn't bet)



PokerStars Hand #254496082398:  Hold'em No Limit ($0.50/$1.00 USD) - 2025/01/22 8:15:58 WET [2025/01/22 3:15:58 ET]
Table 'Nemesis IV' 6-max Seat #3 is the button
Seat 1: MaRKiToScoK ($129.85 in chips) 
Seat 2: 50CandyJoe ($107.20 in chips) 
Seat 3: peak joker33 ($100 in chips) 
Seat 4: jesperb1982 ($77.75 in chips) 
Seat 5: Caoz NL ($93.90 in chips) 
Seat 6: Mr_Dick666 ($100 in chips) 
jesperb1982: posts small blind $0.50
Caoz NL: posts big blind $1
*** HOLE CARDS ***
Mr_Dick666: folds 
MaRKiToScoK: folds 
50CandyJoe: raises $1.20 to $2.20
peak joker33: folds 
jesperb1982: folds 
Caoz NL: calls $1.20
*** FLOP *** [8h Qh 5d]
Caoz NL: checks 
50CandyJoe: checks 
*** TURN *** [8h Qh 5d] [Qc]
Caoz NL: bets $2
50CandyJoe: folds 
Uncalled bet ($2) returned to Caoz NL
Caoz NL collected $4.66 from pot
Caoz NL: doesn't show hand 
*** SUMMARY ***
Total pot $4.90 | Rake $0.24 
Board [8h Qh 5d Qc]
Seat 1: MaRKiToScoK folded before Flop (didn't bet)
Seat 2: 50CandyJoe folded on the Turn
Seat 3: peak joker33 (button) folded before Flop (didn't bet)
Seat 4: jesperb1982 (small blind) folded before Flop
Seat 5: Caoz NL (big blind) collected ($4.66)
Seat 6: Mr_Dick666 folded before Flop (didn't bet)



PokerStars Hand #254496086400:  Hold'em No Limit ($0.50/$1.00 USD) - 2025/01/22 8:16:52 WET [2025/01/22 3:16:52 ET]
Table 'Nemesis IV' 6-max Seat #4 is the button
Seat 1: MaRKiToScoK ($129.85 in chips) 
Seat 2: 50CandyJoe ($105 in chips) 
Seat 3: peak joker33 ($100 in chips) 
Seat 4: jesperb1982 ($77.25 in chips) 
Seat 5: Caoz NL ($96.36 in chips) 
Seat 6: Mr_Dick666 ($100 in chips) 
Caoz NL: posts small blind $0.50
Mr_Dick666: posts big blind $1
*** HOLE CARDS ***
MaRKiToScoK: folds 
50CandyJoe: raises $1.20 to $2.20
peak joker33: folds 
jesperb1982: folds 
Caoz NL: folds 
Mr_Dick666: folds 
Uncalled bet ($1.20) returned to 50CandyJoe
50CandyJoe collected $2.50 from pot
50CandyJoe: doesn't show hand 
*** SUMMARY ***
Total pot $2.50 | Rake $0 
Seat 1: MaRKiToScoK folded before Flop (didn't bet)
Seat 2: 50CandyJoe collected ($2.50)
Seat 3: peak joker33 folded before Flop (didn't bet)
Seat 4: jesperb1982 (button) folded before Flop (didn't bet)
Seat 5: Caoz NL (small blind) folded before Flop
Seat 6: Mr_Dick666 (big blind) folded before Flop



PokerStars Hand #254496087791:  Hold'em No Limit ($0.50/$1.00 USD) - 2025/01/22 8:17:10 WET [2025/01/22 3:17:10 ET]
Table 'Nemesis IV' 6-max Seat #5 is the button
Seat 1: MaRKiToScoK ($129.85 in chips) 
Seat 2: 50CandyJoe ($106.50 in chips) 
Seat 3: peak joker33 ($100 in chips) 
Seat 4: jesperb1982 ($77.25 in chips) 
Seat 5: Caoz NL ($95.86 in chips) 
Seat 6: Mr_Dick666 ($100 in chips) 
Mr_Dick666: posts small blind $0.50
MaRKiToScoK: posts big blind $1
*** HOLE CARDS ***
50CandyJoe: folds 
peak joker33: folds 
jesperb1982: raises $2 to $3
Caoz NL: calls $3
Mr_Dick666: folds 
MaRKiToScoK: calls $2
*** FLOP *** [7h 7d 3h]
MaRKiToScoK: checks 
jesperb1982: checks 
Caoz NL: checks 
*** TURN *** [7h 7d 3h] [2c]
MaRKiToScoK: checks 
jesperb1982: checks 
Caoz NL: checks 
*** RIVER *** [7h 7d 3h 2c] [Jc]
MaRKiToScoK: bets $3
jesperb1982: folds 
Caoz NL: calls $3
*** SHOW DOWN ***
MaRKiToScoK: shows [5h As] (a pair of Sevens)
Caoz NL: shows [Ts Jd] (two pair, Jacks and Sevens)
Caoz NL collected $14.72 from pot
*** SUMMARY ***
Total pot $15.50 | Rake $0.78 
Board [7h 7d 3h 2c Jc]
Seat 1: MaRKiToScoK (big blind) showed [5h As] and lost with a pair of Sevens
Seat 2: 50CandyJoe folded before Flop (didn't bet)
Seat 3: peak joker33 folded before Flop (didn't bet)
Seat 4: jesperb1982 folded on the River
Seat 5: Caoz NL (button) showed [Ts Jd] and won ($14.72) with two pair, Jacks and Sevens
Seat 6: Mr_Dick666 (small blind) folded before Flop



PokerStars Hand #254496091947:  Hold'em No Limit ($0.50/$1.00 USD) - 2025/01/22 8:18:06 WET [2025/01/22 3:18:06 ET]
Table 'Nemesis IV' 6-max Seat #6 is the button
Seat 1: MaRKiToScoK ($123.85 in chips) 
Seat 2: 50CandyJoe ($106.50 in chips) 
Seat 3: peak joker33 ($100 in chips) 
Seat 4: jesperb1982 ($74.25 in chips) 
Seat 5: Caoz NL ($104.58 in chips) 
Seat 6: Mr_Dick666 ($100 in chips) 
MaRKiToScoK: posts small blind $0.50
50CandyJoe: posts big blind $1
*** HOLE CARDS ***
peak joker33: folds 
jesperb1982: raises $2 to $3
Caoz NL: folds 
Mr_Dick666: folds 
MaRKiToScoK: calls $2.50
50CandyJoe: calls $2
*** FLOP *** [5s 2d 3h]
MaRKiToScoK: checks 
50CandyJoe: checks 
jesperb1982: bets $4.28
MaRKiToScoK: folds 
50CandyJoe: folds 
Uncalled bet ($4.28) returned to jesperb1982
jesperb1982 collected $8.55 from pot
*** SUMMARY ***
Total pot $9 | Rake $0.45 
Board [5s 2d 3h]
Seat 1: MaRKiToScoK (small blind) folded on the Flop
Seat 2: 50CandyJoe (big blind) folded on the Flop
Seat 3: peak joker33 folded before Flop (didn't bet)
Seat 4: jesperb1982 collected ($8.55)
Seat 5: Caoz NL folded before Flop (didn't bet)
Seat 6: Mr_Dick666 (button) folded before Flop (didn't bet)



PokerStars Hand #254496095805:  Hold'em No Limit ($0.50/$1.00 USD) - 2025/01/22 8:18:58 WET [2025/01/22 3:18:58 ET]
Table 'Nemesis IV' 6-max Seat #1 is the button
Seat 3: peak joker33 ($100 in chips) is sitting out
Seat 1: MaRKiToScoK ($120.85 in chips) 
Seat 2: 50CandyJoe ($103.50 in chips) 
Seat 4: jesperb1982 ($79.80 in chips) 
Seat 5: Caoz NL ($104.58 in chips) 
Seat 6: Mr_Dick666 ($100 in chips) 
50CandyJoe: posts small blind $0.50
jesperb1982: posts big blind $1
*** HOLE CARDS ***
Caoz NL: folds 
Mr_Dick666: folds 
MaRKiToScoK: folds 
50CandyJoe: calls $0.50
jesperb1982: checks 
*** FLOP *** [4d 9s Jd]
50CandyJoe: checks 
jesperb1982: bets $1
50CandyJoe: folds 
Uncalled bet ($1) returned to jesperb1982
jesperb1982 collected $1.90 from pot
*** SUMMARY ***
Total pot $2 | Rake $0.10 
Board [4d 9s Jd]
Seat 3: peak joker33
Seat 1: MaRKiToScoK (button) folded before Flop (didn't bet)
Seat 2: 50CandyJoe (small blind) folded on the Flop
Seat 4: jesperb1982 (big blind) collected ($1.90)
Seat 5: Caoz NL folded before Flop (didn't bet)
Seat 6: Mr_Dick666 folded before Flop (didn't bet)



PokerStars Hand #254496099394:  Hold'em No Limit ($0.50/$1.00 USD) - 2025/01/22 8:19:47 WET [2025/01/22 3:19:47 ET]
Table 'Nemesis IV' 6-max Seat #2 is the button
Seat 3: peak joker33 ($100 in chips) is sitting out
Seat 1: MaRKiToScoK ($120.85 in chips) 
Seat 2: 50CandyJoe ($102.50 in chips) 
Seat 4: jesperb1982 ($80.70 in chips) 
Seat 5: Caoz NL ($104.58 in chips) 
Seat 6: Mr_Dick666 ($100 in chips) 
jesperb1982: posts small blind $0.50
Caoz NL: posts big blind $1
*** HOLE CARDS ***
Mr_Dick666: raises $1 to $2
MaRKiToScoK has timed out
MaRKiToScoK: folds 
50CandyJoe: folds 
jesperb1982: folds 
Caoz NL: folds 
Uncalled bet ($1) returned to Mr_Dick666
Mr_Dick666 collected $2.50 from pot
Mr_Dick666: doesn't show hand 
*** SUMMARY ***
Total pot $2.50 | Rake $0 
Seat 3: peak joker33
Seat 1: MaRKiToScoK folded before Flop (didn't bet)
Seat 2: 50CandyJoe (button) folded before Flop (didn't bet)
Seat 4: jesperb1982 (small blind) folded before Flop
Seat 5: Caoz NL (big blind) folded before Flop
Seat 6: Mr_Dick666 collected ($2.50)



PokerStars Hand #254496102720:  Hold'em No Limit ($0.50/$1.00 USD) - 2025/01/22 8:20:33 WET [2025/01/22 3:20:33 ET]
Table 'Nemesis IV' 6-max Seat #4 is the button
Seat 3: peak joker33 ($100 in chips) is sitting out
Seat 1: MaRKiToScoK ($120.85 in chips) 
Seat 2: 50CandyJoe ($102.50 in chips) 
Seat 4: jesperb1982 ($80.20 in chips) 
Seat 5: Caoz NL ($103.58 in chips) 
Seat 6: Mr_Dick666 ($101.50 in chips) 
Caoz NL: posts small blind $0.50
Mr_Dick666: posts big blind $1
*** HOLE CARDS ***
MaRKiToScoK: folds 
50CandyJoe: folds 
jesperb1982: folds 
Caoz NL: raises $2 to $3
Mr_Dick666: raises $6 to $9
Caoz NL: calls $6
*** FLOP *** [2s 5d 7h]
Caoz NL: checks 
Mr_Dick666: bets $8.55
Caoz NL: calls $8.55
*** TURN *** [2s 5d 7h] [8c]
Caoz NL: checks 
Mr_Dick666: checks 
*** RIVER *** [2s 5d 7h 8c] [7s]
Caoz NL: checks 
Mr_Dick666: checks 
*** SHOW DOWN ***
Caoz NL: shows [3c 3d] (two pair, Sevens and Threes)
Mr_Dick666: mucks hand 
Caoz NL collected $33.34 from pot
*** SUMMARY ***
Total pot $35.10 | Rake $1.76 
Board [2s 5d 7h 8c 7s]
Seat 3: peak joker33
Seat 1: MaRKiToScoK folded before Flop (didn't bet)
Seat 2: 50CandyJoe folded before Flop (didn't bet)
Seat 4: jesperb1982 (button) folded before Flop (didn't bet)
Seat 5: Caoz NL (small blind) showed [3c 3d] and won ($33.34) with two pair, Sevens and Threes
Seat 6: Mr_Dick666 (big blind) mucked



PokerStars Hand #254496105500:  Hold'em No Limit ($0.50/$1.00 USD) - 2025/01/22 8:21:10 WET [2025/01/22 3:21:10 ET]
Table 'Nemesis IV' 6-max Seat #5 is the button
Seat 3: peak joker33 ($100 in chips) is sitting out
Seat 1: MaRKiToScoK ($120.85 in chips) 
Seat 2: 50CandyJoe ($102.50 in chips) 
Seat 4: jesperb1982 ($80.20 in chips) 
Seat 5: Caoz NL ($119.37 in chips) 
Seat 6: Mr_Dick666 ($100 in chips) 
Mr_Dick666: posts small blind $0.50
MaRKiToScoK: posts big blind $1
*** HOLE CARDS ***
50CandyJoe: folds 
jesperb1982: folds 
Caoz NL: folds 
Mr_Dick666: folds 
Uncalled bet ($0.50) returned to MaRKiToScoK
MaRKiToScoK collected $1 from pot
*** SUMMARY ***
Total pot $1 | Rake $0 
Seat 3: peak joker33
Seat 1: MaRKiToScoK (big blind) collected ($1)
Seat 2: 50CandyJoe folded before Flop (didn't bet)
Seat 4: jesperb1982 folded before Flop (didn't bet)
Seat 5: Caoz NL (button) folded before Flop (didn't bet)
Seat 6: Mr_Dick666 (small blind) folded before Flop



PokerStars Hand #254496106679:  Hold'em No Limit ($0.50/$1.00 USD) - 2025/01/22 8:21:26 WET [2025/01/22 3:21:26 ET]
Table 'Nemesis IV' 6-max Seat #6 is the button
Seat 3: peak joker33 ($100 in chips) is sitting out
Seat 1: MaRKiToScoK ($121.35 in chips) 
Seat 2: 50CandyJoe ($102.50 in chips) 
Seat 4: jesperb1982 ($80.20 in chips) 
Seat 5: Caoz NL ($119.37 in chips) 
Seat 6: Mr_Dick666 ($100 in chips) 
MaRKiToScoK: posts small blind $0.50
50CandyJoe: posts big blind $1
*** HOLE CARDS ***
jesperb1982: folds 
Caoz NL: folds 
Mr_Dick666: raises $1.50 to $2.50
MaRKiToScoK: folds 
50CandyJoe: calls $1.50
*** FLOP *** [8c 6h Qd]
50CandyJoe: checks 
Mr_Dick666: bets $3.92
50CandyJoe: folds 
Uncalled bet ($3.92) returned to Mr_Dick666
Mr_Dick666 collected $5.22 from pot
Mr_Dick666: doesn't show hand 
*** SUMMARY ***
Total pot $5.50 | Rake $0.28 
Board [8c 6h Qd]
Seat 3: peak joker33
Seat 1: MaRKiToScoK (small blind) folded before Flop
Seat 2: 50CandyJoe (big blind) folded on the Flop
Seat 4: jesperb1982 folded before Flop (didn't bet)
Seat 5: Caoz NL folded before Flop (didn't bet)
Seat 6: Mr_Dick666 (button) collected ($5.22)



PokerStars Hand #254496109005:  Hold'em No Limit ($0.50/$1.00 USD) - 2025/01/22 8:21:58 WET [2025/01/22 3:21:58 ET]
Table 'Nemesis IV' 6-max Seat #1 is the button
Seat 3: peak joker33 ($100 in chips) is sitting out
Seat 1: MaRKiToScoK ($120.85 in chips) 
Seat 2: 50CandyJoe ($100 in chips) 
Seat 4: jesperb1982 ($80.20 in chips) 
Seat 5: Caoz NL ($119.37 in chips) 
Seat 6: Mr_Dick666 ($102.72 in chips) 
50CandyJoe: posts small blind $0.50
jesperb1982: posts big blind $1
*** HOLE CARDS ***
Caoz NL: folds 
Mr_Dick666: raises $1.50 to $2.50
MaRKiToScoK: folds 
50CandyJoe: folds 
jesperb1982: calls $1.50
*** FLOP *** [Kh 9c Qd]
jesperb1982: checks 
Mr_Dick666: bets $3.92
jesperb1982: folds 
Uncalled bet ($3.92) returned to Mr_Dick666
Mr_Dick666 collected $5.22 from pot
Mr_Dick666: doesn't show hand 
*** SUMMARY ***
Total pot $5.50 | Rake $0.28 
Board [Kh 9c Qd]
Seat 3: peak joker33
Seat 1: MaRKiToScoK (button) folded before Flop (didn't bet)
Seat 2: 50CandyJoe (small blind) folded before Flop
Seat 4: jesperb1982 (big blind) folded on the Flop
Seat 5: Caoz NL folded before Flop (didn't bet)
Seat 6: Mr_Dick666 collected ($5.22)



PokerStars Hand #254496112752:  Hold'em No Limit ($0.50/$1.00 USD) - 2025/01/22 8:22:49 WET [2025/01/22 3:22:49 ET]
Table 'Nemesis IV' 6-max Seat #2 is the button
Seat 3: peak joker33 ($100 in chips) is sitting out
Seat 1: MaRKiToScoK ($120.85 in chips) 
Seat 2: 50CandyJoe ($100 in chips) 
Seat 4: jesperb1982 ($77.70 in chips) 
Seat 5: Caoz NL ($119.37 in chips) 
Seat 6: Mr_Dick666 ($105.44 in chips) 
jesperb1982: posts small blind $0.50
Caoz NL: posts big blind $1
*** HOLE CARDS ***
Mr_Dick666: folds 
MaRKiToScoK: folds 
50CandyJoe: raises $1.50 to $2.50
jesperb1982: folds 
Caoz NL: folds 
Uncalled bet ($1.50) returned to 50CandyJoe
50CandyJoe collected $2.50 from pot
50CandyJoe: doesn't show hand 
*** SUMMARY ***
Total pot $2.50 | Rake $0 
Seat 3: peak joker33
Seat 1: MaRKiToScoK folded before Flop (didn't bet)
Seat 2: 50CandyJoe (button) collected ($2.50)
Seat 4: jesperb1982 (small blind) folded before Flop
Seat 5: Caoz NL (big blind) folded before Flop
Seat 6: Mr_Dick666 folded before Flop (didn't bet)



PokerStars Hand #254496113724:  Hold'em No Limit ($0.50/$1.00 USD) - 2025/01/22 8:23:01 WET [2025/01/22 3:23:01 ET]
Table 'Nemesis IV' 6-max Seat #4 is the button
Seat 3: peak joker33 ($100 in chips) is sitting out
Seat 1: MaRKiToScoK ($120.85 in chips) 
Seat 2: 50CandyJoe ($101.50 in chips) 
Seat 4: jesperb1982 ($77.20 in chips) 
Seat 5: Caoz NL ($118.37 in chips) 
Seat 6: Mr_Dick666 ($105.44 in chips) 
Caoz NL: posts small blind $0.50
Mr_Dick666: posts big blind $1
*** HOLE CARDS ***
MaRKiToScoK: folds 
50CandyJoe: folds 
jesperb1982: folds 
Caoz NL: folds 
Uncalled bet ($0.50) returned to Mr_Dick666
Mr_Dick666 collected $1 from pot
Mr_Dick666: doesn't show hand 
*** SUMMARY ***
Total pot $1 | Rake $0 
Seat 3: peak joker33
Seat 1: MaRKiToScoK folded before Flop (didn't bet)
Seat 2: 50CandyJoe folded before Flop (didn't bet)
Seat 4: jesperb1982 (button) folded before Flop (didn't bet)
Seat 5: Caoz NL (small blind) folded before Flop
Seat 6: Mr_Dick666 (big blind) collected ($1)



PokerStars Hand #254496114493:  Hold'em No Limit ($0.50/$1.00 USD) - 2025/01/22 8:23:11 WET [2025/01/22 3:23:11 ET]
Table 'Nemesis IV' 6-max Seat #5 is the button
Seat 3: peak joker33 ($100 in chips) is sitting out
Seat 1: MaRKiToScoK ($120.85 in chips) 
Seat 2: 50CandyJoe ($101.50 in chips) 
Seat 4: jesperb1982 ($77.20 in chips) 
Seat 5: Caoz NL ($117.87 in chips) 
Seat 6: Mr_Dick666 ($105.94 in chips) 
Mr_Dick666: posts small blind $0.50
MaRKiToScoK: posts big blind $1
peak joker33: sits out 
*** HOLE CARDS ***
50CandyJoe: raises $1.20 to $2.20
jesperb1982: folds 
Caoz NL: calls $2.20
Mr_Dick666: folds 
MaRKiToScoK: calls $1.20
*** FLOP *** [Jd Kc 9d]
MaRKiToScoK: checks 
50CandyJoe: bets $2.22
Caoz NL: calls $2.22
MaRKiToScoK: calls $2.22
*** TURN *** [Jd Kc 9d] [5d]
MaRKiToScoK: checks 
50CandyJoe: checks 
Caoz NL: checks 
*** RIVER *** [Jd Kc 9d 5d] [2s]
MaRKiToScoK: checks 
50CandyJoe: bets $6.54
Caoz NL: folds 
MaRKiToScoK: folds 
Uncalled bet ($6.54) returned to 50CandyJoe
50CandyJoe collected $13.07 from pot
50CandyJoe: doesn't show hand 
*** SUMMARY ***
Total pot $13.76 | Rake $0.69 
Board [Jd Kc 9d 5d 2s]
Seat 3: peak joker33
Seat 1: MaRKiToScoK (big blind) folded on the River
Seat 2: 50CandyJoe collected ($13.07)
Seat 4: jesperb1982 folded before Flop (didn't bet)
Seat 5: Caoz NL (button) folded on the River
Seat 6: Mr_Dick666 (small blind) folded before Flop



PokerStars Hand #254496121149:  Hold'em No Limit ($0.50/$1.00 USD) - 2025/01/22 8:24:43 WET [2025/01/22 3:24:43 ET]
Table 'Nemesis IV' 6-max Seat #6 is the button
Seat 3: peak joker33 ($100 in chips) is sitting out
Seat 1: MaRKiToScoK ($116.43 in chips) 
Seat 2: 50CandyJoe ($110.15 in chips) 
Seat 4: jesperb1982 ($77.20 in chips) 
Seat 5: Caoz NL ($113.45 in chips) 
Seat 6: Mr_Dick666 ($105.44 in chips) 
MaRKiToScoK: posts small blind $0.50
50CandyJoe: posts big blind $1
peak joker33: sits out 
*** HOLE CARDS ***
jesperb1982: raises $2 to $3
Caoz NL: folds 
Mr_Dick666: folds 
MaRKiToScoK: folds 
50CandyJoe: calls $2
*** FLOP *** [9h 5c 7s]
50CandyJoe: checks 
jesperb1982: bets $3.09
50CandyJoe: calls $3.09
*** TURN *** [9h 5c 7s] [Kc]
50CandyJoe: checks 
jesperb1982: bets $6.03
50CandyJoe: folds 
Uncalled bet ($6.03) returned to jesperb1982
jesperb1982 collected $12.05 from pot
*** SUMMARY ***
Total pot $12.68 | Rake $0.63 
Board [9h 5c 7s Kc]
Seat 3: peak joker33
Seat 1: MaRKiToScoK (small blind) folded before Flop
Seat 2: 50CandyJoe (big blind) folded on the Turn
Seat 4: jesperb1982 collected ($12.05)
Seat 5: Caoz NL folded before Flop (didn't bet)
Seat 6: Mr_Dick666 (button) folded before Flop (didn't bet)



PokerStars Hand #254496123548:  Hold'em No Limit ($0.50/$1.00 USD) - 2025/01/22 8:25:16 WET [2025/01/22 3:25:16 ET]
Table 'Nemesis IV' 6-max Seat #1 is the button
Seat 1: MaRKiToScoK ($115.93 in chips) 
Seat 2: 50CandyJoe ($104.06 in chips) 
Seat 3: peak joker33 ($100 in chips) 
Seat 4: jesperb1982 ($83.16 in chips) 
Seat 5: Caoz NL ($113.45 in chips) 
Seat 6: Mr_Dick666 ($105.44 in chips) 
50CandyJoe: posts small blind $0.50
peak joker33: posts big blind $1
*** HOLE CARDS ***
jesperb1982: folds 
Caoz NL: folds 
Mr_Dick666: folds 
MaRKiToScoK: folds 
50CandyJoe: folds 
Uncalled bet ($0.50) returned to peak joker33
peak joker33 collected $1 from pot
peak joker33: doesn't show hand 
*** SUMMARY ***
Total pot $1 | Rake $0 
Seat 1: MaRKiToScoK (button) folded before Flop (didn't bet)
Seat 2: 50CandyJoe (small blind) folded before Flop
Seat 3: peak joker33 (big blind) collected ($1)
Seat 4: jesperb1982 folded before Flop (didn't bet)
Seat 5: Caoz NL folded before Flop (didn't bet)
Seat 6: Mr_Dick666 folded before Flop (didn't bet)



PokerStars Hand #254496124745:  Hold'em No Limit ($0.50/$1.00 USD) - 2025/01/22 8:25:32 WET [2025/01/22 3:25:32 ET]
Table 'Nemesis IV' 6-max Seat #2 is the button
Seat 1: MaRKiToScoK ($115.93 in chips) 
Seat 2: 50CandyJoe ($103.56 in chips) 
Seat 3: peak joker33 ($100.50 in chips) 
Seat 4: jesperb1982 ($83.16 in chips) 
Seat 5: Caoz NL ($113.45 in chips) 
Seat 6: Mr_Dick666 ($105.44 in chips) 
peak joker33: posts small blind $0.50
jesperb1982: posts big blind $1
*** HOLE CARDS ***
Caoz NL: folds 
Mr_Dick666: raises $1 to $2
MaRKiToScoK: folds 
50CandyJoe: folds 
peak joker33: folds 
jesperb1982: calls $1
*** FLOP *** [4s Qs 4h]
jesperb1982: checks 
Mr_Dick666: bets $1.41
jesperb1982: calls $1.41
*** TURN *** [4s Qs 4h] [9h]
jesperb1982: checks 
Mr_Dick666: bets $3.48
jesperb1982: calls $3.48
*** RIVER *** [4s Qs 4h 9h] [9s]
jesperb1982: checks 
Mr_Dick666: checks 
*** SHOW DOWN ***
jesperb1982: shows [Ks 8s] (a flush, King high)
Mr_Dick666: mucks hand 
jesperb1982 collected $13.57 from pot
*** SUMMARY ***
Total pot $14.28 | Rake $0.71 
Board [4s Qs 4h 9h 9s]
Seat 1: MaRKiToScoK folded before Flop (didn't bet)
Seat 2: 50CandyJoe (button) folded before Flop (didn't bet)
Seat 3: peak joker33 (small blind) folded before Flop
Seat 4: jesperb1982 (big blind) showed [Ks 8s] and won ($13.57) with a flush, King high
Seat 5: Caoz NL folded before Flop (didn't bet)
Seat 6: Mr_Dick666 mucked



PokerStars Hand #254496129195:  Hold'em No Limit ($0.50/$1.00 USD) - 2025/01/22 8:26:31 WET [2025/01/22 3:26:31 ET]
Table 'Nemesis IV' 6-max Seat #3 is the button
Seat 1: MaRKiToScoK ($115.93 in chips) 
Seat 2: 50CandyJoe ($103.56 in chips) 
Seat 3: peak joker33 ($100 in chips) 
Seat 4: jesperb1982 ($89.84 in chips) 
Seat 5: Caoz NL ($113.45 in chips) 
Seat 6: Mr_Dick666 ($100 in chips) 
jesperb1982: posts small blind $0.50
Caoz NL: posts big blind $1
*** HOLE CARDS ***
Mr_Dick666: folds 
MaRKiToScoK: folds 
50CandyJoe: folds 
peak joker33: raises $1.50 to $2.50
jesperb1982: folds 
Caoz NL: raises $7.50 to $10
peak joker33: calls $7.50
*** FLOP *** [Th 9d Jd]
Caoz NL: checks 
peak joker33: checks 
*** TURN *** [Th 9d Jd] [5s]
Caoz NL: checks 
peak joker33: checks 
*** RIVER *** [Th 9d Jd 5s] [9h]
Caoz NL: bets $13
peak joker33: folds 
Uncalled bet ($13) returned to Caoz NL
Caoz NL collected $19.48 from pot
Caoz NL: doesn't show hand 
*** SUMMARY ***
Total pot $20.50 | Rake $1.02 
Board [Th 9d Jd 5s 9h]
Seat 1: MaRKiToScoK folded before Flop (didn't bet)
Seat 2: 50CandyJoe folded before Flop (didn't bet)
Seat 3: peak joker33 (button) folded on the River
Seat 4: jesperb1982 (small blind) folded before Flop
Seat 5: Caoz NL (big blind) collected ($19.48)
Seat 6: Mr_Dick666 folded before Flop (didn't bet)



PokerStars Hand #254496133877:  Hold'em No Limit ($0.50/$1.00 USD) - 2025/01/22 8:27:32 WET [2025/01/22 3:27:32 ET]
Table 'Nemesis IV' 6-max Seat #4 is the button
Seat 1: MaRKiToScoK ($115.93 in chips) 
Seat 2: 50CandyJoe ($103.56 in chips) 
Seat 3: peak joker33 ($100 in chips) 
Seat 4: jesperb1982 ($89.34 in chips) 
Seat 5: Caoz NL ($122.93 in chips) 
Seat 6: Mr_Dick666 ($100 in chips) 
Caoz NL: posts small blind $0.50
Mr_Dick666: posts big blind $1
*** HOLE CARDS ***
MaRKiToScoK: folds 
50CandyJoe: raises $1.20 to $2.20
peak joker33: folds 
jesperb1982: calls $2.20
Caoz NL: folds 
Mr_Dick666: folds 
*** FLOP *** [Qs Tc 2h]
50CandyJoe: checks 
jesperb1982: checks 
*** TURN *** [Qs Tc 2h] [Jh]
50CandyJoe: bets $5.60
jesperb1982: calls $5.60
*** RIVER *** [Qs Tc 2h Jh] [8s]
50CandyJoe: checks 
jesperb1982: checks 
*** SHOW DOWN ***
50CandyJoe: shows [4d 5d] (high card Queen)
jesperb1982: shows [6h 5h] (high card Queen - Jack+Ten+Eight+Six kicker)
jesperb1982 collected $16.24 from pot
*** SUMMARY ***
Total pot $17.10 | Rake $0.86 
Board [Qs Tc 2h Jh 8s]
Seat 1: MaRKiToScoK folded before Flop (didn't bet)
Seat 2: 50CandyJoe showed [4d 5d] and lost with high card Queen
Seat 3: peak joker33 folded before Flop (didn't bet)
Seat 4: jesperb1982 (button) showed [6h 5h] and won ($16.24) with high card Queen
Seat 5: Caoz NL (small blind) folded before Flop
Seat 6: Mr_Dick666 (big blind) folded before Flop



PokerStars Hand #254496138629:  Hold'em No Limit ($0.50/$1.00 USD) - 2025/01/22 8:28:34 WET [2025/01/22 3:28:34 ET]
Table 'Nemesis IV' 6-max Seat #5 is the button
Seat 1: MaRKiToScoK ($115.93 in chips) 
Seat 2: 50CandyJoe ($100 in chips) 
Seat 3: peak joker33 ($100 in chips) 
Seat 4: jesperb1982 ($97.78 in chips) 
Seat 5: Caoz NL ($122.43 in chips) 
Seat 6: Mr_Dick666 ($100 in chips) 
Mr_Dick666: posts small blind $0.50
MaRKiToScoK: posts big blind $1
*** HOLE CARDS ***
50CandyJoe: folds 
peak joker33: folds 
jesperb1982: folds 
Caoz NL: raises $2 to $3
Mr_Dick666: folds 
MaRKiToScoK: calls $2
*** FLOP *** [Qh Ad 6h]
MaRKiToScoK: checks 
Caoz NL: checks 
*** TURN *** [Qh Ad 6h] [2d]
MaRKiToScoK: checks 
Caoz NL: checks 
*** RIVER *** [Qh Ad 6h 2d] [Ah]
MaRKiToScoK: checks 
Caoz NL: checks 
*** SHOW DOWN ***
MaRKiToScoK: shows [Ks 9h] (a pair of Aces)
Caoz NL: shows [Tc Td] (two pair, Aces and Tens)
Caoz NL collected $6.18 from pot
*** SUMMARY ***
Total pot $6.50 | Rake $0.32 
Board [Qh Ad 6h 2d Ah]
Seat 1: MaRKiToScoK (big blind) showed [Ks 9h] and lost with a pair of Aces
Seat 2: 50CandyJoe folded before Flop (didn't bet)
Seat 3: peak joker33 folded before Flop (didn't bet)
Seat 4: jesperb1982 folded before Flop (didn't bet)
Seat 5: Caoz NL (button) showed [Tc Td] and won ($6.18) with two pair, Aces and Tens
Seat 6: Mr_Dick666 (small blind) folded before Flop



PokerStars Hand #254496141191:  Hold'em No Limit ($0.50/$1.00 USD) - 2025/01/22 8:29:08 WET [2025/01/22 3:29:08 ET]
Table 'Nemesis IV' 6-max Seat #6 is the button
Seat 1: MaRKiToScoK ($112.93 in chips) 
Seat 2: 50CandyJoe ($100 in chips) 
Seat 3: peak joker33 ($100 in chips) 
Seat 4: jesperb1982 ($97.78 in chips) 
Seat 5: Caoz NL ($125.61 in chips) 
Seat 6: Mr_Dick666 ($100 in chips) 
MaRKiToScoK: posts small blind $0.50
50CandyJoe: posts big blind $1
*** HOLE CARDS ***
peak joker33: folds 
jesperb1982: folds 
Caoz NL: folds 
Mr_Dick666: raises $1.50 to $2.50
MaRKiToScoK: folds 
50CandyJoe: raises $10 to $12.50
Mr_Dick666: folds 
Uncalled bet ($10) returned to 50CandyJoe
50CandyJoe collected $5.50 from pot
50CandyJoe: doesn't show hand 
*** SUMMARY ***
Total pot $5.50 | Rake $0 
Seat 1: MaRKiToScoK (small blind) folded before Flop
Seat 2: 50CandyJoe (big blind) collected ($5.50)
Seat 3: peak joker33 folded before Flop (didn't bet)
Seat 4: jesperb1982 folded before Flop (didn't bet)
Seat 5: Caoz NL folded before Flop (didn't bet)
Seat 6: Mr_Dick666 (button) folded before Flop



PokerStars Hand #254496143159:  Hold'em No Limit ($0.50/$1.00 USD) - 2025/01/22 8:29:34 WET [2025/01/22 3:29:34 ET]
Table 'Nemesis IV' 6-max Seat #1 is the button
Seat 1: MaRKiToScoK ($112.43 in chips) 
Seat 2: 50CandyJoe ($103 in chips) 
Seat 3: peak joker33 ($100 in chips) 
Seat 4: jesperb1982 ($97.78 in chips) 
Seat 5: Caoz NL ($125.61 in chips) 
Seat 6: Mr_Dick666 ($100 in chips) 
50CandyJoe: posts small blind $0.50
peak joker33: posts big blind $1
*** HOLE CARDS ***
jesperb1982: folds 
Caoz NL: folds 
Mr_Dick666: folds 
MaRKiToScoK: folds 
50CandyJoe: raises $2 to $3
peak joker33: folds 
Uncalled bet ($2) returned to 50CandyJoe
50CandyJoe collected $2 from pot
50CandyJoe: doesn't show hand 
*** SUMMARY ***
Total pot $2 | Rake $0 
Seat 1: MaRKiToScoK (button) folded before Flop (didn't bet)
Seat 2: 50CandyJoe (small blind) collected ($2)
Seat 3: peak joker33 (big blind) folded before Flop
Seat 4: jesperb1982 folded before Flop (didn't bet)
Seat 5: Caoz NL folded before Flop (didn't bet)
Seat 6: Mr_Dick666 folded before Flop (didn't bet)



PokerStars Hand #254496144454:  Hold'em No Limit ($0.50/$1.00 USD) - 2025/01/22 8:29:51 WET [2025/01/22 3:29:51 ET]
Table 'Nemesis IV' 6-max Seat #2 is the button
Seat 1: MaRKiToScoK ($112.43 in chips) 
Seat 2: 50CandyJoe ($104 in chips) 
Seat 3: peak joker33 ($100 in chips) 
Seat 4: jesperb1982 ($97.78 in chips) 
Seat 5: Caoz NL ($125.61 in chips) 
Seat 6: Mr_Dick666 ($100 in chips) 
peak joker33: posts small blind $0.50
jesperb1982: posts big blind $1
*** HOLE CARDS ***
Caoz NL: raises $2 to $3
Mr_Dick666: raises $6 to $9
MaRKiToScoK: folds 
50CandyJoe: folds 
peak joker33: folds 
jesperb1982: folds 
Caoz NL: folds 
Uncalled bet ($6) returned to Mr_Dick666
Mr_Dick666 collected $7.50 from pot
Mr_Dick666: doesn't show hand 
*** SUMMARY ***
Total pot $7.50 | Rake $0 
Seat 1: MaRKiToScoK folded before Flop (didn't bet)
Seat 2: 50CandyJoe (button) folded before Flop (didn't bet)
Seat 3: peak joker33 (small blind) folded before Flop
Seat 4: jesperb1982 (big blind) folded before Flop
Seat 5: Caoz NL folded before Flop
Seat 6: Mr_Dick666 collected ($7.50)



PokerStars Hand #254496145667:  Hold'em No Limit ($0.50/$1.00 USD) - 2025/01/22 8:30:07 WET [2025/01/22 3:30:07 ET]
Table 'Nemesis IV' 6-max Seat #3 is the button
Seat 1: MaRKiToScoK ($112.43 in chips) 
Seat 2: 50CandyJoe ($104 in chips) 
Seat 3: peak joker33 ($100 in chips) 
Seat 4: jesperb1982 ($96.78 in chips) 
Seat 5: Caoz NL ($122.61 in chips) 
Seat 6: Mr_Dick666 ($104.50 in chips) 
jesperb1982: posts small blind $0.50
Caoz NL: posts big blind $1
*** HOLE CARDS ***
Mr_Dick666: folds 
MaRKiToScoK: folds 
50CandyJoe: folds 
peak joker33: folds 
jesperb1982: folds 
Uncalled bet ($0.50) returned to Caoz NL
Caoz NL collected $1 from pot
Caoz NL: doesn't show hand 
*** SUMMARY ***
Total pot $1 | Rake $0 
Seat 1: MaRKiToScoK folded before Flop (didn't bet)
Seat 2: 50CandyJoe folded before Flop (didn't bet)
Seat 3: peak joker33 (button) folded before Flop (didn't bet)
Seat 4: jesperb1982 (small blind) folded before Flop
Seat 5: Caoz NL (big blind) collected ($1)
Seat 6: Mr_Dick666 folded before Flop (didn't bet)



PokerStars Hand #254496146928:  Hold'em No Limit ($0.50/$1.00 USD) - 2025/01/22 8:30:24 WET [2025/01/22 3:30:24 ET]
Table 'Nemesis IV' 6-max Seat #4 is the button
Seat 1: MaRKiToScoK ($112.43 in chips) 
Seat 2: 50CandyJoe ($104 in chips) 
Seat 3: peak joker33 ($100 in chips) 
Seat 4: jesperb1982 ($96.28 in chips) 
Seat 5: Caoz NL ($123.11 in chips) 
Seat 6: Mr_Dick666 ($104.50 in chips) 
Caoz NL: posts small blind $0.50
Mr_Dick666: posts big blind $1
*** HOLE CARDS ***
MaRKiToScoK: folds 
50CandyJoe: folds 
peak joker33: folds 
jesperb1982: folds 
Caoz NL: raises $2 to $3
Mr_Dick666: folds 
Uncalled bet ($2) returned to Caoz NL
Caoz NL collected $2 from pot
Caoz NL: doesn't show hand 
*** SUMMARY ***
Total pot $2 | Rake $0 
Seat 1: MaRKiToScoK folded before Flop (didn't bet)
Seat 2: 50CandyJoe folded before Flop (didn't bet)
Seat 3: peak joker33 folded before Flop (didn't bet)
Seat 4: jesperb1982 (button) folded before Flop (didn't bet)
Seat 5: Caoz NL (small blind) collected ($2)
Seat 6: Mr_Dick666 (big blind) folded before Flop



PokerStars Hand #254496149158:  Hold'em No Limit ($0.50/$1.00 USD) - 2025/01/22 8:30:53 WET [2025/01/22 3:30:53 ET]
Table 'Nemesis IV' 6-max Seat #5 is the button
Seat 1: MaRKiToScoK ($112.43 in chips) 
Seat 2: 50CandyJoe ($104 in chips) 
Seat 3: peak joker33 ($100 in chips) 
Seat 4: jesperb1982 ($96.28 in chips) 
Seat 5: Caoz NL ($124.11 in chips) 
Seat 6: Mr_Dick666 ($103.50 in chips) 
Mr_Dick666: posts small blind $0.50
MaRKiToScoK: posts big blind $1
*** HOLE CARDS ***
50CandyJoe: raises $1.20 to $2.20
peak joker33: folds 
jesperb1982: calls $2.20
Caoz NL: calls $2.20
Mr_Dick666: folds 
MaRKiToScoK: calls $1.20
*** FLOP *** [Ac 7c 5d]
MaRKiToScoK: checks 
50CandyJoe: checks 
jesperb1982: bets $4.42
Caoz NL: calls $4.42
MaRKiToScoK: folds 
50CandyJoe: folds 
*** TURN *** [Ac 7c 5d] [8s]
jesperb1982: bets $8.62
Caoz NL: calls $8.62
*** RIVER *** [Ac 7c 5d 8s] [2d]
jesperb1982: bets $16.81
Caoz NL: calls $16.81
*** SHOW DOWN ***
jesperb1982: shows [Ah Jd] (a pair of Aces)
Caoz NL: shows [7s 8d] (two pair, Eights and Sevens)
Caoz NL collected $66.50 from pot
*** SUMMARY ***
Total pot $69 | Rake $2.50 
Board [Ac 7c 5d 8s 2d]
Seat 1: MaRKiToScoK (big blind) folded on the Flop
Seat 2: 50CandyJoe folded on the Flop
Seat 3: peak joker33 folded before Flop (didn't bet)
Seat 4: jesperb1982 showed [Ah Jd] and lost with a pair of Aces
Seat 5: Caoz NL (button) showed [7s 8d] and won ($66.50) with two pair, Eights and Sevens
Seat 6: Mr_Dick666 (small blind) folded before Flop



PokerStars Hand #254496152611:  Hold'em No Limit ($0.50/$1.00 USD) - 2025/01/22 8:31:39 WET [2025/01/22 3:31:39 ET]
Table 'Nemesis IV' 6-max Seat #6 is the button
Seat 1: MaRKiToScoK ($110.23 in chips) 
Seat 2: 50CandyJoe ($101.80 in chips) 
Seat 3: peak joker33 ($100 in chips) 
Seat 4: jesperb1982 ($64.23 in chips) 
Seat 5: Caoz NL ($158.56 in chips) 
Seat 6: Mr_Dick666 ($103 in chips) 
MaRKiToScoK: posts small blind $0.50
50CandyJoe: posts big blind $1
*** HOLE CARDS ***
peak joker33: raises $1.50 to $2.50
jesperb1982: raises $6.50 to $9
Caoz NL: folds 
Mr_Dick666: folds 
MaRKiToScoK: folds 
50CandyJoe: folds 
peak joker33: folds 
Uncalled bet ($6.50) returned to jesperb1982
jesperb1982 collected $6.50 from pot
*** SUMMARY ***
Total pot $6.50 | Rake $0 
Seat 1: MaRKiToScoK (small blind) folded before Flop
Seat 2: 50CandyJoe (big blind) folded before Flop
Seat 3: peak joker33 folded before Flop
Seat 4: jesperb1982 collected ($6.50)
Seat 5: Caoz NL folded before Flop (didn't bet)
Seat 6: Mr_Dick666 (button) folded before Flop (didn't bet)



PokerStars Hand #254496154382:  Hold'em No Limit ($0.50/$1.00 USD) - 2025/01/22 8:32:03 WET [2025/01/22 3:32:03 ET]
Table 'Nemesis IV' 6-max Seat #1 is the button
Seat 1: MaRKiToScoK ($109.73 in chips) 
Seat 2: 50CandyJoe ($100.80 in chips) 
Seat 3: peak joker33 ($100 in chips) 
Seat 4: jesperb1982 ($68.23 in chips) 
Seat 5: Caoz NL ($158.56 in chips) 
Seat 6: Mr_Dick666 ($103 in chips) 
50CandyJoe: posts small blind $0.50
peak joker33: posts big blind $1
*** HOLE CARDS ***
jesperb1982: folds 
Caoz NL: folds 
Mr_Dick666: raises $1.50 to $2.50
MaRKiToScoK: folds 
50CandyJoe: folds 
peak joker33: folds 
Uncalled bet ($1.50) returned to Mr_Dick666
Mr_Dick666 collected $2.50 from pot
Mr_Dick666: doesn't show hand 
*** SUMMARY ***
Total pot $2.50 | Rake $0 
Seat 1: MaRKiToScoK (button) folded before Flop (didn't bet)
Seat 2: 50CandyJoe (small blind) folded before Flop
Seat 3: peak joker33 (big blind) folded before Flop
Seat 4: jesperb1982 folded before Flop (didn't bet)
Seat 5: Caoz NL folded before Flop (didn't bet)
Seat 6: Mr_Dick666 collected ($2.50)



PokerStars Hand #254496155784:  Hold'em No Limit ($0.50/$1.00 USD) - 2025/01/22 8:32:21 WET [2025/01/22 3:32:21 ET]
Table 'Nemesis IV' 6-max Seat #2 is the button
Seat 1: MaRKiToScoK ($109.73 in chips) 
Seat 2: 50CandyJoe ($100.30 in chips) 
Seat 3: peak joker33 ($100 in chips) 
Seat 4: jesperb1982 ($68.23 in chips) 
Seat 5: Caoz NL ($158.56 in chips) 
Seat 6: Mr_Dick666 ($104.50 in chips) 
peak joker33: posts small blind $0.50
jesperb1982: posts big blind $1
*** HOLE CARDS ***
Caoz NL: raises $2 to $3
Mr_Dick666: folds 
MaRKiToScoK: folds 
50CandyJoe: folds 
peak joker33: folds 
jesperb1982: folds 
Uncalled bet ($2) returned to Caoz NL
Caoz NL collected $2.50 from pot
Caoz NL: doesn't show hand 
*** SUMMARY ***
Total pot $2.50 | Rake $0 
Seat 1: MaRKiToScoK folded before Flop (didn't bet)
Seat 2: 50CandyJoe (button) folded before Flop (didn't bet)
Seat 3: peak joker33 (small blind) folded before Flop
Seat 4: jesperb1982 (big blind) folded before Flop
Seat 5: Caoz NL collected ($2.50)
Seat 6: Mr_Dick666 folded before Flop (didn't bet)



PokerStars Hand #254496157406:  Hold'em No Limit ($0.50/$1.00 USD) - 2025/01/22 8:32:43 WET [2025/01/22 3:32:43 ET]
Table 'Nemesis IV' 6-max Seat #3 is the button
Seat 1: MaRKiToScoK ($109.73 in chips) 
Seat 2: 50CandyJoe ($100.30 in chips) 
Seat 3: peak joker33 ($100 in chips) 
Seat 4: jesperb1982 ($67.23 in chips) 
Seat 5: Caoz NL ($160.06 in chips) 
Seat 6: Mr_Dick666 ($104.50 in chips) 
jesperb1982: posts small blind $0.50
Caoz NL: posts big blind $1
*** HOLE CARDS ***
Mr_Dick666: folds 
MaRKiToScoK: folds 
50CandyJoe: raises $1.20 to $2.20
peak joker33: folds 
jesperb1982: folds 
Caoz NL: folds 
Uncalled bet ($1.20) returned to 50CandyJoe
50CandyJoe collected $2.50 from pot
50CandyJoe: doesn't show hand 
*** SUMMARY ***
Total pot $2.50 | Rake $0 
Seat 1: MaRKiToScoK folded before Flop (didn't bet)
Seat 2: 50CandyJoe collected ($2.50)
Seat 3: peak joker33 (button) folded before Flop (didn't bet)
Seat 4: jesperb1982 (small blind) folded before Flop
Seat 5: Caoz NL (big blind) folded before Flop
Seat 6: Mr_Dick666 folded before Flop (didn't bet)



PokerStars Hand #254496158780:  Hold'em No Limit ($0.50/$1.00 USD) - 2025/01/22 8:33:01 WET [2025/01/22 3:33:01 ET]
Table 'Nemesis IV' 6-max Seat #4 is the button
Seat 1: MaRKiToScoK ($109.73 in chips) 
Seat 2: 50CandyJoe ($101.80 in chips) 
Seat 3: peak joker33 ($100 in chips) 
Seat 4: jesperb1982 ($66.73 in chips) 
Seat 5: Caoz NL ($159.06 in chips) 
Seat 6: Mr_Dick666 ($104.50 in chips) 
Caoz NL: posts small blind $0.50
Mr_Dick666: posts big blind $1
*** HOLE CARDS ***
MaRKiToScoK: folds 
50CandyJoe: folds 
peak joker33: folds 
jesperb1982: raises $2 to $3
Caoz NL: folds 
Mr_Dick666: folds 
Uncalled bet ($2) returned to jesperb1982
jesperb1982 collected $2.50 from pot
*** SUMMARY ***
Total pot $2.50 | Rake $0 
Seat 1: MaRKiToScoK folded before Flop (didn't bet)
Seat 2: 50CandyJoe folded before Flop (didn't bet)
Seat 3: peak joker33 folded before Flop (didn't bet)
Seat 4: jesperb1982 (button) collected ($2.50)
Seat 5: Caoz NL (small blind) folded before Flop
Seat 6: Mr_Dick666 (big blind) folded before Flop



PokerStars Hand #254496159991:  Hold'em No Limit ($0.50/$1.00 USD) - 2025/01/22 8:33:17 WET [2025/01/22 3:33:17 ET]
Table 'Nemesis IV' 6-max Seat #5 is the button
Seat 1: MaRKiToScoK ($109.73 in chips) 
Seat 2: 50CandyJoe ($101.80 in chips) 
Seat 3: peak joker33 ($100 in chips) 
Seat 4: jesperb1982 ($68.23 in chips) 
Seat 5: Caoz NL ($158.56 in chips) 
Seat 6: Mr_Dick666 ($103.50 in chips) 
Mr_Dick666: posts small blind $0.50
MaRKiToScoK: posts big blind $1
*** HOLE CARDS ***
50CandyJoe: folds 
peak joker33: folds 
jesperb1982: folds 
Caoz NL: raises $2 to $3
Mr_Dick666: folds 
MaRKiToScoK: folds 
Uncalled bet ($2) returned to Caoz NL
Caoz NL collected $2.50 from pot
Caoz NL: doesn't show hand 
*** SUMMARY ***
Total pot $2.50 | Rake $0 
Seat 1: MaRKiToScoK (big blind) folded before Flop
Seat 2: 50CandyJoe folded before Flop (didn't bet)
Seat 3: peak joker33 folded before Flop (didn't bet)
Seat 4: jesperb1982 folded before Flop (didn't bet)
Seat 5: Caoz NL (button) collected ($2.50)
Seat 6: Mr_Dick666 (small blind) folded before Flop



PokerStars Hand #254496161105:  Hold'em No Limit ($0.50/$1.00 USD) - 2025/01/22 8:33:32 WET [2025/01/22 3:33:32 ET]
Table 'Nemesis IV' 6-max Seat #6 is the button
Seat 1: MaRKiToScoK ($108.73 in chips) 
Seat 2: 50CandyJoe ($101.80 in chips) 
Seat 3: peak joker33 ($100 in chips) 
Seat 4: jesperb1982 ($68.23 in chips) 
Seat 5: Caoz NL ($160.06 in chips) 
Seat 6: Mr_Dick666 ($103 in chips) 
MaRKiToScoK: posts small blind $0.50
50CandyJoe: posts big blind $1
*** HOLE CARDS ***
peak joker33: folds 
jesperb1982: folds 
Caoz NL: folds 
Mr_Dick666: raises $1.50 to $2.50
MaRKiToScoK: raises $8.50 to $11
50CandyJoe: folds 
Mr_Dick666: folds 
Uncalled bet ($8.50) returned to MaRKiToScoK
MaRKiToScoK collected $6 from pot
*** SUMMARY ***
Total pot $6 | Rake $0 
Seat 1: MaRKiToScoK (small blind) collected ($6)
Seat 2: 50CandyJoe (big blind) folded before Flop
Seat 3: peak joker33 folded before Flop (didn't bet)
Seat 4: jesperb1982 folded before Flop (didn't bet)
Seat 5: Caoz NL folded before Flop (didn't bet)
Seat 6: Mr_Dick666 (button) folded before Flop



PokerStars Hand #254496163170:  Hold'em No Limit ($0.50/$1.00 USD) - 2025/01/22 8:34:00 WET [2025/01/22 3:34:00 ET]
Table 'Nemesis IV' 6-max Seat #1 is the button
Seat 3: peak joker33 ($100 in chips) is sitting out
Seat 1: MaRKiToScoK ($112.23 in chips) 
Seat 2: 50CandyJoe ($100.80 in chips) 
Seat 4: jesperb1982 ($68.23 in chips) 
Seat 5: Caoz NL ($160.06 in chips) 
Seat 6: Mr_Dick666 ($100.50 in chips) 
50CandyJoe: posts small blind $0.50
peak joker33: is sitting out 
jesperb1982: posts big blind $1
*** HOLE CARDS ***
peak joker33 leaves the table
Caoz NL: folds 
Mr_Dick666: raises $1.50 to $2.50
MaRKiToScoK: calls $2.50
50CandyJoe: folds 
jesperb1982: folds 
*** FLOP *** [5d Jc Kc]
Mr_Dick666: bets $2.04
MaRKiToScoK: calls $2.04
*** TURN *** [5d Jc Kc] [6d]
Mr_Dick666: checks 
MaRKiToScoK: bets $7.54
Mr_Dick666: calls $7.54
*** RIVER *** [5d Jc Kc 6d] [4c]
Mr_Dick666: bets $8.05
MaRKiToScoK: folds 
Uncalled bet ($8.05) returned to Mr_Dick666
Mr_Dick666 collected $24.38 from pot
Mr_Dick666: doesn't show hand 
*** SUMMARY ***
Total pot $25.66 | Rake $1.28 
Board [5d Jc Kc 6d 4c]
Seat 3: peak joker33
Seat 1: MaRKiToScoK (button) folded on the River
Seat 2: 50CandyJoe (small blind) folded before Flop
Seat 4: jesperb1982 (big blind) folded before Flop
Seat 5: Caoz NL folded before Flop (didn't bet)
Seat 6: Mr_Dick666 collected ($24.38)



PokerStars Hand #254496168673:  Hold'em No Limit ($0.50/$1.00 USD) - 2025/01/22 8:35:11 WET [2025/01/22 3:35:11 ET]
Table 'Nemesis IV' 6-max Seat #2 is the button
Seat 1: MaRKiToScoK ($100.15 in chips) 
Seat 2: 50CandyJoe ($100.30 in chips) 
Seat 4: jesperb1982 ($67.23 in chips) 
Seat 5: Caoz NL ($160.06 in chips) 
Seat 6: Mr_Dick666 ($112.80 in chips) 
jesperb1982: posts small blind $0.50
Caoz NL: posts big blind $1
*** HOLE CARDS ***
Mr_Dick666: raises $1 to $2
MaRKiToScoK: folds 
50CandyJoe: calls $2
jesperb1982: folds 
Caoz NL: calls $1
*** FLOP *** [4s 2s Qc]
Caoz NL: checks 
Mr_Dick666: checks 
50CandyJoe: checks 
*** TURN *** [4s 2s Qc] [5s]
Caoz NL: bets $2
Mr_Dick666: folds 
JoeBlack_MS joins the table at seat #3 
50CandyJoe: folds 
Uncalled bet ($2) returned to Caoz NL
Caoz NL collected $6.18 from pot
Caoz NL: doesn't show hand 
*** SUMMARY ***
Total pot $6.50 | Rake $0.32 
Board [4s 2s Qc 5s]
Seat 1: MaRKiToScoK folded before Flop (didn't bet)
Seat 2: 50CandyJoe (button) folded on the Turn
Seat 4: jesperb1982 (small blind) folded before Flop
Seat 5: Caoz NL (big blind) collected ($6.18)
Seat 6: Mr_Dick666 folded on the Turn



PokerStars Hand #254496171587:  Hold'em No Limit ($0.50/$1.00 USD) - 2025/01/22 8:35:48 WET [2025/01/22 3:35:48 ET]
Table 'Nemesis IV' 6-max Seat #4 is the button
Seat 3: JoeBlack_MS ($100 in chips) is sitting out
Seat 6: Mr_Dick666 ($110.80 in chips) is sitting out
Seat 1: MaRKiToScoK ($100.15 in chips) 
Seat 2: 50CandyJoe ($100 in chips) 
Seat 4: jesperb1982 ($66.73 in chips) 
Seat 5: Caoz NL ($164.24 in chips) 
Caoz NL: posts small blind $0.50
Mr_Dick666: is sitting out 
MaRKiToScoK: posts big blind $1
JoeBlack_MS: sits out 
*** HOLE CARDS ***
50CandyJoe: folds 
Mr_Dick666 leaves the table
jesperb1982: raises $2 to $3
Caoz NL: folds 
MaRKiToScoK: calls $2
*** FLOP *** [As Jh 4s]
Ydys20 joins the table at seat #6 
MaRKiToScoK: checks 
jesperb1982: bets $3.09
MaRKiToScoK: calls $3.09
*** TURN *** [As Jh 4s] [8d]
MaRKiToScoK: checks 
jesperb1982: bets $6.03
MaRKiToScoK: folds 
Uncalled bet ($6.03) returned to jesperb1982
jesperb1982 collected $12.05 from pot
*** SUMMARY ***
Total pot $12.68 | Rake $0.63 
Board [As Jh 4s 8d]
Seat 3: JoeBlack_MS
Seat 6: Mr_Dick666
Seat 1: MaRKiToScoK (big blind) folded on the Turn
Seat 2: 50CandyJoe folded before Flop (didn't bet)
Seat 4: jesperb1982 (button) collected ($12.05)
Seat 5: Caoz NL (small blind) folded before Flop



PokerStars Hand #254496174698:  Hold'em No Limit ($0.50/$1.00 USD) - 2025/01/22 8:36:28 WET [2025/01/22 3:36:28 ET]
Table 'Nemesis IV' 6-max Seat #5 is the button
Seat 3: JoeBlack_MS ($100 in chips) is sitting out
Seat 6: Ydys20 ($100 in chips) is sitting out
Seat 1: MaRKiToScoK ($100 in chips) 
Seat 2: 50CandyJoe ($100 in chips) 
Seat 4: jesperb1982 ($72.69 in chips) 
Seat 5: Caoz NL ($163.74 in chips) 
MaRKiToScoK: posts small blind $0.50
50CandyJoe: posts big blind $1
JoeBlack_MS: sits out 
*** HOLE CARDS ***
jesperb1982: raises $2 to $3
Caoz NL: folds 
MaRKiToScoK: folds 
50CandyJoe: folds 
Uncalled bet ($2) returned to jesperb1982
jesperb1982 collected $2.50 from pot
*** SUMMARY ***
Total pot $2.50 | Rake $0 
Seat 3: JoeBlack_MS
Seat 6: Ydys20
Seat 1: MaRKiToScoK (small blind) folded before Flop
Seat 2: 50CandyJoe (big blind) folded before Flop
Seat 4: jesperb1982 collected ($2.50)
Seat 5: Caoz NL (button) folded before Flop (didn't bet)



PokerStars Hand #254496176149:  Hold'em No Limit ($0.50/$1.00 USD) - 2025/01/22 8:36:46 WET [2025/01/22 3:36:46 ET]
Table 'Nemesis IV' 6-max Seat #1 is the button
Seat 6: Ydys20 ($100 in chips) is sitting out
Seat 1: MaRKiToScoK ($100 in chips) 
Seat 2: 50CandyJoe ($100 in chips) 
Seat 3: JoeBlack_MS ($100 in chips) 
Seat 4: jesperb1982 ($74.19 in chips) 
Seat 5: Caoz NL ($163.74 in chips) 
50CandyJoe: posts small blind $0.50
JoeBlack_MS: posts big blind $1
Ydys20: sits out 
*** HOLE CARDS ***
jesperb1982: folds 
Caoz NL: raises $2 to $3
MaRKiToScoK: folds 
50CandyJoe: folds 
JoeBlack_MS: folds 
Uncalled bet ($2) returned to Caoz NL
Caoz NL collected $2.50 from pot
Caoz NL: doesn't show hand 
*** SUMMARY ***
Total pot $2.50 | Rake $0 
Seat 6: Ydys20
Seat 1: MaRKiToScoK (button) folded before Flop (didn't bet)
Seat 2: 50CandyJoe (small blind) folded before Flop
Seat 3: JoeBlack_MS (big blind) folded before Flop
Seat 4: jesperb1982 folded before Flop (didn't bet)
Seat 5: Caoz NL collected ($2.50)



PokerStars Hand #254496177564:  Hold'em No Limit ($0.50/$1.00 USD) - 2025/01/22 8:37:04 WET [2025/01/22 3:37:04 ET]
Table 'Nemesis IV' 6-max Seat #2 is the button
Seat 6: Ydys20 ($100 in chips) is sitting out
Seat 1: MaRKiToScoK ($100 in chips) 
Seat 2: 50CandyJoe ($100 in chips) 
Seat 3: JoeBlack_MS ($100 in chips) 
Seat 4: jesperb1982 ($74.19 in chips) 
Seat 5: Caoz NL ($165.24 in chips) 
JoeBlack_MS: posts small blind $0.50
jesperb1982: posts big blind $1
Ydys20: sits out 
*** HOLE CARDS ***
Caoz NL: folds 
MaRKiToScoK: folds 
50CandyJoe: raises $1.50 to $2.50
JoeBlack_MS: folds 
jesperb1982: folds 
Uncalled bet ($1.50) returned to 50CandyJoe
50CandyJoe collected $2.50 from pot
50CandyJoe: doesn't show hand 
*** SUMMARY ***
Total pot $2.50 | Rake $0 
Seat 6: Ydys20
Seat 1: MaRKiToScoK folded before Flop (didn't bet)
Seat 2: 50CandyJoe (button) collected ($2.50)
Seat 3: JoeBlack_MS (small blind) folded before Flop
Seat 4: jesperb1982 (big blind) folded before Flop
Seat 5: Caoz NL folded before Flop (didn't bet)



PokerStars Hand #254496179510:  Hold'em No Limit ($0.50/$1.00 USD) - 2025/01/22 8:37:29 WET [2025/01/22 3:37:29 ET]
Table 'Nemesis IV' 6-max Seat #3 is the button
Seat 6: Ydys20 ($100 in chips) is sitting out
Seat 1: MaRKiToScoK ($100 in chips) 
Seat 2: 50CandyJoe ($101.50 in chips) 
Seat 3: JoeBlack_MS ($100 in chips) 
Seat 4: jesperb1982 ($73.19 in chips) 
Seat 5: Caoz NL ($165.24 in chips) 
jesperb1982: posts small blind $0.50
Caoz NL: posts big blind $1
Ydys20: sits out 
*** HOLE CARDS ***
MaRKiToScoK: raises $1.50 to $2.50
50CandyJoe: folds 
JoeBlack_MS: folds 
jesperb1982: folds 
Caoz NL: folds 
Uncalled bet ($1.50) returned to MaRKiToScoK
MaRKiToScoK collected $2.50 from pot
*** SUMMARY ***
Total pot $2.50 | Rake $0 
Seat 6: Ydys20
Seat 1: MaRKiToScoK collected ($2.50)
Seat 2: 50CandyJoe folded before Flop (didn't bet)
Seat 3: JoeBlack_MS (button) folded before Flop (didn't bet)
Seat 4: jesperb1982 (small blind) folded before Flop
Seat 5: Caoz NL (big blind) folded before Flop



PokerStars Hand #254496180669:  Hold'em No Limit ($0.50/$1.00 USD) - 2025/01/22 8:37:44 WET [2025/01/22 3:37:44 ET]
Table 'Nemesis IV' 6-max Seat #4 is the button
Seat 1: MaRKiToScoK ($101.50 in chips) 
Seat 2: 50CandyJoe ($101.50 in chips) 
Seat 3: JoeBlack_MS ($100 in chips) 
Seat 4: jesperb1982 ($72.69 in chips) 
Seat 5: Caoz NL ($164.24 in chips) 
Seat 6: Ydys20 ($100 in chips) 
Caoz NL: posts small blind $0.50
Ydys20: posts big blind $1
*** HOLE CARDS ***
MaRKiToScoK: folds 
50CandyJoe: raises $1.20 to $2.20
JoeBlack_MS: folds 
jesperb1982: calls $2.20
Caoz NL: folds 
Ydys20: folds 
*** FLOP *** [6c 9s 9d]
50CandyJoe: bets $1.40
jesperb1982: calls $1.40
*** TURN *** [6c 9s 9d] [Js]
50CandyJoe: checks 
jesperb1982: bets $4.13
50CandyJoe: folds 
Uncalled bet ($4.13) returned to jesperb1982
jesperb1982 collected $8.26 from pot
*** SUMMARY ***
Total pot $8.70 | Rake $0.44 
Board [6c 9s 9d Js]
Seat 1: MaRKiToScoK folded before Flop (didn't bet)
Seat 2: 50CandyJoe folded on the Turn
Seat 3: JoeBlack_MS folded before Flop (didn't bet)
Seat 4: jesperb1982 (button) collected ($8.26)
Seat 5: Caoz NL (small blind) folded before Flop
Seat 6: Ydys20 (big blind) folded before Flop



PokerStars Hand #254496183052:  Hold'em No Limit ($0.50/$1.00 USD) - 2025/01/22 8:38:14 WET [2025/01/22 3:38:14 ET]
Table 'Nemesis IV' 6-max Seat #5 is the button
Seat 1: MaRKiToScoK ($101.50 in chips) is sitting out
Seat 2: 50CandyJoe ($100 in chips) 
Seat 3: JoeBlack_MS ($100 in chips) 
Seat 4: jesperb1982 ($77.35 in chips) 
Seat 5: Caoz NL ($163.74 in chips) 
Seat 6: Ydys20 ($100 in chips) 
Ydys20: posts small blind $0.50
MaRKiToScoK has timed out
MaRKiToScoK: is sitting out 
50CandyJoe: posts big blind $1
*** HOLE CARDS ***
JoeBlack_MS: folds 
jesperb1982: folds 
Caoz NL: raises $2 to $3
Ydys20: folds 
50CandyJoe: calls $2
*** FLOP *** [7s 6d Ah]
50CandyJoe: checks 
Caoz NL: bets $5
50CandyJoe: folds 
Uncalled bet ($5) returned to Caoz NL
Caoz NL collected $6.18 from pot
Caoz NL: doesn't show hand 
*** SUMMARY ***
Total pot $6.50 | Rake $0.32 
Board [7s 6d Ah]
Seat 1: MaRKiToScoK
Seat 2: 50CandyJoe (big blind) folded on the Flop
Seat 3: JoeBlack_MS folded before Flop (didn't bet)
Seat 4: jesperb1982 folded before Flop (didn't bet)
Seat 5: Caoz NL (button) collected ($6.18)
Seat 6: Ydys20 (small blind) folded before Flop



PokerStars Hand #254496186147:  Hold'em No Limit ($0.50/$1.00 USD) - 2025/01/22 8:38:53 WET [2025/01/22 3:38:53 ET]
Table 'Nemesis IV' 6-max Seat #6 is the button
Seat 1: MaRKiToScoK ($101.50 in chips) is sitting out
Seat 2: 50CandyJoe ($100 in chips) 
Seat 3: JoeBlack_MS ($100 in chips) 
Seat 4: jesperb1982 ($77.35 in chips) 
Seat 5: Caoz NL ($166.92 in chips) 
Seat 6: Ydys20 ($100 in chips) 
50CandyJoe: posts small blind $0.50
JoeBlack_MS: posts big blind $1
*** HOLE CARDS ***
jesperb1982: folds 
Caoz NL: folds 
Ydys20: folds 
50CandyJoe: folds 
Uncalled bet ($0.50) returned to JoeBlack_MS
JoeBlack_MS collected $1 from pot
JoeBlack_MS: doesn't show hand 
*** SUMMARY ***
Total pot $1 | Rake $0 
Seat 1: MaRKiToScoK
Seat 2: 50CandyJoe (small blind) folded before Flop
Seat 3: JoeBlack_MS (big blind) collected ($1)
Seat 4: jesperb1982 folded before Flop (didn't bet)
Seat 5: Caoz NL folded before Flop (didn't bet)
Seat 6: Ydys20 (button) folded before Flop (didn't bet)



PokerStars Hand #254496187024:  Hold'em No Limit ($0.50/$1.00 USD) - 2025/01/22 8:39:04 WET [2025/01/22 3:39:04 ET]
Table 'Nemesis IV' 6-max Seat #2 is the button
Seat 1: MaRKiToScoK ($101.50 in chips) is sitting out
Seat 2: 50CandyJoe ($100 in chips) 
Seat 3: JoeBlack_MS ($100.50 in chips) 
Seat 4: jesperb1982 ($77.35 in chips) 
Seat 5: Caoz NL ($166.92 in chips) 
Seat 6: Ydys20 ($100 in chips) 
JoeBlack_MS: posts small blind $0.50
jesperb1982: posts big blind $1
MaRKiToScoK: sits out 
*** HOLE CARDS ***
Caoz NL: folds 
Ydys20: folds 
50CandyJoe: raises $1.50 to $2.50
JoeBlack_MS: calls $2
jesperb1982: folds 
*** FLOP *** [3h 3d 7c]
JoeBlack_MS: checks 
50CandyJoe: bets $2.85
JoeBlack_MS: raises $6.65 to $9.50
50CandyJoe: folds 
Uncalled bet ($6.65) returned to JoeBlack_MS
JoeBlack_MS collected $11.12 from pot
JoeBlack_MS: doesn't show hand 
*** SUMMARY ***
Total pot $11.70 | Rake $0.58 
Board [3h 3d 7c]
Seat 1: MaRKiToScoK
Seat 2: 50CandyJoe (button) folded on the Flop
Seat 3: JoeBlack_MS (small blind) collected ($11.12)
Seat 4: jesperb1982 (big blind) folded before Flop
Seat 5: Caoz NL folded before Flop (didn't bet)
Seat 6: Ydys20 folded before Flop (didn't bet)



PokerStars Hand #254496191595:  Hold'em No Limit ($0.50/$1.00 USD) - 2025/01/22 8:40:03 WET [2025/01/22 3:40:03 ET]
Table 'Nemesis IV' 6-max Seat #3 is the button
Seat 1: MaRKiToScoK ($101.50 in chips) is sitting out
Seat 2: 50CandyJoe ($100 in chips) 
Seat 3: JoeBlack_MS ($106.27 in chips) 
Seat 4: jesperb1982 ($76.35 in chips) 
Seat 5: Caoz NL ($166.92 in chips) 
Seat 6: Ydys20 ($100 in chips) 
jesperb1982: posts small blind $0.50
Caoz NL: posts big blind $1
MaRKiToScoK: sits out 
*** HOLE CARDS ***
Ydys20: folds 
50CandyJoe: raises $1.20 to $2.20
JoeBlack_MS: calls $2.20
jesperb1982: calls $1.70
Caoz NL: calls $1.20
*** FLOP *** [2s 8d 6s]
jesperb1982: checks 
Caoz NL: checks 
50CandyJoe: checks 
JoeBlack_MS: checks 
*** TURN *** [2s 8d 6s] [3d]
jesperb1982: checks 
Caoz NL: bets $2
50CandyJoe: calls $2
JoeBlack_MS: folds 
jesperb1982: folds 
*** RIVER *** [2s 8d 6s 3d] [9s]
Caoz NL: bets $4
50CandyJoe: folds 
Uncalled bet ($4) returned to Caoz NL
Caoz NL collected $12.16 from pot
Caoz NL: doesn't show hand 
*** SUMMARY ***
Total pot $12.80 | Rake $0.64 
Board [2s 8d 6s 3d 9s]
Seat 1: MaRKiToScoK
Seat 2: 50CandyJoe folded on the River
Seat 3: JoeBlack_MS (button) folded on the Turn
Seat 4: jesperb1982 (small blind) folded on the Turn
Seat 5: Caoz NL (big blind) collected ($12.16)
Seat 6: Ydys20 folded before Flop (didn't bet)



PokerStars Hand #254496200472:  Hold'em No Limit ($0.50/$1.00 USD) - 2025/01/22 8:41:56 WET [2025/01/22 3:41:56 ET]
Table 'Nemesis IV' 6-max Seat #4 is the button
Seat 1: MaRKiToScoK ($101.50 in chips) is sitting out
Seat 2: 50CandyJoe ($100 in chips) 
Seat 3: JoeBlack_MS ($104.07 in chips) 
Seat 4: jesperb1982 ($74.15 in chips) 
Seat 5: Caoz NL ($174.88 in chips) 
Seat 6: Ydys20 ($100 in chips) 
Caoz NL: posts small blind $0.50
Ydys20: posts big blind $1
MaRKiToScoK: sits out 
*** HOLE CARDS ***
50CandyJoe: folds 
JoeBlack_MS: raises $1.30 to $2.30
jesperb1982: folds 
Caoz NL: calls $1.80
Ydys20: folds 
*** FLOP *** [3h 5d Td]
Caoz NL: checks 
JoeBlack_MS: checks 
*** TURN *** [3h 5d Td] [Kd]
Caoz NL: checks 
JoeBlack_MS: bets $3.99
Caoz NL: folds 
Uncalled bet ($3.99) returned to JoeBlack_MS
JoeBlack_MS collected $5.32 from pot
JoeBlack_MS: doesn't show hand 
*** SUMMARY ***
Total pot $5.60 | Rake $0.28 
Board [3h 5d Td Kd]
Seat 1: MaRKiToScoK
Seat 2: 50CandyJoe folded before Flop (didn't bet)
Seat 3: JoeBlack_MS collected ($5.32)
Seat 4: jesperb1982 (button) folded before Flop (didn't bet)
Seat 5: Caoz NL (small blind) folded on the Turn
Seat 6: Ydys20 (big blind) folded before Flop



PokerStars Hand #254496203952:  Hold'em No Limit ($0.50/$1.00 USD) - 2025/01/22 8:42:40 WET [2025/01/22 3:42:40 ET]
Table 'Nemesis IV' 6-max Seat #5 is the button
Seat 1: MaRKiToScoK ($101.50 in chips) 
Seat 2: 50CandyJoe ($100 in chips) 
Seat 3: JoeBlack_MS ($107.09 in chips) 
Seat 4: jesperb1982 ($74.15 in chips) 
Seat 5: Caoz NL ($172.58 in chips) 
Seat 6: Ydys20 ($100 in chips) 
Ydys20: posts small blind $0.50
MaRKiToScoK: posts big blind $1
*** HOLE CARDS ***
50CandyJoe: folds 
JoeBlack_MS: folds 
jesperb1982: folds 
Caoz NL: folds 
Ydys20: folds 
Uncalled bet ($0.50) returned to MaRKiToScoK
MaRKiToScoK collected $1 from pot
*** SUMMARY ***
Total pot $1 | Rake $0 
Seat 1: MaRKiToScoK (big blind) collected ($1)
Seat 2: 50CandyJoe folded before Flop (didn't bet)
Seat 3: JoeBlack_MS folded before Flop (didn't bet)
Seat 4: jesperb1982 folded before Flop (didn't bet)
Seat 5: Caoz NL (button) folded before Flop (didn't bet)
Seat 6: Ydys20 (small blind) folded before Flop



PokerStars Hand #254496205525:  Hold'em No Limit ($0.50/$1.00 USD) - 2025/01/22 8:43:00 WET [2025/01/22 3:43:00 ET]
Table 'Nemesis IV' 6-max Seat #6 is the button
Seat 1: MaRKiToScoK ($102 in chips) 
Seat 2: 50CandyJoe ($100 in chips) 
Seat 3: JoeBlack_MS ($107.09 in chips) 
Seat 4: jesperb1982 ($74.15 in chips) 
Seat 5: Caoz NL ($172.58 in chips) 
Seat 6: Ydys20 ($100 in chips) 
MaRKiToScoK: posts small blind $0.50
50CandyJoe: posts big blind $1
*** HOLE CARDS ***
JoeBlack_MS: folds 
jesperb1982: raises $2 to $3
Caoz NL: folds 
Ydys20: folds 
MaRKiToScoK: raises $7 to $10
50CandyJoe: raises $10 to $20
jesperb1982: calls $17
MaRKiToScoK: calls $10
*** FLOP *** [Ks Ah 9c]
MaRKiToScoK: checks 
50CandyJoe: bets $11.50
jesperb1982: calls $11.50
MaRKiToScoK: calls $11.50
*** TURN *** [Ks Ah 9c] [7h]
MaRKiToScoK: checks 
50CandyJoe: checks 
jesperb1982: checks 
*** RIVER *** [Ks Ah 9c 7h] [9h]
MaRKiToScoK: bets $70.50 and is all-in
50CandyJoe: folds 
jesperb1982: calls $42.65 and is all-in
Uncalled bet ($27.85) returned to MaRKiToScoK
*** SHOW DOWN ***
MaRKiToScoK: shows [Qh Jh] (a flush, Ace high)
jesperb1982: shows [8s 9s] (three of a kind, Nines)
50CandyJoe leaves the table
MaRKiToScoK collected $177.30 from pot
*** SUMMARY ***
Total pot $179.80 | Rake $2.50 
Board [Ks Ah 9c 7h 9h]
Seat 1: MaRKiToScoK (small blind) showed [Qh Jh] and won ($177.30) with a flush, Ace high
Seat 2: 50CandyJoe (big blind) folded on the River
Seat 3: JoeBlack_MS folded before Flop (didn't bet)
Seat 4: jesperb1982 showed [8s 9s] and lost with three of a kind, Nines
Seat 5: Caoz NL folded before Flop (didn't bet)
Seat 6: Ydys20 (button) folded before Flop (didn't bet)



PokerStars Hand #254496212008:  Hold'em No Limit ($0.50/$1.00 USD) - 2025/01/22 8:44:23 WET [2025/01/22 3:44:23 ET]
Table 'Nemesis IV' 6-max Seat #1 is the button
Seat 4: jesperb1982 ($0 in chips) is sitting out
Seat 1: MaRKiToScoK ($205.15 in chips) 
Seat 3: JoeBlack_MS ($107.09 in chips) 
Seat 5: Caoz NL ($172.58 in chips) 
Seat 6: Ydys20 ($100 in chips) 
JoeBlack_MS: posts small blind $0.50
Caoz NL: posts big blind $1
*** HOLE CARDS ***
Ydys20: folds 
MaRKiToScoK: raises $1.50 to $2.50
JoeBlack_MS: folds 
Caoz NL: folds 
Uncalled bet ($1.50) returned to MaRKiToScoK
MaRKiToScoK collected $2.50 from pot
*** SUMMARY ***
Total pot $2.50 | Rake $0 
Seat 4: jesperb1982
Seat 1: MaRKiToScoK (button) collected ($2.50)
Seat 3: JoeBlack_MS (small blind) folded before Flop
Seat 5: Caoz NL (big blind) folded before Flop
Seat 6: Ydys20 folded before Flop (didn't bet)



PokerStars Hand #254496214470:  Hold'em No Limit ($0.50/$1.00 USD) - 2025/01/22 8:44:53 WET [2025/01/22 3:44:53 ET]
Table 'Nemesis IV' 6-max Seat #3 is the button
Seat 4: jesperb1982 ($0 in chips) is sitting out
Seat 1: MaRKiToScoK ($206.65 in chips) 
Seat 3: JoeBlack_MS ($106.59 in chips) 
Seat 5: Caoz NL ($171.58 in chips) 
Seat 6: Ydys20 ($100 in chips) 
Caoz NL: posts small blind $0.50
Ydys20: posts big blind $1
*** HOLE CARDS ***
jesperb1982 is disconnected 
MaRKiToScoK: raises $1.25 to $2.25
JoeBlack_MS: calls $2.25
Caoz NL: folds 
Ydys20: calls $1.25
*** FLOP *** [Qh 2c Ts]
Ydys20: checks 
MaRKiToScoK: bets $5.17
JoeBlack_MS: calls $5.17
Ydys20: folds 
*** TURN *** [Qh 2c Ts] [As]
MaRKiToScoK: checks 
JoeBlack_MS: bets $16.71
MaRKiToScoK: calls $16.71
*** RIVER *** [Qh 2c Ts As] [4c]
MaRKiToScoK: checks 
JoeBlack_MS: bets $82.46 and is all-in
MaRKiToScoK: calls $82.46
*** SHOW DOWN ***
JoeBlack_MS: shows [Jh Js] (a pair of Jacks)
MaRKiToScoK: shows [Qs Ad] (two pair, Aces and Queens)
MaRKiToScoK collected $214.93 from pot
*** SUMMARY ***
Total pot $215.93 | Rake $1 
Board [Qh 2c Ts As 4c]
Seat 4: jesperb1982
Seat 1: MaRKiToScoK showed [Qs Ad] and won ($214.93) with two pair, Aces and Queens
Seat 3: JoeBlack_MS (button) showed [Jh Js] and lost with a pair of Jacks
Seat 5: Caoz NL (small blind) folded before Flop
Seat 6: Ydys20 (big blind) folded on the Flop



PokerStars Hand #254496222399:  Hold'em No Limit ($0.50/$1.00 USD) - 2025/01/22 8:46:33 WET [2025/01/22 3:46:33 ET]
Table 'Nemesis IV' 6-max Seat #5 is the button
Seat 4: jesperb1982 ($0 in chips) is sitting out
Seat 1: MaRKiToScoK ($314.99 in chips) 
Seat 3: JoeBlack_MS ($100 in chips) 
Seat 5: Caoz NL ($171.08 in chips) 
Seat 6: Ydys20 ($100 in chips) 
Ydys20: posts small blind $0.50
MaRKiToScoK: posts big blind $1
*** HOLE CARDS ***
JoeBlack_MS: folds 
Caoz NL: folds 
Ydys20: folds 
Uncalled bet ($0.50) returned to MaRKiToScoK
MaRKiToScoK collected $1 from pot
*** SUMMARY ***
Total pot $1 | Rake $0 
Seat 4: jesperb1982
Seat 1: MaRKiToScoK (big blind) collected ($1)
Seat 3: JoeBlack_MS folded before Flop (didn't bet)
Seat 5: Caoz NL (button) folded before Flop (didn't bet)
Seat 6: Ydys20 (small blind) folded before Flop



PokerStars Hand #254496224568:  Hold'em No Limit ($0.50/$1.00 USD) - 2025/01/22 8:47:00 WET [2025/01/22 3:47:00 ET]
Table 'Nemesis IV' 6-max Seat #6 is the button
Seat 4: jesperb1982 ($0 in chips) is sitting out
Seat 1: MaRKiToScoK ($315.49 in chips) 
Seat 3: JoeBlack_MS ($100 in chips) 
Seat 5: Caoz NL ($171.08 in chips) 
Seat 6: Ydys20 ($100 in chips) 
MaRKiToScoK: posts small blind $0.50
JoeBlack_MS: posts big blind $1
*** HOLE CARDS ***
Caoz NL: raises $2 to $3
Ydys20: raises $6 to $9
MaRKiToScoK: folds 
JoeBlack_MS: folds 
Caoz NL: folds 
Uncalled bet ($6) returned to Ydys20
Ydys20 collected $7.50 from pot
Ydys20: doesn't show hand 
*** SUMMARY ***
Total pot $7.50 | Rake $0 
Seat 4: jesperb1982
Seat 1: MaRKiToScoK (small blind) folded before Flop
Seat 3: JoeBlack_MS (big blind) folded before Flop
Seat 5: Caoz NL folded before Flop
Seat 6: Ydys20 (button) collected ($7.50)



PokerStars Hand #254496226910:  Hold'em No Limit ($0.50/$1.00 USD) - 2025/01/22 8:47:28 WET [2025/01/22 3:47:28 ET]
Table 'Nemesis IV' 6-max Seat #3 is the button
Seat 4: jesperb1982 ($0 in chips) is sitting out
Seat 5: Caoz NL ($168.08 in chips) is sitting out
Seat 6: Ydys20 ($104.50 in chips) is sitting out
Seat 1: MaRKiToScoK ($314.99 in chips) 
Seat 3: JoeBlack_MS ($100 in chips) 
JoeBlack_MS: posts small blind $0.50
Caoz NL: is sitting out 
Ydys20: is sitting out 
MaRKiToScoK: posts big blind $1
*** HOLE CARDS ***
Caoz NL leaves the table
Ydys20 leaves the table
JoeBlack_MS: raises $1.50 to $2.50
MaRKiToScoK: calls $1.50
*** FLOP *** [9d 5d 8s]
MaRKiToScoK: checks 
JoeBlack_MS: checks 
*** TURN *** [9d 5d 8s] [Qc]
MaRKiToScoK: checks 
JoeBlack_MS: bets $2.38
MaRKiToScoK: calls $2.38
*** RIVER *** [9d 5d 8s Qc] [Ad]
MaRKiToScoK: checks 
JoeBlack_MS: checks 
*** SHOW DOWN ***
MaRKiToScoK: shows [9s Ah] (two pair, Aces and Nines)
JoeBlack_MS: mucks hand 
MaRKiToScoK collected $9.27 from pot
*** SUMMARY ***
Total pot $9.76 | Rake $0.49 
Board [9d 5d 8s Qc Ad]
Seat 4: jesperb1982
Seat 5: Caoz NL
Seat 6: Ydys20
Seat 1: MaRKiToScoK (big blind) showed [9s Ah] and won ($9.27) with two pair, Aces and Nines
Seat 3: JoeBlack_MS (button) (small blind) mucked



PokerStars Hand #254496231029:  Hold'em No Limit ($0.50/$1.00 USD) - 2025/01/22 8:48:18 WET [2025/01/22 3:48:18 ET]
Table 'Nemesis IV' 6-max Seat #1 is the button
Seat 4: jesperb1982 ($0 in chips) is sitting out
Seat 1: MaRKiToScoK ($319.38 in chips) 
Seat 3: JoeBlack_MS ($100 in chips) 
MaRKiToScoK: posts small blind $0.50
JoeBlack_MS: posts big blind $1
*** HOLE CARDS ***
MaRKiToScoK: raises $1.50 to $2.50
JoeBlack_MS: calls $1.50
*** FLOP *** [Kh Ad Qs]
JoeBlack_MS: checks 
MaRKiToScoK: bets $1.57
JoeBlack_MS: calls $1.57
*** TURN *** [Kh Ad Qs] [2d]
JoeBlack_MS: checks 
MaRKiToScoK: checks 
*** RIVER *** [Kh Ad Qs 2d] [8h]
JoeBlack_MS: bets $10.28
MaRKiToScoK: folds 
Uncalled bet ($10.28) returned to JoeBlack_MS
JoeBlack_MS collected $7.73 from pot
JoeBlack_MS: doesn't show hand 
*** SUMMARY ***
Total pot $8.14 | Rake $0.41 
Board [Kh Ad Qs 2d 8h]
Seat 4: jesperb1982
Seat 1: MaRKiToScoK (button) (small blind) folded on the River
Seat 3: JoeBlack_MS (big blind) collected ($7.73)



