PokerStars Hand #254509111848:  Hold'em No Limit ($0.50/$1.00 USD) - 2025/01/22 1:06:15 WET [2025/01/22 20:06:15 ET]
Table 'Luna IV' 6-max Seat #2 is the button
Seat 1: arnaldoleandro ($100.85 in chips) 
Seat 2: socito ($113.32 in chips) 
Seat 3: nastja336 ($100 in chips) 
Seat 4: Rysiff ($124.93 in chips) 
Seat 5: GuigaMan ($115.75 in chips) 
Seat 6: LeaveItYeah ($100 in chips) 
nastja336: posts small blind $0.50
Rysiff: posts big blind $1
*** HOLE CARDS ***
GuigaMan: folds 
LeaveItYeah: folds 
arnaldoleandro: folds 
socito: raises $1.50 to $2.50
nastja336: folds 
Rysiff: folds 
Uncalled bet ($1.50) returned to socito
socito collected $2.50 from pot
socito: doesn't show hand 
*** SUMMARY ***
Total pot $2.50 | Rake $0 
Seat 1: arnaldoleandro folded before Flop (didn't bet)
Seat 2: socito (button) collected ($2.50)
Seat 3: nastja336 (small blind) folded before Flop
Seat 4: Rysiff (big blind) folded before Flop
Seat 5: GuigaMan folded before Flop (didn't bet)
Seat 6: LeaveItYeah folded before Flop (didn't bet)



PokerStars Hand #254509114715:  Hold'em No Limit ($0.50/$1.00 USD) - 2025/01/22 1:06:32 WET [2025/01/22 20:06:32 ET]
Table 'Luna IV' 6-max Seat #3 is the button
Seat 1: arnaldoleandro ($100.85 in chips) 
Seat 2: socito ($114.82 in chips) 
Seat 3: nastja336 ($100 in chips) 
Seat 4: Rysiff ($123.93 in chips) 
Seat 5: GuigaMan ($115.75 in chips) 
Seat 6: LeaveItYeah ($100 in chips) 
Rysiff: posts small blind $0.50
GuigaMan: posts big blind $1
*** HOLE CARDS ***
LeaveItYeah: raises $1.10 to $2.10
arnaldoleandro: folds 
socito: folds 
nastja336: folds 
Rysiff: folds 
GuigaMan: calls $1.10
*** FLOP *** [3s 4c Js]
GuigaMan: checks 
LeaveItYeah: bets $3.35
GuigaMan: folds 
Uncalled bet ($3.35) returned to LeaveItYeah
LeaveItYeah collected $4.46 from pot
LeaveItYeah: doesn't show hand 
*** SUMMARY ***
Total pot $4.70 | Rake $0.24 
Board [3s 4c Js]
Seat 1: arnaldoleandro folded before Flop (didn't bet)
Seat 2: socito folded before Flop (didn't bet)
Seat 3: nastja336 (button) folded before Flop (didn't bet)
Seat 4: Rysiff (small blind) folded before Flop
Seat 5: GuigaMan (big blind) folded on the Flop
Seat 6: LeaveItYeah collected ($4.46)



PokerStars Hand #254509118982:  Hold'em No Limit ($0.50/$1.00 USD) - 2025/01/22 1:06:56 WET [2025/01/22 20:06:56 ET]
Table 'Luna IV' 6-max Seat #4 is the button
Seat 1: arnaldoleandro ($100.85 in chips) 
Seat 2: socito ($114.82 in chips) 
Seat 3: nastja336 ($100 in chips) 
Seat 4: Rysiff ($123.43 in chips) 
Seat 5: GuigaMan ($113.65 in chips) 
Seat 6: LeaveItYeah ($102.36 in chips) 
GuigaMan: posts small blind $0.50
LeaveItYeah: posts big blind $1
*** HOLE CARDS ***
arnaldoleandro: folds 
socito: folds 
nastja336: folds 
Rysiff: raises $1.50 to $2.50
GuigaMan: folds 
LeaveItYeah: calls $1.50
*** FLOP *** [4c 4h 5h]
LeaveItYeah: checks 
Rysiff: checks 
*** TURN *** [4c 4h 5h] [Kc]
LeaveItYeah: checks 
Rysiff: bets $4.18
LeaveItYeah: folds 
Uncalled bet ($4.18) returned to Rysiff
Rysiff collected $5.22 from pot
Rysiff: doesn't show hand 
*** SUMMARY ***
Total pot $5.50 | Rake $0.28 
Board [4c 4h 5h Kc]
Seat 1: arnaldoleandro folded before Flop (didn't bet)
Seat 2: socito folded before Flop (didn't bet)
Seat 3: nastja336 folded before Flop (didn't bet)
Seat 4: Rysiff (button) collected ($5.22)
Seat 5: GuigaMan (small blind) folded before Flop
Seat 6: LeaveItYeah (big blind) folded on the Turn



PokerStars Hand #254509130781:  Hold'em No Limit ($0.50/$1.00 USD) - 2025/01/22 1:08:06 WET [2025/01/22 20:08:06 ET]
Table 'Luna IV' 6-max Seat #5 is the button
Seat 1: arnaldoleandro ($100.85 in chips) 
Seat 2: socito ($114.82 in chips) 
Seat 3: nastja336 ($100 in chips) 
Seat 4: Rysiff ($126.15 in chips) 
Seat 5: GuigaMan ($113.15 in chips) 
Seat 6: LeaveItYeah ($100 in chips) 
LeaveItYeah: posts small blind $0.50
arnaldoleandro: posts big blind $1
*** HOLE CARDS ***
socito: raises $1.50 to $2.50
nastja336: folds 
Rysiff: folds 
GuigaMan: folds 
LeaveItYeah: folds 
arnaldoleandro: calls $1.50
*** FLOP *** [3c 5c 9s]
arnaldoleandro: bets $5.22
socito: folds 
Uncalled bet ($5.22) returned to arnaldoleandro
arnaldoleandro collected $5.22 from pot
arnaldoleandro: doesn't show hand 
*** SUMMARY ***
Total pot $5.50 | Rake $0.28 
Board [3c 5c 9s]
Seat 1: arnaldoleandro (big blind) collected ($5.22)
Seat 2: socito folded on the Flop
Seat 3: nastja336 folded before Flop (didn't bet)
Seat 4: Rysiff folded before Flop (didn't bet)
Seat 5: GuigaMan (button) folded before Flop (didn't bet)
Seat 6: LeaveItYeah (small blind) folded before Flop



PokerStars Hand #254509139326:  Hold'em No Limit ($0.50/$1.00 USD) - 2025/01/22 1:08:55 WET [2025/01/22 20:08:55 ET]
Table 'Luna IV' 6-max Seat #6 is the button
Seat 1: arnaldoleandro ($103.57 in chips) 
Seat 2: socito ($112.32 in chips) 
Seat 3: nastja336 ($100 in chips) 
Seat 4: Rysiff ($126.15 in chips) 
Seat 5: GuigaMan ($113.15 in chips) 
Seat 6: LeaveItYeah ($100 in chips) 
arnaldoleandro: posts small blind $0.50
socito: posts big blind $1
*** HOLE CARDS ***
nastja336: raises $1.50 to $2.50
Rysiff: folds 
Rysiff leaves the table
GuigaMan: folds 
LeaveItYeah: folds 
arnaldoleandro: folds 
socito: folds 
Uncalled bet ($1.50) returned to nastja336
nastja336 collected $2.50 from pot
nastja336: doesn't show hand 
*** SUMMARY ***
Total pot $2.50 | Rake $0 
Seat 1: arnaldoleandro (small blind) folded before Flop
Seat 2: socito (big blind) folded before Flop
Seat 3: nastja336 collected ($2.50)
Seat 4: Rysiff folded before Flop (didn't bet)
Seat 5: GuigaMan folded before Flop (didn't bet)
Seat 6: LeaveItYeah (button) folded before Flop (didn't bet)



PokerStars Hand #254509143486:  Hold'em No Limit ($0.50/$1.00 USD) - 2025/01/22 1:09:19 WET [2025/01/22 20:09:19 ET]
Table 'Luna IV' 6-max Seat #1 is the button
Seat 3: nastja336 ($101.50 in chips) is sitting out
Seat 1: arnaldoleandro ($103.07 in chips) 
Seat 2: socito ($111.32 in chips) 
Seat 5: GuigaMan ($113.15 in chips) 
Seat 6: LeaveItYeah ($100 in chips) 
socito: posts small blind $0.50
GuigaMan: posts big blind $1
*** HOLE CARDS ***
nastja336 leaves the table
LeaveItYeah: raises $1.25 to $2.25
arnaldoleandro: folds 
socito: folds 
Tibibacsi joins the table at seat #4 
Espada Fish joins the table at seat #3 
GuigaMan: calls $1.25
*** FLOP *** [Jh Kd 6h]
GuigaMan: checks 
LeaveItYeah: bets $3.56
GuigaMan: calls $3.56
*** TURN *** [Jh Kd 6h] [8c]
GuigaMan: checks 
LeaveItYeah: checks 
*** RIVER *** [Jh Kd 6h 8c] [Ts]
GuigaMan: checks 
LeaveItYeah: checks 
*** SHOW DOWN ***
GuigaMan: shows [Ad 6d] (a pair of Sixes)
LeaveItYeah: shows [Qh Js] (a pair of Jacks)
LeaveItYeah collected $11.51 from pot
*** SUMMARY ***
Total pot $12.12 | Rake $0.61 
Board [Jh Kd 6h 8c Ts]
Seat 3: nastja336
Seat 1: arnaldoleandro (button) folded before Flop (didn't bet)
Seat 2: socito (small blind) folded before Flop
Seat 5: GuigaMan (big blind) showed [Ad 6d] and lost with a pair of Sixes
Seat 6: LeaveItYeah showed [Qh Js] and won ($11.51) with a pair of Jacks



PokerStars Hand #254509154871:  Hold'em No Limit ($0.50/$1.00 USD) - 2025/01/22 1:10:27 WET [2025/01/22 20:10:27 ET]
Table 'Luna IV' 6-max Seat #2 is the button
Seat 3: Espada Fish ($100 in chips) is sitting out
Seat 4: Tibibacsi ($100 in chips) is sitting out
Seat 1: arnaldoleandro ($103.07 in chips) 
Seat 2: socito ($110.82 in chips) 
Seat 5: GuigaMan ($107.34 in chips) 
Seat 6: LeaveItYeah ($105.70 in chips) 
GuigaMan: posts small blind $0.50
LeaveItYeah: posts big blind $1
*** HOLE CARDS ***
arnaldoleandro: folds 
socito: folds 
GuigaMan: raises $2 to $3
LeaveItYeah: raises $6.60 to $9.60
GuigaMan: calls $6.60
*** FLOP *** [8d Jd 8c]
GuigaMan: checks 
LeaveItYeah: bets $5.47
GuigaMan: calls $5.47
*** TURN *** [8d Jd 8c] [Kh]
GuigaMan: checks 
LeaveItYeah: checks 
*** RIVER *** [8d Jd 8c Kh] [3d]
GuigaMan: checks 
LeaveItYeah: checks 
*** SHOW DOWN ***
GuigaMan: shows [9h 9d] (two pair, Nines and Eights)
LeaveItYeah: shows [Kc 7d] (two pair, Kings and Eights)
LeaveItYeah collected $29.14 from pot
*** SUMMARY ***
Total pot $30.14 | Rake $1 
Board [8d Jd 8c Kh 3d]
Seat 3: Espada Fish
Seat 4: Tibibacsi
Seat 1: arnaldoleandro folded before Flop (didn't bet)
Seat 2: socito (button) folded before Flop (didn't bet)
Seat 5: GuigaMan (small blind) showed [9h 9d] and lost with two pair, Nines and Eights
Seat 6: LeaveItYeah (big blind) showed [Kc 7d] and won ($29.14) with two pair, Kings and Eights



PokerStars Hand #254509166713:  Hold'em No Limit ($0.50/$1.00 USD) - 2025/01/22 1:11:36 WET [2025/01/22 20:11:36 ET]
Table 'Luna IV' 6-max Seat #5 is the button
Seat 3: Espada Fish ($100 in chips) is sitting out
Seat 4: Tibibacsi ($100 in chips) is sitting out
Seat 1: arnaldoleandro ($103.07 in chips) 
Seat 2: socito ($110.82 in chips) 
Seat 5: GuigaMan ($100 in chips) 
Seat 6: LeaveItYeah ($119.77 in chips) 
LeaveItYeah: posts small blind $0.50
arnaldoleandro: posts big blind $1
Espada Fish: sits out 
Tibibacsi: sits out 
*** HOLE CARDS ***
socito: folds 
GuigaMan: folds 
LeaveItYeah: raises $2 to $3
arnaldoleandro: folds 
Uncalled bet ($2) returned to LeaveItYeah
LeaveItYeah collected $2 from pot
LeaveItYeah: doesn't show hand 
*** SUMMARY ***
Total pot $2 | Rake $0 
Seat 3: Espada Fish
Seat 4: Tibibacsi
Seat 1: arnaldoleandro (big blind) folded before Flop
Seat 2: socito folded before Flop (didn't bet)
Seat 5: GuigaMan (button) folded before Flop (didn't bet)
Seat 6: LeaveItYeah (small blind) collected ($2)



PokerStars Hand #254509169263:  Hold'em No Limit ($0.50/$1.00 USD) - 2025/01/22 1:11:51 WET [2025/01/22 20:11:51 ET]
Table 'Luna IV' 6-max Seat #6 is the button
Seat 3: Espada Fish ($100 in chips) is sitting out
Seat 4: Tibibacsi ($100 in chips) is sitting out
Seat 1: arnaldoleandro ($102.07 in chips) 
Seat 2: socito ($110.82 in chips) 
Seat 5: GuigaMan ($100 in chips) 
Seat 6: LeaveItYeah ($120.77 in chips) 
arnaldoleandro: posts small blind $0.50
socito: posts big blind $1
Espada Fish: sits out 
Tibibacsi: sits out 
*** HOLE CARDS ***
GuigaMan: folds 
LeaveItYeah: raises $1.50 to $2.50
arnaldoleandro: raises $6 to $8.50
socito: folds 
LeaveItYeah: raises $12.30 to $20.80
arnaldoleandro: raises $81.27 to $102.07 and is all-in
LeaveItYeah: calls $81.27
*** FLOP *** [Qc Qs 5d]
*** TURN *** [Qc Qs 5d] [3h]
*** RIVER *** [Qc Qs 5d 3h] [7c]
*** SHOW DOWN ***
arnaldoleandro: shows [Kc Ks] (two pair, Kings and Queens)
LeaveItYeah: shows [As Ah] (two pair, Aces and Queens)
LeaveItYeah collected $204.14 from pot
*** SUMMARY ***
Total pot $205.14 | Rake $1 
Board [Qc Qs 5d 3h 7c]
Seat 3: Espada Fish
Seat 4: Tibibacsi
Seat 1: arnaldoleandro (small blind) showed [Kc Ks] and lost with two pair, Kings and Queens
Seat 2: socito (big blind) folded before Flop
Seat 5: GuigaMan folded before Flop (didn't bet)
Seat 6: LeaveItYeah (button) showed [As Ah] and won ($204.14) with two pair, Aces and Queens



PokerStars Hand #254509176771:  Hold'em No Limit ($0.50/$1.00 USD) - 2025/01/22 1:12:36 WET [2025/01/22 20:12:36 ET]
Table 'Luna IV' 6-max Seat #2 is the button
Seat 1: arnaldoleandro ($0 in chips) is sitting out
Seat 3: Espada Fish ($100 in chips) is sitting out
Seat 4: Tibibacsi ($100 in chips) is sitting out
Seat 2: socito ($109.82 in chips) 
Seat 5: GuigaMan ($100 in chips) 
Seat 6: LeaveItYeah ($222.84 in chips) 
GuigaMan: posts small blind $0.50
LeaveItYeah: posts big blind $1
*** HOLE CARDS ***
socito: folds 
GuigaMan: folds 
Uncalled bet ($0.50) returned to LeaveItYeah
LeaveItYeah collected $1 from pot
LeaveItYeah: doesn't show hand 
*** SUMMARY ***
Total pot $1 | Rake $0 
Seat 1: arnaldoleandro
Seat 3: Espada Fish
Seat 4: Tibibacsi
Seat 2: socito (button) folded before Flop (didn't bet)
Seat 5: GuigaMan (small blind) folded before Flop
Seat 6: LeaveItYeah (big blind) collected ($1)



PokerStars Hand #254509178892:  Hold'em No Limit ($0.50/$1.00 USD) - 2025/01/22 1:12:48 WET [2025/01/22 20:12:48 ET]
Table 'Luna IV' 6-max Seat #5 is the button
Seat 1: arnaldoleandro ($0 in chips) is sitting out
Seat 3: Espada Fish ($100 in chips) is sitting out
Seat 4: Tibibacsi ($100 in chips) is sitting out
Seat 2: socito ($109.82 in chips) 
Seat 5: GuigaMan ($100 in chips) 
Seat 6: LeaveItYeah ($223.34 in chips) 
LeaveItYeah: posts small blind $0.50
socito: posts big blind $1
Espada Fish: sits out 
Tibibacsi: sits out 
*** HOLE CARDS ***
GuigaMan: raises $1.50 to $2.50
arnaldoleandro leaves the table
LeaveItYeah: folds 
socito: calls $1.50
*** FLOP *** [8h 8d 3s]
socito: checks 
Espada Fish leaves the table
GuigaMan: checks 
*** TURN *** [8h 8d 3s] [6s]
socito: bets $7.83
GuigaMan: folds 
Uncalled bet ($7.83) returned to socito
socito collected $5.22 from pot
socito: doesn't show hand 
*** SUMMARY ***
Total pot $5.50 | Rake $0.28 
Board [8h 8d 3s 6s]
Seat 1: arnaldoleandro
Seat 3: Espada Fish
Seat 4: Tibibacsi
Seat 2: socito (big blind) collected ($5.22)
Seat 5: GuigaMan (button) folded on the Turn
Seat 6: LeaveItYeah (small blind) folded before Flop



PokerStars Hand #254509184276:  Hold'em No Limit ($0.50/$1.00 USD) - 2025/01/22 1:13:20 WET [2025/01/22 20:13:20 ET]
Table 'Luna IV' 6-max Seat #6 is the button
Seat 2: socito ($112.54 in chips) 
Seat 4: Tibibacsi ($100 in chips) 
Seat 5: GuigaMan ($100 in chips) 
Seat 6: LeaveItYeah ($222.84 in chips) 
socito: posts small blind $0.50
Tibibacsi: posts big blind $1
*** HOLE CARDS ***
GuigaMan: folds 
LeaveItYeah: folds 
socito: folds 
Uncalled bet ($0.50) returned to Tibibacsi
Tibibacsi collected $1 from pot
Tibibacsi: doesn't show hand 
ceeuentee joins the table at seat #1 
*** SUMMARY ***
Total pot $1 | Rake $0 
Seat 2: socito (small blind) folded before Flop
Seat 4: Tibibacsi (big blind) collected ($1)
Seat 5: GuigaMan folded before Flop (didn't bet)
Seat 6: LeaveItYeah (button) folded before Flop (didn't bet)



PokerStars Hand #254509185740:  Hold'em No Limit ($0.50/$1.00 USD) - 2025/01/22 1:13:29 WET [2025/01/22 20:13:29 ET]
Table 'Luna IV' 6-max Seat #2 is the button
Seat 1: ceeuentee ($100 in chips) is sitting out
Seat 2: socito ($112.04 in chips) 
Seat 4: Tibibacsi ($100.50 in chips) 
Seat 5: GuigaMan ($100 in chips) 
Seat 6: LeaveItYeah ($222.84 in chips) 
Tibibacsi: posts small blind $0.50
GuigaMan: posts big blind $1
ceeuentee: sits out 
*** HOLE CARDS ***
LeaveItYeah: raises $1.25 to $2.25
socito: folds 
Tibibacsi: folds 
GuigaMan: calls $1.25
*** FLOP *** [6c 9d Kc]
GuigaMan: checks 
LeaveItYeah: checks 
*** TURN *** [6c 9d Kc] [4h]
GuigaMan: checks 
LeaveItYeah: bets $3.56
GuigaMan: folds 
Uncalled bet ($3.56) returned to LeaveItYeah
LeaveItYeah collected $4.75 from pot
LeaveItYeah: doesn't show hand 
*** SUMMARY ***
Total pot $5 | Rake $0.25 
Board [6c 9d Kc 4h]
Seat 1: ceeuentee
Seat 2: socito (button) folded before Flop (didn't bet)
Seat 4: Tibibacsi (small blind) folded before Flop
Seat 5: GuigaMan (big blind) folded on the Turn
Seat 6: LeaveItYeah collected ($4.75)



PokerStars Hand #254509191476:  Hold'em No Limit ($0.50/$1.00 USD) - 2025/01/22 1:14:03 WET [2025/01/22 20:14:03 ET]
Table 'Luna IV' 6-max Seat #4 is the button
Seat 1: ceeuentee ($100 in chips) is sitting out
Seat 2: socito ($112.04 in chips) 
Seat 4: Tibibacsi ($100 in chips) 
Seat 5: GuigaMan ($100 in chips) 
Seat 6: LeaveItYeah ($225.34 in chips) 
GuigaMan: posts small blind $0.50
LeaveItYeah: posts big blind $1
ceeuentee: sits out 
*** HOLE CARDS ***
socito: folds 
Tibibacsi: folds 
GuigaMan: folds 
Uncalled bet ($0.50) returned to LeaveItYeah
LeaveItYeah collected $1 from pot
LeaveItYeah: doesn't show hand 
*** SUMMARY ***
Total pot $1 | Rake $0 
Seat 1: ceeuentee
Seat 2: socito folded before Flop (didn't bet)
Seat 4: Tibibacsi (button) folded before Flop (didn't bet)
Seat 5: GuigaMan (small blind) folded before Flop
Seat 6: LeaveItYeah (big blind) collected ($1)



PokerStars Hand #254509192978:  Hold'em No Limit ($0.50/$1.00 USD) - 2025/01/22 1:14:12 WET [2025/01/22 20:14:12 ET]
Table 'Luna IV' 6-max Seat #5 is the button
Seat 1: ceeuentee ($100 in chips) 
Seat 2: socito ($112.04 in chips) 
Seat 4: Tibibacsi ($100 in chips) 
Seat 5: GuigaMan ($100 in chips) 
Seat 6: LeaveItYeah ($225.84 in chips) 
LeaveItYeah: posts small blind $0.50
ceeuentee: posts big blind $1
*** HOLE CARDS ***
socito: folds 
Tibibacsi: folds 
GuigaMan: raises $1.50 to $2.50
LeaveItYeah: folds 
numapu_33 joins the table at seat #3 
ceeuentee: folds 
Uncalled bet ($1.50) returned to GuigaMan
GuigaMan collected $2.50 from pot
*** SUMMARY ***
Total pot $2.50 | Rake $0 
Seat 1: ceeuentee (big blind) folded before Flop
Seat 2: socito folded before Flop (didn't bet)
Seat 4: Tibibacsi folded before Flop (didn't bet)
Seat 5: GuigaMan (button) collected ($2.50)
Seat 6: LeaveItYeah (small blind) folded before Flop



PokerStars Hand #254509197205:  Hold'em No Limit ($0.50/$1.00 USD) - 2025/01/22 1:14:38 WET [2025/01/22 20:14:38 ET]
Table 'Luna IV' 6-max Seat #6 is the button
Seat 2: socito ($112.04 in chips) is sitting out
Seat 1: ceeuentee ($99 in chips) 
Seat 3: numapu_33 ($100 in chips) 
Seat 4: Tibibacsi ($100 in chips) 
Seat 5: GuigaMan ($101.50 in chips) 
Seat 6: LeaveItYeah ($225.34 in chips) 
ceeuentee: posts small blind $0.50
socito: is sitting out 
numapu_33: posts big blind $1
*** HOLE CARDS ***
Tibibacsi: raises $1 to $2
GuigaMan: folds 
LeaveItYeah: folds 
ceeuentee: folds 
numapu_33: calls $1
*** FLOP *** [4c 7c Qh]
numapu_33: checks 
socito leaves the table
Tibibacsi: bets $1.41
Timonessb joins the table at seat #2 
numapu_33: raises $5.33 to $6.74
Tibibacsi: folds 
Uncalled bet ($5.33) returned to numapu_33
numapu_33 collected $6.95 from pot
numapu_33: doesn't show hand 
*** SUMMARY ***
Total pot $7.32 | Rake $0.37 
Board [4c 7c Qh]
Seat 2: socito
Seat 1: ceeuentee (small blind) folded before Flop
Seat 3: numapu_33 (big blind) collected ($6.95)
Seat 4: Tibibacsi folded on the Flop
Seat 5: GuigaMan folded before Flop (didn't bet)
Seat 6: LeaveItYeah (button) folded before Flop (didn't bet)



PokerStars Hand #254509206489:  Hold'em No Limit ($0.50/$1.00 USD) - 2025/01/22 1:15:32 WET [2025/01/22 20:15:32 ET]
Table 'Luna IV' 6-max Seat #1 is the button
Seat 2: Timonessb ($100 in chips) is sitting out
Seat 1: ceeuentee ($98.50 in chips) 
Seat 3: numapu_33 ($103.54 in chips) 
Seat 4: Tibibacsi ($100 in chips) 
Seat 5: GuigaMan ($101.50 in chips) 
Seat 6: LeaveItYeah ($225.34 in chips) 
numapu_33: posts small blind $0.50
Tibibacsi: posts big blind $1
*** HOLE CARDS ***
GuigaMan: folds 
LeaveItYeah: folds 
ceeuentee: raises $2 to $3
numapu_33: folds 
Tibibacsi: folds 
Uncalled bet ($2) returned to ceeuentee
ceeuentee collected $2.50 from pot
ceeuentee: doesn't show hand 
*** SUMMARY ***
Total pot $2.50 | Rake $0 
Seat 2: Timonessb
Seat 1: ceeuentee (button) collected ($2.50)
Seat 3: numapu_33 (small blind) folded before Flop
Seat 4: Tibibacsi (big blind) folded before Flop
Seat 5: GuigaMan folded before Flop (didn't bet)
Seat 6: LeaveItYeah folded before Flop (didn't bet)



PokerStars Hand #254509209225:  Hold'em No Limit ($0.50/$1.00 USD) - 2025/01/22 1:15:48 WET [2025/01/22 20:15:48 ET]
Table 'Luna IV' 6-max Seat #3 is the button
Seat 2: Timonessb ($100 in chips) is sitting out
Seat 1: ceeuentee ($100 in chips) 
Seat 3: numapu_33 ($103.04 in chips) 
Seat 4: Tibibacsi ($100 in chips) 
Seat 5: GuigaMan ($101.50 in chips) 
Seat 6: LeaveItYeah ($225.34 in chips) 
Tibibacsi: posts small blind $0.50
GuigaMan: posts big blind $1
Timonessb: sits out 
*** HOLE CARDS ***
LeaveItYeah: folds 
ceeuentee: folds 
numapu_33: folds 
Tibibacsi: folds 
Uncalled bet ($0.50) returned to GuigaMan
GuigaMan collected $1 from pot
*** SUMMARY ***
Total pot $1 | Rake $0 
Seat 2: Timonessb
Seat 1: ceeuentee folded before Flop (didn't bet)
Seat 3: numapu_33 (button) folded before Flop (didn't bet)
Seat 4: Tibibacsi (small blind) folded before Flop
Seat 5: GuigaMan (big blind) collected ($1)
Seat 6: LeaveItYeah folded before Flop (didn't bet)



PokerStars Hand #254509211364:  Hold'em No Limit ($0.50/$1.00 USD) - 2025/01/22 1:16:01 WET [2025/01/22 20:16:01 ET]
Table 'Luna IV' 6-max Seat #4 is the button
Seat 2: Timonessb ($100 in chips) is sitting out
Seat 1: ceeuentee ($100 in chips) 
Seat 3: numapu_33 ($103.04 in chips) 
Seat 4: Tibibacsi ($100 in chips) 
Seat 5: GuigaMan ($102 in chips) 
Seat 6: LeaveItYeah ($225.34 in chips) 
GuigaMan: posts small blind $0.50
LeaveItYeah: posts big blind $1
Timonessb: sits out 
*** HOLE CARDS ***
ceeuentee: raises $2 to $3
numapu_33: folds 
Tibibacsi: folds 
GuigaMan: folds 
LeaveItYeah: folds 
Uncalled bet ($2) returned to ceeuentee
ceeuentee collected $2.50 from pot
ceeuentee: doesn't show hand 
*** SUMMARY ***
Total pot $2.50 | Rake $0 
Seat 2: Timonessb
Seat 1: ceeuentee collected ($2.50)
Seat 3: numapu_33 folded before Flop (didn't bet)
Seat 4: Tibibacsi (button) folded before Flop (didn't bet)
Seat 5: GuigaMan (small blind) folded before Flop
Seat 6: LeaveItYeah (big blind) folded before Flop



PokerStars Hand #254509214464:  Hold'em No Limit ($0.50/$1.00 USD) - 2025/01/22 1:16:19 WET [2025/01/22 20:16:19 ET]
Table 'Luna IV' 6-max Seat #5 is the button
Seat 2: Timonessb ($100 in chips) is sitting out
Seat 1: ceeuentee ($101.50 in chips) 
Seat 3: numapu_33 ($103.04 in chips) 
Seat 4: Tibibacsi ($100 in chips) 
Seat 5: GuigaMan ($101.50 in chips) 
Seat 6: LeaveItYeah ($224.34 in chips) 
LeaveItYeah: posts small blind $0.50
ceeuentee: posts big blind $1
Timonessb: sits out 
*** HOLE CARDS ***
numapu_33: raises $1.50 to $2.50
Tibibacsi: folds 
GuigaMan: folds 
LeaveItYeah: folds 
ceeuentee: calls $1.50
*** FLOP *** [2c As 4c]
ceeuentee: checks 
numapu_33: checks 
*** TURN *** [2c As 4c] [Qd]
ceeuentee: checks 
numapu_33: bets $3.92
ceeuentee: calls $3.92
*** RIVER *** [2c As 4c Qd] [6c]
ceeuentee: checks 
numapu_33: checks 
*** SHOW DOWN ***
ceeuentee: shows [Ad 5d] (a pair of Aces)
numapu_33: shows [Ts Ac] (a pair of Aces - Queen+Ten kicker)
numapu_33 collected $12.67 from pot
*** SUMMARY ***
Total pot $13.34 | Rake $0.67 
Board [2c As 4c Qd 6c]
Seat 2: Timonessb
Seat 1: ceeuentee (big blind) showed [Ad 5d] and lost with a pair of Aces
Seat 3: numapu_33 showed [Ts Ac] and won ($12.67) with a pair of Aces
Seat 4: Tibibacsi folded before Flop (didn't bet)
Seat 5: GuigaMan (button) folded before Flop (didn't bet)
Seat 6: LeaveItYeah (small blind) folded before Flop



PokerStars Hand #254509224813:  Hold'em No Limit ($0.50/$1.00 USD) - 2025/01/22 1:17:20 WET [2025/01/22 20:17:20 ET]
Table 'Luna IV' 6-max Seat #6 is the button
Seat 1: ceeuentee ($95.08 in chips) 
Seat 2: Timonessb ($100 in chips) 
Seat 3: numapu_33 ($109.29 in chips) 
Seat 4: Tibibacsi ($100 in chips) 
Seat 5: GuigaMan ($101.50 in chips) 
Seat 6: LeaveItYeah ($223.84 in chips) 
ceeuentee: posts small blind $0.50
Timonessb: posts big blind $1
*** HOLE CARDS ***
numapu_33: folds 
Tibibacsi: folds 
GuigaMan: raises $1.50 to $2.50
LeaveItYeah: folds 
ceeuentee: folds 
Timonessb: calls $1.50
*** FLOP *** [9s 8d Tc]
Timonessb: checks 
GuigaMan: checks 
*** TURN *** [9s 8d Tc] [4c]
Timonessb: bets $3.50
GuigaMan: calls $3.50
*** RIVER *** [9s 8d Tc 4c] [Th]
Timonessb: checks 
GuigaMan: checks 
*** SHOW DOWN ***
Timonessb: shows [2c 2s] (two pair, Tens and Deuces)
GuigaMan: shows [7c 7h] (two pair, Tens and Sevens)
GuigaMan collected $11.88 from pot
*** SUMMARY ***
Total pot $12.50 | Rake $0.62 
Board [9s 8d Tc 4c Th]
Seat 1: ceeuentee (small blind) folded before Flop
Seat 2: Timonessb (big blind) showed [2c 2s] and lost with two pair, Tens and Deuces
Seat 3: numapu_33 folded before Flop (didn't bet)
Seat 4: Tibibacsi folded before Flop (didn't bet)
Seat 5: GuigaMan showed [7c 7h] and won ($11.88) with two pair, Tens and Sevens
Seat 6: LeaveItYeah (button) folded before Flop (didn't bet)



PokerStars Hand #254509232333:  Hold'em No Limit ($0.50/$1.00 USD) - 2025/01/22 1:18:04 WET [2025/01/22 20:18:04 ET]
Table 'Luna IV' 6-max Seat #1 is the button
Seat 1: ceeuentee ($94.58 in chips) 
Seat 2: Timonessb ($100 in chips) 
Seat 3: numapu_33 ($109.29 in chips) 
Seat 4: Tibibacsi ($100 in chips) 
Seat 5: GuigaMan ($107.38 in chips) 
Seat 6: LeaveItYeah ($223.84 in chips) 
Timonessb: posts small blind $0.50
numapu_33: posts big blind $1
*** HOLE CARDS ***
Tibibacsi: folds 
GuigaMan: folds 
LeaveItYeah: folds 
ceeuentee: raises $2 to $3
Timonessb: folds 
numapu_33: folds 
Uncalled bet ($2) returned to ceeuentee
ceeuentee collected $2.50 from pot
ceeuentee: doesn't show hand 
*** SUMMARY ***
Total pot $2.50 | Rake $0 
Seat 1: ceeuentee (button) collected ($2.50)
Seat 2: Timonessb (small blind) folded before Flop
Seat 3: numapu_33 (big blind) folded before Flop
Seat 4: Tibibacsi folded before Flop (didn't bet)
Seat 5: GuigaMan folded before Flop (didn't bet)
Seat 6: LeaveItYeah folded before Flop (didn't bet)



PokerStars Hand #254509235346:  Hold'em No Limit ($0.50/$1.00 USD) - 2025/01/22 1:18:23 WET [2025/01/22 20:18:23 ET]
Table 'Luna IV' 6-max Seat #2 is the button
Seat 1: ceeuentee ($96.08 in chips) 
Seat 2: Timonessb ($100 in chips) 
Seat 3: numapu_33 ($108.29 in chips) 
Seat 4: Tibibacsi ($100 in chips) 
Seat 5: GuigaMan ($107.38 in chips) 
Seat 6: LeaveItYeah ($223.84 in chips) 
numapu_33: posts small blind $0.50
Tibibacsi: posts big blind $1
*** HOLE CARDS ***
GuigaMan: folds 
LeaveItYeah: raises $1.10 to $2.10
ceeuentee: folds 
Timonessb: raises $5.40 to $7.50
numapu_33: folds 
Tibibacsi: folds 
LeaveItYeah: raises $13.50 to $21
Timonessb: calls $13.50
*** FLOP *** [Tc 9d 5h]
LeaveItYeah: bets $20.65
Timonessb: raises $58.35 to $79 and is all-in
LeaveItYeah: folds 
Uncalled bet ($58.35) returned to Timonessb
Timonessb collected $82.30 from pot
*** SUMMARY ***
Total pot $84.80 | Rake $2.50 
Board [Tc 9d 5h]
Seat 1: ceeuentee folded before Flop (didn't bet)
Seat 2: Timonessb (button) collected ($82.30)
Seat 3: numapu_33 (small blind) folded before Flop
Seat 4: Tibibacsi (big blind) folded before Flop
Seat 5: GuigaMan folded before Flop (didn't bet)
Seat 6: LeaveItYeah folded on the Flop



PokerStars Hand #254509250220:  Hold'em No Limit ($0.50/$1.00 USD) - 2025/01/22 1:19:51 WET [2025/01/22 20:19:51 ET]
Table 'Luna IV' 6-max Seat #3 is the button
Seat 1: ceeuentee ($96.08 in chips) 
Seat 2: Timonessb ($140.65 in chips) 
Seat 3: numapu_33 ($107.79 in chips) 
Seat 4: Tibibacsi ($100 in chips) 
Seat 5: GuigaMan ($107.38 in chips) 
Seat 6: LeaveItYeah ($182.19 in chips) 
Tibibacsi: posts small blind $0.50
GuigaMan: posts big blind $1
*** HOLE CARDS ***
LeaveItYeah: folds 
ceeuentee: folds 
Timonessb: folds 
numapu_33: raises $1.50 to $2.50
Tibibacsi: folds 
GuigaMan: folds 
Uncalled bet ($1.50) returned to numapu_33
numapu_33 collected $2.50 from pot
numapu_33: doesn't show hand 
*** SUMMARY ***
Total pot $2.50 | Rake $0 
Seat 1: ceeuentee folded before Flop (didn't bet)
Seat 2: Timonessb folded before Flop (didn't bet)
Seat 3: numapu_33 (button) collected ($2.50)
Seat 4: Tibibacsi (small blind) folded before Flop
Seat 5: GuigaMan (big blind) folded before Flop
Seat 6: LeaveItYeah folded before Flop (didn't bet)



PokerStars Hand #254509259657:  Hold'em No Limit ($0.50/$1.00 USD) - 2025/01/22 1:20:47 WET [2025/01/22 20:20:47 ET]
Table 'Luna IV' 6-max Seat #4 is the button
Seat 1: ceeuentee ($96.08 in chips) 
Seat 2: Timonessb ($140.65 in chips) 
Seat 3: numapu_33 ($109.29 in chips) 
Seat 4: Tibibacsi ($100 in chips) 
Seat 5: GuigaMan ($106.38 in chips) 
Seat 6: LeaveItYeah ($182.19 in chips) 
GuigaMan: posts small blind $0.50
LeaveItYeah: posts big blind $1
*** HOLE CARDS ***
ceeuentee: folds 
Timonessb: folds 
numapu_33: folds 
Tibibacsi: raises $1.50 to $2.50
GuigaMan: folds 
LeaveItYeah: calls $1.50
*** FLOP *** [Qs 6s Jh]
LeaveItYeah: checks 
Tibibacsi: bets $1.72
LeaveItYeah: folds 
Uncalled bet ($1.72) returned to Tibibacsi
Tibibacsi collected $5.22 from pot
Tibibacsi: doesn't show hand 
*** SUMMARY ***
Total pot $5.50 | Rake $0.28 
Board [Qs 6s Jh]
Seat 1: ceeuentee folded before Flop (didn't bet)
Seat 2: Timonessb folded before Flop (didn't bet)
Seat 3: numapu_33 folded before Flop (didn't bet)
Seat 4: Tibibacsi (button) collected ($5.22)
Seat 5: GuigaMan (small blind) folded before Flop
Seat 6: LeaveItYeah (big blind) folded on the Flop



PokerStars Hand #254509267801:  Hold'em No Limit ($0.50/$1.00 USD) - 2025/01/22 1:21:35 WET [2025/01/22 20:21:35 ET]
Table 'Luna IV' 6-max Seat #5 is the button
Seat 1: ceeuentee ($96.08 in chips) 
Seat 2: Timonessb ($140.65 in chips) 
Seat 3: numapu_33 ($109.29 in chips) 
Seat 4: Tibibacsi ($102.72 in chips) 
Seat 5: GuigaMan ($105.88 in chips) 
Seat 6: LeaveItYeah ($179.69 in chips) 
LeaveItYeah: posts small blind $0.50
ceeuentee: posts big blind $1
*** HOLE CARDS ***
Timonessb: folds 
numapu_33: folds 
Tibibacsi: folds 
GuigaMan: folds 
LeaveItYeah: folds 
Uncalled bet ($0.50) returned to ceeuentee
ceeuentee collected $1 from pot
ceeuentee: doesn't show hand 
*** SUMMARY ***
Total pot $1 | Rake $0 
Seat 1: ceeuentee (big blind) collected ($1)
Seat 2: Timonessb folded before Flop (didn't bet)
Seat 3: numapu_33 folded before Flop (didn't bet)
Seat 4: Tibibacsi folded before Flop (didn't bet)
Seat 5: GuigaMan (button) folded before Flop (didn't bet)
Seat 6: LeaveItYeah (small blind) folded before Flop



PokerStars Hand #254509270195:  Hold'em No Limit ($0.50/$1.00 USD) - 2025/01/22 1:21:50 WET [2025/01/22 20:21:50 ET]
Table 'Luna IV' 6-max Seat #6 is the button
Seat 1: ceeuentee ($96.58 in chips) 
Seat 2: Timonessb ($140.65 in chips) 
Seat 3: numapu_33 ($109.29 in chips) 
Seat 4: Tibibacsi ($102.72 in chips) 
Seat 5: GuigaMan ($105.88 in chips) 
Seat 6: LeaveItYeah ($179.19 in chips) 
ceeuentee: posts small blind $0.50
Timonessb: posts big blind $1
*** HOLE CARDS ***
numapu_33: folds 
Tibibacsi: folds 
GuigaMan: folds 
LeaveItYeah: folds 
ceeuentee: raises $2 to $3
Timonessb: calls $2
*** FLOP *** [Qc Ks 4h]
ceeuentee: bets $3.85
Timonessb: folds 
Uncalled bet ($3.85) returned to ceeuentee
ceeuentee collected $5.70 from pot
ceeuentee: doesn't show hand 
*** SUMMARY ***
Total pot $6 | Rake $0.30 
Board [Qc Ks 4h]
Seat 1: ceeuentee (small blind) collected ($5.70)
Seat 2: Timonessb (big blind) folded on the Flop
Seat 3: numapu_33 folded before Flop (didn't bet)
Seat 4: Tibibacsi folded before Flop (didn't bet)
Seat 5: GuigaMan folded before Flop (didn't bet)
Seat 6: LeaveItYeah (button) folded before Flop (didn't bet)



PokerStars Hand #254509275199:  Hold'em No Limit ($0.50/$1.00 USD) - 2025/01/22 1:22:20 WET [2025/01/22 20:22:20 ET]
Table 'Luna IV' 6-max Seat #1 is the button
Seat 1: ceeuentee ($99.28 in chips) 
Seat 2: Timonessb ($137.65 in chips) 
Seat 3: numapu_33 ($109.29 in chips) 
Seat 4: Tibibacsi ($102.72 in chips) 
Seat 5: GuigaMan ($105.88 in chips) 
Seat 6: LeaveItYeah ($179.19 in chips) 
Timonessb: posts small blind $0.50
numapu_33: posts big blind $1
*** HOLE CARDS ***
Tibibacsi: raises $1 to $2
GuigaMan: folds 
LeaveItYeah: folds 
ceeuentee: calls $2
Timonessb: folds 
numapu_33: folds 
*** FLOP *** [4s 6s 3s]
Tibibacsi: bets $1.72
ceeuentee: calls $1.72
*** TURN *** [4s 6s 3s] [3c]
Tibibacsi: checks 
ceeuentee: bets $3.25
Tibibacsi: calls $3.25
*** RIVER *** [4s 6s 3s 3c] [4d]
Tibibacsi: checks 
ceeuentee: checks 
*** SHOW DOWN ***
Tibibacsi: shows [Kc Ks] (two pair, Kings and Fours)
ceeuentee: mucks hand 
Tibibacsi collected $14.67 from pot
*** SUMMARY ***
Total pot $15.44 | Rake $0.77 
Board [4s 6s 3s 3c 4d]
Seat 1: ceeuentee (button) mucked
Seat 2: Timonessb (small blind) folded before Flop
Seat 3: numapu_33 (big blind) folded before Flop
Seat 4: Tibibacsi showed [Kc Ks] and won ($14.67) with two pair, Kings and Fours
Seat 5: GuigaMan folded before Flop (didn't bet)
Seat 6: LeaveItYeah folded before Flop (didn't bet)



PokerStars Hand #254509283990:  Hold'em No Limit ($0.50/$1.00 USD) - 2025/01/22 1:23:13 WET [2025/01/22 20:23:13 ET]
Table 'Luna IV' 6-max Seat #2 is the button
Seat 1: ceeuentee ($92.31 in chips) 
Seat 2: Timonessb ($137.15 in chips) 
Seat 3: numapu_33 ($108.29 in chips) 
Seat 4: Tibibacsi ($110.42 in chips) 
Seat 5: GuigaMan ($105.88 in chips) 
Seat 6: LeaveItYeah ($179.19 in chips) 
numapu_33: posts small blind $0.50
Tibibacsi: posts big blind $1
*** HOLE CARDS ***
GuigaMan: raises $1.20 to $2.20
LeaveItYeah: folds 
ceeuentee: folds 
Timonessb: folds 
numapu_33: folds 
Tibibacsi: folds 
Uncalled bet ($1.20) returned to GuigaMan
GuigaMan collected $2.50 from pot
*** SUMMARY ***
Total pot $2.50 | Rake $0 
Seat 1: ceeuentee folded before Flop (didn't bet)
Seat 2: Timonessb (button) folded before Flop (didn't bet)
Seat 3: numapu_33 (small blind) folded before Flop
Seat 4: Tibibacsi (big blind) folded before Flop
Seat 5: GuigaMan collected ($2.50)
Seat 6: LeaveItYeah folded before Flop (didn't bet)



PokerStars Hand #254509286874:  Hold'em No Limit ($0.50/$1.00 USD) - 2025/01/22 1:23:29 WET [2025/01/22 20:23:29 ET]
Table 'Luna IV' 6-max Seat #3 is the button
Seat 1: ceeuentee ($92.31 in chips) 
Seat 2: Timonessb ($137.15 in chips) 
Seat 3: numapu_33 ($107.79 in chips) 
Seat 4: Tibibacsi ($109.42 in chips) 
Seat 5: GuigaMan ($107.38 in chips) 
Seat 6: LeaveItYeah ($179.19 in chips) 
Tibibacsi: posts small blind $0.50
GuigaMan: posts big blind $1
*** HOLE CARDS ***
LeaveItYeah: folds 
ceeuentee: raises $2 to $3
Timonessb: folds 
numapu_33: raises $6 to $9
Tibibacsi: folds 
GuigaMan: folds 
ceeuentee: folds 
Uncalled bet ($6) returned to numapu_33
numapu_33 collected $7.50 from pot
numapu_33: doesn't show hand 
*** SUMMARY ***
Total pot $7.50 | Rake $0 
Seat 1: ceeuentee folded before Flop
Seat 2: Timonessb folded before Flop (didn't bet)
Seat 3: numapu_33 (button) collected ($7.50)
Seat 4: Tibibacsi (small blind) folded before Flop
Seat 5: GuigaMan (big blind) folded before Flop
Seat 6: LeaveItYeah folded before Flop (didn't bet)



PokerStars Hand #254509291209:  Hold'em No Limit ($0.50/$1.00 USD) - 2025/01/22 1:23:55 WET [2025/01/22 20:23:55 ET]
Table 'Luna IV' 6-max Seat #4 is the button
Seat 1: ceeuentee ($89.31 in chips) 
Seat 2: Timonessb ($137.15 in chips) 
Seat 3: numapu_33 ($112.29 in chips) 
Seat 4: Tibibacsi ($108.92 in chips) 
Seat 5: GuigaMan ($106.38 in chips) 
Seat 6: LeaveItYeah ($179.19 in chips) 
GuigaMan: posts small blind $0.50
LeaveItYeah: posts big blind $1
*** HOLE CARDS ***
ceeuentee: folds 
Timonessb: folds 
numapu_33: raises $1.50 to $2.50
Tibibacsi: folds 
GuigaMan: raises $8.50 to $11
LeaveItYeah: folds 
numapu_33: folds 
Uncalled bet ($8.50) returned to GuigaMan
GuigaMan collected $6 from pot
*** SUMMARY ***
Total pot $6 | Rake $0 
Seat 1: ceeuentee folded before Flop (didn't bet)
Seat 2: Timonessb folded before Flop (didn't bet)
Seat 3: numapu_33 folded before Flop
Seat 4: Tibibacsi (button) folded before Flop (didn't bet)
Seat 5: GuigaMan (small blind) collected ($6)
Seat 6: LeaveItYeah (big blind) folded before Flop



PokerStars Hand #254509294259:  Hold'em No Limit ($0.50/$1.00 USD) - 2025/01/22 1:24:13 WET [2025/01/22 20:24:13 ET]
Table 'Luna IV' 6-max Seat #5 is the button
Seat 1: ceeuentee ($89.31 in chips) 
Seat 2: Timonessb ($137.15 in chips) 
Seat 3: numapu_33 ($109.79 in chips) 
Seat 4: Tibibacsi ($108.92 in chips) 
Seat 5: GuigaMan ($109.88 in chips) 
Seat 6: LeaveItYeah ($178.19 in chips) 
LeaveItYeah: posts small blind $0.50
ceeuentee: posts big blind $1
*** HOLE CARDS ***
Timonessb: folds 
numapu_33: folds 
Tibibacsi: raises $1.50 to $2.50
GuigaMan: folds 
LeaveItYeah: calls $2
ceeuentee: calls $1.50
*** FLOP *** [2h 9c 4c]
LeaveItYeah: checks 
ceeuentee: checks 
Tibibacsi: bets $5.34
LeaveItYeah: calls $5.34
ceeuentee: folds 
*** TURN *** [2h 9c 4c] [7c]
LeaveItYeah: bets $5.18
Tibibacsi: calls $5.18
*** RIVER *** [2h 9c 4c 7c] [Jc]
LeaveItYeah: bets $16.53
Tibibacsi: folds 
Uncalled bet ($16.53) returned to LeaveItYeah
LeaveItYeah collected $27.11 from pot
LeaveItYeah: doesn't show hand 
*** SUMMARY ***
Total pot $28.54 | Rake $1.43 
Board [2h 9c 4c 7c Jc]
Seat 1: ceeuentee (big blind) folded on the Flop
Seat 2: Timonessb folded before Flop (didn't bet)
Seat 3: numapu_33 folded before Flop (didn't bet)
Seat 4: Tibibacsi folded on the River
Seat 5: GuigaMan (button) folded before Flop (didn't bet)
Seat 6: LeaveItYeah (small blind) collected ($27.11)



PokerStars Hand #254509310163:  Hold'em No Limit ($0.50/$1.00 USD) - 2025/01/22 1:25:48 WET [2025/01/22 20:25:48 ET]
Table 'Luna IV' 6-max Seat #6 is the button
Seat 1: ceeuentee ($86.81 in chips) 
Seat 2: Timonessb ($137.15 in chips) 
Seat 3: numapu_33 ($109.79 in chips) 
Seat 4: Tibibacsi ($100 in chips) 
Seat 5: GuigaMan ($109.88 in chips) 
Seat 6: LeaveItYeah ($192.28 in chips) 
ceeuentee: posts small blind $0.50
Timonessb: posts big blind $1
*** HOLE CARDS ***
numapu_33: raises $1.50 to $2.50
Tibibacsi: folds 
GuigaMan: folds 
LeaveItYeah: folds 
ceeuentee: folds 
Timonessb: folds 
Uncalled bet ($1.50) returned to numapu_33
numapu_33 collected $2.50 from pot
numapu_33: doesn't show hand 
*** SUMMARY ***
Total pot $2.50 | Rake $0 
Seat 1: ceeuentee (small blind) folded before Flop
Seat 2: Timonessb (big blind) folded before Flop
Seat 3: numapu_33 collected ($2.50)
Seat 4: Tibibacsi folded before Flop (didn't bet)
Seat 5: GuigaMan folded before Flop (didn't bet)
Seat 6: LeaveItYeah (button) folded before Flop (didn't bet)



PokerStars Hand #254509313572:  Hold'em No Limit ($0.50/$1.00 USD) - 2025/01/22 1:26:08 WET [2025/01/22 20:26:08 ET]
Table 'Luna IV' 6-max Seat #1 is the button
Seat 1: ceeuentee ($86.31 in chips) 
Seat 2: Timonessb ($136.15 in chips) 
Seat 3: numapu_33 ($111.29 in chips) 
Seat 4: Tibibacsi ($100 in chips) 
Seat 5: GuigaMan ($109.88 in chips) 
Seat 6: LeaveItYeah ($192.28 in chips) 
Timonessb: posts small blind $0.50
numapu_33: posts big blind $1
*** HOLE CARDS ***
Tibibacsi: folds 
GuigaMan: folds 
LeaveItYeah: raises $1.25 to $2.25
ceeuentee: folds 
Timonessb: folds 
numapu_33: folds 
Uncalled bet ($1.25) returned to LeaveItYeah
LeaveItYeah collected $2.50 from pot
LeaveItYeah: doesn't show hand 
*** SUMMARY ***
Total pot $2.50 | Rake $0 
Seat 1: ceeuentee (button) folded before Flop (didn't bet)
Seat 2: Timonessb (small blind) folded before Flop
Seat 3: numapu_33 (big blind) folded before Flop
Seat 4: Tibibacsi folded before Flop (didn't bet)
Seat 5: GuigaMan folded before Flop (didn't bet)
Seat 6: LeaveItYeah collected ($2.50)



PokerStars Hand #254509317518:  Hold'em No Limit ($0.50/$1.00 USD) - 2025/01/22 1:26:31 WET [2025/01/22 20:26:31 ET]
Table 'Luna IV' 6-max Seat #2 is the button
Seat 1: ceeuentee ($86.31 in chips) 
Seat 2: Timonessb ($135.65 in chips) 
Seat 3: numapu_33 ($110.29 in chips) 
Seat 4: Tibibacsi ($100 in chips) 
Seat 5: GuigaMan ($109.88 in chips) 
Seat 6: LeaveItYeah ($193.78 in chips) 
numapu_33: posts small blind $0.50
Tibibacsi: posts big blind $1
*** HOLE CARDS ***
GuigaMan: folds 
LeaveItYeah: folds 
ceeuentee: raises $2 to $3
Timonessb: folds 
numapu_33: folds 
Tibibacsi: folds 
Uncalled bet ($2) returned to ceeuentee
ceeuentee collected $2.50 from pot
ceeuentee: doesn't show hand 
*** SUMMARY ***
Total pot $2.50 | Rake $0 
Seat 1: ceeuentee collected ($2.50)
Seat 2: Timonessb (button) folded before Flop (didn't bet)
Seat 3: numapu_33 (small blind) folded before Flop
Seat 4: Tibibacsi (big blind) folded before Flop
Seat 5: GuigaMan folded before Flop (didn't bet)
Seat 6: LeaveItYeah folded before Flop (didn't bet)



PokerStars Hand #254509321208:  Hold'em No Limit ($0.50/$1.00 USD) - 2025/01/22 1:26:53 WET [2025/01/22 20:26:53 ET]
Table 'Luna IV' 6-max Seat #3 is the button
Seat 1: ceeuentee ($87.81 in chips) 
Seat 2: Timonessb ($135.65 in chips) 
Seat 3: numapu_33 ($109.79 in chips) 
Seat 4: Tibibacsi ($100 in chips) 
Seat 5: GuigaMan ($109.88 in chips) 
Seat 6: LeaveItYeah ($193.78 in chips) 
Tibibacsi: posts small blind $0.50
GuigaMan: posts big blind $1
*** HOLE CARDS ***
LeaveItYeah: folds 
ceeuentee: raises $2 to $3
Timonessb: folds 
numapu_33: folds 
Tibibacsi: folds 
GuigaMan: folds 
Uncalled bet ($2) returned to ceeuentee
ceeuentee collected $2.50 from pot
ceeuentee: doesn't show hand 
*** SUMMARY ***
Total pot $2.50 | Rake $0 
Seat 1: ceeuentee collected ($2.50)
Seat 2: Timonessb folded before Flop (didn't bet)
Seat 3: numapu_33 (button) folded before Flop (didn't bet)
Seat 4: Tibibacsi (small blind) folded before Flop
Seat 5: GuigaMan (big blind) folded before Flop
Seat 6: LeaveItYeah folded before Flop (didn't bet)



PokerStars Hand #254509324648:  Hold'em No Limit ($0.50/$1.00 USD) - 2025/01/22 1:27:13 WET [2025/01/22 20:27:13 ET]
Table 'Luna IV' 6-max Seat #4 is the button
Seat 1: ceeuentee ($89.31 in chips) 
Seat 2: Timonessb ($135.65 in chips) 
Seat 3: numapu_33 ($109.79 in chips) 
Seat 4: Tibibacsi ($100 in chips) 
Seat 5: GuigaMan ($108.88 in chips) 
Seat 6: LeaveItYeah ($193.78 in chips) 
GuigaMan: posts small blind $0.50
LeaveItYeah: posts big blind $1
*** HOLE CARDS ***
ceeuentee: folds 
Timonessb: raises $1.30 to $2.30
numapu_33: folds 
Tibibacsi: folds 
GuigaMan: folds 
LeaveItYeah: folds 
Uncalled bet ($1.30) returned to Timonessb
Timonessb collected $2.50 from pot
*** SUMMARY ***
Total pot $2.50 | Rake $0 
Seat 1: ceeuentee folded before Flop (didn't bet)
Seat 2: Timonessb collected ($2.50)
Seat 3: numapu_33 folded before Flop (didn't bet)
Seat 4: Tibibacsi (button) folded before Flop (didn't bet)
Seat 5: GuigaMan (small blind) folded before Flop
Seat 6: LeaveItYeah (big blind) folded before Flop



PokerStars Hand #254509327957:  Hold'em No Limit ($0.50/$1.00 USD) - 2025/01/22 1:27:33 WET [2025/01/22 20:27:33 ET]
Table 'Luna IV' 6-max Seat #5 is the button
Seat 1: ceeuentee ($89.31 in chips) 
Seat 2: Timonessb ($137.15 in chips) 
Seat 3: numapu_33 ($109.79 in chips) 
Seat 4: Tibibacsi ($100 in chips) 
Seat 5: GuigaMan ($108.38 in chips) 
Seat 6: LeaveItYeah ($192.78 in chips) 
LeaveItYeah: posts small blind $0.50
ceeuentee: posts big blind $1
*** HOLE CARDS ***
Timonessb: raises $1.30 to $2.30
numapu_33: folds 
Tibibacsi: folds 
GuigaMan: folds 
LeaveItYeah: folds 
ceeuentee: calls $1.30
*** FLOP *** [3h 2h Qc]
ceeuentee: checks 
Timonessb: bets $2.47
ceeuentee: folds 
Uncalled bet ($2.47) returned to Timonessb
Timonessb collected $4.84 from pot
*** SUMMARY ***
Total pot $5.10 | Rake $0.26 
Board [3h 2h Qc]
Seat 1: ceeuentee (big blind) folded on the Flop
Seat 2: Timonessb collected ($4.84)
Seat 3: numapu_33 folded before Flop (didn't bet)
Seat 4: Tibibacsi folded before Flop (didn't bet)
Seat 5: GuigaMan (button) folded before Flop (didn't bet)
Seat 6: LeaveItYeah (small blind) folded before Flop



PokerStars Hand #254509332628:  Hold'em No Limit ($0.50/$1.00 USD) - 2025/01/22 1:28:00 WET [2025/01/22 20:28:00 ET]
Table 'Luna IV' 6-max Seat #6 is the button
Seat 1: ceeuentee ($87.01 in chips) 
Seat 2: Timonessb ($139.69 in chips) 
Seat 3: numapu_33 ($109.79 in chips) 
Seat 4: Tibibacsi ($100 in chips) 
Seat 5: GuigaMan ($108.38 in chips) 
Seat 6: LeaveItYeah ($192.28 in chips) 
ceeuentee: posts small blind $0.50
Timonessb: posts big blind $1
*** HOLE CARDS ***
numapu_33: folds 
Tibibacsi: folds 
GuigaMan: folds 
LeaveItYeah: raises $1.50 to $2.50
ceeuentee: calls $2
Timonessb: calls $1.50
*** FLOP *** [6h 9d Ad]
ceeuentee: checks 
Timonessb: checks 
LeaveItYeah: checks 
*** TURN *** [6h 9d Ad] [Jd]
ceeuentee: checks 
Timonessb: bets $4.77
LeaveItYeah: folds 
ceeuentee: folds 
Uncalled bet ($4.77) returned to Timonessb
Timonessb collected $7.12 from pot
*** SUMMARY ***
Total pot $7.50 | Rake $0.38 
Board [6h 9d Ad Jd]
Seat 1: ceeuentee (small blind) folded on the Turn
Seat 2: Timonessb (big blind) collected ($7.12)
Seat 3: numapu_33 folded before Flop (didn't bet)
Seat 4: Tibibacsi folded before Flop (didn't bet)
Seat 5: GuigaMan folded before Flop (didn't bet)
Seat 6: LeaveItYeah (button) folded on the Turn



PokerStars Hand #254509341624:  Hold'em No Limit ($0.50/$1.00 USD) - 2025/01/22 1:28:54 WET [2025/01/22 20:28:54 ET]
Table 'Luna IV' 6-max Seat #1 is the button
Seat 1: ceeuentee ($84.51 in chips) 
Seat 2: Timonessb ($144.31 in chips) 
Seat 3: numapu_33 ($109.79 in chips) 
Seat 4: Tibibacsi ($100 in chips) 
Seat 5: GuigaMan ($108.38 in chips) 
Seat 6: LeaveItYeah ($189.78 in chips) 
Timonessb: posts small blind $0.50
numapu_33: posts big blind $1
*** HOLE CARDS ***
Tibibacsi: folds 
GuigaMan: folds 
LeaveItYeah: folds 
ceeuentee: folds 
Timonessb: raises $2 to $3
numapu_33: calls $2
*** FLOP *** [Jh 8d 6c]
Timonessb: checks 
numapu_33: checks 
*** TURN *** [Jh 8d 6c] [7h]
Timonessb: checks 
numapu_33: checks 
*** RIVER *** [Jh 8d 6c 7h] [8c]
Timonessb: checks 
numapu_33: bets $1.71
Timonessb: calls $1.71
*** SHOW DOWN ***
numapu_33: shows [7c Ac] (two pair, Eights and Sevens)
Timonessb: mucks hand 
numapu_33 collected $8.95 from pot
*** SUMMARY ***
Total pot $9.42 | Rake $0.47 
Board [Jh 8d 6c 7h 8c]
Seat 1: ceeuentee (button) folded before Flop (didn't bet)
Seat 2: Timonessb (small blind) mucked
Seat 3: numapu_33 (big blind) showed [7c Ac] and won ($8.95) with two pair, Eights and Sevens
Seat 4: Tibibacsi folded before Flop (didn't bet)
Seat 5: GuigaMan folded before Flop (didn't bet)
Seat 6: LeaveItYeah folded before Flop (didn't bet)



PokerStars Hand #254509351485:  Hold'em No Limit ($0.50/$1.00 USD) - 2025/01/22 1:29:53 WET [2025/01/22 20:29:53 ET]
Table 'Luna IV' 6-max Seat #2 is the button
Seat 1: ceeuentee ($84.51 in chips) 
Seat 2: Timonessb ($139.60 in chips) 
Seat 3: numapu_33 ($114.03 in chips) 
Seat 4: Tibibacsi ($100 in chips) 
Seat 5: GuigaMan ($108.38 in chips) 
Seat 6: LeaveItYeah ($189.78 in chips) 
numapu_33: posts small blind $0.50
Tibibacsi: posts big blind $1
*** HOLE CARDS ***
GuigaMan: folds 
LeaveItYeah: raises $1.10 to $2.10
ceeuentee: folds 
Timonessb: folds 
numapu_33: folds 
Tibibacsi: folds 
Uncalled bet ($1.10) returned to LeaveItYeah
LeaveItYeah collected $2.50 from pot
LeaveItYeah: doesn't show hand 
*** SUMMARY ***
Total pot $2.50 | Rake $0 
Seat 1: ceeuentee folded before Flop (didn't bet)
Seat 2: Timonessb (button) folded before Flop (didn't bet)
Seat 3: numapu_33 (small blind) folded before Flop
Seat 4: Tibibacsi (big blind) folded before Flop
Seat 5: GuigaMan folded before Flop (didn't bet)
Seat 6: LeaveItYeah collected ($2.50)



PokerStars Hand #254509354473:  Hold'em No Limit ($0.50/$1.00 USD) - 2025/01/22 1:30:11 WET [2025/01/22 20:30:11 ET]
Table 'Luna IV' 6-max Seat #3 is the button
Seat 1: ceeuentee ($84.51 in chips) 
Seat 2: Timonessb ($139.60 in chips) 
Seat 3: numapu_33 ($113.53 in chips) 
Seat 4: Tibibacsi ($100 in chips) 
Seat 5: GuigaMan ($108.38 in chips) 
Seat 6: LeaveItYeah ($191.28 in chips) 
Tibibacsi: posts small blind $0.50
GuigaMan: posts big blind $1
*** HOLE CARDS ***
LeaveItYeah: folds 
ceeuentee: folds 
Timonessb: folds 
numapu_33: raises $1.50 to $2.50
Tibibacsi: raises $9 to $11.50
GuigaMan: folds 
numapu_33: raises $13.50 to $25
Tibibacsi: folds 
Uncalled bet ($13.50) returned to numapu_33
numapu_33 collected $24 from pot
numapu_33: doesn't show hand 
*** SUMMARY ***
Total pot $24 | Rake $0 
Seat 1: ceeuentee folded before Flop (didn't bet)
Seat 2: Timonessb folded before Flop (didn't bet)
Seat 3: numapu_33 (button) collected ($24)
Seat 4: Tibibacsi (small blind) folded before Flop
Seat 5: GuigaMan (big blind) folded before Flop
Seat 6: LeaveItYeah folded before Flop (didn't bet)



PokerStars Hand #254509362231:  Hold'em No Limit ($0.50/$1.00 USD) - 2025/01/22 1:30:57 WET [2025/01/22 20:30:57 ET]
Table 'Luna IV' 6-max Seat #4 is the button
Seat 1: ceeuentee ($84.51 in chips) 
Seat 2: Timonessb ($139.60 in chips) 
Seat 3: numapu_33 ($126.03 in chips) 
Seat 4: Tibibacsi ($100 in chips) 
Seat 5: GuigaMan ($107.38 in chips) 
Seat 6: LeaveItYeah ($191.28 in chips) 
GuigaMan: posts small blind $0.50
LeaveItYeah: posts big blind $1
*** HOLE CARDS ***
ceeuentee: raises $2 to $3
Timonessb: raises $5 to $8
numapu_33: folds 
Tibibacsi: folds 
GuigaMan: folds 
LeaveItYeah: folds 
ceeuentee: folds 
Uncalled bet ($5) returned to Timonessb
Timonessb collected $7.50 from pot
*** SUMMARY ***
Total pot $7.50 | Rake $0 
Seat 1: ceeuentee folded before Flop
Seat 2: Timonessb collected ($7.50)
Seat 3: numapu_33 folded before Flop (didn't bet)
Seat 4: Tibibacsi (button) folded before Flop (didn't bet)
Seat 5: GuigaMan (small blind) folded before Flop
Seat 6: LeaveItYeah (big blind) folded before Flop



PokerStars Hand #254509365935:  Hold'em No Limit ($0.50/$1.00 USD) - 2025/01/22 1:31:19 WET [2025/01/22 20:31:19 ET]
Table 'Luna IV' 6-max Seat #5 is the button
Seat 1: ceeuentee ($81.51 in chips) is sitting out
Seat 2: Timonessb ($144.10 in chips) 
Seat 3: numapu_33 ($126.03 in chips) 
Seat 4: Tibibacsi ($100 in chips) 
Seat 5: GuigaMan ($106.88 in chips) 
Seat 6: LeaveItYeah ($190.28 in chips) 
LeaveItYeah: posts small blind $0.50
Timonessb: posts big blind $1
*** HOLE CARDS ***
ceeuentee leaves the table
numapu_33: raises $1.50 to $2.50
Tibibacsi: folds 
GuigaMan: folds 
LeaveItYeah: folds 
Timonessb: folds 
Uncalled bet ($1.50) returned to numapu_33
numapu_33 collected $2.50 from pot
Gaita_toien joins the table at seat #1 
numapu_33: doesn't show hand 
*** SUMMARY ***
Total pot $2.50 | Rake $0 
Seat 1: ceeuentee
Seat 2: Timonessb (big blind) folded before Flop
Seat 3: numapu_33 collected ($2.50)
Seat 4: Tibibacsi folded before Flop (didn't bet)
Seat 5: GuigaMan (button) folded before Flop (didn't bet)
Seat 6: LeaveItYeah (small blind) folded before Flop



PokerStars Hand #254509367940:  Hold'em No Limit ($0.50/$1.00 USD) - 2025/01/22 1:31:30 WET [2025/01/22 20:31:30 ET]
Table 'Luna IV' 6-max Seat #6 is the button
Seat 1: Gaita_toien ($100 in chips) is sitting out
Seat 2: Timonessb ($143.10 in chips) 
Seat 3: numapu_33 ($127.53 in chips) 
Seat 4: Tibibacsi ($100 in chips) 
Seat 5: GuigaMan ($106.88 in chips) 
Seat 6: LeaveItYeah ($189.78 in chips) 
Timonessb: posts small blind $0.50
numapu_33: posts big blind $1
*** HOLE CARDS ***
Tibibacsi: folds 
GuigaMan: folds 
LeaveItYeah: folds 
Timonessb: folds 
Uncalled bet ($0.50) returned to numapu_33
numapu_33 collected $1 from pot
numapu_33: doesn't show hand 
*** SUMMARY ***
Total pot $1 | Rake $0 
Seat 1: Gaita_toien
Seat 2: Timonessb (small blind) folded before Flop
Seat 3: numapu_33 (big blind) collected ($1)
Seat 4: Tibibacsi folded before Flop (didn't bet)
Seat 5: GuigaMan folded before Flop (didn't bet)
Seat 6: LeaveItYeah (button) folded before Flop (didn't bet)



PokerStars Hand #254509370232:  Hold'em No Limit ($0.50/$1.00 USD) - 2025/01/22 1:31:44 WET [2025/01/22 20:31:44 ET]
Table 'Luna IV' 6-max Seat #2 is the button
Seat 1: Gaita_toien ($100 in chips) is sitting out
Seat 2: Timonessb ($142.60 in chips) 
Seat 3: numapu_33 ($128.03 in chips) 
Seat 4: Tibibacsi ($100 in chips) 
Seat 5: GuigaMan ($106.88 in chips) 
Seat 6: LeaveItYeah ($189.78 in chips) 
numapu_33: posts small blind $0.50
Tibibacsi: posts big blind $1
Gaita_toien: sits out 
*** HOLE CARDS ***
GuigaMan: folds 
LeaveItYeah: raises $1.25 to $2.25
Timonessb: folds 
numapu_33: folds 
Tibibacsi: folds 
Uncalled bet ($1.25) returned to LeaveItYeah
LeaveItYeah collected $2.50 from pot
LeaveItYeah: doesn't show hand 
*** SUMMARY ***
Total pot $2.50 | Rake $0 
Seat 1: Gaita_toien
Seat 2: Timonessb (button) folded before Flop (didn't bet)
Seat 3: numapu_33 (small blind) folded before Flop
Seat 4: Tibibacsi (big blind) folded before Flop
Seat 5: GuigaMan folded before Flop (didn't bet)
Seat 6: LeaveItYeah collected ($2.50)



PokerStars Hand #254509374023:  Hold'em No Limit ($0.50/$1.00 USD) - 2025/01/22 1:32:06 WET [2025/01/22 20:32:06 ET]
Table 'Luna IV' 6-max Seat #3 is the button
Seat 1: Gaita_toien ($100 in chips) is sitting out
Seat 2: Timonessb ($142.60 in chips) 
Seat 3: numapu_33 ($127.53 in chips) 
Seat 4: Tibibacsi ($100 in chips) 
Seat 5: GuigaMan ($106.88 in chips) 
Seat 6: LeaveItYeah ($191.28 in chips) 
Tibibacsi: posts small blind $0.50
GuigaMan: posts big blind $1
Gaita_toien: sits out 
*** HOLE CARDS ***
LeaveItYeah: folds 
Timonessb: folds 
numapu_33: raises $1.50 to $2.50
LeaveItYeah leaves the table
Tibibacsi: folds 
GuigaMan: calls $1.50
*** FLOP *** [6h Kc 7h]
GuigaMan: checks 
Weewillis101 joins the table at seat #6 
Weewillis101 is disconnected 
numapu_33: checks 
*** TURN *** [6h Kc 7h] [Tc]
GuigaMan: checks 
numapu_33: checks 
*** RIVER *** [6h Kc 7h Tc] [Td]
GuigaMan: checks 
numapu_33: checks 
*** SHOW DOWN ***
GuigaMan: shows [Ac Qd] (a pair of Tens)
numapu_33: shows [As 7s] (two pair, Tens and Sevens)
numapu_33 collected $5.22 from pot
*** SUMMARY ***
Total pot $5.50 | Rake $0.28 
Board [6h Kc 7h Tc Td]
Seat 1: Gaita_toien
Seat 2: Timonessb folded before Flop (didn't bet)
Seat 3: numapu_33 (button) showed [As 7s] and won ($5.22) with two pair, Tens and Sevens
Seat 4: Tibibacsi (small blind) folded before Flop
Seat 5: GuigaMan (big blind) showed [Ac Qd] and lost with a pair of Tens
Seat 6: LeaveItYeah folded before Flop (didn't bet)



PokerStars Hand #254509383783:  Hold'em No Limit ($0.50/$1.00 USD) - 2025/01/22 1:33:04 WET [2025/01/22 20:33:04 ET]
Table 'Luna IV' 6-max Seat #4 is the button
Seat 1: Gaita_toien ($100 in chips) is sitting out
Seat 2: Timonessb ($142.60 in chips) 
Seat 3: numapu_33 ($130.25 in chips) 
Seat 4: Tibibacsi ($100 in chips) 
Seat 5: GuigaMan ($104.38 in chips) 
Seat 6: Weewillis101 ($100 in chips) 
GuigaMan: posts small blind $0.50
Weewillis101: posts big blind $1
Gaita_toien: sits out 
*** HOLE CARDS ***
Timonessb: folds 
numapu_33: folds 
Tibibacsi: raises $1.50 to $2.50
GuigaMan: folds 
Weewillis101: folds 
Uncalled bet ($1.50) returned to Tibibacsi
Tibibacsi collected $2.50 from pot
Tibibacsi: doesn't show hand 
*** SUMMARY ***
Total pot $2.50 | Rake $0 
Seat 1: Gaita_toien
Seat 2: Timonessb folded before Flop (didn't bet)
Seat 3: numapu_33 folded before Flop (didn't bet)
Seat 4: Tibibacsi (button) collected ($2.50)
Seat 5: GuigaMan (small blind) folded before Flop
Seat 6: Weewillis101 (big blind) folded before Flop



PokerStars Hand #254509385999:  Hold'em No Limit ($0.50/$1.00 USD) - 2025/01/22 1:33:17 WET [2025/01/22 20:33:17 ET]
Table 'Luna IV' 6-max Seat #5 is the button
Seat 1: Gaita_toien ($100 in chips) 
Seat 2: Timonessb ($142.60 in chips) 
Seat 3: numapu_33 ($130.25 in chips) 
Seat 4: Tibibacsi ($101.50 in chips) 
Seat 5: GuigaMan ($103.88 in chips) 
Seat 6: Weewillis101 ($99 in chips) 
Weewillis101: posts small blind $0.50
Gaita_toien: posts big blind $1
*** HOLE CARDS ***
Timonessb: folds 
numapu_33: folds 
Tibibacsi: folds 
GuigaMan: folds 
Weewillis101: folds 
Uncalled bet ($0.50) returned to Gaita_toien
Gaita_toien collected $1 from pot
Gaita_toien: doesn't show hand 
*** SUMMARY ***
Total pot $1 | Rake $0 
Seat 1: Gaita_toien (big blind) collected ($1)
Seat 2: Timonessb folded before Flop (didn't bet)
Seat 3: numapu_33 folded before Flop (didn't bet)
Seat 4: Tibibacsi folded before Flop (didn't bet)
Seat 5: GuigaMan (button) folded before Flop (didn't bet)
Seat 6: Weewillis101 (small blind) folded before Flop



PokerStars Hand #254509387705:  Hold'em No Limit ($0.50/$1.00 USD) - 2025/01/22 1:33:27 WET [2025/01/22 20:33:27 ET]
Table 'Luna IV' 6-max Seat #6 is the button
Seat 1: Gaita_toien ($100.50 in chips) 
Seat 2: Timonessb ($142.60 in chips) 
Seat 3: numapu_33 ($130.25 in chips) 
Seat 4: Tibibacsi ($101.50 in chips) 
Seat 5: GuigaMan ($103.88 in chips) 
Seat 6: Weewillis101 ($98.50 in chips) 
Gaita_toien: posts small blind $0.50
Timonessb: posts big blind $1
*** HOLE CARDS ***
numapu_33: folds 
Tibibacsi: folds 
GuigaMan: folds 
Weewillis101: raises $2 to $3
Gaita_toien: raises $9 to $12
Timonessb: raises $14 to $26
Weewillis101: folds 
Gaita_toien: folds 
Uncalled bet ($14) returned to Timonessb
Timonessb collected $27 from pot
Timonessb: doesn't show hand 
*** SUMMARY ***
Total pot $27 | Rake $0 
Seat 1: Gaita_toien (small blind) folded before Flop
Seat 2: Timonessb (big blind) collected ($27)
Seat 3: numapu_33 folded before Flop (didn't bet)
Seat 4: Tibibacsi folded before Flop (didn't bet)
Seat 5: GuigaMan folded before Flop (didn't bet)
Seat 6: Weewillis101 (button) folded before Flop



PokerStars Hand #254509396502:  Hold'em No Limit ($0.50/$1.00 USD) - 2025/01/22 1:34:20 WET [2025/01/22 20:34:20 ET]
Table 'Luna IV' 6-max Seat #1 is the button
Seat 1: Gaita_toien ($100 in chips) 
Seat 2: Timonessb ($157.60 in chips) 
Seat 3: numapu_33 ($130.25 in chips) 
Seat 4: Tibibacsi ($101.50 in chips) 
Seat 5: GuigaMan ($103.88 in chips) 
Seat 6: Weewillis101 ($95.50 in chips) 
Timonessb: posts small blind $0.50
numapu_33: posts big blind $1
*** HOLE CARDS ***
Tibibacsi: raises $1 to $2
GuigaMan: folds 
Weewillis101: calls $2
Gaita_toien: folds 
Timonessb: folds 
numapu_33: folds 
*** FLOP *** [3h 9c 6c]
Tibibacsi: bets $1.72
Weewillis101: calls $1.72
*** TURN *** [3h 9c 6c] [Qd]
Tibibacsi: checks 
Weewillis101: checks 
*** RIVER *** [3h 9c 6c Qd] [2c]
Tibibacsi: checks 
Weewillis101: checks 
*** SHOW DOWN ***
Tibibacsi: shows [Kc Ad] (high card Ace)
Weewillis101: shows [5s 9s] (a pair of Nines)
Weewillis101 collected $8.49 from pot
*** SUMMARY ***
Total pot $8.94 | Rake $0.45 
Board [3h 9c 6c Qd 2c]
Seat 1: Gaita_toien (button) folded before Flop (didn't bet)
Seat 2: Timonessb (small blind) folded before Flop
Seat 3: numapu_33 (big blind) folded before Flop
Seat 4: Tibibacsi showed [Kc Ad] and lost with high card Ace
Seat 5: GuigaMan folded before Flop (didn't bet)
Seat 6: Weewillis101 showed [5s 9s] and won ($8.49) with a pair of Nines



PokerStars Hand #254509406407:  Hold'em No Limit ($0.50/$1.00 USD) - 2025/01/22 1:35:19 WET [2025/01/22 20:35:19 ET]
Table 'Luna IV' 6-max Seat #2 is the button
Seat 1: Gaita_toien ($100 in chips) 
Seat 2: Timonessb ($157.10 in chips) 
Seat 3: numapu_33 ($129.25 in chips) 
Seat 4: Tibibacsi ($100 in chips) 
Seat 5: GuigaMan ($103.88 in chips) 
Seat 6: Weewillis101 ($100.27 in chips) 
numapu_33: posts small blind $0.50
Tibibacsi: posts big blind $1
*** HOLE CARDS ***
GuigaMan: folds 
Weewillis101: folds 
Gaita_toien: raises $1.20 to $2.20
Timonessb: folds 
numapu_33: folds 
Tibibacsi: calls $1.20
*** FLOP *** [Td 4c 8s]
Tibibacsi: checks 
Gaita_toien: bets $1.35
Tibibacsi: calls $1.35
*** TURN *** [Td 4c 8s] [3c]
Tibibacsi: checks 
Gaita_toien: checks 
*** RIVER *** [Td 4c 8s 3c] [Kd]
Tibibacsi: checks 
Gaita_toien: bets $13.43
Tibibacsi: folds 
Uncalled bet ($13.43) returned to Gaita_toien
Gaita_toien collected $7.22 from pot
Gaita_toien: doesn't show hand 
*** SUMMARY ***
Total pot $7.60 | Rake $0.38 
Board [Td 4c 8s 3c Kd]
Seat 1: Gaita_toien collected ($7.22)
Seat 2: Timonessb (button) folded before Flop (didn't bet)
Seat 3: numapu_33 (small blind) folded before Flop
Seat 4: Tibibacsi (big blind) folded on the River
Seat 5: GuigaMan folded before Flop (didn't bet)
Seat 6: Weewillis101 folded before Flop (didn't bet)



PokerStars Hand #254509417941:  Hold'em No Limit ($0.50/$1.00 USD) - 2025/01/22 1:36:28 WET [2025/01/22 20:36:28 ET]
Table 'Luna IV' 6-max Seat #3 is the button
Seat 1: Gaita_toien ($103.67 in chips) 
Seat 2: Timonessb ($157.10 in chips) 
Seat 3: numapu_33 ($128.75 in chips) 
Seat 4: Tibibacsi ($100 in chips) 
Seat 5: GuigaMan ($103.88 in chips) 
Seat 6: Weewillis101 ($100.27 in chips) 
Tibibacsi: posts small blind $0.50
GuigaMan: posts big blind $1
*** HOLE CARDS ***
Weewillis101: raises $2 to $3
Gaita_toien: folds 
Timonessb: folds 
numapu_33: folds 
Tibibacsi: folds 
GuigaMan: folds 
Uncalled bet ($2) returned to Weewillis101
Weewillis101 collected $2.50 from pot
*** SUMMARY ***
Total pot $2.50 | Rake $0 
Seat 1: Gaita_toien folded before Flop (didn't bet)
Seat 2: Timonessb folded before Flop (didn't bet)
Seat 3: numapu_33 (button) folded before Flop (didn't bet)
Seat 4: Tibibacsi (small blind) folded before Flop
Seat 5: GuigaMan (big blind) folded before Flop
Seat 6: Weewillis101 collected ($2.50)



PokerStars Hand #254509420510:  Hold'em No Limit ($0.50/$1.00 USD) - 2025/01/22 1:36:43 WET [2025/01/22 20:36:43 ET]
Table 'Luna IV' 6-max Seat #4 is the button
Seat 1: Gaita_toien ($103.67 in chips) 
Seat 2: Timonessb ($157.10 in chips) 
Seat 3: numapu_33 ($128.75 in chips) 
Seat 4: Tibibacsi ($100 in chips) 
Seat 5: GuigaMan ($102.88 in chips) 
Seat 6: Weewillis101 ($101.77 in chips) 
GuigaMan: posts small blind $0.50
Weewillis101: posts big blind $1
*** HOLE CARDS ***
Gaita_toien: folds 
Timonessb: folds 
numapu_33: raises $1.50 to $2.50
Tibibacsi: folds 
GuigaMan: folds 
Weewillis101: folds 
Uncalled bet ($1.50) returned to numapu_33
numapu_33 collected $2.50 from pot
numapu_33: doesn't show hand 
*** SUMMARY ***
Total pot $2.50 | Rake $0 
Seat 1: Gaita_toien folded before Flop (didn't bet)
Seat 2: Timonessb folded before Flop (didn't bet)
Seat 3: numapu_33 collected ($2.50)
Seat 4: Tibibacsi (button) folded before Flop (didn't bet)
Seat 5: GuigaMan (small blind) folded before Flop
Seat 6: Weewillis101 (big blind) folded before Flop



PokerStars Hand #254509424375:  Hold'em No Limit ($0.50/$1.00 USD) - 2025/01/22 1:37:06 WET [2025/01/22 20:37:06 ET]
Table 'Luna IV' 6-max Seat #5 is the button
Seat 1: Gaita_toien ($103.67 in chips) 
Seat 2: Timonessb ($157.10 in chips) 
Seat 3: numapu_33 ($130.25 in chips) 
Seat 4: Tibibacsi ($100 in chips) 
Seat 5: GuigaMan ($102.38 in chips) 
Seat 6: Weewillis101 ($100.77 in chips) 
Weewillis101: posts small blind $0.50
Gaita_toien: posts big blind $1
*** HOLE CARDS ***
Timonessb: folds 
numapu_33: folds 
Timonessb leaves the table
Tibibacsi: folds 
GuigaMan: folds 
Weewillis101: calls $0.50
Gaita_toien: raises $2 to $3
Weewillis101: calls $2
*** FLOP *** [Qc 4s Qs]
Weewillis101: checks 
Gaita_toien: checks 
*** TURN *** [Qc 4s Qs] [Js]
Weewillis101: checks 
Gaita_toien: checks 
*** RIVER *** [Qc 4s Qs Js] [Qh]
Weewillis101: checks 
Gaita_toien: checks 
*** SHOW DOWN ***
Weewillis101: shows [5d 3d] (three of a kind, Queens)
Gaita_toien: shows [6d 7s] (three of a kind, Queens - Jack+Seven kicker)
Gaita_toien collected $5.70 from pot
*** SUMMARY ***
Total pot $6 | Rake $0.30 
Board [Qc 4s Qs Js Qh]
Seat 1: Gaita_toien (big blind) showed [6d 7s] and won ($5.70) with three of a kind, Queens
Seat 2: Timonessb folded before Flop (didn't bet)
Seat 3: numapu_33 folded before Flop (didn't bet)
Seat 4: Tibibacsi folded before Flop (didn't bet)
Seat 5: GuigaMan (button) folded before Flop (didn't bet)
Seat 6: Weewillis101 (small blind) showed [5d 3d] and lost with three of a kind, Queens



PokerStars Hand #254509433218:  Hold'em No Limit ($0.50/$1.00 USD) - 2025/01/22 1:37:59 WET [2025/01/22 20:37:59 ET]
Table 'Luna IV' 6-max Seat #6 is the button
Seat 1: Gaita_toien ($106.37 in chips) 
Seat 3: numapu_33 ($130.25 in chips) 
Seat 4: Tibibacsi ($100 in chips) 
Seat 5: GuigaMan ($102.38 in chips) 
Seat 6: Weewillis101 ($97.77 in chips) 
Gaita_toien: posts small blind $0.50
numapu_33: posts big blind $1
*** HOLE CARDS ***
Tibibacsi: folds 
GuigaMan: folds 
Weewillis101: raises $2 to $3
Gaita_toien: raises $9 to $12
numapu_33: folds 
Weewillis101: calls $9
*** FLOP *** [9s 2h Qd]
Gaita_toien: bets $6.89
Weewillis101: calls $6.89
*** TURN *** [9s 2h Qd] [2c]
Gaita_toien: bets $10.68
Weewillis101: calls $10.68
*** RIVER *** [9s 2h Qd 2c] [6d]
Gaita_toien: checks 
Weewillis101: checks 
*** SHOW DOWN ***
Gaita_toien: shows [Ts Th] (two pair, Tens and Deuces)
Weewillis101: mucks hand 
Gaita_toien collected $57.64 from pot
*** SUMMARY ***
Total pot $60.14 | Rake $2.50 
Board [9s 2h Qd 2c 6d]
Seat 1: Gaita_toien (small blind) showed [Ts Th] and won ($57.64) with two pair, Tens and Deuces
Seat 3: numapu_33 (big blind) folded before Flop
Seat 4: Tibibacsi folded before Flop (didn't bet)
Seat 5: GuigaMan folded before Flop (didn't bet)
Seat 6: Weewillis101 (button) mucked



PokerStars Hand #254509443396:  Hold'em No Limit ($0.50/$1.00 USD) - 2025/01/22 1:39:01 WET [2025/01/22 20:39:01 ET]
Table 'Luna IV' 6-max Seat #1 is the button
Seat 1: Gaita_toien ($134.44 in chips) 
Seat 3: numapu_33 ($129.25 in chips) 
Seat 4: Tibibacsi ($100 in chips) 
Seat 5: GuigaMan ($102.38 in chips) 
Seat 6: Weewillis101 ($68.20 in chips) 
numapu_33: posts small blind $0.50
Tibibacsi: posts big blind $1
*** HOLE CARDS ***
GuigaMan: folds 
Weewillis101: folds 
Gaita_toien: raises $1.50 to $2.50
numapu_33: folds 
Tibibacsi: calls $1.50
*** FLOP *** [Kh 5d Ks]
SeaHawksOnAir joins the table at seat #2 
SeaHawksOnAir is disconnected 
Tibibacsi: checks 
Gaita_toien: bets $1.51
Tibibacsi: folds 
Uncalled bet ($1.51) returned to Gaita_toien
Gaita_toien collected $5.22 from pot
Gaita_toien: doesn't show hand 
*** SUMMARY ***
Total pot $5.50 | Rake $0.28 
Board [Kh 5d Ks]
Seat 1: Gaita_toien (button) collected ($5.22)
Seat 3: numapu_33 (small blind) folded before Flop
Seat 4: Tibibacsi (big blind) folded on the Flop
Seat 5: GuigaMan folded before Flop (didn't bet)
Seat 6: Weewillis101 folded before Flop (didn't bet)



PokerStars Hand #254509451650:  Hold'em No Limit ($0.50/$1.00 USD) - 2025/01/22 1:39:51 WET [2025/01/22 20:39:51 ET]
Table 'Luna IV' 6-max Seat #3 is the button
Seat 1: Gaita_toien ($137.16 in chips) 
Seat 2: SeaHawksOnAir ($10 in chips) 
Seat 3: numapu_33 ($128.75 in chips) 
Seat 4: Tibibacsi ($100 in chips) 
Seat 5: GuigaMan ($102.38 in chips) 
Seat 6: Weewillis101 ($100 in chips) 
Tibibacsi: posts small blind $0.50
GuigaMan: posts big blind $1
SeaHawksOnAir: posts big blind $1
*** HOLE CARDS ***
Weewillis101: folds 
Gaita_toien: folds 
SeaHawksOnAir: checks 
numapu_33: folds 
Tibibacsi: folds 
GuigaMan: checks 
*** FLOP *** [8h Tc Ts]
GuigaMan: checks 
SeaHawksOnAir: checks 
*** TURN *** [8h Tc Ts] [3c]
GuigaMan: checks 
SeaHawksOnAir: bets $1
GuigaMan: folds 
Uncalled bet ($1) returned to SeaHawksOnAir
SeaHawksOnAir collected $2.38 from pot
*** SUMMARY ***
Total pot $2.50 | Rake $0.12 
Board [8h Tc Ts 3c]
Seat 1: Gaita_toien folded before Flop (didn't bet)
Seat 2: SeaHawksOnAir collected ($2.38)
Seat 3: numapu_33 (button) folded before Flop (didn't bet)
Seat 4: Tibibacsi (small blind) folded before Flop
Seat 5: GuigaMan (big blind) folded on the Turn
Seat 6: Weewillis101 folded before Flop (didn't bet)



PokerStars Hand #254509457387:  Hold'em No Limit ($0.50/$1.00 USD) - 2025/01/22 1:40:26 WET [2025/01/22 20:40:26 ET]
Table 'Luna IV' 6-max Seat #4 is the button
Seat 1: Gaita_toien ($137.16 in chips) 
Seat 2: SeaHawksOnAir ($11.38 in chips) 
Seat 3: numapu_33 ($128.75 in chips) 
Seat 4: Tibibacsi ($100 in chips) 
Seat 5: GuigaMan ($101.38 in chips) 
Seat 6: Weewillis101 ($100 in chips) 
GuigaMan: posts small blind $0.50
Weewillis101: posts big blind $1
*** HOLE CARDS ***
Gaita_toien: folds 
SeaHawksOnAir: folds 
numapu_33: raises $1.50 to $2.50
Tibibacsi: folds 
GuigaMan: folds 
Weewillis101: calls $1.50
*** FLOP *** [9d 4d 6c]
Weewillis101: checks 
numapu_33: checks 
*** TURN *** [9d 4d 6c] [6d]
Weewillis101: checks 
numapu_33: checks 
*** RIVER *** [9d 4d 6c 6d] [Kd]
Weewillis101: bets $2.61
numapu_33: folds 
Uncalled bet ($2.61) returned to Weewillis101
Weewillis101 collected $5.22 from pot
*** SUMMARY ***
Total pot $5.50 | Rake $0.28 
Board [9d 4d 6c 6d Kd]
Seat 1: Gaita_toien folded before Flop (didn't bet)
Seat 2: SeaHawksOnAir folded before Flop (didn't bet)
Seat 3: numapu_33 folded on the River
Seat 4: Tibibacsi (button) folded before Flop (didn't bet)
Seat 5: GuigaMan (small blind) folded before Flop
Seat 6: Weewillis101 (big blind) collected ($5.22)



PokerStars Hand #254509465196:  Hold'em No Limit ($0.50/$1.00 USD) - 2025/01/22 1:41:14 WET [2025/01/22 20:41:14 ET]
Table 'Luna IV' 6-max Seat #5 is the button
Seat 1: Gaita_toien ($137.16 in chips) 
Seat 2: SeaHawksOnAir ($11.38 in chips) 
Seat 3: numapu_33 ($126.25 in chips) 
Seat 4: Tibibacsi ($100 in chips) 
Seat 5: GuigaMan ($100.88 in chips) 
Seat 6: Weewillis101 ($102.72 in chips) 
Weewillis101: posts small blind $0.50
Gaita_toien: posts big blind $1
*** HOLE CARDS ***
SeaHawksOnAir: calls $1
numapu_33: folds 
Tibibacsi: raises $2 to $3
GuigaMan: folds 
Weewillis101: raises $8 to $11
Gaita_toien: folds 
SeaHawksOnAir: folds 
Tibibacsi: raises $13 to $24
Weewillis101: calls $13
*** FLOP *** [6d Th Qh]
Weewillis101: checks 
Tibibacsi: bets $15.68
Weewillis101: folds 
Uncalled bet ($15.68) returned to Tibibacsi
Tibibacsi collected $47.50 from pot
Tibibacsi: doesn't show hand 
*** SUMMARY ***
Total pot $50 | Rake $2.50 
Board [6d Th Qh]
Seat 1: Gaita_toien (big blind) folded before Flop
Seat 2: SeaHawksOnAir folded before Flop
Seat 3: numapu_33 folded before Flop (didn't bet)
Seat 4: Tibibacsi collected ($47.50)
Seat 5: GuigaMan (button) folded before Flop (didn't bet)
Seat 6: Weewillis101 (small blind) folded on the Flop



PokerStars Hand #254509481193:  Hold'em No Limit ($0.50/$1.00 USD) - 2025/01/22 1:42:50 WET [2025/01/22 20:42:50 ET]
Table 'Luna IV' 6-max Seat #6 is the button
Seat 1: Gaita_toien ($136.16 in chips) 
Seat 2: SeaHawksOnAir ($10.38 in chips) 
Seat 3: numapu_33 ($126.25 in chips) 
Seat 4: Tibibacsi ($123.50 in chips) 
Seat 5: GuigaMan ($100.88 in chips) 
Seat 6: Weewillis101 ($78.72 in chips) 
Gaita_toien: posts small blind $0.50
SeaHawksOnAir: posts big blind $1
*** HOLE CARDS ***
numapu_33: folds 
Tibibacsi: folds 
GuigaMan: folds 
Weewillis101: folds 
Gaita_toien: folds 
Uncalled bet ($0.50) returned to SeaHawksOnAir
SeaHawksOnAir collected $1 from pot
*** SUMMARY ***
Total pot $1 | Rake $0 
Seat 1: Gaita_toien (small blind) folded before Flop
Seat 2: SeaHawksOnAir (big blind) collected ($1)
Seat 3: numapu_33 folded before Flop (didn't bet)
Seat 4: Tibibacsi folded before Flop (didn't bet)
Seat 5: GuigaMan folded before Flop (didn't bet)
Seat 6: Weewillis101 (button) folded before Flop (didn't bet)



PokerStars Hand #254509483270:  Hold'em No Limit ($0.50/$1.00 USD) - 2025/01/22 1:43:03 WET [2025/01/22 20:43:03 ET]
Table 'Luna IV' 6-max Seat #1 is the button
Seat 3: numapu_33 ($126.25 in chips) is sitting out
Seat 1: Gaita_toien ($135.66 in chips) 
Seat 2: SeaHawksOnAir ($10.88 in chips) 
Seat 4: Tibibacsi ($123.50 in chips) 
Seat 5: GuigaMan ($100.88 in chips) 
Seat 6: Weewillis101 ($78.72 in chips) 
SeaHawksOnAir: posts small blind $0.50
numapu_33: is sitting out 
Tibibacsi: posts big blind $1
*** HOLE CARDS ***
numapu_33 leaves the table
GuigaMan: raises $1.20 to $2.20
Weewillis101: calls $2.20
Gaita_toien: folds 
MaRKiToScoK joins the table at seat #3 
SeaHawksOnAir: raises $8.68 to $10.88 and is all-in
Tibibacsi: folds 
GuigaMan: calls $8.68
Weewillis101: calls $8.68
*** FLOP *** [9h Th 4d]
GuigaMan: checks 
Weewillis101: bets $15.98
GuigaMan: folds 
Uncalled bet ($15.98) returned to Weewillis101
*** TURN *** [9h Th 4d] [Kc]
*** RIVER *** [9h Th 4d Kc] [Tc]
*** SHOW DOWN ***
SeaHawksOnAir: shows [Td Jd] (three of a kind, Tens)
Weewillis101: shows [5h Ah] (a pair of Tens)
SeaHawksOnAir collected $31.96 from pot
*** SUMMARY ***
Total pot $33.64 | Rake $1.68 
Board [9h Th 4d Kc Tc]
Seat 3: numapu_33
Seat 1: Gaita_toien (button) folded before Flop (didn't bet)
Seat 2: SeaHawksOnAir (small blind) showed [Td Jd] and won ($31.96) with three of a kind, Tens
Seat 4: Tibibacsi (big blind) folded before Flop
Seat 5: GuigaMan folded on the Flop
Seat 6: Weewillis101 showed [5h Ah] and lost with a pair of Tens



PokerStars Hand #254509491072:  Hold'em No Limit ($0.50/$1.00 USD) - 2025/01/22 1:43:51 WET [2025/01/22 20:43:51 ET]
Table 'Luna IV' 6-max Seat #2 is the button
Seat 3: MaRKiToScoK ($100 in chips) is sitting out
Seat 1: Gaita_toien ($135.66 in chips) 
Seat 2: SeaHawksOnAir ($31.96 in chips) 
Seat 4: Tibibacsi ($122.50 in chips) 
Seat 5: GuigaMan ($100 in chips) 
Seat 6: Weewillis101 ($67.84 in chips) 
Tibibacsi: posts small blind $0.50
GuigaMan: posts big blind $1
*** HOLE CARDS ***
Weewillis101: folds 
Gaita_toien: folds 
SeaHawksOnAir: calls $1
Tibibacsi: folds 
GuigaMan: raises $3 to $4
SeaHawksOnAir: calls $3
*** FLOP *** [7h 4h 6d]
GuigaMan: checks 
SeaHawksOnAir: bets $27.96 and is all-in
GuigaMan: folds 
Uncalled bet ($27.96) returned to SeaHawksOnAir
SeaHawksOnAir collected $8.08 from pot
*** SUMMARY ***
Total pot $8.50 | Rake $0.42 
Board [7h 4h 6d]
Seat 3: MaRKiToScoK
Seat 1: Gaita_toien folded before Flop (didn't bet)
Seat 2: SeaHawksOnAir (button) collected ($8.08)
Seat 4: Tibibacsi (small blind) folded before Flop
Seat 5: GuigaMan (big blind) folded on the Flop
Seat 6: Weewillis101 folded before Flop (didn't bet)



PokerStars Hand #254509495776:  Hold'em No Limit ($0.50/$1.00 USD) - 2025/01/22 1:44:20 WET [2025/01/22 20:44:20 ET]
Table 'Luna IV' 6-max Seat #4 is the button
Seat 3: MaRKiToScoK ($100 in chips) is sitting out
Seat 1: Gaita_toien ($135.66 in chips) 
Seat 2: SeaHawksOnAir ($36.04 in chips) 
Seat 4: Tibibacsi ($122 in chips) 
Seat 5: GuigaMan ($100 in chips) 
Seat 6: Weewillis101 ($67.84 in chips) 
GuigaMan: posts small blind $0.50
Weewillis101: posts big blind $1
MaRKiToScoK: sits out 
*** HOLE CARDS ***
Gaita_toien: raises $1.20 to $2.20
SeaHawksOnAir: calls $2.20
Tibibacsi: folds 
GuigaMan: folds 
Weewillis101: folds 
*** FLOP *** [7d 3c 4d]
Gaita_toien: checks 
SeaHawksOnAir: checks 
*** TURN *** [7d 3c 4d] [As]
Gaita_toien: bets $4.82
SeaHawksOnAir: folds 
Uncalled bet ($4.82) returned to Gaita_toien
Gaita_toien collected $5.60 from pot
Gaita_toien: doesn't show hand 
SeaHawksOnAir leaves the table
*** SUMMARY ***
Total pot $5.90 | Rake $0.30 
Board [7d 3c 4d As]
Seat 3: MaRKiToScoK
Seat 1: Gaita_toien collected ($5.60)
Seat 2: SeaHawksOnAir folded on the Turn
Seat 4: Tibibacsi (button) folded before Flop (didn't bet)
Seat 5: GuigaMan (small blind) folded before Flop
Seat 6: Weewillis101 (big blind) folded before Flop



PokerStars Hand #254509501379:  Hold'em No Limit ($0.50/$1.00 USD) - 2025/01/22 1:44:54 WET [2025/01/22 20:44:54 ET]
Table 'Luna IV' 6-max Seat #5 is the button
Seat 3: MaRKiToScoK ($100 in chips) is sitting out
Seat 1: Gaita_toien ($139.06 in chips) 
Seat 4: Tibibacsi ($122 in chips) 
Seat 5: GuigaMan ($100 in chips) 
Seat 6: Weewillis101 ($66.84 in chips) 
Weewillis101: posts small blind $0.50
Gaita_toien: posts big blind $1
MaRKiToScoK: sits out 
*** HOLE CARDS ***
Tibibacsi: folds 
GuigaMan: raises $1.50 to $2.50
Weewillis101: folds 
Gaita_toien: folds 
Uncalled bet ($1.50) returned to GuigaMan
GuigaMan collected $2.50 from pot
*** SUMMARY ***
Total pot $2.50 | Rake $0 
Seat 3: MaRKiToScoK
Seat 1: Gaita_toien (big blind) folded before Flop
Seat 4: Tibibacsi folded before Flop (didn't bet)
Seat 5: GuigaMan (button) collected ($2.50)
Seat 6: Weewillis101 (small blind) folded before Flop



PokerStars Hand #254509503595:  Hold'em No Limit ($0.50/$1.00 USD) - 2025/01/22 1:45:07 WET [2025/01/22 20:45:07 ET]
Table 'Luna IV' 6-max Seat #6 is the button
Seat 1: Gaita_toien ($138.06 in chips) 
Seat 3: MaRKiToScoK ($100 in chips) 
Seat 4: Tibibacsi ($122 in chips) 
Seat 5: GuigaMan ($101.50 in chips) 
Seat 6: Weewillis101 ($66.34 in chips) 
Gaita_toien: posts small blind $0.50
vezis3 joins the table at seat #2 
MaRKiToScoK: posts big blind $1
*** HOLE CARDS ***
Tibibacsi: folds 
GuigaMan: folds 
Weewillis101: folds 
Gaita_toien: folds 
Uncalled bet ($0.50) returned to MaRKiToScoK
MaRKiToScoK collected $1 from pot
*** SUMMARY ***
Total pot $1 | Rake $0 
Seat 1: Gaita_toien (small blind) folded before Flop
Seat 3: MaRKiToScoK (big blind) collected ($1)
Seat 4: Tibibacsi folded before Flop (didn't bet)
Seat 5: GuigaMan folded before Flop (didn't bet)
Seat 6: Weewillis101 (button) folded before Flop (didn't bet)



PokerStars Hand #254509506293:  Hold'em No Limit ($0.50/$1.00 USD) - 2025/01/22 1:45:23 WET [2025/01/22 20:45:23 ET]
Table 'Luna IV' 6-max Seat #1 is the button
Seat 2: vezis3 ($100 in chips) is sitting out
Seat 1: Gaita_toien ($137.56 in chips) 
Seat 3: MaRKiToScoK ($100.50 in chips) 
Seat 4: Tibibacsi ($122 in chips) 
Seat 5: GuigaMan ($101.50 in chips) 
Seat 6: Weewillis101 ($66.34 in chips) 
MaRKiToScoK: posts small blind $0.50
Tibibacsi: posts big blind $1
*** HOLE CARDS ***
GuigaMan: folds 
Weewillis101: folds 
Gaita_toien: raises $1.50 to $2.50
MaRKiToScoK: folds 
Tibibacsi: folds 
Uncalled bet ($1.50) returned to Gaita_toien
Gaita_toien collected $2.50 from pot
Gaita_toien: doesn't show hand 
*** SUMMARY ***
Total pot $2.50 | Rake $0 
Seat 2: vezis3
Seat 1: Gaita_toien (button) collected ($2.50)
Seat 3: MaRKiToScoK (small blind) folded before Flop
Seat 4: Tibibacsi (big blind) folded before Flop
Seat 5: GuigaMan folded before Flop (didn't bet)
Seat 6: Weewillis101 folded before Flop (didn't bet)



PokerStars Hand #254509509424:  Hold'em No Limit ($0.50/$1.00 USD) - 2025/01/22 1:45:42 WET [2025/01/22 20:45:42 ET]
Table 'Luna IV' 6-max Seat #3 is the button
Seat 2: vezis3 ($100 in chips) is sitting out
Seat 1: Gaita_toien ($139.06 in chips) 
Seat 3: MaRKiToScoK ($100 in chips) 
Seat 4: Tibibacsi ($121 in chips) 
Seat 5: GuigaMan ($101.50 in chips) 
Seat 6: Weewillis101 ($66.34 in chips) 
Tibibacsi: posts small blind $0.50
GuigaMan: posts big blind $1
vezis3: sits out 
*** HOLE CARDS ***
Weewillis101: folds 
Gaita_toien: folds 
MaRKiToScoK: raises $1.50 to $2.50
Tibibacsi: folds 
GuigaMan: calls $1.50
*** FLOP *** [Qh Td 7h]
GuigaMan: checks 
MaRKiToScoK: bets $3.92
GuigaMan: calls $3.92
*** TURN *** [Qh Td 7h] [2d]
GuigaMan: checks 
MaRKiToScoK: bets $19
GuigaMan: calls $19
*** RIVER *** [Qh Td 7h 2d] [6c]
GuigaMan: checks 
MaRKiToScoK: bets $74.58 and is all-in
GuigaMan: calls $74.58
*** SHOW DOWN ***
MaRKiToScoK: shows [8h Kh] (high card King)
GuigaMan: shows [8d 9d] (a straight, Six to Ten)
GuigaMan collected $198 from pot
*** SUMMARY ***
Total pot $200.50 | Rake $2.50 
Board [Qh Td 7h 2d 6c]
Seat 2: vezis3
Seat 1: Gaita_toien folded before Flop (didn't bet)
Seat 3: MaRKiToScoK (button) showed [8h Kh] and lost with high card King
Seat 4: Tibibacsi (small blind) folded before Flop
Seat 5: GuigaMan (big blind) showed [8d 9d] and won ($198) with a straight, Six to Ten
Seat 6: Weewillis101 folded before Flop (didn't bet)



PokerStars Hand #254509516560:  Hold'em No Limit ($0.50/$1.00 USD) - 2025/01/22 1:46:27 WET [2025/01/22 20:46:27 ET]
Table 'Luna IV' 6-max Seat #4 is the button
Seat 2: vezis3 ($100 in chips) is sitting out
Seat 1: Gaita_toien ($139.06 in chips) 
Seat 3: MaRKiToScoK ($100 in chips) 
Seat 4: Tibibacsi ($120.50 in chips) 
Seat 5: GuigaMan ($199.50 in chips) 
Seat 6: Weewillis101 ($66.34 in chips) 
GuigaMan: posts small blind $0.50
Weewillis101: posts big blind $1
vezis3: sits out 
*** HOLE CARDS ***
Gaita_toien: folds 
MaRKiToScoK: raises $1.25 to $2.25
Tibibacsi: folds 
GuigaMan: raises $8.75 to $11
Weewillis101: calls $10
MaRKiToScoK: raises $89 to $100 and is all-in
GuigaMan: raises $89 to $189
Weewillis101: calls $55.34 and is all-in
Uncalled bet ($89) returned to GuigaMan
*** FLOP *** [Kh 9h Jd]
*** TURN *** [Kh 9h Jd] [Kd]
*** RIVER *** [Kh 9h Jd Kd] [Th]
*** SHOW DOWN ***
GuigaMan: shows [Ah Ac] (two pair, Aces and Kings)
MaRKiToScoK: shows [Kc Ks] (four of a kind, Kings)
MaRKiToScoK collected $67.32 from side pot
Weewillis101: shows [Ad Td] (two pair, Kings and Tens)
MaRKiToScoK collected $196.52 from main pot
*** SUMMARY ***
Total pot $266.34 Main pot $196.52. Side pot $67.32. | Rake $2.50 
Board [Kh 9h Jd Kd Th]
Seat 2: vezis3
Seat 1: Gaita_toien folded before Flop (didn't bet)
Seat 3: MaRKiToScoK showed [Kc Ks] and won ($263.84) with four of a kind, Kings
Seat 4: Tibibacsi (button) folded before Flop (didn't bet)
Seat 5: GuigaMan (small blind) showed [Ah Ac] and lost with two pair, Aces and Kings
Seat 6: Weewillis101 (big blind) showed [Ad Td] and lost with two pair, Kings and Tens



PokerStars Hand #254509524111:  Hold'em No Limit ($0.50/$1.00 USD) - 2025/01/22 1:47:13 WET [2025/01/22 20:47:13 ET]
Table 'Luna IV' 6-max Seat #5 is the button
Seat 6: Weewillis101 ($0 in chips) is sitting out
Seat 1: Gaita_toien ($139.06 in chips) 
Seat 2: vezis3 ($100 in chips) 
Seat 3: MaRKiToScoK ($263.84 in chips) 
Seat 4: Tibibacsi ($120.50 in chips) 
Seat 5: GuigaMan ($100 in chips) 
Gaita_toien: posts small blind $0.50
vezis3: posts big blind $1
*** HOLE CARDS ***
MaRKiToScoK: folds 
Weewillis101 leaves the table
MaRKiToScoK leaves the table
Tibibacsi: folds 
GuigaMan: folds 
Gaita_toien: raises $2 to $3
vezis3: calls $2
*** FLOP *** [7c 2s 5s]
Gaita_toien: checks 
vezis3: bets $2.39
Gaita_toien: calls $2.39
*** TURN *** [7c 2s 5s] [7s]
Gaita_toien: checks 
vezis3: bets $7.88
Gaita_toien: folds 
Uncalled bet ($7.88) returned to vezis3
vezis3 collected $10.24 from pot
vezis3: doesn't show hand 
*** SUMMARY ***
Total pot $10.78 | Rake $0.54 
Board [7c 2s 5s 7s]
Seat 6: Weewillis101
Seat 1: Gaita_toien (small blind) folded on the Turn
Seat 2: vezis3 (big blind) collected ($10.24)
Seat 3: MaRKiToScoK folded before Flop (didn't bet)
Seat 4: Tibibacsi folded before Flop (didn't bet)
Seat 5: GuigaMan (button) folded before Flop (didn't bet)



PokerStars Hand #254509533562:  Hold'em No Limit ($0.50/$1.00 USD) - 2025/01/22 1:48:11 WET [2025/01/22 20:48:11 ET]
Table 'Luna IV' 6-max Seat #2 is the button
Seat 4: Tibibacsi ($120.50 in chips) is sitting out
Seat 5: GuigaMan ($100 in chips) is sitting out
Seat 1: Gaita_toien ($133.67 in chips) 
Seat 2: vezis3 ($104.85 in chips) 
vezis3: posts small blind $0.50
Tibibacsi: is sitting out 
Gaita_toien: posts big blind $1
*** HOLE CARDS ***
vezis3: folds 
Uncalled bet ($0.50) returned to Gaita_toien
Gaita_toien collected $1 from pot
Gaita_toien: doesn't show hand 
vezis3 leaves the table
Tibibacsi leaves the table
*** SUMMARY ***
Total pot $1 | Rake $0 
Seat 4: Tibibacsi
Seat 5: GuigaMan
Seat 1: Gaita_toien (big blind) collected ($1)
Seat 2: vezis3 (button) (small blind) folded before Flop



