PokerStars Hand #254507610116:  Hold'em No Limit ($0.50/$1.00 USD) - 2025/01/22 23:06:34 WET [2025/01/22 18:06:34 ET]
Table 'Praecipua III' 6-max Seat #2 is the button
Seat 5: michasia ($100 in chips) is sitting out
Seat 6: equilibrium_tv ($10 in chips) is sitting out
Seat 2: Desverdi ($10 in chips) 
Seat 3: CEPTT ($103.57 in chips) 
Seat 4: Xenicide ($100 in chips) 
CEPTT: posts small blind $0.50
Xenicide: posts big blind $1
michasia: sits out 
equilibrium_tv: sits out 
*** HOLE CARDS ***
Desverdi: folds 
CEPTT: folds 
Uncalled bet ($0.50) returned to Xenicide
Xenicide collected $1 from pot
*** SUMMARY ***
Total pot $1 | Rake $0 
Seat 5: michasia
Seat 6: equilibrium_tv
Seat 2: Desverdi (button) folded before Flop (didn't bet)
Seat 3: CEPTT (small blind) folded before Flop
Seat 4: Xenicide (big blind) collected ($1)



PokerStars Hand #254507614892:  Hold'em No Limit ($0.50/$1.00 USD) - 2025/01/22 23:06:52 WET [2025/01/22 18:06:52 ET]
Table 'Praecipua III' 6-max Seat #3 is the button
Seat 6: equilibrium_tv ($10 in chips) is sitting out
Seat 2: Desverdi ($10 in chips) 
Seat 3: CEPTT ($103.07 in chips) 
Seat 4: Xenicide ($100.50 in chips) 
Seat 5: michasia ($100 in chips) 
Xenicide: posts small blind $0.50
michasia: posts big blind $1
equilibrium_tv: sits out 
*** HOLE CARDS ***
Desverdi: folds 
CEPTT: folds 
Xenicide: folds 
Uncalled bet ($0.50) returned to michasia
michasia collected $1 from pot
michasia: doesn't show hand 
*** SUMMARY ***
Total pot $1 | Rake $0 
Seat 6: equilibrium_tv
Seat 2: Desverdi folded before Flop (didn't bet)
Seat 3: CEPTT (button) folded before Flop (didn't bet)
Seat 4: Xenicide (small blind) folded before Flop
Seat 5: michasia (big blind) collected ($1)



PokerStars Hand #254507618873:  Hold'em No Limit ($0.50/$1.00 USD) - 2025/01/22 23:07:07 WET [2025/01/22 18:07:07 ET]
Table 'Praecipua III' 6-max Seat #4 is the button
Seat 2: Desverdi ($10 in chips) 
Seat 3: CEPTT ($103.07 in chips) 
Seat 4: Xenicide ($100 in chips) 
Seat 5: michasia ($100.50 in chips) 
Seat 6: equilibrium_tv ($10 in chips) 
michasia: posts small blind $0.50
equilibrium_tv: posts big blind $1
*** HOLE CARDS ***
Desverdi: folds 
CEPTT: folds 
Desverdi leaves the table
Xenicide: raises $1.25 to $2.25
michasia: folds 
equilibrium_tv: folds 
Uncalled bet ($1.25) returned to Xenicide
Xenicide collected $2.50 from pot
equilibrium_tv leaves the table
*** SUMMARY ***
Total pot $2.50 | Rake $0 
Seat 2: Desverdi folded before Flop (didn't bet)
Seat 3: CEPTT folded before Flop (didn't bet)
Seat 4: Xenicide (button) collected ($2.50)
Seat 5: michasia (small blind) folded before Flop
Seat 6: equilibrium_tv (big blind) folded before Flop



PokerStars Hand #254507626762:  Hold'em No Limit ($0.50/$1.00 USD) - 2025/01/22 23:07:39 WET [2025/01/22 18:07:39 ET]
Table 'Praecipua III' 6-max Seat #5 is the button
Seat 3: CEPTT ($103.07 in chips) 
Seat 4: Xenicide ($101.50 in chips) 
Seat 5: michasia ($100 in chips) 
CEPTT: posts small blind $0.50
Xenicide: posts big blind $1
*** HOLE CARDS ***
michasia: folds 
CEPTT: raises $2 to $3
Xenicide: calls $2
*** FLOP *** [Jd Kh 9c]
michasia leaves the table
CEPTT: bets $1.71
Xenicide: calls $1.71
*** TURN *** [Jd Kh 9c] [Kc]
CEPTT: checks 
Xenicide: bets $6.71
CEPTT: calls $6.71
*** RIVER *** [Jd Kh 9c Kc] [Ah]
CEPTT: checks 
Xenicide: checks 
*** SHOW DOWN ***
CEPTT: shows [Jc Ad] (two pair, Aces and Kings)
Xenicide: mucks hand 
CEPTT collected $21.84 from pot
*** SUMMARY ***
Total pot $22.84 | Rake $1 
Board [Jd Kh 9c Kc Ah]
Seat 3: CEPTT (small blind) showed [Jc Ad] and won ($21.84) with two pair, Aces and Kings
Seat 4: Xenicide (big blind) mucked
Seat 5: michasia (button) folded before Flop (didn't bet)



