PokerStars Hand #254500488801:  Hold'em No Limit ($0.50/$1.00 USD) - 2025/01/22 16:45:25 WET [2025/01/22 11:45:25 ET]
Table 'Franzia IV' 6-max Seat #6 is the button
Seat 1: BoyLoc0 ($112.66 in chips) 
Seat 6: AllRaise101 ($100 in chips) 
AllRaise101: posts small blind $0.50
BoyLoc0: posts big blind $1
*** HOLE CARDS ***
AllRaise101: folds 
Uncalled bet ($0.50) returned to BoyLoc0
BoyLoc0 collected $1 from pot
BoyLoc0: doesn't show hand 
*** SUMMARY ***
Total pot $1 | Rake $0 
Seat 1: BoyLoc0 (big blind) collected ($1)
Seat 6: AllRaise101 (button) (small blind) folded before Flop



PokerStars Hand #254500490274:  Hold'em No Limit ($0.50/$1.00 USD) - 2025/01/22 16:45:31 WET [2025/01/22 11:45:31 ET]
Table 'Franzia IV' 6-max Seat #1 is the button
Seat 1: BoyLoc0 ($113.16 in chips) 
Seat 6: AllRaise101 ($100 in chips) 
BoyLoc0: posts small blind $0.50
AllRaise101: posts big blind $1
*** HOLE CARDS ***
BoyLoc0: folds 
Uncalled bet ($0.50) returned to AllRaise101
AllRaise101 collected $1 from pot
*** SUMMARY ***
Total pot $1 | Rake $0 
Seat 1: BoyLoc0 (button) (small blind) folded before Flop
Seat 6: AllRaise101 (big blind) collected ($1)



PokerStars Hand #254500491745:  Hold'em No Limit ($0.50/$1.00 USD) - 2025/01/22 16:45:38 WET [2025/01/22 11:45:38 ET]
Table 'Franzia IV' 6-max Seat #6 is the button
Seat 1: BoyLoc0 ($112.66 in chips) 
Seat 6: AllRaise101 ($100.50 in chips) 
AllRaise101: posts small blind $0.50
BoyLoc0: posts big blind $1
*** HOLE CARDS ***
AllRaise101: raises $1 to $2
BoyLoc0: folds 
Uncalled bet ($1) returned to AllRaise101
AllRaise101 collected $2 from pot
*** SUMMARY ***
Total pot $2 | Rake $0 
Seat 1: BoyLoc0 (big blind) folded before Flop
Seat 6: AllRaise101 (button) (small blind) collected ($2)



PokerStars Hand #254500493844:  Hold'em No Limit ($0.50/$1.00 USD) - 2025/01/22 16:45:47 WET [2025/01/22 11:45:47 ET]
Table 'Franzia IV' 6-max Seat #1 is the button
Seat 1: BoyLoc0 ($111.66 in chips) 
Seat 6: AllRaise101 ($101.50 in chips) 
BoyLoc0: posts small blind $0.50
AllRaise101: posts big blind $1
*** HOLE CARDS ***
BoyLoc0: raises $1 to $2
AllRaise101: calls $1
*** FLOP *** [2d 4h 4d]
AllRaise101: checks 
BoyLoc0: checks 
*** TURN *** [2d 4h 4d] [8c]
AllRaise101: checks 
BoyLoc0: bets $2.85
AllRaise101: folds 
Uncalled bet ($2.85) returned to BoyLoc0
BoyLoc0 collected $3.80 from pot
BoyLoc0: doesn't show hand 
*** SUMMARY ***
Total pot $4 | Rake $0.20 
Board [2d 4h 4d 8c]
Seat 1: BoyLoc0 (button) (small blind) collected ($3.80)
Seat 6: AllRaise101 (big blind) folded on the Turn



PokerStars Hand #254500498833:  Hold'em No Limit ($0.50/$1.00 USD) - 2025/01/22 16:46:10 WET [2025/01/22 11:46:10 ET]
Table 'Franzia IV' 6-max Seat #6 is the button
Seat 1: BoyLoc0 ($113.46 in chips) 
Seat 6: AllRaise101 ($100 in chips) 
AllRaise101: posts small blind $0.50
BoyLoc0: posts big blind $1
*** HOLE CARDS ***
AllRaise101: raises $1 to $2
BoyLoc0: raises $7 to $9
AllRaise101: folds 
Uncalled bet ($7) returned to BoyLoc0
BoyLoc0 collected $4 from pot
BoyLoc0: doesn't show hand 
*** SUMMARY ***
Total pot $4 | Rake $0 
Seat 1: BoyLoc0 (big blind) collected ($4)
Seat 6: AllRaise101 (button) (small blind) folded before Flop



PokerStars Hand #254500504397:  Hold'em No Limit ($0.50/$1.00 USD) - 2025/01/22 16:46:35 WET [2025/01/22 11:46:35 ET]
Table 'Franzia IV' 6-max Seat #1 is the button
Seat 1: BoyLoc0 ($115.46 in chips) 
Seat 6: AllRaise101 ($100 in chips) 
BoyLoc0: posts small blind $0.50
AllRaise101: posts big blind $1
*** HOLE CARDS ***
BoyLoc0: raises $1.50 to $2.50
AllRaise101: calls $1.50
*** FLOP *** [Tc 3c Ah]
AllRaise101: checks 
BoyLoc0: checks 
*** TURN *** [Tc 3c Ah] [5h]
AllRaise101: bets $4
BoyLoc0: calls $4
*** RIVER *** [Tc 3c Ah 5h] [Qs]
AllRaise101: bets $20.35
BoyLoc0: folds 
Uncalled bet ($20.35) returned to AllRaise101
AllRaise101 collected $12.35 from pot
*** SUMMARY ***
Total pot $13 | Rake $0.65 
Board [Tc 3c Ah 5h Qs]
Seat 1: BoyLoc0 (button) (small blind) folded on the River
Seat 6: AllRaise101 (big blind) collected ($12.35)



PokerStars Hand #254500511564:  Hold'em No Limit ($0.50/$1.00 USD) - 2025/01/22 16:47:07 WET [2025/01/22 11:47:07 ET]
Table 'Franzia IV' 6-max Seat #6 is the button
Seat 1: BoyLoc0 ($108.96 in chips) 
Seat 6: AllRaise101 ($105.85 in chips) 
AllRaise101: posts small blind $0.50
BoyLoc0: posts big blind $1
*** HOLE CARDS ***
AllRaise101: raises $1 to $2
BoyLoc0: raises $7 to $9
AllRaise101: calls $7
*** FLOP *** [2d Qs 2c]
BoyLoc0: bets $5.64
AllRaise101: folds 
Uncalled bet ($5.64) returned to BoyLoc0
BoyLoc0 collected $17.10 from pot
BoyLoc0: doesn't show hand 
*** SUMMARY ***
Total pot $18 | Rake $0.90 
Board [2d Qs 2c]
Seat 1: BoyLoc0 (big blind) collected ($17.10)
Seat 6: AllRaise101 (button) (small blind) folded on the Flop



PokerStars Hand #254500516988:  Hold'em No Limit ($0.50/$1.00 USD) - 2025/01/22 16:47:31 WET [2025/01/22 11:47:31 ET]
Table 'Franzia IV' 6-max Seat #1 is the button
Seat 1: BoyLoc0 ($117.06 in chips) 
Seat 6: AllRaise101 ($100 in chips) 
BoyLoc0: posts small blind $0.50
AllRaise101: posts big blind $1
*** HOLE CARDS ***
BoyLoc0: raises $1.50 to $2.50
AllRaise101: folds 
Uncalled bet ($1.50) returned to BoyLoc0
BoyLoc0 collected $2 from pot
BoyLoc0: doesn't show hand 
*** SUMMARY ***
Total pot $2 | Rake $0 
Seat 1: BoyLoc0 (button) (small blind) collected ($2)
Seat 6: AllRaise101 (big blind) folded before Flop



PokerStars Hand #254500518897:  Hold'em No Limit ($0.50/$1.00 USD) - 2025/01/22 16:47:39 WET [2025/01/22 11:47:39 ET]
Table 'Franzia IV' 6-max Seat #6 is the button
Seat 1: BoyLoc0 ($118.06 in chips) 
Seat 6: AllRaise101 ($100 in chips) 
AllRaise101: posts small blind $0.50
BoyLoc0: posts big blind $1
*** HOLE CARDS ***
AllRaise101: folds 
Uncalled bet ($0.50) returned to BoyLoc0
BoyLoc0 collected $1 from pot
BoyLoc0: doesn't show hand 
*** SUMMARY ***
Total pot $1 | Rake $0 
Seat 1: BoyLoc0 (big blind) collected ($1)
Seat 6: AllRaise101 (button) (small blind) folded before Flop



PokerStars Hand #254500520448:  Hold'em No Limit ($0.50/$1.00 USD) - 2025/01/22 16:47:46 WET [2025/01/22 11:47:46 ET]
Table 'Franzia IV' 6-max Seat #1 is the button
Seat 1: BoyLoc0 ($118.56 in chips) 
Seat 6: AllRaise101 ($100 in chips) 
BoyLoc0: posts small blind $0.50
AllRaise101: posts big blind $1
*** HOLE CARDS ***
BoyLoc0: folds 
Uncalled bet ($0.50) returned to AllRaise101
AllRaise101 collected $1 from pot
*** SUMMARY ***
Total pot $1 | Rake $0 
Seat 1: BoyLoc0 (button) (small blind) folded before Flop
Seat 6: AllRaise101 (big blind) collected ($1)



PokerStars Hand #254500522097:  Hold'em No Limit ($0.50/$1.00 USD) - 2025/01/22 16:47:53 WET [2025/01/22 11:47:53 ET]
Table 'Franzia IV' 6-max Seat #6 is the button
Seat 1: BoyLoc0 ($118.06 in chips) 
Seat 6: AllRaise101 ($100.50 in chips) 
AllRaise101: posts small blind $0.50
BoyLoc0: posts big blind $1
*** HOLE CARDS ***
AllRaise101: raises $1 to $2
BoyLoc0: calls $1
*** FLOP *** [8s Ts 7d]
BoyLoc0: checks 
AllRaise101: bets $2.90
BoyLoc0: calls $2.90
*** TURN *** [8s Ts 7d] [Jd]
BoyLoc0: checks 
AllRaise101: bets $7.31
BoyLoc0: raises $11.97 to $19.28
AllRaise101: calls $11.97
*** RIVER *** [8s Ts 7d Jd] [2d]
BoyLoc0: checks 
AllRaise101: checks 
*** SHOW DOWN ***
BoyLoc0: shows [Kc 9c] (a straight, Seven to Jack)
AllRaise101: mucks hand 
BoyLoc0 collected $47.36 from pot
*** SUMMARY ***
Total pot $48.36 | Rake $1 
Board [8s Ts 7d Jd 2d]
Seat 1: BoyLoc0 (big blind) showed [Kc 9c] and won ($47.36) with a straight, Seven to Jack
Seat 6: AllRaise101 (button) (small blind) mucked



PokerStars Hand #254500530962:  Hold'em No Limit ($0.50/$1.00 USD) - 2025/01/22 16:48:32 WET [2025/01/22 11:48:32 ET]
Table 'Franzia IV' 6-max Seat #1 is the button
Seat 1: BoyLoc0 ($141.24 in chips) 
Seat 6: AllRaise101 ($100 in chips) 
BoyLoc0: posts small blind $0.50
AllRaise101: posts big blind $1
*** HOLE CARDS ***
BoyLoc0: raises $1.50 to $2.50
AllRaise101: folds 
Uncalled bet ($1.50) returned to BoyLoc0
BoyLoc0 collected $2 from pot
BoyLoc0: doesn't show hand 
*** SUMMARY ***
Total pot $2 | Rake $0 
Seat 1: BoyLoc0 (button) (small blind) collected ($2)
Seat 6: AllRaise101 (big blind) folded before Flop



PokerStars Hand #254500532732:  Hold'em No Limit ($0.50/$1.00 USD) - 2025/01/22 16:48:40 WET [2025/01/22 11:48:40 ET]
Table 'Franzia IV' 6-max Seat #6 is the button
Seat 1: BoyLoc0 ($142.24 in chips) 
Seat 6: AllRaise101 ($100 in chips) 
AllRaise101: posts small blind $0.50
BoyLoc0: posts big blind $1
*** HOLE CARDS ***
AllRaise101: folds 
Uncalled bet ($0.50) returned to BoyLoc0
BoyLoc0 collected $1 from pot
BoyLoc0: doesn't show hand 
*** SUMMARY ***
Total pot $1 | Rake $0 
Seat 1: BoyLoc0 (big blind) collected ($1)
Seat 6: AllRaise101 (button) (small blind) folded before Flop



PokerStars Hand #254500534444:  Hold'em No Limit ($0.50/$1.00 USD) - 2025/01/22 16:48:48 WET [2025/01/22 11:48:48 ET]
Table 'Franzia IV' 6-max Seat #1 is the button
Seat 1: BoyLoc0 ($142.74 in chips) 
Seat 6: AllRaise101 ($100 in chips) 
UnderC@t joins the table at seat #3 
BoyLoc0: posts small blind $0.50
AllRaise101: posts big blind $1
*** HOLE CARDS ***
BoyLoc0: raises $1.50 to $2.50
AllRaise101: raises $8 to $10.50
BoyLoc0: calls $8
*** FLOP *** [Kc Tc Jc]
AllRaise101: bets $6
BoyLoc0: folds 
Uncalled bet ($6) returned to AllRaise101
AllRaise101 collected $20 from pot
*** SUMMARY ***
Total pot $21 | Rake $1 
Board [Kc Tc Jc]
Seat 1: BoyLoc0 (button) (small blind) folded on the Flop
Seat 6: AllRaise101 (big blind) collected ($20)



PokerStars Hand #254500539699:  Hold'em No Limit ($0.50/$1.00 USD) - 2025/01/22 16:49:11 WET [2025/01/22 11:49:11 ET]
Table 'Franzia IV' 6-max Seat #6 is the button
Seat 1: BoyLoc0 ($132.24 in chips) 
Seat 3: UnderC@t ($100 in chips) 
Seat 6: AllRaise101 ($109.50 in chips) 
BoyLoc0: posts small blind $0.50
UnderC@t: posts big blind $1
*** HOLE CARDS ***
AllRaise101: folds 
BoyLoc0: folds 
Uncalled bet ($0.50) returned to UnderC@t
UnderC@t collected $1 from pot
UnderC@t: doesn't show hand 
*** SUMMARY ***
Total pot $1 | Rake $0 
Seat 1: BoyLoc0 (small blind) folded before Flop
Seat 3: UnderC@t (big blind) collected ($1)
Seat 6: AllRaise101 (button) folded before Flop (didn't bet)



PokerStars Hand #254500541350:  Hold'em No Limit ($0.50/$1.00 USD) - 2025/01/22 16:49:18 WET [2025/01/22 11:49:18 ET]
Table 'Franzia IV' 6-max Seat #1 is the button
Seat 1: BoyLoc0 ($131.74 in chips) 
Seat 3: UnderC@t ($100.50 in chips) 
Seat 6: AllRaise101 ($109.50 in chips) 
UnderC@t: posts small blind $0.50
AllRaise101: posts big blind $1
*** HOLE CARDS ***
BoyLoc0: raises $1.50 to $2.50
UnderC@t: folds 
AllRaise101: folds 
Uncalled bet ($1.50) returned to BoyLoc0
BoyLoc0 collected $2.50 from pot
BoyLoc0: doesn't show hand 
*** SUMMARY ***
Total pot $2.50 | Rake $0 
Seat 1: BoyLoc0 (button) collected ($2.50)
Seat 3: UnderC@t (small blind) folded before Flop
Seat 6: AllRaise101 (big blind) folded before Flop



PokerStars Hand #254500543732:  Hold'em No Limit ($0.50/$1.00 USD) - 2025/01/22 16:49:29 WET [2025/01/22 11:49:29 ET]
Table 'Franzia IV' 6-max Seat #3 is the button
Seat 1: BoyLoc0 ($133.24 in chips) 
Seat 3: UnderC@t ($100 in chips) 
Seat 6: AllRaise101 ($108.50 in chips) 
AllRaise101: posts small blind $0.50
BoyLoc0: posts big blind $1
*** HOLE CARDS ***
UnderC@t: raises $1.50 to $2.50
AllRaise101: calls $2
BoyLoc0: raises $12.50 to $15
UnderC@t: calls $12.50
AllRaise101: folds 
*** FLOP *** [Ks Jd 8d]
BoyLoc0: bets $10.40
UnderC@t: folds 
Uncalled bet ($10.40) returned to BoyLoc0
BoyLoc0 collected $31.50 from pot
BoyLoc0: doesn't show hand 
*** SUMMARY ***
Total pot $32.50 | Rake $1 
Board [Ks Jd 8d]
Seat 1: BoyLoc0 (big blind) collected ($31.50)
Seat 3: UnderC@t (button) folded on the Flop
Seat 6: AllRaise101 (small blind) folded before Flop



PokerStars Hand #254500552654:  Hold'em No Limit ($0.50/$1.00 USD) - 2025/01/22 16:50:08 WET [2025/01/22 11:50:08 ET]
Table 'Franzia IV' 6-max Seat #6 is the button
Seat 1: BoyLoc0 ($149.74 in chips) 
Seat 3: UnderC@t ($100 in chips) 
Seat 6: AllRaise101 ($106 in chips) 
BoyLoc0: posts small blind $0.50
UnderC@t: posts big blind $1
*** HOLE CARDS ***
AllRaise101: folds 
BoyLoc0: folds 
Uncalled bet ($0.50) returned to UnderC@t
UnderC@t collected $1 from pot
UnderC@t: doesn't show hand 
*** SUMMARY ***
Total pot $1 | Rake $0 
Seat 1: BoyLoc0 (small blind) folded before Flop
Seat 3: UnderC@t (big blind) collected ($1)
Seat 6: AllRaise101 (button) folded before Flop (didn't bet)



PokerStars Hand #254500554268:  Hold'em No Limit ($0.50/$1.00 USD) - 2025/01/22 16:50:16 WET [2025/01/22 11:50:16 ET]
Table 'Franzia IV' 6-max Seat #1 is the button
Seat 1: BoyLoc0 ($149.24 in chips) 
Seat 3: UnderC@t ($100.50 in chips) 
Seat 6: AllRaise101 ($106 in chips) 
UnderC@t: posts small blind $0.50
AllRaise101: posts big blind $1
*** HOLE CARDS ***
BoyLoc0: raises $1.50 to $2.50
UnderC@t: folds 
AllRaise101: raises $9.50 to $12
BoyLoc0: folds 
Uncalled bet ($9.50) returned to AllRaise101
AllRaise101 collected $5.50 from pot
*** SUMMARY ***
Total pot $5.50 | Rake $0 
Seat 1: BoyLoc0 (button) folded before Flop
Seat 3: UnderC@t (small blind) folded before Flop
Seat 6: AllRaise101 (big blind) collected ($5.50)



PokerStars Hand #254500558105:  Hold'em No Limit ($0.50/$1.00 USD) - 2025/01/22 16:50:32 WET [2025/01/22 11:50:32 ET]
Table 'Franzia IV' 6-max Seat #3 is the button
Seat 1: BoyLoc0 ($146.74 in chips) 
Seat 3: UnderC@t ($100 in chips) 
Seat 6: AllRaise101 ($109 in chips) 
AllRaise101: posts small blind $0.50
BoyLoc0: posts big blind $1
*** HOLE CARDS ***
UnderC@t: raises $1.50 to $2.50
AllRaise101: folds 
BoyLoc0: raises $10.50 to $13
UnderC@t: calls $10.50
*** FLOP *** [6s 8c 9c]
BoyLoc0: checks 
UnderC@t: checks 
*** TURN *** [6s 8c 9c] [Ks]
BoyLoc0: checks 
UnderC@t: checks 
*** RIVER *** [6s 8c 9c Ks] [Td]
BoyLoc0: checks 
UnderC@t: checks 
*** SHOW DOWN ***
BoyLoc0: shows [Jh 8s] (a pair of Eights)
UnderC@t: mucks hand 
BoyLoc0 collected $25.50 from pot
*** SUMMARY ***
Total pot $26.50 | Rake $1 
Board [6s 8c 9c Ks Td]
Seat 1: BoyLoc0 (big blind) showed [Jh 8s] and won ($25.50) with a pair of Eights
Seat 3: UnderC@t (button) mucked
Seat 6: AllRaise101 (small blind) folded before Flop



PokerStars Hand #254501071836:  Hold'em No Limit ($0.50/$1.00 USD) - 2025/01/22 16:51:32 WET [2025/01/22 11:51:32 ET]
Table 'Franzia IV' 6-max Seat #6 is the button
Seat 1: BoyLoc0 ($159.24 in chips) 
Seat 3: UnderC@t ($100 in chips) 
Seat 6: AllRaise101 ($108.50 in chips) 
BoyLoc0: posts small blind $0.50
UnderC@t: posts big blind $1
*** HOLE CARDS ***
AllRaise101: raises $1.50 to $2.50
BoyLoc0: folds 
UnderC@t: calls $1.50
*** FLOP *** [Ah 7h 2d]
UnderC@t: checks 
AllRaise101: bets $1.61
UnderC@t: folds 
Uncalled bet ($1.61) returned to AllRaise101
AllRaise101 collected $5.22 from pot
*** SUMMARY ***
Total pot $5.50 | Rake $0.28 
Board [Ah 7h 2d]
Seat 1: BoyLoc0 (small blind) folded before Flop
Seat 3: UnderC@t (big blind) folded on the Flop
Seat 6: AllRaise101 (button) collected ($5.22)



PokerStars Hand #254501076492:  Hold'em No Limit ($0.50/$1.00 USD) - 2025/01/22 16:51:53 WET [2025/01/22 11:51:53 ET]
Table 'Franzia IV' 6-max Seat #1 is the button
Seat 1: BoyLoc0 ($158.74 in chips) 
Seat 3: UnderC@t ($100 in chips) 
Seat 6: AllRaise101 ($111.22 in chips) 
UnderC@t: posts small blind $0.50
AllRaise101: posts big blind $1
*** HOLE CARDS ***
BoyLoc0: raises $1.50 to $2.50
UnderC@t: folds 
AllRaise101: folds 
Uncalled bet ($1.50) returned to BoyLoc0
BoyLoc0 collected $2.50 from pot
BoyLoc0: doesn't show hand 
*** SUMMARY ***
Total pot $2.50 | Rake $0 
Seat 1: BoyLoc0 (button) collected ($2.50)
Seat 3: UnderC@t (small blind) folded before Flop
Seat 6: AllRaise101 (big blind) folded before Flop



PokerStars Hand #254501078995:  Hold'em No Limit ($0.50/$1.00 USD) - 2025/01/22 16:52:04 WET [2025/01/22 11:52:04 ET]
Table 'Franzia IV' 6-max Seat #3 is the button
Seat 1: BoyLoc0 ($160.24 in chips) 
Seat 3: UnderC@t ($100 in chips) 
Seat 6: AllRaise101 ($110.22 in chips) 
AllRaise101: posts small blind $0.50
BoyLoc0: posts big blind $1
*** HOLE CARDS ***
UnderC@t: raises $1.50 to $2.50
AllRaise101: folds 
BoyLoc0: calls $1.50
*** FLOP *** [Tc 6d 4c]
BoyLoc0: checks 
AllRaise101 is disconnected 
UnderC@t: bets $1.57
BoyLoc0: calls $1.57
*** TURN *** [Tc 6d 4c] [As]
BoyLoc0: checks 
UnderC@t: bets $4.11
BoyLoc0: folds 
Uncalled bet ($4.11) returned to UnderC@t
UnderC@t collected $8.21 from pot
UnderC@t: doesn't show hand 
*** SUMMARY ***
Total pot $8.64 | Rake $0.43 
Board [Tc 6d 4c As]
Seat 1: BoyLoc0 (big blind) folded on the Turn
Seat 3: UnderC@t (button) collected ($8.21)
Seat 6: AllRaise101 (small blind) folded before Flop



PokerStars Hand #254501091798:  Hold'em No Limit ($0.50/$1.00 USD) - 2025/01/22 16:53:00 WET [2025/01/22 11:53:00 ET]
Table 'Franzia IV' 6-max Seat #6 is the button
Seat 1: BoyLoc0 ($156.17 in chips) 
Seat 3: UnderC@t ($104.14 in chips) 
Seat 6: AllRaise101 ($109.72 in chips) 
AllRaise101 is disconnected 
BoyLoc0: posts small blind $0.50
UnderC@t: posts big blind $1
*** HOLE CARDS ***
AllRaise101 has timed out while disconnected
AllRaise101: folds 
BoyLoc0: folds 
Uncalled bet ($0.50) returned to UnderC@t
UnderC@t collected $1 from pot
UnderC@t: doesn't show hand 
*** SUMMARY ***
Total pot $1 | Rake $0 
Seat 1: BoyLoc0 (small blind) folded before Flop
Seat 3: UnderC@t (big blind) collected ($1)
Seat 6: AllRaise101 (button) folded before Flop (didn't bet)



PokerStars Hand #254501095120:  Hold'em No Limit ($0.50/$1.00 USD) - 2025/01/22 16:53:15 WET [2025/01/22 11:53:15 ET]
Table 'Franzia IV' 6-max Seat #1 is the button
Seat 1: BoyLoc0 ($155.67 in chips) 
Seat 3: UnderC@t ($104.64 in chips) 
Seat 6: AllRaise101 ($109.72 in chips) 
UnderC@t: posts small blind $0.50
AllRaise101: posts big blind $1
*** HOLE CARDS ***
BoyLoc0: folds 
UnderC@t: folds 
Uncalled bet ($0.50) returned to AllRaise101
AllRaise101 collected $1 from pot
*** SUMMARY ***
Total pot $1 | Rake $0 
Seat 1: BoyLoc0 (button) folded before Flop (didn't bet)
Seat 3: UnderC@t (small blind) folded before Flop
Seat 6: AllRaise101 (big blind) collected ($1)



PokerStars Hand #254501097373:  Hold'em No Limit ($0.50/$1.00 USD) - 2025/01/22 16:53:25 WET [2025/01/22 11:53:25 ET]
Table 'Franzia IV' 6-max Seat #3 is the button
Seat 1: BoyLoc0 ($155.67 in chips) 
Seat 3: UnderC@t ($104.14 in chips) 
Seat 6: AllRaise101 ($110.22 in chips) 
AllRaise101: posts small blind $0.50
BoyLoc0: posts big blind $1
*** HOLE CARDS ***
UnderC@t: raises $1.50 to $2.50
MoRsCeReBruM joins the table at seat #5 
AllRaise101: folds 
BoyLoc0: folds 
Uncalled bet ($1.50) returned to UnderC@t
UnderC@t collected $2.50 from pot
UnderC@t: doesn't show hand 
*** SUMMARY ***
Total pot $2.50 | Rake $0 
Seat 1: BoyLoc0 (big blind) folded before Flop
Seat 3: UnderC@t (button) collected ($2.50)
Seat 6: AllRaise101 (small blind) folded before Flop



PokerStars Hand #254501102671:  Hold'em No Limit ($0.50/$1.00 USD) - 2025/01/22 16:53:48 WET [2025/01/22 11:53:48 ET]
Table 'Franzia IV' 6-max Seat #6 is the button
Seat 5: MoRsCeReBruM ($100 in chips) is sitting out
Seat 1: BoyLoc0 ($154.67 in chips) 
Seat 3: UnderC@t ($105.64 in chips) 
Seat 6: AllRaise101 ($109.72 in chips) 
BoyLoc0: posts small blind $0.50
UnderC@t: posts big blind $1
MoRsCeReBruM: sits out 
*** HOLE CARDS ***
AllRaise101: folds 
BoyLoc0: folds 
Uncalled bet ($0.50) returned to UnderC@t
UnderC@t collected $1 from pot
UnderC@t: doesn't show hand 
*** SUMMARY ***
Total pot $1 | Rake $0 
Seat 5: MoRsCeReBruM
Seat 1: BoyLoc0 (small blind) folded before Flop
Seat 3: UnderC@t (big blind) collected ($1)
Seat 6: AllRaise101 (button) folded before Flop (didn't bet)



PokerStars Hand #254501105594:  Hold'em No Limit ($0.50/$1.00 USD) - 2025/01/22 16:54:01 WET [2025/01/22 11:54:01 ET]
Table 'Franzia IV' 6-max Seat #1 is the button
Seat 1: BoyLoc0 ($154.17 in chips) 
Seat 3: UnderC@t ($106.14 in chips) 
Seat 5: MoRsCeReBruM ($100 in chips) 
Seat 6: AllRaise101 ($109.72 in chips) 
UnderC@t: posts small blind $0.50
MoRsCeReBruM: posts big blind $1
*** HOLE CARDS ***
AllRaise101: raises $1.50 to $2.50
BoyLoc0: folds 
UnderC@t: folds 
MoRsCeReBruM: folds 
Uncalled bet ($1.50) returned to AllRaise101
AllRaise101 collected $2.50 from pot
*** SUMMARY ***
Total pot $2.50 | Rake $0 
Seat 1: BoyLoc0 (button) folded before Flop (didn't bet)
Seat 3: UnderC@t (small blind) folded before Flop
Seat 5: MoRsCeReBruM (big blind) folded before Flop
Seat 6: AllRaise101 collected ($2.50)



PokerStars Hand #254501108869:  Hold'em No Limit ($0.50/$1.00 USD) - 2025/01/22 16:54:16 WET [2025/01/22 11:54:16 ET]
Table 'Franzia IV' 6-max Seat #3 is the button
Seat 1: BoyLoc0 ($154.17 in chips) 
Seat 3: UnderC@t ($105.64 in chips) 
Seat 5: MoRsCeReBruM ($100 in chips) 
Seat 6: AllRaise101 ($111.22 in chips) 
MoRsCeReBruM: posts small blind $0.50
AllRaise101: posts big blind $1
*** HOLE CARDS ***
BoyLoc0: folds 
UnderC@t: raises $1.50 to $2.50
MoRsCeReBruM: folds 
AllRaise101: folds 
Uncalled bet ($1.50) returned to UnderC@t
UnderC@t collected $2.50 from pot
UnderC@t: doesn't show hand 
*** SUMMARY ***
Total pot $2.50 | Rake $0 
Seat 1: BoyLoc0 folded before Flop (didn't bet)
Seat 3: UnderC@t (button) collected ($2.50)
Seat 5: MoRsCeReBruM (small blind) folded before Flop
Seat 6: AllRaise101 (big blind) folded before Flop



PokerStars Hand #254501112415:  Hold'em No Limit ($0.50/$1.00 USD) - 2025/01/22 16:54:32 WET [2025/01/22 11:54:32 ET]
Table 'Franzia IV' 6-max Seat #5 is the button
Seat 1: BoyLoc0 ($154.17 in chips) 
Seat 3: UnderC@t ($107.14 in chips) 
Seat 5: MoRsCeReBruM ($100 in chips) 
Seat 6: AllRaise101 ($110.22 in chips) 
AllRaise101: posts small blind $0.50
BoyLoc0: posts big blind $1
*** HOLE CARDS ***
UnderC@t: folds 
MoRsCeReBruM: folds 
AllRaise101: raises $2 to $3
BoyLoc0: calls $2
*** FLOP *** [Jc 5d Ad]
AllRaise101: bets $1.85
BoyLoc0: calls $1.85
*** TURN *** [Jc 5d Ad] [9s]
AllRaise101: checks 
BoyLoc0: checks 
*** RIVER *** [Jc 5d Ad 9s] [Th]
AllRaise101: bets $7.22
poker_soul11 joins the table at seat #4 
BoyLoc0: calls $7.22
*** SHOW DOWN ***
AllRaise101: shows [9d Ac] (two pair, Aces and Nines)
BoyLoc0: mucks hand 
AllRaise101 collected $23.14 from pot
*** SUMMARY ***
Total pot $24.14 | Rake $1 
Board [Jc 5d Ad 9s Th]
Seat 1: BoyLoc0 (big blind) mucked
Seat 3: UnderC@t folded before Flop (didn't bet)
Seat 5: MoRsCeReBruM (button) folded before Flop (didn't bet)
Seat 6: AllRaise101 (small blind) showed [9d Ac] and won ($23.14) with two pair, Aces and Nines



PokerStars Hand #254501125254:  Hold'em No Limit ($0.50/$1.00 USD) - 2025/01/22 16:55:33 WET [2025/01/22 11:55:33 ET]
Table 'Franzia IV' 6-max Seat #6 is the button
Seat 4: poker_soul11 ($100 in chips) is sitting out
Seat 1: BoyLoc0 ($142.10 in chips) 
Seat 3: UnderC@t ($107.14 in chips) 
Seat 5: MoRsCeReBruM ($100 in chips) 
Seat 6: AllRaise101 ($121.29 in chips) 
BoyLoc0: posts small blind $0.50
UnderC@t: posts big blind $1
poker_soul11: sits out 
*** HOLE CARDS ***
MoRsCeReBruM has timed out
MoRsCeReBruM: folds 
AllRaise101: folds 
BoyLoc0: raises $2 to $3
UnderC@t: folds 
Uncalled bet ($2) returned to BoyLoc0
BoyLoc0 collected $2 from pot
BoyLoc0: doesn't show hand 
*** SUMMARY ***
Total pot $2 | Rake $0 
Seat 4: poker_soul11
Seat 1: BoyLoc0 (small blind) collected ($2)
Seat 3: UnderC@t (big blind) folded before Flop
Seat 5: MoRsCeReBruM folded before Flop (didn't bet)
Seat 6: AllRaise101 (button) folded before Flop (didn't bet)



PokerStars Hand #254501129086:  Hold'em No Limit ($0.50/$1.00 USD) - 2025/01/22 16:55:55 WET [2025/01/22 11:55:55 ET]
Table 'Franzia IV' 6-max Seat #1 is the button
Seat 5: MoRsCeReBruM ($100 in chips) is sitting out
Seat 1: BoyLoc0 ($143.10 in chips) 
Seat 3: UnderC@t ($106.14 in chips) 
Seat 4: poker_soul11 ($100 in chips) 
Seat 6: AllRaise101 ($121.29 in chips) 
UnderC@t: posts small blind $0.50
poker_soul11: posts big blind $1
*** HOLE CARDS ***
AllRaise101: raises $1.50 to $2.50
BoyLoc0: folds 
UnderC@t: folds 
poker_soul11: folds 
Uncalled bet ($1.50) returned to AllRaise101
AllRaise101 collected $2.50 from pot
*** SUMMARY ***
Total pot $2.50 | Rake $0 
Seat 5: MoRsCeReBruM
Seat 1: BoyLoc0 (button) folded before Flop (didn't bet)
Seat 3: UnderC@t (small blind) folded before Flop
Seat 4: poker_soul11 (big blind) folded before Flop
Seat 6: AllRaise101 collected ($2.50)



PokerStars Hand #254501132348:  Hold'em No Limit ($0.50/$1.00 USD) - 2025/01/22 16:56:13 WET [2025/01/22 11:56:13 ET]
Table 'Franzia IV' 6-max Seat #3 is the button
Seat 5: MoRsCeReBruM ($100 in chips) is sitting out
Seat 1: BoyLoc0 ($143.10 in chips) 
Seat 3: UnderC@t ($105.64 in chips) 
Seat 4: poker_soul11 ($100 in chips) 
Seat 6: AllRaise101 ($122.79 in chips) 
poker_soul11: posts small blind $0.50
AllRaise101: posts big blind $1
*** HOLE CARDS ***
BoyLoc0: folds 
UnderC@t: raises $1.50 to $2.50
poker_soul11: folds 
AllRaise101: calls $1.50
*** FLOP *** [8d 2c 8h]
AllRaise101: checks 
UnderC@t: bets $3.92
AllRaise101: calls $3.92
*** TURN *** [8d 2c 8h] [3h]
AllRaise101: checks 
UnderC@t: checks 
*** RIVER *** [8d 2c 8h 3h] [2d]
AllRaise101: checks 
UnderC@t: checks 
*** SHOW DOWN ***
AllRaise101: shows [Jh Ad] (two pair, Eights and Deuces)
UnderC@t: mucks hand 
AllRaise101 collected $12.67 from pot
*** SUMMARY ***
Total pot $13.34 | Rake $0.67 
Board [8d 2c 8h 3h 2d]
Seat 5: MoRsCeReBruM
Seat 1: BoyLoc0 folded before Flop (didn't bet)
Seat 3: UnderC@t (button) mucked
Seat 4: poker_soul11 (small blind) folded before Flop
Seat 6: AllRaise101 (big blind) showed [Jh Ad] and won ($12.67) with two pair, Eights and Deuces



PokerStars Hand #254501140335:  Hold'em No Limit ($0.50/$1.00 USD) - 2025/01/22 16:56:59 WET [2025/01/22 11:56:59 ET]
Table 'Franzia IV' 6-max Seat #4 is the button
Seat 5: MoRsCeReBruM ($100 in chips) is sitting out
Seat 1: BoyLoc0 ($143.10 in chips) 
Seat 3: UnderC@t ($100 in chips) 
Seat 4: poker_soul11 ($100 in chips) 
Seat 6: AllRaise101 ($129.04 in chips) 
AllRaise101: posts small blind $0.50
BoyLoc0: posts big blind $1
*** HOLE CARDS ***
UnderC@t: folds 
poker_soul11: folds 
AllRaise101: folds 
Uncalled bet ($0.50) returned to BoyLoc0
BoyLoc0 collected $1 from pot
BoyLoc0: doesn't show hand 
*** SUMMARY ***
Total pot $1 | Rake $0 
Seat 5: MoRsCeReBruM
Seat 1: BoyLoc0 (big blind) collected ($1)
Seat 3: UnderC@t folded before Flop (didn't bet)
Seat 4: poker_soul11 (button) folded before Flop (didn't bet)
Seat 6: AllRaise101 (small blind) folded before Flop



PokerStars Hand #254501141564:  Hold'em No Limit ($0.50/$1.00 USD) - 2025/01/22 16:57:06 WET [2025/01/22 11:57:06 ET]
Table 'Franzia IV' 6-max Seat #6 is the button
Seat 5: MoRsCeReBruM ($100 in chips) is sitting out
Seat 1: BoyLoc0 ($143.60 in chips) 
Seat 3: UnderC@t ($100 in chips) 
Seat 4: poker_soul11 ($100 in chips) 
Seat 6: AllRaise101 ($128.54 in chips) 
BoyLoc0: posts small blind $0.50
UnderC@t: posts big blind $1
*** HOLE CARDS ***
poker_soul11: folds 
AllRaise101: folds 
BoyLoc0: raises $2 to $3
UnderC@t: folds 
Uncalled bet ($2) returned to BoyLoc0
BoyLoc0 collected $2 from pot
BoyLoc0: doesn't show hand 
*** SUMMARY ***
Total pot $2 | Rake $0 
Seat 5: MoRsCeReBruM
Seat 1: BoyLoc0 (small blind) collected ($2)
Seat 3: UnderC@t (big blind) folded before Flop
Seat 4: poker_soul11 folded before Flop (didn't bet)
Seat 6: AllRaise101 (button) folded before Flop (didn't bet)



PokerStars Hand #254501144286:  Hold'em No Limit ($0.50/$1.00 USD) - 2025/01/22 16:57:21 WET [2025/01/22 11:57:21 ET]
Table 'Franzia IV' 6-max Seat #1 is the button
Seat 5: MoRsCeReBruM ($100 in chips) is sitting out
Seat 1: BoyLoc0 ($144.60 in chips) 
Seat 3: UnderC@t ($100 in chips) 
Seat 4: poker_soul11 ($100 in chips) 
Seat 6: AllRaise101 ($128.54 in chips) 
UnderC@t: posts small blind $0.50
poker_soul11: posts big blind $1
*** HOLE CARDS ***
AllRaise101: folds 
BoyLoc0: folds 
UnderC@t: raises $2 to $3
poker_soul11: raises $7 to $10
UnderC@t: raises $14 to $24
curti_007 joins the table at seat #2 
poker_soul11: folds 
Uncalled bet ($14) returned to UnderC@t
UnderC@t collected $20 from pot
UnderC@t: doesn't show hand 
*** SUMMARY ***
Total pot $20 | Rake $0 
Seat 5: MoRsCeReBruM
Seat 1: BoyLoc0 (button) folded before Flop (didn't bet)
Seat 3: UnderC@t (small blind) collected ($20)
Seat 4: poker_soul11 (big blind) folded before Flop
Seat 6: AllRaise101 folded before Flop (didn't bet)



PokerStars Hand #254501152881:  Hold'em No Limit ($0.50/$1.00 USD) - 2025/01/22 16:58:10 WET [2025/01/22 11:58:10 ET]
Table 'Franzia IV' 6-max Seat #3 is the button
Seat 5: MoRsCeReBruM ($100 in chips) is sitting out
Seat 1: BoyLoc0 ($144.60 in chips) 
Seat 2: curti_007 ($43 in chips) 
Seat 3: UnderC@t ($110 in chips) 
Seat 4: poker_soul11 ($100 in chips) 
Seat 6: AllRaise101 ($128.54 in chips) 
poker_soul11: posts small blind $0.50
AllRaise101: posts big blind $1
curti_007: posts big blind $1
*** HOLE CARDS ***
BoyLoc0: folds 
curti_007: checks 
UnderC@t: folds 
poker_soul11: folds 
AllRaise101: checks 
*** FLOP *** [9h 5c Ah]
AllRaise101: checks 
curti_007: checks 
*** TURN *** [9h 5c Ah] [6d]
AllRaise101: bets $1.19
curti_007: calls $1.19
*** RIVER *** [9h 5c Ah 6d] [Td]
AllRaise101: bets $3.32
curti_007: calls $3.32
*** SHOW DOWN ***
AllRaise101: shows [Qh 7c] (high card Ace)
curti_007: shows [6c Kd] (a pair of Sixes)
curti_007 collected $10.94 from pot
*** SUMMARY ***
Total pot $11.52 | Rake $0.58 
Board [9h 5c Ah 6d Td]
Seat 5: MoRsCeReBruM
Seat 1: BoyLoc0 folded before Flop (didn't bet)
Seat 2: curti_007 showed [6c Kd] and won ($10.94) with a pair of Sixes
Seat 3: UnderC@t (button) folded before Flop (didn't bet)
Seat 4: poker_soul11 (small blind) folded before Flop
Seat 6: AllRaise101 (big blind) showed [Qh 7c] and lost with high card Ace



PokerStars Hand #254501163389:  Hold'em No Limit ($0.50/$1.00 USD) - 2025/01/22 16:59:09 WET [2025/01/22 11:59:09 ET]
Table 'Franzia IV' 6-max Seat #4 is the button
Seat 5: MoRsCeReBruM ($100 in chips) is sitting out
Seat 1: BoyLoc0 ($144.60 in chips) 
Seat 2: curti_007 ($48.43 in chips) 
Seat 3: UnderC@t ($110 in chips) 
Seat 4: poker_soul11 ($100 in chips) 
Seat 6: AllRaise101 ($123.03 in chips) 
AllRaise101: posts small blind $0.50
BoyLoc0: posts big blind $1
*** HOLE CARDS ***
curti_007: calls $1
UnderC@t: raises $3 to $4
poker_soul11: folds 
AllRaise101: folds 
BoyLoc0: folds 
curti_007: calls $3
*** FLOP *** [2h 7h 3s]
curti_007: checks 
UnderC@t: bets $4
curti_007: folds 
Uncalled bet ($4) returned to UnderC@t
UnderC@t collected $9.02 from pot
UnderC@t: doesn't show hand 
*** SUMMARY ***
Total pot $9.50 | Rake $0.48 
Board [2h 7h 3s]
Seat 5: MoRsCeReBruM
Seat 1: BoyLoc0 (big blind) folded before Flop
Seat 2: curti_007 folded on the Flop
Seat 3: UnderC@t collected ($9.02)
Seat 4: poker_soul11 (button) folded before Flop (didn't bet)
Seat 6: AllRaise101 (small blind) folded before Flop



PokerStars Hand #254501168924:  Hold'em No Limit ($0.50/$1.00 USD) - 2025/01/22 16:59:40 WET [2025/01/22 11:59:40 ET]
Table 'Franzia IV' 6-max Seat #6 is the button
Seat 5: MoRsCeReBruM ($100 in chips) is sitting out
Seat 1: BoyLoc0 ($143.60 in chips) 
Seat 2: curti_007 ($44.43 in chips) 
Seat 3: UnderC@t ($115.02 in chips) 
Seat 4: poker_soul11 ($100 in chips) 
Seat 6: AllRaise101 ($122.53 in chips) 
BoyLoc0: posts small blind $0.50
curti_007: posts big blind $1
MoRsCeReBruM: sits out 
*** HOLE CARDS ***
UnderC@t: folds 
poker_soul11: raises $1.20 to $2.20
AllRaise101: raises $4.90 to $7.10
BoyLoc0: folds 
curti_007: folds 
poker_soul11: calls $4.90
*** FLOP *** [Js 9c Kc]
poker_soul11: checks 
AllRaise101: bets $5
poker_soul11 has timed out
poker_soul11: folds 
Uncalled bet ($5) returned to AllRaise101
AllRaise101 collected $14.92 from pot
*** SUMMARY ***
Total pot $15.70 | Rake $0.78 
Board [Js 9c Kc]
Seat 5: MoRsCeReBruM
Seat 1: BoyLoc0 (small blind) folded before Flop
Seat 2: curti_007 (big blind) folded before Flop
Seat 3: UnderC@t folded before Flop (didn't bet)
Seat 4: poker_soul11 folded on the Flop
Seat 6: AllRaise101 (button) collected ($14.92)



PokerStars Hand #254501181424:  Hold'em No Limit ($0.50/$1.00 USD) - 2025/01/22 17:00:47 WET [2025/01/22 12:00:47 ET]
Table 'Franzia IV' 6-max Seat #1 is the button
Seat 5: MoRsCeReBruM ($100 in chips) is sitting out
Seat 1: BoyLoc0 ($143.10 in chips) 
Seat 2: curti_007 ($43.43 in chips) 
Seat 3: UnderC@t ($115.02 in chips) 
Seat 4: poker_soul11 ($100 in chips) 
Seat 6: AllRaise101 ($130.35 in chips) 
curti_007: posts small blind $0.50
UnderC@t: posts big blind $1
MoRsCeReBruM: sits out 
*** HOLE CARDS ***
poker_soul11: folds 
AllRaise101: folds 
BoyLoc0: raises $1.50 to $2.50
curti_007: calls $2
UnderC@t: folds 
*** FLOP *** [7h 5h 6h]
curti_007: bets $5.70
BoyLoc0: folds 
Uncalled bet ($5.70) returned to curti_007
curti_007 collected $5.70 from pot
curti_007: doesn't show hand 
*** SUMMARY ***
Total pot $6 | Rake $0.30 
Board [7h 5h 6h]
Seat 5: MoRsCeReBruM
Seat 1: BoyLoc0 (button) folded on the Flop
Seat 2: curti_007 (small blind) collected ($5.70)
Seat 3: UnderC@t (big blind) folded before Flop
Seat 4: poker_soul11 folded before Flop (didn't bet)
Seat 6: AllRaise101 folded before Flop (didn't bet)



PokerStars Hand #254501190958:  Hold'em No Limit ($0.50/$1.00 USD) - 2025/01/22 17:01:33 WET [2025/01/22 12:01:33 ET]
Table 'Franzia IV' 6-max Seat #2 is the button
Seat 5: MoRsCeReBruM ($100 in chips) is sitting out
Seat 1: BoyLoc0 ($140.60 in chips) 
Seat 2: curti_007 ($46.63 in chips) 
Seat 3: UnderC@t ($114.02 in chips) 
Seat 4: poker_soul11 ($100 in chips) 
Seat 6: AllRaise101 ($130.35 in chips) 
UnderC@t: posts small blind $0.50
poker_soul11: posts big blind $1
MoRsCeReBruM: sits out 
*** HOLE CARDS ***
AllRaise101: folds 
BoyLoc0: folds 
curti_007: calls $1
UnderC@t: folds 
poker_soul11: raises $2.50 to $3.50
curti_007: calls $2.50
*** FLOP *** [Jd Jh 2s]
poker_soul11: bets $1.78
curti_007: calls $1.78
*** TURN *** [Jd Jh 2s] [4h]
poker_soul11: bets $3.47
curti_007: folds 
Uncalled bet ($3.47) returned to poker_soul11
poker_soul11 collected $10.51 from pot
poker_soul11: doesn't show hand 
*** SUMMARY ***
Total pot $11.06 | Rake $0.55 
Board [Jd Jh 2s 4h]
Seat 5: MoRsCeReBruM
Seat 1: BoyLoc0 folded before Flop (didn't bet)
Seat 2: curti_007 (button) folded on the Turn
Seat 3: UnderC@t (small blind) folded before Flop
Seat 4: poker_soul11 (big blind) collected ($10.51)
Seat 6: AllRaise101 folded before Flop (didn't bet)



PokerStars Hand #254501199599:  Hold'em No Limit ($0.50/$1.00 USD) - 2025/01/22 17:02:12 WET [2025/01/22 12:02:12 ET]
Table 'Franzia IV' 6-max Seat #3 is the button
Seat 1: BoyLoc0 ($140.60 in chips) 
Seat 2: curti_007 ($41.35 in chips) 
Seat 3: UnderC@t ($113.52 in chips) 
Seat 4: poker_soul11 ($105.23 in chips) 
Seat 5: MoRsCeReBruM ($100 in chips) 
Seat 6: AllRaise101 ($130.35 in chips) 
poker_soul11: posts small blind $0.50
MoRsCeReBruM: posts big blind $1
*** HOLE CARDS ***
AllRaise101: folds 
BoyLoc0: folds 
curti_007: folds 
UnderC@t: raises $1.50 to $2.50
poker_soul11: raises $9.50 to $12
MoRsCeReBruM: folds 
UnderC@t: calls $9.50
*** FLOP *** [6h 8h 5s]
poker_soul11: checks 
UnderC@t: checks 
*** TURN *** [6h 8h 5s] [5d]
poker_soul11: bets $11.88
UnderC@t: folds 
Uncalled bet ($11.88) returned to poker_soul11
poker_soul11 collected $23.75 from pot
poker_soul11: doesn't show hand 
*** SUMMARY ***
Total pot $25 | Rake $1.25 
Board [6h 8h 5s 5d]
Seat 1: BoyLoc0 folded before Flop (didn't bet)
Seat 2: curti_007 folded before Flop (didn't bet)
Seat 3: UnderC@t (button) folded on the Turn
Seat 4: poker_soul11 (small blind) collected ($23.75)
Seat 5: MoRsCeReBruM (big blind) folded before Flop
Seat 6: AllRaise101 folded before Flop (didn't bet)



PokerStars Hand #254501217401:  Hold'em No Limit ($0.50/$1.00 USD) - 2025/01/22 17:03:30 WET [2025/01/22 12:03:30 ET]
Table 'Franzia IV' 6-max Seat #4 is the button
Seat 1: BoyLoc0 ($140.60 in chips) 
Seat 2: curti_007 ($41.35 in chips) 
Seat 3: UnderC@t ($101.52 in chips) 
Seat 4: poker_soul11 ($116.98 in chips) 
Seat 5: MoRsCeReBruM ($100 in chips) 
Seat 6: AllRaise101 ($130.35 in chips) 
MoRsCeReBruM: posts small blind $0.50
AllRaise101: posts big blind $1
*** HOLE CARDS ***
BoyLoc0: folds 
curti_007: calls $1
UnderC@t: folds 
poker_soul11: folds 
MoRsCeReBruM: folds 
AllRaise101: checks 
*** FLOP *** [Qc 9d 6c]
AllRaise101: checks 
curti_007: checks 
*** TURN *** [Qc 9d 6c] [Tc]
AllRaise101: checks 
curti_007: checks 
*** RIVER *** [Qc 9d 6c Tc] [5d]
AllRaise101: checks 
curti_007: checks 
*** SHOW DOWN ***
AllRaise101: shows [5h 2d] (a pair of Fives)
curti_007: mucks hand 
AllRaise101 collected $2.38 from pot
*** SUMMARY ***
Total pot $2.50 | Rake $0.12 
Board [Qc 9d 6c Tc 5d]
Seat 1: BoyLoc0 folded before Flop (didn't bet)
Seat 2: curti_007 mucked
Seat 3: UnderC@t folded before Flop (didn't bet)
Seat 4: poker_soul11 (button) folded before Flop (didn't bet)
Seat 5: MoRsCeReBruM (small blind) folded before Flop
Seat 6: AllRaise101 (big blind) showed [5h 2d] and won ($2.38) with a pair of Fives



PokerStars Hand #254501226860:  Hold'em No Limit ($0.50/$1.00 USD) - 2025/01/22 17:04:11 WET [2025/01/22 12:04:11 ET]
Table 'Franzia IV' 6-max Seat #5 is the button
Seat 1: BoyLoc0 ($140.60 in chips) 
Seat 2: curti_007 ($40.35 in chips) 
Seat 3: UnderC@t ($101.52 in chips) 
Seat 4: poker_soul11 ($116.98 in chips) 
Seat 5: MoRsCeReBruM ($100 in chips) 
Seat 6: AllRaise101 ($131.73 in chips) 
AllRaise101: posts small blind $0.50
BoyLoc0: posts big blind $1
*** HOLE CARDS ***
curti_007: calls $1
UnderC@t: raises $3 to $4
poker_soul11: folds 
MoRsCeReBruM: folds 
AllRaise101: folds 
BoyLoc0: raises $10 to $14
curti_007: folds 
UnderC@t: folds 
Uncalled bet ($10) returned to BoyLoc0
BoyLoc0 collected $9.50 from pot
BoyLoc0: doesn't show hand 
*** SUMMARY ***
Total pot $9.50 | Rake $0 
Seat 1: BoyLoc0 (big blind) collected ($9.50)
Seat 2: curti_007 folded before Flop
Seat 3: UnderC@t folded before Flop
Seat 4: poker_soul11 folded before Flop (didn't bet)
Seat 5: MoRsCeReBruM (button) folded before Flop (didn't bet)
Seat 6: AllRaise101 (small blind) folded before Flop



PokerStars Hand #254501236715:  Hold'em No Limit ($0.50/$1.00 USD) - 2025/01/22 17:04:53 WET [2025/01/22 12:04:53 ET]
Table 'Franzia IV' 6-max Seat #6 is the button
Seat 1: BoyLoc0 ($146.10 in chips) 
Seat 2: curti_007 ($39.35 in chips) 
Seat 3: UnderC@t ($100 in chips) 
Seat 4: poker_soul11 ($116.98 in chips) 
Seat 5: MoRsCeReBruM ($100 in chips) 
Seat 6: AllRaise101 ($131.23 in chips) 
BoyLoc0: posts small blind $0.50
curti_007: posts big blind $1
*** HOLE CARDS ***
UnderC@t: folds 
poker_soul11: folds 
MoRsCeReBruM: folds 
AllRaise101: folds 
BoyLoc0: folds 
Uncalled bet ($0.50) returned to curti_007
curti_007 collected $1 from pot
curti_007: doesn't show hand 
*** SUMMARY ***
Total pot $1 | Rake $0 
Seat 1: BoyLoc0 (small blind) folded before Flop
Seat 2: curti_007 (big blind) collected ($1)
Seat 3: UnderC@t folded before Flop (didn't bet)
Seat 4: poker_soul11 folded before Flop (didn't bet)
Seat 5: MoRsCeReBruM folded before Flop (didn't bet)
Seat 6: AllRaise101 (button) folded before Flop (didn't bet)



PokerStars Hand #254501239691:  Hold'em No Limit ($0.50/$1.00 USD) - 2025/01/22 17:05:06 WET [2025/01/22 12:05:06 ET]
Table 'Franzia IV' 6-max Seat #1 is the button
Seat 1: BoyLoc0 ($145.60 in chips) 
Seat 2: curti_007 ($39.85 in chips) 
Seat 3: UnderC@t ($100 in chips) 
Seat 4: poker_soul11 ($116.98 in chips) 
Seat 5: MoRsCeReBruM ($100 in chips) 
Seat 6: AllRaise101 ($131.23 in chips) 
curti_007: posts small blind $0.50
UnderC@t: posts big blind $1
*** HOLE CARDS ***
poker_soul11: raises $1.20 to $2.20
MoRsCeReBruM: folds 
AllRaise101: folds 
BoyLoc0: folds 
curti_007: calls $1.70
UnderC@t: folds 
*** FLOP *** [3s 2s 6h]
curti_007: checks 
poker_soul11: checks 
*** TURN *** [3s 2s 6h] [Ad]
curti_007: checks 
poker_soul11: bets $1.28
curti_007: folds 
Uncalled bet ($1.28) returned to poker_soul11
poker_soul11 collected $5.13 from pot
poker_soul11: doesn't show hand 
*** SUMMARY ***
Total pot $5.40 | Rake $0.27 
Board [3s 2s 6h Ad]
Seat 1: BoyLoc0 (button) folded before Flop (didn't bet)
Seat 2: curti_007 (small blind) folded on the Turn
Seat 3: UnderC@t (big blind) folded before Flop
Seat 4: poker_soul11 collected ($5.13)
Seat 5: MoRsCeReBruM folded before Flop (didn't bet)
Seat 6: AllRaise101 folded before Flop (didn't bet)



PokerStars Hand #254501248763:  Hold'em No Limit ($0.50/$1.00 USD) - 2025/01/22 17:05:45 WET [2025/01/22 12:05:45 ET]
Table 'Franzia IV' 6-max Seat #2 is the button
Seat 1: BoyLoc0 ($145.60 in chips) 
Seat 2: curti_007 ($37.65 in chips) 
Seat 3: UnderC@t ($100 in chips) 
Seat 4: poker_soul11 ($119.91 in chips) 
Seat 5: MoRsCeReBruM ($100 in chips) 
Seat 6: AllRaise101 ($131.23 in chips) 
UnderC@t: posts small blind $0.50
poker_soul11: posts big blind $1
*** HOLE CARDS ***
MoRsCeReBruM: folds 
AllRaise101: folds 
BoyLoc0: raises $1.50 to $2.50
curti_007: folds 
UnderC@t: raises $8.50 to $11
poker_soul11: folds 
BoyLoc0: calls $8.50
*** FLOP *** [8d Jc Jh]
UnderC@t: bets $5
BoyLoc0: calls $5
*** TURN *** [8d Jc Jh] [2c]
UnderC@t: checks 
BoyLoc0: checks 
*** RIVER *** [8d Jc Jh 2c] [7s]
UnderC@t: bets $23.51
BoyLoc0: folds 
Uncalled bet ($23.51) returned to UnderC@t
UnderC@t collected $31.35 from pot
UnderC@t: doesn't show hand 
*** SUMMARY ***
Total pot $33 | Rake $1.65 
Board [8d Jc Jh 2c 7s]
Seat 1: BoyLoc0 folded on the River
Seat 2: curti_007 (button) folded before Flop (didn't bet)
Seat 3: UnderC@t (small blind) collected ($31.35)
Seat 4: poker_soul11 (big blind) folded before Flop
Seat 5: MoRsCeReBruM folded before Flop (didn't bet)
Seat 6: AllRaise101 folded before Flop (didn't bet)



PokerStars Hand #254501264186:  Hold'em No Limit ($0.50/$1.00 USD) - 2025/01/22 17:06:52 WET [2025/01/22 12:06:52 ET]
Table 'Franzia IV' 6-max Seat #3 is the button
Seat 1: BoyLoc0 ($129.60 in chips) 
Seat 2: curti_007 ($37.65 in chips) 
Seat 3: UnderC@t ($115.35 in chips) 
Seat 4: poker_soul11 ($118.91 in chips) 
Seat 5: MoRsCeReBruM ($100 in chips) 
Seat 6: AllRaise101 ($131.23 in chips) 
poker_soul11: posts small blind $0.50
MoRsCeReBruM: posts big blind $1
*** HOLE CARDS ***
AllRaise101: folds 
BoyLoc0: folds 
curti_007: folds 
UnderC@t: raises $1.50 to $2.50
poker_soul11: raises $9.50 to $12
MoRsCeReBruM: folds 
UnderC@t: calls $9.50
*** FLOP *** [Js Jd 2d]
poker_soul11: checks 
UnderC@t: bets $7
poker_soul11: calls $7
*** TURN *** [Js Jd 2d] [8c]
poker_soul11: checks 
curti_007 leaves the table
UnderC@t: bets $11.12
sta$igk joins the table at seat #2 
poker_soul11: raises $29.65 to $40.77
UnderC@t: calls $29.65
*** RIVER *** [Js Jd 2d 8c] [Ad]
poker_soul11: bets $59.14 and is all-in
UnderC@t: folds 
Uncalled bet ($59.14) returned to poker_soul11
poker_soul11 collected $118.04 from pot
poker_soul11: doesn't show hand 
*** SUMMARY ***
Total pot $120.54 | Rake $2.50 
Board [Js Jd 2d 8c Ad]
Seat 1: BoyLoc0 folded before Flop (didn't bet)
Seat 2: curti_007 folded before Flop (didn't bet)
Seat 3: UnderC@t (button) folded on the River
Seat 4: poker_soul11 (small blind) collected ($118.04)
Seat 5: MoRsCeReBruM (big blind) folded before Flop
Seat 6: AllRaise101 folded before Flop (didn't bet)



PokerStars Hand #254501294921:  Hold'em No Limit ($0.50/$1.00 USD) - 2025/01/22 17:09:05 WET [2025/01/22 12:09:05 ET]
Table 'Franzia IV' 6-max Seat #4 is the button
Seat 2: sta$igk ($100 in chips) is sitting out
Seat 1: BoyLoc0 ($129.60 in chips) 
Seat 3: UnderC@t ($100 in chips) 
Seat 4: poker_soul11 ($177.18 in chips) 
Seat 5: MoRsCeReBruM ($100 in chips) 
Seat 6: AllRaise101 ($131.23 in chips) 
MoRsCeReBruM: posts small blind $0.50
AllRaise101: posts big blind $1
sta$igk: sits out 
*** HOLE CARDS ***
BoyLoc0: folds 
UnderC@t: folds 
poker_soul11: raises $1.20 to $2.20
MoRsCeReBruM: folds 
AllRaise101: calls $1.20
*** FLOP *** [6d 4d Qs]
AllRaise101: checks 
poker_soul11: bets $1.54
AllRaise101: calls $1.54
*** TURN *** [6d 4d Qs] [2d]
AllRaise101: checks 
poker_soul11: checks 
*** RIVER *** [6d 4d Qs 2d] [9h]
AllRaise101: bets $2.79
poker_soul11: calls $2.79
*** SHOW DOWN ***
AllRaise101: shows [5c 5s] (a pair of Fives)
poker_soul11: shows [Kc 9s] (a pair of Nines)
poker_soul11 collected $12.88 from pot
*** SUMMARY ***
Total pot $13.56 | Rake $0.68 
Board [6d 4d Qs 2d 9h]
Seat 2: sta$igk
Seat 1: BoyLoc0 folded before Flop (didn't bet)
Seat 3: UnderC@t folded before Flop (didn't bet)
Seat 4: poker_soul11 (button) showed [Kc 9s] and won ($12.88) with a pair of Nines
Seat 5: MoRsCeReBruM (small blind) folded before Flop
Seat 6: AllRaise101 (big blind) showed [5c 5s] and lost with a pair of Fives



PokerStars Hand #254501309036:  Hold'em No Limit ($0.50/$1.00 USD) - 2025/01/22 17:10:05 WET [2025/01/22 12:10:05 ET]
Table 'Franzia IV' 6-max Seat #5 is the button
Seat 2: sta$igk ($100 in chips) is sitting out
Seat 1: BoyLoc0 ($129.60 in chips) 
Seat 3: UnderC@t ($100 in chips) 
Seat 4: poker_soul11 ($183.53 in chips) 
Seat 5: MoRsCeReBruM ($100 in chips) 
Seat 6: AllRaise101 ($124.70 in chips) 
AllRaise101: posts small blind $0.50
BoyLoc0: posts big blind $1
sta$igk: sits out 
*** HOLE CARDS ***
UnderC@t: folds 
poker_soul11: folds 
MoRsCeReBruM: raises $1.50 to $2.50
AllRaise101: folds 
BoyLoc0: calls $1.50
*** FLOP *** [3c Qd Ad]
BoyLoc0: checks 
MoRsCeReBruM: checks 
*** TURN *** [3c Qd Ad] [4d]
BoyLoc0: checks 
MoRsCeReBruM: bets $3.92
BoyLoc0: folds 
Uncalled bet ($3.92) returned to MoRsCeReBruM
MoRsCeReBruM collected $5.22 from pot
MoRsCeReBruM: doesn't show hand 
*** SUMMARY ***
Total pot $5.50 | Rake $0.28 
Board [3c Qd Ad 4d]
Seat 2: sta$igk
Seat 1: BoyLoc0 (big blind) folded on the Turn
Seat 3: UnderC@t folded before Flop (didn't bet)
Seat 4: poker_soul11 folded before Flop (didn't bet)
Seat 5: MoRsCeReBruM (button) collected ($5.22)
Seat 6: AllRaise101 (small blind) folded before Flop



PokerStars Hand #254501319150:  Hold'em No Limit ($0.50/$1.00 USD) - 2025/01/22 17:10:47 WET [2025/01/22 12:10:47 ET]
Table 'Franzia IV' 6-max Seat #6 is the button
Seat 1: BoyLoc0 ($127.10 in chips) 
Seat 2: sta$igk ($100 in chips) 
Seat 3: UnderC@t ($100 in chips) 
Seat 4: poker_soul11 ($183.53 in chips) 
Seat 5: MoRsCeReBruM ($102.72 in chips) 
Seat 6: AllRaise101 ($124.20 in chips) 
BoyLoc0: posts small blind $0.50
sta$igk: posts big blind $1
*** HOLE CARDS ***
UnderC@t: folds 
poker_soul11: folds 
MoRsCeReBruM: folds 
AllRaise101: raises $1.50 to $2.50
BoyLoc0: folds 
sta$igk: folds 
Uncalled bet ($1.50) returned to AllRaise101
AllRaise101 collected $2.50 from pot
*** SUMMARY ***
Total pot $2.50 | Rake $0 
Seat 1: BoyLoc0 (small blind) folded before Flop
Seat 2: sta$igk (big blind) folded before Flop
Seat 3: UnderC@t folded before Flop (didn't bet)
Seat 4: poker_soul11 folded before Flop (didn't bet)
Seat 5: MoRsCeReBruM folded before Flop (didn't bet)
Seat 6: AllRaise101 (button) collected ($2.50)



PokerStars Hand #254501322909:  Hold'em No Limit ($0.50/$1.00 USD) - 2025/01/22 17:11:03 WET [2025/01/22 12:11:03 ET]
Table 'Franzia IV' 6-max Seat #1 is the button
Seat 1: BoyLoc0 ($126.60 in chips) 
Seat 2: sta$igk ($100 in chips) 
Seat 3: UnderC@t ($100 in chips) 
Seat 4: poker_soul11 ($183.53 in chips) 
Seat 5: MoRsCeReBruM ($102.72 in chips) 
Seat 6: AllRaise101 ($125.70 in chips) 
sta$igk: posts small blind $0.50
UnderC@t: posts big blind $1
*** HOLE CARDS ***
poker_soul11: folds 
MoRsCeReBruM: folds 
AllRaise101: folds 
BoyLoc0: raises $1.50 to $2.50
sta$igk: folds 
UnderC@t: folds 
Uncalled bet ($1.50) returned to BoyLoc0
BoyLoc0 collected $2.50 from pot
BoyLoc0: doesn't show hand 
*** SUMMARY ***
Total pot $2.50 | Rake $0 
Seat 1: BoyLoc0 (button) collected ($2.50)
Seat 2: sta$igk (small blind) folded before Flop
Seat 3: UnderC@t (big blind) folded before Flop
Seat 4: poker_soul11 folded before Flop (didn't bet)
Seat 5: MoRsCeReBruM folded before Flop (didn't bet)
Seat 6: AllRaise101 folded before Flop (didn't bet)



PokerStars Hand #254501328966:  Hold'em No Limit ($0.50/$1.00 USD) - 2025/01/22 17:11:28 WET [2025/01/22 12:11:28 ET]
Table 'Franzia IV' 6-max Seat #2 is the button
Seat 1: BoyLoc0 ($128.10 in chips) 
Seat 2: sta$igk ($100 in chips) 
Seat 3: UnderC@t ($100 in chips) 
Seat 4: poker_soul11 ($183.53 in chips) 
Seat 5: MoRsCeReBruM ($102.72 in chips) 
Seat 6: AllRaise101 ($125.70 in chips) 
UnderC@t: posts small blind $0.50
poker_soul11: posts big blind $1
*** HOLE CARDS ***
MoRsCeReBruM: folds 
MoRsCeReBruM leaves the table
AllRaise101: raises $1.50 to $2.50
BoyLoc0: raises $5 to $7.50
sta$igk: folds 
UnderC@t: folds 
poker_soul11: folds 
AllRaise101: folds 
Uncalled bet ($5) returned to BoyLoc0
BoyLoc0 collected $6.50 from pot
BoyLoc0: doesn't show hand 
*** SUMMARY ***
Total pot $6.50 | Rake $0 
Seat 1: BoyLoc0 collected ($6.50)
Seat 2: sta$igk (button) folded before Flop (didn't bet)
Seat 3: UnderC@t (small blind) folded before Flop
Seat 4: poker_soul11 (big blind) folded before Flop
Seat 5: MoRsCeReBruM folded before Flop (didn't bet)
Seat 6: AllRaise101 folded before Flop



PokerStars Hand #254501336544:  Hold'em No Limit ($0.50/$1.00 USD) - 2025/01/22 17:11:58 WET [2025/01/22 12:11:58 ET]
Table 'Franzia IV' 6-max Seat #3 is the button
Seat 1: BoyLoc0 ($132.10 in chips) 
Seat 2: sta$igk ($100 in chips) 
Seat 3: UnderC@t ($100 in chips) 
Seat 4: poker_soul11 ($182.53 in chips) 
Seat 6: AllRaise101 ($123.20 in chips) 
poker_soul11: posts small blind $0.50
AllRaise101: posts big blind $1
*** HOLE CARDS ***
BoyLoc0: folds 
sta$igk: folds 
UnderC@t: folds 
poker_soul11: folds 
Uncalled bet ($0.50) returned to AllRaise101
AllRaise101 collected $1 from pot
*** SUMMARY ***
Total pot $1 | Rake $0 
Seat 1: BoyLoc0 folded before Flop (didn't bet)
Seat 2: sta$igk folded before Flop (didn't bet)
Seat 3: UnderC@t (button) folded before Flop (didn't bet)
Seat 4: poker_soul11 (small blind) folded before Flop
Seat 6: AllRaise101 (big blind) collected ($1)



PokerStars Hand #254501338879:  Hold'em No Limit ($0.50/$1.00 USD) - 2025/01/22 17:12:08 WET [2025/01/22 12:12:08 ET]
Table 'Franzia IV' 6-max Seat #4 is the button
Seat 1: BoyLoc0 ($132.10 in chips) 
Seat 2: sta$igk ($100 in chips) 
Seat 3: UnderC@t ($100 in chips) 
Seat 4: poker_soul11 ($182.03 in chips) 
Seat 6: AllRaise101 ($123.70 in chips) 
AllRaise101: posts small blind $0.50
BoyLoc0: posts big blind $1
*** HOLE CARDS ***
sta$igk: folds 
UnderC@t: folds 
poker_soul11: raises $1.20 to $2.20
AllRaise101: folds 
BoyLoc0: folds 
Uncalled bet ($1.20) returned to poker_soul11
poker_soul11 collected $2.50 from pot
poker_soul11: doesn't show hand 
*** SUMMARY ***
Total pot $2.50 | Rake $0 
Seat 1: BoyLoc0 (big blind) folded before Flop
Seat 2: sta$igk folded before Flop (didn't bet)
Seat 3: UnderC@t folded before Flop (didn't bet)
Seat 4: poker_soul11 (button) collected ($2.50)
Seat 6: AllRaise101 (small blind) folded before Flop



PokerStars Hand #254501343884:  Hold'em No Limit ($0.50/$1.00 USD) - 2025/01/22 17:12:28 WET [2025/01/22 12:12:28 ET]
Table 'Franzia IV' 6-max Seat #6 is the button
Seat 2: sta$igk ($100 in chips) is sitting out
Seat 1: BoyLoc0 ($131.10 in chips) 
Seat 3: UnderC@t ($100 in chips) 
Seat 4: poker_soul11 ($183.53 in chips) 
Seat 6: AllRaise101 ($123.20 in chips) 
BoyLoc0: posts small blind $0.50
sta$igk: is sitting out 
UnderC@t: posts big blind $1
*** HOLE CARDS ***
poker_soul11: folds 
AllRaise101: folds 
sta$igk leaves the table
BoyLoc0: raises $2 to $3
UnderC@t: folds 
Uncalled bet ($2) returned to BoyLoc0
BoyLoc0 collected $2 from pot
BoyLoc0: doesn't show hand 
*** SUMMARY ***
Total pot $2 | Rake $0 
Seat 2: sta$igk
Seat 1: BoyLoc0 (small blind) collected ($2)
Seat 3: UnderC@t (big blind) folded before Flop
Seat 4: poker_soul11 folded before Flop (didn't bet)
Seat 6: AllRaise101 (button) folded before Flop (didn't bet)



PokerStars Hand #254501348400:  Hold'em No Limit ($0.50/$1.00 USD) - 2025/01/22 17:12:46 WET [2025/01/22 12:12:46 ET]
Table 'Franzia IV' 6-max Seat #1 is the button
Seat 1: BoyLoc0 ($132.10 in chips) 
Seat 3: UnderC@t ($100 in chips) 
Seat 4: poker_soul11 ($183.53 in chips) 
Seat 6: AllRaise101 ($123.20 in chips) 
UnderC@t: posts small blind $0.50
poker_soul11: posts big blind $1
*** HOLE CARDS ***
AllRaise101: folds 
BoyLoc0: folds 
UnderC@t: raises $2 to $3
poker_soul11: calls $2
*** FLOP *** [Js Kd 3h]
UnderC@t: checks 
poker_soul11: checks 
*** TURN *** [Js Kd 3h] [4s]
UnderC@t: checks 
poker_soul11: checks 
*** RIVER *** [Js Kd 3h 4s] [Qh]
UnderC@t: checks 
poker_soul11: checks 
*** SHOW DOWN ***
UnderC@t: shows [Ad Jc] (a pair of Jacks)
poker_soul11: mucks hand 
UnderC@t collected $5.70 from pot
*** SUMMARY ***
Total pot $6 | Rake $0.30 
Board [Js Kd 3h 4s Qh]
Seat 1: BoyLoc0 (button) folded before Flop (didn't bet)
Seat 3: UnderC@t (small blind) showed [Ad Jc] and won ($5.70) with a pair of Jacks
Seat 4: poker_soul11 (big blind) mucked
Seat 6: AllRaise101 folded before Flop (didn't bet)



PokerStars Hand #254501362181:  Hold'em No Limit ($0.50/$1.00 USD) - 2025/01/22 17:13:43 WET [2025/01/22 12:13:43 ET]
Table 'Franzia IV' 6-max Seat #3 is the button
Seat 1: BoyLoc0 ($132.10 in chips) 
Seat 3: UnderC@t ($102.70 in chips) 
Seat 4: poker_soul11 ($180.53 in chips) 
Seat 6: AllRaise101 ($123.20 in chips) 
poker_soul11: posts small blind $0.50
AllRaise101: posts big blind $1
*** HOLE CARDS ***
BoyLoc0: folds 
UnderC@t: folds 
poker_soul11: raises $2 to $3
AllRaise101: folds 
Uncalled bet ($2) returned to poker_soul11
poker_soul11 collected $2 from pot
poker_soul11: doesn't show hand 
*** SUMMARY ***
Total pot $2 | Rake $0 
Seat 1: BoyLoc0 folded before Flop (didn't bet)
Seat 3: UnderC@t (button) folded before Flop (didn't bet)
Seat 4: poker_soul11 (small blind) collected ($2)
Seat 6: AllRaise101 (big blind) folded before Flop



PokerStars Hand #254501366091:  Hold'em No Limit ($0.50/$1.00 USD) - 2025/01/22 17:13:58 WET [2025/01/22 12:13:58 ET]
Table 'Franzia IV' 6-max Seat #4 is the button
Seat 1: BoyLoc0 ($132.10 in chips) 
Seat 3: UnderC@t ($102.70 in chips) 
Seat 4: poker_soul11 ($181.53 in chips) 
Seat 6: AllRaise101 ($122.20 in chips) 
AllRaise101: posts small blind $0.50
BoyLoc0: posts big blind $1
*** HOLE CARDS ***
UnderC@t: folds 
poker_soul11: folds 
AllRaise101: raises $2 to $3
BoyLoc0: raises $7 to $10
AllRaise101: folds 
Uncalled bet ($7) returned to BoyLoc0
BoyLoc0 collected $6 from pot
BoyLoc0: doesn't show hand 
*** SUMMARY ***
Total pot $6 | Rake $0 
Seat 1: BoyLoc0 (big blind) collected ($6)
Seat 3: UnderC@t folded before Flop (didn't bet)
Seat 4: poker_soul11 (button) folded before Flop (didn't bet)
Seat 6: AllRaise101 (small blind) folded before Flop



PokerStars Hand #254501371947:  Hold'em No Limit ($0.50/$1.00 USD) - 2025/01/22 17:14:22 WET [2025/01/22 12:14:22 ET]
Table 'Franzia IV' 6-max Seat #6 is the button
Seat 1: BoyLoc0 ($135.10 in chips) 
Seat 3: UnderC@t ($102.70 in chips) 
Seat 4: poker_soul11 ($181.53 in chips) 
Seat 6: AllRaise101 ($119.20 in chips) 
BoyLoc0: posts small blind $0.50
UnderC@t: posts big blind $1
*** HOLE CARDS ***
poker_soul11: raises $1.20 to $2.20
AllRaise101: folds 
BoyLoc0: folds 
UnderC@t: folds 
Uncalled bet ($1.20) returned to poker_soul11
poker_soul11 collected $2.50 from pot
poker_soul11: doesn't show hand 
*** SUMMARY ***
Total pot $2.50 | Rake $0 
Seat 1: BoyLoc0 (small blind) folded before Flop
Seat 3: UnderC@t (big blind) folded before Flop
Seat 4: poker_soul11 collected ($2.50)
Seat 6: AllRaise101 (button) folded before Flop (didn't bet)



PokerStars Hand #254501375008:  Hold'em No Limit ($0.50/$1.00 USD) - 2025/01/22 17:14:35 WET [2025/01/22 12:14:35 ET]
Table 'Franzia IV' 6-max Seat #1 is the button
Seat 1: BoyLoc0 ($134.60 in chips) 
Seat 3: UnderC@t ($101.70 in chips) 
Seat 4: poker_soul11 ($183.03 in chips) 
Seat 6: AllRaise101 ($119.20 in chips) 
UnderC@t: posts small blind $0.50
poker_soul11: posts big blind $1
*** HOLE CARDS ***
AllRaise101: raises $1.50 to $2.50
BoyLoc0: folds 
UnderC@t: folds 
poker_soul11: folds 
Uncalled bet ($1.50) returned to AllRaise101
AllRaise101 collected $2.50 from pot
*** SUMMARY ***
Total pot $2.50 | Rake $0 
Seat 1: BoyLoc0 (button) folded before Flop (didn't bet)
Seat 3: UnderC@t (small blind) folded before Flop
Seat 4: poker_soul11 (big blind) folded before Flop
Seat 6: AllRaise101 collected ($2.50)



PokerStars Hand #254501378844:  Hold'em No Limit ($0.50/$1.00 USD) - 2025/01/22 17:14:50 WET [2025/01/22 12:14:50 ET]
Table 'Franzia IV' 6-max Seat #3 is the button
Seat 1: BoyLoc0 ($134.60 in chips) 
Seat 3: UnderC@t ($101.20 in chips) 
Seat 4: poker_soul11 ($182.03 in chips) 
Seat 6: AllRaise101 ($120.70 in chips) 
poker_soul11: posts small blind $0.50
AllRaise101: posts big blind $1
*** HOLE CARDS ***
BoyLoc0: folds 
UnderC@t: folds 
poker_soul11: raises $2 to $3
AllRaise101: folds 
Uncalled bet ($2) returned to poker_soul11
poker_soul11 collected $2 from pot
poker_soul11: doesn't show hand 
*** SUMMARY ***
Total pot $2 | Rake $0 
Seat 1: BoyLoc0 folded before Flop (didn't bet)
Seat 3: UnderC@t (button) folded before Flop (didn't bet)
Seat 4: poker_soul11 (small blind) collected ($2)
Seat 6: AllRaise101 (big blind) folded before Flop



PokerStars Hand #254501383104:  Hold'em No Limit ($0.50/$1.00 USD) - 2025/01/22 17:15:07 WET [2025/01/22 12:15:07 ET]
Table 'Franzia IV' 6-max Seat #4 is the button
Seat 1: BoyLoc0 ($134.60 in chips) 
Seat 3: UnderC@t ($101.20 in chips) 
Seat 4: poker_soul11 ($183.03 in chips) 
Seat 6: AllRaise101 ($119.70 in chips) 
AllRaise101: posts small blind $0.50
BoyLoc0: posts big blind $1
*** HOLE CARDS ***
UnderC@t: folds 
poker_soul11: folds 
AllRaise101: raises $2 to $3
BoyLoc0: raises $7 to $10
AllRaise101: raises $17 to $27
BoyLoc0: raises $107.60 to $134.60 and is all-in
AllRaise101: calls $92.70 and is all-in
Uncalled bet ($14.90) returned to BoyLoc0
*** FLOP *** [3c Td 2c]
*** TURN *** [3c Td 2c] [8d]
*** RIVER *** [3c Td 2c 8d] [Jc]
*** SHOW DOWN ***
AllRaise101: shows [Ah Qd] (high card Ace)
BoyLoc0: shows [Ks Kh] (a pair of Kings)
BoyLoc0 collected $238.40 from pot
*** SUMMARY ***
Total pot $239.40 | Rake $1 
Board [3c Td 2c 8d Jc]
Seat 1: BoyLoc0 (big blind) showed [Ks Kh] and won ($238.40) with a pair of Kings
Seat 3: UnderC@t folded before Flop (didn't bet)
Seat 4: poker_soul11 (button) folded before Flop (didn't bet)
Seat 6: AllRaise101 (small blind) showed [Ah Qd] and lost with high card Ace



PokerStars Hand #254501392944:  Hold'em No Limit ($0.50/$1.00 USD) - 2025/01/22 17:15:47 WET [2025/01/22 12:15:47 ET]
Table 'Franzia IV' 6-max Seat #6 is the button
Seat 1: BoyLoc0 ($253.30 in chips) 
Seat 3: UnderC@t ($101.20 in chips) 
Seat 4: poker_soul11 ($183.03 in chips) 
Seat 6: AllRaise101 ($100 in chips) 
BoyLoc0: posts small blind $0.50
UnderC@t: posts big blind $1
*** HOLE CARDS ***
poker_soul11: folds 
AllRaise101: folds 
BoyLoc0: raises $2 to $3
UnderC@t: raises $6 to $9
BoyLoc0: folds 
Uncalled bet ($6) returned to UnderC@t
UnderC@t collected $6 from pot
UnderC@t: doesn't show hand 
*** SUMMARY ***
Total pot $6 | Rake $0 
Seat 1: BoyLoc0 (small blind) folded before Flop
Seat 3: UnderC@t (big blind) collected ($6)
Seat 4: poker_soul11 folded before Flop (didn't bet)
Seat 6: AllRaise101 (button) folded before Flop (didn't bet)



PokerStars Hand #254501399018:  Hold'em No Limit ($0.50/$1.00 USD) - 2025/01/22 17:16:11 WET [2025/01/22 12:16:11 ET]
Table 'Franzia IV' 6-max Seat #1 is the button
Seat 1: BoyLoc0 ($250.30 in chips) 
Seat 3: UnderC@t ($104.20 in chips) 
Seat 4: poker_soul11 ($183.03 in chips) 
Seat 6: AllRaise101 ($100 in chips) 
UnderC@t: posts small blind $0.50
poker_soul11: posts big blind $1
*** HOLE CARDS ***
AllRaise101: folds 
BoyLoc0: raises $1.50 to $2.50
UnderC@t: folds 
poker_soul11: folds 
Uncalled bet ($1.50) returned to BoyLoc0
BoyLoc0 collected $2.50 from pot
BoyLoc0: doesn't show hand 
*** SUMMARY ***
Total pot $2.50 | Rake $0 
Seat 1: BoyLoc0 (button) collected ($2.50)
Seat 3: UnderC@t (small blind) folded before Flop
Seat 4: poker_soul11 (big blind) folded before Flop
Seat 6: AllRaise101 folded before Flop (didn't bet)



PokerStars Hand #254501401876:  Hold'em No Limit ($0.50/$1.00 USD) - 2025/01/22 17:16:23 WET [2025/01/22 12:16:23 ET]
Table 'Franzia IV' 6-max Seat #3 is the button
Seat 1: BoyLoc0 ($251.80 in chips) 
Seat 3: UnderC@t ($103.70 in chips) 
Seat 4: poker_soul11 ($182.03 in chips) 
Seat 6: AllRaise101 ($100 in chips) 
poker_soul11: posts small blind $0.50
AllRaise101: posts big blind $1
*** HOLE CARDS ***
BoyLoc0: raises $1.50 to $2.50
UnderC@t: folds 
poker_soul11: folds 
AllRaise101: folds 
Uncalled bet ($1.50) returned to BoyLoc0
AllRaise101 leaves the table
BoyLoc0 collected $2.50 from pot
BoyLoc0: doesn't show hand 
*** SUMMARY ***
Total pot $2.50 | Rake $0 
Seat 1: BoyLoc0 collected ($2.50)
Seat 3: UnderC@t (button) folded before Flop (didn't bet)
Seat 4: poker_soul11 (small blind) folded before Flop
Seat 6: AllRaise101 (big blind) folded before Flop



PokerStars Hand #254501405560:  Hold'em No Limit ($0.50/$1.00 USD) - 2025/01/22 17:16:38 WET [2025/01/22 12:16:38 ET]
Table 'Franzia IV' 6-max Seat #4 is the button
Seat 1: BoyLoc0 ($253.30 in chips) 
Seat 3: UnderC@t ($103.70 in chips) 
Seat 4: poker_soul11 ($181.53 in chips) 
BoyLoc0: posts small blind $0.50
UnderC@t: posts big blind $1
*** HOLE CARDS ***
poker_soul11: folds 
BoyLoc0: folds 
Uncalled bet ($0.50) returned to UnderC@t
UnderC@t collected $1 from pot
UnderC@t: doesn't show hand 
*** SUMMARY ***
Total pot $1 | Rake $0 
Seat 1: BoyLoc0 (small blind) folded before Flop
Seat 3: UnderC@t (big blind) collected ($1)
Seat 4: poker_soul11 (button) folded before Flop (didn't bet)



PokerStars Hand #254501407167:  Hold'em No Limit ($0.50/$1.00 USD) - 2025/01/22 17:16:44 WET [2025/01/22 12:16:44 ET]
Table 'Franzia IV' 6-max Seat #1 is the button
Seat 1: BoyLoc0 ($252.80 in chips) 
Seat 3: UnderC@t ($104.20 in chips) 
Seat 4: poker_soul11 ($181.53 in chips) 
UnderC@t: posts small blind $0.50
poker_soul11: posts big blind $1
*** HOLE CARDS ***
BoyLoc0: folds 
BoyLoc0 leaves the table
UnderC@t: folds 
Uncalled bet ($0.50) returned to poker_soul11
poker_soul11 collected $1 from pot
poker_soul11: doesn't show hand 
*** SUMMARY ***
Total pot $1 | Rake $0 
Seat 1: BoyLoc0 (button) folded before Flop (didn't bet)
Seat 3: UnderC@t (small blind) folded before Flop
Seat 4: poker_soul11 (big blind) collected ($1)



PokerStars Hand #254501409146:  Hold'em No Limit ($0.50/$1.00 USD) - 2025/01/22 17:16:52 WET [2025/01/22 12:16:52 ET]
Table 'Franzia IV' 6-max Seat #4 is the button
Seat 3: UnderC@t ($103.70 in chips) 
Seat 4: poker_soul11 ($182.03 in chips) 
poker_soul11: posts small blind $0.50
UnderC@t: posts big blind $1
*** HOLE CARDS ***
poker_soul11: folds 
Uncalled bet ($0.50) returned to UnderC@t
UnderC@t collected $1 from pot
UnderC@t: doesn't show hand 
*** SUMMARY ***
Total pot $1 | Rake $0 
Seat 3: UnderC@t (big blind) collected ($1)
Seat 4: poker_soul11 (button) (small blind) folded before Flop



PokerStars Hand #254501410757:  Hold'em No Limit ($0.50/$1.00 USD) - 2025/01/22 17:16:59 WET [2025/01/22 12:16:59 ET]
Table 'Franzia IV' 6-max Seat #3 is the button
Seat 3: UnderC@t ($104.20 in chips) 
Seat 4: poker_soul11 ($181.53 in chips) 
UnderC@t: posts small blind $0.50
poker_soul11: posts big blind $1
*** HOLE CARDS ***
UnderC@t: raises $2 to $3
poker_soul11: folds 
Uncalled bet ($2) returned to UnderC@t
UnderC@t collected $2 from pot
UnderC@t: doesn't show hand 
*** SUMMARY ***
Total pot $2 | Rake $0 
Seat 3: UnderC@t (button) (small blind) collected ($2)
Seat 4: poker_soul11 (big blind) folded before Flop



