PokerStars Hand #254503864827:  Hold'em No Limit ($0.50/$1.00 USD) - 2025/01/22 19:51:28 WET [2025/01/22 14:51:28 ET]
Table 'Disa IV' 6-max Seat #6 is the button
Seat 3: Unipoker11 ($101.50 in chips) is sitting out
Seat 5: henri789 ($100 in chips) is sitting out
Seat 1: Nicedaymybro ($100 in chips) 
Seat 2: Quahrino ($100 in chips) 
Seat 6: ImaPeppaPig ($127.86 in chips) 
Nicedaymybro: posts small blind $0.50
Quahrino: posts big blind $1
*** HOLE CARDS ***
ImaPeppaPig: raises $1.50 to $2.50
Nicedaymybro: folds 
Quahrino: raises $10.50 to $13
ImaPeppaPig: folds 
Uncalled bet ($10.50) returned to Quahrino
Quahrino collected $5.50 from pot
Quahrino: doesn't show hand 
*** SUMMARY ***
Total pot $5.50 | Rake $0 
Seat 3: Unipoker11
Seat 5: henri789
Seat 1: Nicedaymybro (small blind) folded before Flop
Seat 2: Quahrino (big blind) collected ($5.50)
Seat 6: ImaPeppaPig (button) folded before Flop



PokerStars Hand #254503869577:  Hold'em No Limit ($0.50/$1.00 USD) - 2025/01/22 19:51:44 WET [2025/01/22 14:51:44 ET]
Table 'Disa IV' 6-max Seat #1 is the button
Seat 3: Unipoker11 ($101.50 in chips) is sitting out
Seat 5: henri789 ($100 in chips) is sitting out
Seat 1: Nicedaymybro ($100 in chips) 
Seat 2: Quahrino ($103 in chips) 
Seat 6: ImaPeppaPig ($125.36 in chips) 
Quahrino: posts small blind $0.50
ImaPeppaPig: posts big blind $1
*** HOLE CARDS ***
Nicedaymybro: folds 
henri789 leaves the table
Quahrino: raises $2 to $3
Nicedaymybro leaves the table
ImaPeppaPig: calls $2
*** FLOP *** [Jh 5h 7d]
Quahrino: checks 
ImaPeppaPig: bets $2
Quahrino: raises $9.70 to $11.70
ImaPeppaPig: calls $9.70
*** TURN *** [Jh 5h 7d] [Jd]
Quahrino: checks 
ImaPeppaPig: bets $8.80
Quahrino: folds 
Uncalled bet ($8.80) returned to ImaPeppaPig
ImaPeppaPig collected $28.40 from pot
ImaPeppaPig: doesn't show hand 
*** SUMMARY ***
Total pot $29.40 | Rake $1 
Board [Jh 5h 7d Jd]
Seat 3: Unipoker11
Seat 5: henri789
Seat 1: Nicedaymybro (button) folded before Flop (didn't bet)
Seat 2: Quahrino (small blind) folded on the Turn
Seat 6: ImaPeppaPig (big blind) collected ($28.40)



PokerStars Hand #254503891590:  Hold'em No Limit ($0.50/$1.00 USD) - 2025/01/22 19:53:01 WET [2025/01/22 14:53:01 ET]
Table 'Disa IV' 6-max Seat #6 is the button
Seat 3: Unipoker11 ($101.50 in chips) is sitting out
Seat 2: Quahrino ($100 in chips) 
Seat 6: ImaPeppaPig ($139.06 in chips) 
ImaPeppaPig: posts small blind $0.50
Quahrino: posts big blind $1
*** HOLE CARDS ***
ImaPeppaPig: raises $1.50 to $2.50
Quahrino: raises $7.50 to $10
ImaPeppaPig: folds 
Uncalled bet ($7.50) returned to Quahrino
Quahrino collected $5 from pot
Quahrino: doesn't show hand 
*** SUMMARY ***
Total pot $5 | Rake $0 
Seat 3: Unipoker11
Seat 2: Quahrino (big blind) collected ($5)
Seat 6: ImaPeppaPig (button) (small blind) folded before Flop



PokerStars Hand #254503897452:  Hold'em No Limit ($0.50/$1.00 USD) - 2025/01/22 19:53:22 WET [2025/01/22 14:53:22 ET]
Table 'Disa IV' 6-max Seat #2 is the button
Seat 3: Unipoker11 ($101.50 in chips) is sitting out
Seat 2: Quahrino ($102.50 in chips) 
Seat 6: ImaPeppaPig ($136.56 in chips) 
Quahrino: posts small blind $0.50
ImaPeppaPig: posts big blind $1
*** HOLE CARDS ***
Quahrino: raises $1.50 to $2.50
ImaPeppaPig: folds 
Uncalled bet ($1.50) returned to Quahrino
Quahrino collected $2 from pot
Quahrino: doesn't show hand 
*** SUMMARY ***
Total pot $2 | Rake $0 
Seat 3: Unipoker11
Seat 2: Quahrino (button) (small blind) collected ($2)
Seat 6: ImaPeppaPig (big blind) folded before Flop



PokerStars Hand #254503899549:  Hold'em No Limit ($0.50/$1.00 USD) - 2025/01/22 19:53:29 WET [2025/01/22 14:53:29 ET]
Table 'Disa IV' 6-max Seat #6 is the button
Seat 3: Unipoker11 ($101.50 in chips) is sitting out
Seat 2: Quahrino ($103.50 in chips) 
Seat 6: ImaPeppaPig ($135.56 in chips) 
ImaPeppaPig: posts small blind $0.50
Quahrino: posts big blind $1
*** HOLE CARDS ***
ImaPeppaPig: raises $1.50 to $2.50
Quahrino: calls $1.50
*** FLOP *** [Jd 3h 8s]
Quahrino: checks 
ImaPeppaPig: bets $2.47
Quahrino: folds 
Uncalled bet ($2.47) returned to ImaPeppaPig
ImaPeppaPig collected $4.75 from pot
ImaPeppaPig: doesn't show hand 
*** SUMMARY ***
Total pot $5 | Rake $0.25 
Board [Jd 3h 8s]
Seat 3: Unipoker11
Seat 2: Quahrino (big blind) folded on the Flop
Seat 6: ImaPeppaPig (button) (small blind) collected ($4.75)



PokerStars Hand #254503903669:  Hold'em No Limit ($0.50/$1.00 USD) - 2025/01/22 19:53:43 WET [2025/01/22 14:53:43 ET]
Table 'Disa IV' 6-max Seat #2 is the button
Seat 3: Unipoker11 ($101.50 in chips) is sitting out
Seat 2: Quahrino ($101 in chips) 
Seat 6: ImaPeppaPig ($137.81 in chips) 
Quahrino: posts small blind $0.50
ImaPeppaPig: posts big blind $1
*** HOLE CARDS ***
Quahrino: raises $1.50 to $2.50
ImaPeppaPig: calls $1.50
*** FLOP *** [Ad 9c 8s]
ImaPeppaPig: checks 
Quahrino: bets $1.57
ImaPeppaPig: calls $1.57
*** TURN *** [Ad 9c 8s] [5h]
ImaPeppaPig: checks 
Quahrino: bets $7.73
ImaPeppaPig: calls $7.73
*** RIVER *** [Ad 9c 8s 5h] [6h]
ImaPeppaPig: checks 
Quahrino: bets $22.60
ImaPeppaPig: folds 
Uncalled bet ($22.60) returned to Quahrino
Quahrino collected $22.60 from pot
Quahrino: doesn't show hand 
*** SUMMARY ***
Total pot $23.60 | Rake $1 
Board [Ad 9c 8s 5h 6h]
Seat 3: Unipoker11
Seat 2: Quahrino (button) (small blind) collected ($22.60)
Seat 6: ImaPeppaPig (big blind) folded on the River



PokerStars Hand #254503921216:  Hold'em No Limit ($0.50/$1.00 USD) - 2025/01/22 19:54:45 WET [2025/01/22 14:54:45 ET]
Table 'Disa IV' 6-max Seat #6 is the button
Seat 3: Unipoker11 ($101.50 in chips) is sitting out
Seat 2: Quahrino ($111.80 in chips) 
Seat 6: ImaPeppaPig ($126.01 in chips) 
ImaPeppaPig: posts small blind $0.50
Quahrino: posts big blind $1
*** HOLE CARDS ***
ImaPeppaPig: raises $1.50 to $2.50
Quahrino: calls $1.50
*** FLOP *** [3c Td Ad]
Quahrino: checks 
ImaPeppaPig: checks 
*** TURN *** [3c Td Ad] [2c]
Quahrino: bets $7.13
ImaPeppaPig: folds 
Uncalled bet ($7.13) returned to Quahrino
Quahrino collected $4.75 from pot
Quahrino: doesn't show hand 
*** SUMMARY ***
Total pot $5 | Rake $0.25 
Board [3c Td Ad 2c]
Seat 3: Unipoker11
Seat 2: Quahrino (big blind) collected ($4.75)
Seat 6: ImaPeppaPig (button) (small blind) folded on the Turn



PokerStars Hand #254503926144:  Hold'em No Limit ($0.50/$1.00 USD) - 2025/01/22 19:55:02 WET [2025/01/22 14:55:02 ET]
Table 'Disa IV' 6-max Seat #2 is the button
Seat 3: Unipoker11 ($101.50 in chips) is sitting out
Seat 2: Quahrino ($114.05 in chips) 
Seat 6: ImaPeppaPig ($123.51 in chips) 
Quahrino: posts small blind $0.50
ImaPeppaPig: posts big blind $1
*** HOLE CARDS ***
Quahrino: raises $1.50 to $2.50
ImaPeppaPig: folds 
Uncalled bet ($1.50) returned to Quahrino
Quahrino collected $2 from pot
Quahrino: doesn't show hand 
*** SUMMARY ***
Total pot $2 | Rake $0 
Seat 3: Unipoker11
Seat 2: Quahrino (button) (small blind) collected ($2)
Seat 6: ImaPeppaPig (big blind) folded before Flop



PokerStars Hand #254503928327:  Hold'em No Limit ($0.50/$1.00 USD) - 2025/01/22 19:55:10 WET [2025/01/22 14:55:10 ET]
Table 'Disa IV' 6-max Seat #6 is the button
Seat 3: Unipoker11 ($101.50 in chips) is sitting out
Seat 2: Quahrino ($115.05 in chips) 
Seat 6: ImaPeppaPig ($122.51 in chips) 
ImaPeppaPig: posts small blind $0.50
Quahrino: posts big blind $1
*** HOLE CARDS ***
41ElCapo02 joins the table at seat #4 
vadjkeee joins the table at seat #1 
41ElCapo02 is disconnected 
rao999 joins the table at seat #5 
ImaPeppaPig: raises $1.50 to $2.50
Quahrino: raises $7.50 to $10
ImaPeppaPig: calls $7.50
*** FLOP *** [Ks 7s 6s]
Quahrino: bets $2
ImaPeppaPig: calls $2
*** TURN *** [Ks 7s 6s] [Jc]
Quahrino: checks 
ImaPeppaPig: checks 
*** RIVER *** [Ks 7s 6s Jc] [4s]
Quahrino: checks 
ImaPeppaPig: checks 
*** SHOW DOWN ***
Quahrino: shows [8c 6c] (a pair of Sixes)
ImaPeppaPig: shows [Ts Jh] (a flush, King high)
ImaPeppaPig collected $23 from pot
*** SUMMARY ***
Total pot $24 | Rake $1 
Board [Ks 7s 6s Jc 4s]
Seat 3: Unipoker11
Seat 2: Quahrino (big blind) showed [8c 6c] and lost with a pair of Sixes
Seat 6: ImaPeppaPig (button) (small blind) showed [Ts Jh] and won ($23) with a flush, King high



PokerStars Hand #254503939033:  Hold'em No Limit ($0.50/$1.00 USD) - 2025/01/22 19:56:00 WET [2025/01/22 14:56:00 ET]
Table 'Disa IV' 6-max Seat #2 is the button
Seat 3: Unipoker11 ($101.50 in chips) is sitting out
Seat 4: 41ElCapo02 ($14.43 in chips) is sitting out
Seat 5: rao999 ($100 in chips) is sitting out
Seat 1: vadjkeee ($100 in chips) 
Seat 2: Quahrino ($103.05 in chips) 
Seat 6: ImaPeppaPig ($133.51 in chips) 
ImaPeppaPig: posts small blind $0.50
vadjkeee: posts big blind $1
*** HOLE CARDS ***
Quahrino: raises $1.50 to $2.50
ImaPeppaPig: folds 
vadjkeee: folds 
Uncalled bet ($1.50) returned to Quahrino
Quahrino collected $2.50 from pot
Quahrino: doesn't show hand 
*** SUMMARY ***
Total pot $2.50 | Rake $0 
Seat 3: Unipoker11
Seat 4: 41ElCapo02
Seat 5: rao999
Seat 1: vadjkeee (big blind) folded before Flop
Seat 2: Quahrino (button) collected ($2.50)
Seat 6: ImaPeppaPig (small blind) folded before Flop



PokerStars Hand #254503941951:  Hold'em No Limit ($0.50/$1.00 USD) - 2025/01/22 19:56:14 WET [2025/01/22 14:56:14 ET]
Table 'Disa IV' 6-max Seat #6 is the button
Seat 3: Unipoker11 ($101.50 in chips) is sitting out
Seat 4: 41ElCapo02 ($14.43 in chips) is sitting out
Seat 5: rao999 ($100 in chips) is sitting out
Seat 1: vadjkeee ($100 in chips) 
Seat 2: Quahrino ($104.55 in chips) 
Seat 6: ImaPeppaPig ($133.01 in chips) 
vadjkeee: posts small blind $0.50
Quahrino: posts big blind $1
41ElCapo02: sits out 
rao999: sits out 
*** HOLE CARDS ***
ImaPeppaPig: folds 
vadjkeee: folds 
Uncalled bet ($0.50) returned to Quahrino
Quahrino collected $1 from pot
Quahrino: doesn't show hand 
*** SUMMARY ***
Total pot $1 | Rake $0 
Seat 3: Unipoker11
Seat 4: 41ElCapo02
Seat 5: rao999
Seat 1: vadjkeee (small blind) folded before Flop
Seat 2: Quahrino (big blind) collected ($1)
Seat 6: ImaPeppaPig (button) folded before Flop (didn't bet)



PokerStars Hand #254503943534:  Hold'em No Limit ($0.50/$1.00 USD) - 2025/01/22 19:56:22 WET [2025/01/22 14:56:22 ET]
Table 'Disa IV' 6-max Seat #1 is the button
Seat 3: Unipoker11 ($101.50 in chips) is sitting out
Seat 5: rao999 ($100 in chips) is sitting out
Seat 1: vadjkeee ($100 in chips) 
Seat 2: Quahrino ($105.05 in chips) 
Seat 4: 41ElCapo02 ($14.43 in chips) 
Seat 6: ImaPeppaPig ($133.01 in chips) 
Quahrino: posts small blind $0.50
41ElCapo02: posts big blind $1
rao999: sits out 
*** HOLE CARDS ***
ImaPeppaPig: folds 
vadjkeee: folds 
Quahrino: folds 
Uncalled bet ($0.50) returned to 41ElCapo02
41ElCapo02 collected $1 from pot
Unipoker11 leaves the table
*** SUMMARY ***
Total pot $1 | Rake $0 
Seat 3: Unipoker11
Seat 5: rao999
Seat 1: vadjkeee (button) folded before Flop (didn't bet)
Seat 2: Quahrino (small blind) folded before Flop
Seat 4: 41ElCapo02 (big blind) collected ($1)
Seat 6: ImaPeppaPig folded before Flop (didn't bet)



PokerStars Hand #254503944976:  Hold'em No Limit ($0.50/$1.00 USD) - 2025/01/22 19:56:29 WET [2025/01/22 14:56:29 ET]
Table 'Disa IV' 6-max Seat #2 is the button
Seat 1: vadjkeee ($100 in chips) 
Seat 2: Quahrino ($104.55 in chips) 
Seat 4: 41ElCapo02 ($14.93 in chips) 
Seat 5: rao999 ($100 in chips) 
Seat 6: ImaPeppaPig ($133.01 in chips) 
41ElCapo02: posts small blind $0.50
rao999: posts big blind $1
*** HOLE CARDS ***
ImaPeppaPig: raises $1.50 to $2.50
vadjkeee: folds 
Quahrino: folds 
41ElCapo02: calls $2
rao999: folds 
*** FLOP *** [Kc 5c 6c]
41ElCapo02: checks 
ImaPeppaPig: bets $1.77
41ElCapo02: folds 
Uncalled bet ($1.77) returned to ImaPeppaPig
ImaPeppaPig collected $5.70 from pot
kvcsszblcs joins the table at seat #3 
ImaPeppaPig: doesn't show hand 
*** SUMMARY ***
Total pot $6 | Rake $0.30 
Board [Kc 5c 6c]
Seat 1: vadjkeee folded before Flop (didn't bet)
Seat 2: Quahrino (button) folded before Flop (didn't bet)
Seat 4: 41ElCapo02 (small blind) folded on the Flop
Seat 5: rao999 (big blind) folded before Flop
Seat 6: ImaPeppaPig collected ($5.70)



PokerStars Hand #254503949575:  Hold'em No Limit ($0.50/$1.00 USD) - 2025/01/22 19:56:51 WET [2025/01/22 14:56:51 ET]
Table 'Disa IV' 6-max Seat #4 is the button
Seat 3: kvcsszblcs ($100 in chips) is sitting out
Seat 1: vadjkeee ($100 in chips) 
Seat 2: Quahrino ($104.55 in chips) 
Seat 4: 41ElCapo02 ($12.43 in chips) 
Seat 5: rao999 ($100 in chips) 
Seat 6: ImaPeppaPig ($136.21 in chips) 
rao999: posts small blind $0.50
ImaPeppaPig: posts big blind $1
kvcsszblcs: sits out 
*** HOLE CARDS ***
vadjkeee: folds 
Quahrino: folds 
41ElCapo02: raises $11.43 to $12.43 and is all-in
rao999: folds 
ImaPeppaPig: folds 
Uncalled bet ($11.43) returned to 41ElCapo02
41ElCapo02 collected $2.50 from pot
*** SUMMARY ***
Total pot $2.50 | Rake $0 
Seat 3: kvcsszblcs
Seat 1: vadjkeee folded before Flop (didn't bet)
Seat 2: Quahrino folded before Flop (didn't bet)
Seat 4: 41ElCapo02 (button) collected ($2.50)
Seat 5: rao999 (small blind) folded before Flop
Seat 6: ImaPeppaPig (big blind) folded before Flop



PokerStars Hand #254503951903:  Hold'em No Limit ($0.50/$1.00 USD) - 2025/01/22 19:57:03 WET [2025/01/22 14:57:03 ET]
Table 'Disa IV' 6-max Seat #5 is the button
Seat 3: kvcsszblcs ($100 in chips) is sitting out
Seat 1: vadjkeee ($100 in chips) 
Seat 2: Quahrino ($104.55 in chips) 
Seat 4: 41ElCapo02 ($13.93 in chips) 
Seat 5: rao999 ($100 in chips) 
Seat 6: ImaPeppaPig ($135.21 in chips) 
ImaPeppaPig: posts small blind $0.50
vadjkeee: posts big blind $1
kvcsszblcs: sits out 
*** HOLE CARDS ***
Quahrino: folds 
41ElCapo02: folds 
rao999: raises $1.50 to $2.50
ImaPeppaPig: folds 
vadjkeee: folds 
Uncalled bet ($1.50) returned to rao999
rao999 collected $2.50 from pot
rao999: doesn't show hand 
*** SUMMARY ***
Total pot $2.50 | Rake $0 
Seat 3: kvcsszblcs
Seat 1: vadjkeee (big blind) folded before Flop
Seat 2: Quahrino folded before Flop (didn't bet)
Seat 4: 41ElCapo02 folded before Flop (didn't bet)
Seat 5: rao999 (button) collected ($2.50)
Seat 6: ImaPeppaPig (small blind) folded before Flop



PokerStars Hand #254503956519:  Hold'em No Limit ($0.50/$1.00 USD) - 2025/01/22 19:57:25 WET [2025/01/22 14:57:25 ET]
Table 'Disa IV' 6-max Seat #6 is the button
Seat 3: kvcsszblcs ($100 in chips) is sitting out
Seat 1: vadjkeee ($100 in chips) 
Seat 2: Quahrino ($104.55 in chips) 
Seat 4: 41ElCapo02 ($13.93 in chips) 
Seat 5: rao999 ($101.50 in chips) 
Seat 6: ImaPeppaPig ($134.71 in chips) 
vadjkeee: posts small blind $0.50
Quahrino: posts big blind $1
kvcsszblcs: sits out 
*** HOLE CARDS ***
41ElCapo02: folds 
rao999: folds 
ImaPeppaPig: folds 
vadjkeee: folds 
Uncalled bet ($0.50) returned to Quahrino
Quahrino collected $1 from pot
Quahrino: doesn't show hand 
*** SUMMARY ***
Total pot $1 | Rake $0 
Seat 3: kvcsszblcs
Seat 1: vadjkeee (small blind) folded before Flop
Seat 2: Quahrino (big blind) collected ($1)
Seat 4: 41ElCapo02 folded before Flop (didn't bet)
Seat 5: rao999 folded before Flop (didn't bet)
Seat 6: ImaPeppaPig (button) folded before Flop (didn't bet)



PokerStars Hand #254503959741:  Hold'em No Limit ($0.50/$1.00 USD) - 2025/01/22 19:57:41 WET [2025/01/22 14:57:41 ET]
Table 'Disa IV' 6-max Seat #1 is the button
Seat 1: vadjkeee ($100 in chips) 
Seat 2: Quahrino ($105.05 in chips) 
Seat 3: kvcsszblcs ($100 in chips) 
Seat 4: 41ElCapo02 ($13.93 in chips) 
Seat 5: rao999 ($101.50 in chips) 
Seat 6: ImaPeppaPig ($134.71 in chips) 
Quahrino: posts small blind $0.50
kvcsszblcs: posts big blind $1
*** HOLE CARDS ***
41ElCapo02: folds 
rao999: folds 
ImaPeppaPig: folds 
vadjkeee: raises $1.50 to $2.50
Quahrino: raises $9.50 to $12
kvcsszblcs: folds 
vadjkeee: folds 
Uncalled bet ($9.50) returned to Quahrino
Quahrino collected $6 from pot
Quahrino: doesn't show hand 
*** SUMMARY ***
Total pot $6 | Rake $0 
Seat 1: vadjkeee (button) folded before Flop
Seat 2: Quahrino (small blind) collected ($6)
Seat 3: kvcsszblcs (big blind) folded before Flop
Seat 4: 41ElCapo02 folded before Flop (didn't bet)
Seat 5: rao999 folded before Flop (didn't bet)
Seat 6: ImaPeppaPig folded before Flop (didn't bet)



PokerStars Hand #254503964122:  Hold'em No Limit ($0.50/$1.00 USD) - 2025/01/22 19:58:02 WET [2025/01/22 14:58:02 ET]
Table 'Disa IV' 6-max Seat #2 is the button
Seat 1: vadjkeee ($100 in chips) 
Seat 2: Quahrino ($108.55 in chips) 
Seat 3: kvcsszblcs ($100 in chips) 
Seat 4: 41ElCapo02 ($13.93 in chips) 
Seat 5: rao999 ($101.50 in chips) 
Seat 6: ImaPeppaPig ($134.71 in chips) 
kvcsszblcs: posts small blind $0.50
41ElCapo02: posts big blind $1
*** HOLE CARDS ***
rao999: folds 
ImaPeppaPig: folds 
vadjkeee: folds 
Quahrino: folds 
kvcsszblcs: folds 
Uncalled bet ($0.50) returned to 41ElCapo02
41ElCapo02 collected $1 from pot
*** SUMMARY ***
Total pot $1 | Rake $0 
Seat 1: vadjkeee folded before Flop (didn't bet)
Seat 2: Quahrino (button) folded before Flop (didn't bet)
Seat 3: kvcsszblcs (small blind) folded before Flop
Seat 4: 41ElCapo02 (big blind) collected ($1)
Seat 5: rao999 folded before Flop (didn't bet)
Seat 6: ImaPeppaPig folded before Flop (didn't bet)



PokerStars Hand #254503967227:  Hold'em No Limit ($0.50/$1.00 USD) - 2025/01/22 19:58:17 WET [2025/01/22 14:58:17 ET]
Table 'Disa IV' 6-max Seat #3 is the button
Seat 1: vadjkeee ($100 in chips) 
Seat 2: Quahrino ($108.55 in chips) 
Seat 3: kvcsszblcs ($100 in chips) 
Seat 4: 41ElCapo02 ($14.43 in chips) 
Seat 5: rao999 ($101.50 in chips) 
Seat 6: ImaPeppaPig ($134.71 in chips) 
41ElCapo02: posts small blind $0.50
rao999: posts big blind $1
*** HOLE CARDS ***
ImaPeppaPig: raises $1.50 to $2.50
vadjkeee: folds 
Quahrino: folds 
kvcsszblcs: folds 
41ElCapo02: folds 
rao999: folds 
Uncalled bet ($1.50) returned to ImaPeppaPig
ImaPeppaPig collected $2.50 from pot
ImaPeppaPig: doesn't show hand 
*** SUMMARY ***
Total pot $2.50 | Rake $0 
Seat 1: vadjkeee folded before Flop (didn't bet)
Seat 2: Quahrino folded before Flop (didn't bet)
Seat 3: kvcsszblcs (button) folded before Flop (didn't bet)
Seat 4: 41ElCapo02 (small blind) folded before Flop
Seat 5: rao999 (big blind) folded before Flop
Seat 6: ImaPeppaPig collected ($2.50)



PokerStars Hand #254503970774:  Hold'em No Limit ($0.50/$1.00 USD) - 2025/01/22 19:58:34 WET [2025/01/22 14:58:34 ET]
Table 'Disa IV' 6-max Seat #4 is the button
Seat 1: vadjkeee ($100 in chips) 
Seat 2: Quahrino ($108.55 in chips) 
Seat 3: kvcsszblcs ($100 in chips) 
Seat 4: 41ElCapo02 ($13.93 in chips) 
Seat 5: rao999 ($100.50 in chips) 
Seat 6: ImaPeppaPig ($136.21 in chips) 
rao999: posts small blind $0.50
ImaPeppaPig: posts big blind $1
*** HOLE CARDS ***
vadjkeee: folds 
Quahrino: raises $1 to $2
kvcsszblcs: folds 
41ElCapo02: folds 
rao999: folds 
ImaPeppaPig: raises $10 to $12
Quahrino: folds 
Uncalled bet ($10) returned to ImaPeppaPig
ImaPeppaPig collected $4.50 from pot
ImaPeppaPig: doesn't show hand 
*** SUMMARY ***
Total pot $4.50 | Rake $0 
Seat 1: vadjkeee folded before Flop (didn't bet)
Seat 2: Quahrino folded before Flop
Seat 3: kvcsszblcs folded before Flop (didn't bet)
Seat 4: 41ElCapo02 (button) folded before Flop (didn't bet)
Seat 5: rao999 (small blind) folded before Flop
Seat 6: ImaPeppaPig (big blind) collected ($4.50)



PokerStars Hand #254503974662:  Hold'em No Limit ($0.50/$1.00 USD) - 2025/01/22 19:58:52 WET [2025/01/22 14:58:52 ET]
Table 'Disa IV' 6-max Seat #5 is the button
Seat 1: vadjkeee ($100 in chips) 
Seat 2: Quahrino ($106.55 in chips) 
Seat 3: kvcsszblcs ($100 in chips) 
Seat 4: 41ElCapo02 ($13.93 in chips) 
Seat 5: rao999 ($100 in chips) 
Seat 6: ImaPeppaPig ($138.71 in chips) 
ImaPeppaPig: posts small blind $0.50
vadjkeee: posts big blind $1
*** HOLE CARDS ***
Quahrino: raises $1 to $2
kvcsszblcs: folds 
41ElCapo02: folds 
rao999: folds 
ImaPeppaPig: folds 
vadjkeee: folds 
Uncalled bet ($1) returned to Quahrino
Quahrino collected $2.50 from pot
Quahrino: doesn't show hand 
*** SUMMARY ***
Total pot $2.50 | Rake $0 
Seat 1: vadjkeee (big blind) folded before Flop
Seat 2: Quahrino collected ($2.50)
Seat 3: kvcsszblcs folded before Flop (didn't bet)
Seat 4: 41ElCapo02 folded before Flop (didn't bet)
Seat 5: rao999 (button) folded before Flop (didn't bet)
Seat 6: ImaPeppaPig (small blind) folded before Flop



PokerStars Hand #254503977207:  Hold'em No Limit ($0.50/$1.00 USD) - 2025/01/22 19:59:04 WET [2025/01/22 14:59:04 ET]
Table 'Disa IV' 6-max Seat #6 is the button
Seat 1: vadjkeee ($100 in chips) 
Seat 2: Quahrino ($108.05 in chips) 
Seat 3: kvcsszblcs ($100 in chips) 
Seat 4: 41ElCapo02 ($13.93 in chips) 
Seat 5: rao999 ($100 in chips) 
Seat 6: ImaPeppaPig ($138.21 in chips) 
vadjkeee: posts small blind $0.50
Quahrino: posts big blind $1
*** HOLE CARDS ***
kvcsszblcs: folds 
41ElCapo02: folds 
rao999: raises $1.50 to $2.50
ImaPeppaPig: folds 
vadjkeee: folds 
Quahrino: folds 
Uncalled bet ($1.50) returned to rao999
rao999 collected $2.50 from pot
rao999: doesn't show hand 
*** SUMMARY ***
Total pot $2.50 | Rake $0 
Seat 1: vadjkeee (small blind) folded before Flop
Seat 2: Quahrino (big blind) folded before Flop
Seat 3: kvcsszblcs folded before Flop (didn't bet)
Seat 4: 41ElCapo02 folded before Flop (didn't bet)
Seat 5: rao999 collected ($2.50)
Seat 6: ImaPeppaPig (button) folded before Flop (didn't bet)



PokerStars Hand #254503979458:  Hold'em No Limit ($0.50/$1.00 USD) - 2025/01/22 19:59:16 WET [2025/01/22 14:59:16 ET]
Table 'Disa IV' 6-max Seat #1 is the button
Seat 1: vadjkeee ($100 in chips) 
Seat 2: Quahrino ($107.05 in chips) 
Seat 3: kvcsszblcs ($100 in chips) 
Seat 4: 41ElCapo02 ($13.93 in chips) 
Seat 5: rao999 ($101.50 in chips) 
Seat 6: ImaPeppaPig ($138.21 in chips) 
Quahrino: posts small blind $0.50
kvcsszblcs: posts big blind $1
*** HOLE CARDS ***
41ElCapo02: folds 
rao999: folds 
ImaPeppaPig: raises $1.50 to $2.50
vadjkeee: folds 
Quahrino: folds 
kvcsszblcs: raises $9.50 to $12
ImaPeppaPig: folds 
Uncalled bet ($9.50) returned to kvcsszblcs
kvcsszblcs collected $5.50 from pot
kvcsszblcs: doesn't show hand 
*** SUMMARY ***
Total pot $5.50 | Rake $0 
Seat 1: vadjkeee (button) folded before Flop (didn't bet)
Seat 2: Quahrino (small blind) folded before Flop
Seat 3: kvcsszblcs (big blind) collected ($5.50)
Seat 4: 41ElCapo02 folded before Flop (didn't bet)
Seat 5: rao999 folded before Flop (didn't bet)
Seat 6: ImaPeppaPig folded before Flop



PokerStars Hand #254503983955:  Hold'em No Limit ($0.50/$1.00 USD) - 2025/01/22 19:59:37 WET [2025/01/22 14:59:37 ET]
Table 'Disa IV' 6-max Seat #2 is the button
Seat 1: vadjkeee ($100 in chips) 
Seat 2: Quahrino ($106.55 in chips) 
Seat 3: kvcsszblcs ($103 in chips) 
Seat 4: 41ElCapo02 ($13.93 in chips) 
Seat 5: rao999 ($101.50 in chips) 
Seat 6: ImaPeppaPig ($135.71 in chips) 
kvcsszblcs: posts small blind $0.50
41ElCapo02: posts big blind $1
*** HOLE CARDS ***
rao999: folds 
ImaPeppaPig: folds 
vadjkeee: folds 
Quahrino: folds 
kvcsszblcs: folds 
Uncalled bet ($0.50) returned to 41ElCapo02
41ElCapo02 collected $1 from pot
*** SUMMARY ***
Total pot $1 | Rake $0 
Seat 1: vadjkeee folded before Flop (didn't bet)
Seat 2: Quahrino (button) folded before Flop (didn't bet)
Seat 3: kvcsszblcs (small blind) folded before Flop
Seat 4: 41ElCapo02 (big blind) collected ($1)
Seat 5: rao999 folded before Flop (didn't bet)
Seat 6: ImaPeppaPig folded before Flop (didn't bet)



PokerStars Hand #254503986433:  Hold'em No Limit ($0.50/$1.00 USD) - 2025/01/22 19:59:49 WET [2025/01/22 14:59:49 ET]
Table 'Disa IV' 6-max Seat #3 is the button
Seat 1: vadjkeee ($100 in chips) 
Seat 2: Quahrino ($106.55 in chips) 
Seat 3: kvcsszblcs ($102.50 in chips) 
Seat 4: 41ElCapo02 ($14.43 in chips) 
Seat 5: rao999 ($101.50 in chips) 
Seat 6: ImaPeppaPig ($135.71 in chips) 
41ElCapo02: posts small blind $0.50
rao999: posts big blind $1
*** HOLE CARDS ***
ImaPeppaPig: folds 
vadjkeee: folds 
Quahrino: folds 
kvcsszblcs: folds 
41ElCapo02: calls $0.50
rao999: checks 
*** FLOP *** [Kh 9c 8c]
41ElCapo02: checks 
rao999: checks 
*** TURN *** [Kh 9c 8c] [2c]
41ElCapo02: checks 
rao999: checks 
*** RIVER *** [Kh 9c 8c 2c] [Ts]
41ElCapo02: checks 
rao999: checks 
*** SHOW DOWN ***
41ElCapo02: shows [Qs 6d] (high card King)
rao999: shows [5s Qd] (high card King)
41ElCapo02 collected $0.95 from pot
rao999 collected $0.95 from pot
*** SUMMARY ***
Total pot $2 | Rake $0.10 
Board [Kh 9c 8c 2c Ts]
Seat 1: vadjkeee folded before Flop (didn't bet)
Seat 2: Quahrino folded before Flop (didn't bet)
Seat 3: kvcsszblcs (button) folded before Flop (didn't bet)
Seat 4: 41ElCapo02 (small blind) showed [Qs 6d] and won ($0.95) with high card King
Seat 5: rao999 (big blind) showed [5s Qd] and won ($0.95) with high card King
Seat 6: ImaPeppaPig folded before Flop (didn't bet)



PokerStars Hand #254503992134:  Hold'em No Limit ($0.50/$1.00 USD) - 2025/01/22 20:00:16 WET [2025/01/22 15:00:16 ET]
Table 'Disa IV' 6-max Seat #4 is the button
Seat 1: vadjkeee ($100 in chips) 
Seat 2: Quahrino ($106.55 in chips) 
Seat 3: kvcsszblcs ($102.50 in chips) 
Seat 4: 41ElCapo02 ($14.38 in chips) 
Seat 5: rao999 ($101.45 in chips) 
Seat 6: ImaPeppaPig ($135.71 in chips) 
rao999: posts small blind $0.50
ImaPeppaPig: posts big blind $1
*** HOLE CARDS ***
vadjkeee: folds 
Quahrino: folds 
kvcsszblcs: raises $1 to $2
41ElCapo02: raises $12.38 to $14.38 and is all-in
rao999: folds 
ImaPeppaPig: folds 
kvcsszblcs: folds 
Uncalled bet ($12.38) returned to 41ElCapo02
41ElCapo02 collected $5.50 from pot
*** SUMMARY ***
Total pot $5.50 | Rake $0 
Seat 1: vadjkeee folded before Flop (didn't bet)
Seat 2: Quahrino folded before Flop (didn't bet)
Seat 3: kvcsszblcs folded before Flop
Seat 4: 41ElCapo02 (button) collected ($5.50)
Seat 5: rao999 (small blind) folded before Flop
Seat 6: ImaPeppaPig (big blind) folded before Flop



PokerStars Hand #254503996861:  Hold'em No Limit ($0.50/$1.00 USD) - 2025/01/22 20:00:37 WET [2025/01/22 15:00:37 ET]
Table 'Disa IV' 6-max Seat #5 is the button
Seat 1: vadjkeee ($100 in chips) 
Seat 2: Quahrino ($106.55 in chips) 
Seat 3: kvcsszblcs ($100.50 in chips) 
Seat 4: 41ElCapo02 ($17.88 in chips) 
Seat 5: rao999 ($100.95 in chips) 
Seat 6: ImaPeppaPig ($134.71 in chips) 
ImaPeppaPig: posts small blind $0.50
vadjkeee: posts big blind $1
*** HOLE CARDS ***
Quahrino: folds 
kvcsszblcs: folds 
41ElCapo02: raises $1 to $2
rao999: folds 
ImaPeppaPig: folds 
vadjkeee: folds 
Uncalled bet ($1) returned to 41ElCapo02
41ElCapo02 collected $2.50 from pot
*** SUMMARY ***
Total pot $2.50 | Rake $0 
Seat 1: vadjkeee (big blind) folded before Flop
Seat 2: Quahrino folded before Flop (didn't bet)
Seat 3: kvcsszblcs folded before Flop (didn't bet)
Seat 4: 41ElCapo02 collected ($2.50)
Seat 5: rao999 (button) folded before Flop (didn't bet)
Seat 6: ImaPeppaPig (small blind) folded before Flop



PokerStars Hand #254503999842:  Hold'em No Limit ($0.50/$1.00 USD) - 2025/01/22 20:00:51 WET [2025/01/22 15:00:51 ET]
Table 'Disa IV' 6-max Seat #6 is the button
Seat 1: vadjkeee ($100 in chips) 
Seat 2: Quahrino ($106.55 in chips) 
Seat 3: kvcsszblcs ($100.50 in chips) 
Seat 4: 41ElCapo02 ($19.38 in chips) 
Seat 5: rao999 ($100.95 in chips) 
Seat 6: ImaPeppaPig ($134.21 in chips) 
vadjkeee: posts small blind $0.50
Quahrino: posts big blind $1
*** HOLE CARDS ***
kvcsszblcs: raises $1 to $2
41ElCapo02: folds 
rao999: folds 
ImaPeppaPig: folds 
vadjkeee: raises $8 to $10
Quahrino: folds 
kvcsszblcs: folds 
Uncalled bet ($8) returned to vadjkeee
vadjkeee collected $5 from pot
vadjkeee: doesn't show hand 
*** SUMMARY ***
Total pot $5 | Rake $0 
Seat 1: vadjkeee (small blind) collected ($5)
Seat 2: Quahrino (big blind) folded before Flop
Seat 3: kvcsszblcs folded before Flop
Seat 4: 41ElCapo02 folded before Flop (didn't bet)
Seat 5: rao999 folded before Flop (didn't bet)
Seat 6: ImaPeppaPig (button) folded before Flop (didn't bet)



PokerStars Hand #254504005770:  Hold'em No Limit ($0.50/$1.00 USD) - 2025/01/22 20:01:15 WET [2025/01/22 15:01:15 ET]
Table 'Disa IV' 6-max Seat #1 is the button
Seat 1: vadjkeee ($103 in chips) 
Seat 2: Quahrino ($105.55 in chips) 
Seat 3: kvcsszblcs ($100 in chips) 
Seat 4: 41ElCapo02 ($19.38 in chips) 
Seat 5: rao999 ($100.95 in chips) 
Seat 6: ImaPeppaPig ($134.21 in chips) 
Quahrino: posts small blind $0.50
kvcsszblcs: posts big blind $1
*** HOLE CARDS ***
41ElCapo02: folds 
rao999: raises $1.50 to $2.50
ImaPeppaPig: folds 
vadjkeee: folds 
Quahrino: raises $8.50 to $11
kvcsszblcs: folds 
rao999: calls $8.50
*** FLOP *** [4c Js Jc]
Quahrino: bets $10.93
rao999: folds 
Uncalled bet ($10.93) returned to Quahrino
Quahrino collected $21.85 from pot
Quahrino: doesn't show hand 
*** SUMMARY ***
Total pot $23 | Rake $1.15 
Board [4c Js Jc]
Seat 1: vadjkeee (button) folded before Flop (didn't bet)
Seat 2: Quahrino (small blind) collected ($21.85)
Seat 3: kvcsszblcs (big blind) folded before Flop
Seat 4: 41ElCapo02 folded before Flop (didn't bet)
Seat 5: rao999 folded on the Flop
Seat 6: ImaPeppaPig folded before Flop (didn't bet)



PokerStars Hand #254504023841:  Hold'em No Limit ($0.50/$1.00 USD) - 2025/01/22 20:02:23 WET [2025/01/22 15:02:23 ET]
Table 'Disa IV' 6-max Seat #2 is the button
Seat 1: vadjkeee ($103 in chips) 
Seat 2: Quahrino ($116.40 in chips) 
Seat 3: kvcsszblcs ($100 in chips) 
Seat 4: 41ElCapo02 ($19.38 in chips) 
Seat 5: rao999 ($100 in chips) 
Seat 6: ImaPeppaPig ($134.21 in chips) 
kvcsszblcs: posts small blind $0.50
41ElCapo02: posts big blind $1
*** HOLE CARDS ***
rao999: folds 
ImaPeppaPig: folds 
vadjkeee: folds 
Quahrino: folds 
kvcsszblcs: raises $1.85 to $2.85
41ElCapo02: calls $1.85
*** FLOP *** [8h Td 8d]
kvcsszblcs: checks 
41ElCapo02: checks 
*** TURN *** [8h Td 8d] [Ac]
kvcsszblcs: checks 
41ElCapo02: checks 
*** RIVER *** [8h Td 8d Ac] [Qs]
kvcsszblcs: bets $1.50
41ElCapo02: calls $1.50
*** SHOW DOWN ***
kvcsszblcs: shows [Jd Js] (two pair, Jacks and Eights)
41ElCapo02: shows [As 9s] (two pair, Aces and Eights)
41ElCapo02 collected $8.26 from pot
*** SUMMARY ***
Total pot $8.70 | Rake $0.44 
Board [8h Td 8d Ac Qs]
Seat 1: vadjkeee folded before Flop (didn't bet)
Seat 2: Quahrino (button) folded before Flop (didn't bet)
Seat 3: kvcsszblcs (small blind) showed [Jd Js] and lost with two pair, Jacks and Eights
Seat 4: 41ElCapo02 (big blind) showed [As 9s] and won ($8.26) with two pair, Aces and Eights
Seat 5: rao999 folded before Flop (didn't bet)
Seat 6: ImaPeppaPig folded before Flop (didn't bet)



PokerStars Hand #254504030527:  Hold'em No Limit ($0.50/$1.00 USD) - 2025/01/22 20:02:48 WET [2025/01/22 15:02:48 ET]
Table 'Disa IV' 6-max Seat #3 is the button
Seat 1: vadjkeee ($103 in chips) 
Seat 2: Quahrino ($116.40 in chips) 
Seat 3: kvcsszblcs ($100 in chips) 
Seat 4: 41ElCapo02 ($23.29 in chips) 
Seat 5: rao999 ($100 in chips) 
Seat 6: ImaPeppaPig ($134.21 in chips) 
41ElCapo02: posts small blind $0.50
rao999: posts big blind $1
*** HOLE CARDS ***
ImaPeppaPig: folds 
vadjkeee: raises $2 to $3
Quahrino: folds 
kvcsszblcs: folds 
41ElCapo02: folds 
rao999: calls $2
*** FLOP *** [Ah 4c 8c]
rao999: checks 
vadjkeee: bets $2.04
rao999: calls $2.04
*** TURN *** [Ah 4c 8c] [Tc]
rao999: checks 
vadjkeee: checks 
*** RIVER *** [Ah 4c 8c Tc] [8h]
rao999: bets $7.54
vadjkeee: folds 
Uncalled bet ($7.54) returned to rao999
rao999 collected $10.05 from pot
rao999: doesn't show hand 
*** SUMMARY ***
Total pot $10.58 | Rake $0.53 
Board [Ah 4c 8c Tc 8h]
Seat 1: vadjkeee folded on the River
Seat 2: Quahrino folded before Flop (didn't bet)
Seat 3: kvcsszblcs (button) folded before Flop (didn't bet)
Seat 4: 41ElCapo02 (small blind) folded before Flop
Seat 5: rao999 (big blind) collected ($10.05)
Seat 6: ImaPeppaPig folded before Flop (didn't bet)



PokerStars Hand #254504046249:  Hold'em No Limit ($0.50/$1.00 USD) - 2025/01/22 20:03:44 WET [2025/01/22 15:03:44 ET]
Table 'Disa IV' 6-max Seat #4 is the button
Seat 1: vadjkeee ($100 in chips) 
Seat 2: Quahrino ($116.40 in chips) 
Seat 3: kvcsszblcs ($100 in chips) 
Seat 4: 41ElCapo02 ($22.79 in chips) 
Seat 5: rao999 ($105.01 in chips) 
Seat 6: ImaPeppaPig ($134.21 in chips) 
rao999: posts small blind $0.50
ImaPeppaPig: posts big blind $1
*** HOLE CARDS ***
vadjkeee: folds 
Quahrino: folds 
kvcsszblcs: folds 
41ElCapo02: raises $3 to $4
rao999: folds 
ImaPeppaPig: folds 
Uncalled bet ($3) returned to 41ElCapo02
41ElCapo02 collected $2.50 from pot
*** SUMMARY ***
Total pot $2.50 | Rake $0 
Seat 1: vadjkeee folded before Flop (didn't bet)
Seat 2: Quahrino folded before Flop (didn't bet)
Seat 3: kvcsszblcs folded before Flop (didn't bet)
Seat 4: 41ElCapo02 (button) collected ($2.50)
Seat 5: rao999 (small blind) folded before Flop
Seat 6: ImaPeppaPig (big blind) folded before Flop



PokerStars Hand #254504057987:  Hold'em No Limit ($0.50/$1.00 USD) - 2025/01/22 20:04:26 WET [2025/01/22 15:04:26 ET]
Table 'Disa IV' 6-max Seat #5 is the button
Seat 1: vadjkeee ($100 in chips) 
Seat 2: Quahrino ($116.40 in chips) 
Seat 3: kvcsszblcs ($100 in chips) 
Seat 4: 41ElCapo02 ($24.29 in chips) 
Seat 5: rao999 ($104.51 in chips) 
Seat 6: ImaPeppaPig ($133.21 in chips) 
ImaPeppaPig: posts small blind $0.50
vadjkeee: posts big blind $1
*** HOLE CARDS ***
Quahrino: raises $1 to $2
kvcsszblcs: folds 
41ElCapo02: folds 
rao999: folds 
ImaPeppaPig: folds 
vadjkeee: folds 
Uncalled bet ($1) returned to Quahrino
Quahrino collected $2.50 from pot
Quahrino: doesn't show hand 
*** SUMMARY ***
Total pot $2.50 | Rake $0 
Seat 1: vadjkeee (big blind) folded before Flop
Seat 2: Quahrino collected ($2.50)
Seat 3: kvcsszblcs folded before Flop (didn't bet)
Seat 4: 41ElCapo02 folded before Flop (didn't bet)
Seat 5: rao999 (button) folded before Flop (didn't bet)
Seat 6: ImaPeppaPig (small blind) folded before Flop



PokerStars Hand #254504066333:  Hold'em No Limit ($0.50/$1.00 USD) - 2025/01/22 20:04:55 WET [2025/01/22 15:04:55 ET]
Table 'Disa IV' 6-max Seat #6 is the button
Seat 1: vadjkeee ($100 in chips) 
Seat 2: Quahrino ($117.90 in chips) 
Seat 3: kvcsszblcs ($100 in chips) 
Seat 4: 41ElCapo02 ($24.29 in chips) 
Seat 5: rao999 ($104.51 in chips) 
Seat 6: ImaPeppaPig ($132.71 in chips) 
vadjkeee: posts small blind $0.50
Quahrino: posts big blind $1
*** HOLE CARDS ***
kvcsszblcs: folds 
41ElCapo02: folds 
rao999: folds 
ImaPeppaPig: folds 
vadjkeee: folds 
Uncalled bet ($0.50) returned to Quahrino
Quahrino collected $1 from pot
Quahrino: doesn't show hand 
*** SUMMARY ***
Total pot $1 | Rake $0 
Seat 1: vadjkeee (small blind) folded before Flop
Seat 2: Quahrino (big blind) collected ($1)
Seat 3: kvcsszblcs folded before Flop (didn't bet)
Seat 4: 41ElCapo02 folded before Flop (didn't bet)
Seat 5: rao999 folded before Flop (didn't bet)
Seat 6: ImaPeppaPig (button) folded before Flop (didn't bet)



PokerStars Hand #254504070172:  Hold'em No Limit ($0.50/$1.00 USD) - 2025/01/22 20:05:08 WET [2025/01/22 15:05:08 ET]
Table 'Disa IV' 6-max Seat #1 is the button
Seat 1: vadjkeee ($100 in chips) 
Seat 2: Quahrino ($118.40 in chips) 
Seat 3: kvcsszblcs ($100 in chips) 
Seat 4: 41ElCapo02 ($24.29 in chips) 
Seat 5: rao999 ($104.51 in chips) 
Seat 6: ImaPeppaPig ($132.71 in chips) 
Quahrino: posts small blind $0.50
kvcsszblcs: posts big blind $1
*** HOLE CARDS ***
41ElCapo02: folds 
rao999: folds 
ImaPeppaPig: folds 
vadjkeee: raises $1.50 to $2.50
Quahrino: folds 
kvcsszblcs: calls $1.50
*** FLOP *** [9d Jc 7h]
kvcsszblcs: checks 
vadjkeee: bets $1.72
kvcsszblcs: folds 
Uncalled bet ($1.72) returned to vadjkeee
vadjkeee collected $5.22 from pot
vadjkeee: doesn't show hand 
*** SUMMARY ***
Total pot $5.50 | Rake $0.28 
Board [9d Jc 7h]
Seat 1: vadjkeee (button) collected ($5.22)
Seat 2: Quahrino (small blind) folded before Flop
Seat 3: kvcsszblcs (big blind) folded on the Flop
Seat 4: 41ElCapo02 folded before Flop (didn't bet)
Seat 5: rao999 folded before Flop (didn't bet)
Seat 6: ImaPeppaPig folded before Flop (didn't bet)



PokerStars Hand #254504078468:  Hold'em No Limit ($0.50/$1.00 USD) - 2025/01/22 20:05:37 WET [2025/01/22 15:05:37 ET]
Table 'Disa IV' 6-max Seat #2 is the button
Seat 1: vadjkeee ($102.72 in chips) 
Seat 2: Quahrino ($117.90 in chips) 
Seat 3: kvcsszblcs ($100 in chips) 
Seat 4: 41ElCapo02 ($24.29 in chips) 
Seat 5: rao999 ($104.51 in chips) 
Seat 6: ImaPeppaPig ($132.71 in chips) 
kvcsszblcs: posts small blind $0.50
41ElCapo02: posts big blind $1
*** HOLE CARDS ***
rao999: raises $1.50 to $2.50
ImaPeppaPig: folds 
vadjkeee: folds 
Quahrino: folds 
kvcsszblcs: folds 
41ElCapo02: folds 
Uncalled bet ($1.50) returned to rao999
rao999 collected $2.50 from pot
rao999: doesn't show hand 
*** SUMMARY ***
Total pot $2.50 | Rake $0 
Seat 1: vadjkeee folded before Flop (didn't bet)
Seat 2: Quahrino (button) folded before Flop (didn't bet)
Seat 3: kvcsszblcs (small blind) folded before Flop
Seat 4: 41ElCapo02 (big blind) folded before Flop
Seat 5: rao999 collected ($2.50)
Seat 6: ImaPeppaPig folded before Flop (didn't bet)



PokerStars Hand #254504083484:  Hold'em No Limit ($0.50/$1.00 USD) - 2025/01/22 20:05:54 WET [2025/01/22 15:05:54 ET]
Table 'Disa IV' 6-max Seat #3 is the button
Seat 1: vadjkeee ($102.72 in chips) 
Seat 2: Quahrino ($117.90 in chips) 
Seat 3: kvcsszblcs ($100 in chips) 
Seat 4: 41ElCapo02 ($23.29 in chips) 
Seat 5: rao999 ($106.01 in chips) 
Seat 6: ImaPeppaPig ($132.71 in chips) 
41ElCapo02: posts small blind $0.50
rao999: posts big blind $1
*** HOLE CARDS ***
ImaPeppaPig: folds 
vadjkeee: folds 
Quahrino: folds 
kvcsszblcs: folds 
41ElCapo02: calls $0.50
rao999: checks 
*** FLOP *** [4d 6c 6d]
41ElCapo02: checks 
rao999: bets $1
41ElCapo02: folds 
Uncalled bet ($1) returned to rao999
rao999 collected $1.90 from pot
rao999: doesn't show hand 
*** SUMMARY ***
Total pot $2 | Rake $0.10 
Board [4d 6c 6d]
Seat 1: vadjkeee folded before Flop (didn't bet)
Seat 2: Quahrino folded before Flop (didn't bet)
Seat 3: kvcsszblcs (button) folded before Flop (didn't bet)
Seat 4: 41ElCapo02 (small blind) folded on the Flop
Seat 5: rao999 (big blind) collected ($1.90)
Seat 6: ImaPeppaPig folded before Flop (didn't bet)



PokerStars Hand #254504091634:  Hold'em No Limit ($0.50/$1.00 USD) - 2025/01/22 20:06:22 WET [2025/01/22 15:06:22 ET]
Table 'Disa IV' 6-max Seat #4 is the button
Seat 1: vadjkeee ($102.72 in chips) 
Seat 2: Quahrino ($117.90 in chips) 
Seat 3: kvcsszblcs ($100 in chips) 
Seat 4: 41ElCapo02 ($22.29 in chips) 
Seat 5: rao999 ($106.91 in chips) 
Seat 6: ImaPeppaPig ($132.71 in chips) 
rao999: posts small blind $0.50
ImaPeppaPig: posts big blind $1
*** HOLE CARDS ***
vadjkeee: folds 
Quahrino: folds 
kvcsszblcs: raises $1 to $2
41ElCapo02: calls $2
rao999: folds 
ImaPeppaPig: folds 
*** FLOP *** [Td Tc 6c]
kvcsszblcs: checks 
41ElCapo02: checks 
*** TURN *** [Td Tc 6c] [9s]
kvcsszblcs: bets $5
41ElCapo02: folds 
Uncalled bet ($5) returned to kvcsszblcs
kvcsszblcs collected $5.22 from pot
kvcsszblcs: doesn't show hand 
*** SUMMARY ***
Total pot $5.50 | Rake $0.28 
Board [Td Tc 6c 9s]
Seat 1: vadjkeee folded before Flop (didn't bet)
Seat 2: Quahrino folded before Flop (didn't bet)
Seat 3: kvcsszblcs collected ($5.22)
Seat 4: 41ElCapo02 (button) folded on the Turn
Seat 5: rao999 (small blind) folded before Flop
Seat 6: ImaPeppaPig (big blind) folded before Flop



PokerStars Hand #254504106141:  Hold'em No Limit ($0.50/$1.00 USD) - 2025/01/22 20:07:11 WET [2025/01/22 15:07:11 ET]
Table 'Disa IV' 6-max Seat #5 is the button
Seat 1: vadjkeee ($102.72 in chips) 
Seat 2: Quahrino ($117.90 in chips) 
Seat 3: kvcsszblcs ($103.22 in chips) 
Seat 4: 41ElCapo02 ($20.29 in chips) 
Seat 5: rao999 ($106.41 in chips) 
Seat 6: ImaPeppaPig ($131.71 in chips) 
ImaPeppaPig: posts small blind $0.50
vadjkeee: posts big blind $1
*** HOLE CARDS ***
Quahrino: folds 
kvcsszblcs: folds 
41ElCapo02: calls $1
rao999: folds 
ImaPeppaPig: raises $4 to $5
vadjkeee: folds 
41ElCapo02: calls $4
*** FLOP *** [As Ac 8c]
ImaPeppaPig: bets $3.24
41ElCapo02: folds 
Uncalled bet ($3.24) returned to ImaPeppaPig
ImaPeppaPig collected $10.45 from pot
ImaPeppaPig: doesn't show hand 
*** SUMMARY ***
Total pot $11 | Rake $0.55 
Board [As Ac 8c]
Seat 1: vadjkeee (big blind) folded before Flop
Seat 2: Quahrino folded before Flop (didn't bet)
Seat 3: kvcsszblcs folded before Flop (didn't bet)
Seat 4: 41ElCapo02 folded on the Flop
Seat 5: rao999 (button) folded before Flop (didn't bet)
Seat 6: ImaPeppaPig (small blind) collected ($10.45)



PokerStars Hand #254504114286:  Hold'em No Limit ($0.50/$1.00 USD) - 2025/01/22 20:07:39 WET [2025/01/22 15:07:39 ET]
Table 'Disa IV' 6-max Seat #6 is the button
Seat 1: vadjkeee ($101.72 in chips) 
Seat 2: Quahrino ($117.90 in chips) 
Seat 3: kvcsszblcs ($103.22 in chips) 
Seat 4: 41ElCapo02 ($15.29 in chips) 
Seat 5: rao999 ($106.41 in chips) 
Seat 6: ImaPeppaPig ($137.16 in chips) 
vadjkeee: posts small blind $0.50
Quahrino: posts big blind $1
*** HOLE CARDS ***
kvcsszblcs: folds 
41ElCapo02: folds 
rao999: raises $1.50 to $2.50
ImaPeppaPig: folds 
vadjkeee: folds 
Quahrino: folds 
Uncalled bet ($1.50) returned to rao999
rao999 collected $2.50 from pot
rao999: doesn't show hand 
*** SUMMARY ***
Total pot $2.50 | Rake $0 
Seat 1: vadjkeee (small blind) folded before Flop
Seat 2: Quahrino (big blind) folded before Flop
Seat 3: kvcsszblcs folded before Flop (didn't bet)
Seat 4: 41ElCapo02 folded before Flop (didn't bet)
Seat 5: rao999 collected ($2.50)
Seat 6: ImaPeppaPig (button) folded before Flop (didn't bet)



PokerStars Hand #254504117881:  Hold'em No Limit ($0.50/$1.00 USD) - 2025/01/22 20:07:51 WET [2025/01/22 15:07:51 ET]
Table 'Disa IV' 6-max Seat #1 is the button
Seat 1: vadjkeee ($101.22 in chips) 
Seat 2: Quahrino ($116.90 in chips) 
Seat 3: kvcsszblcs ($103.22 in chips) 
Seat 4: 41ElCapo02 ($15.29 in chips) 
Seat 5: rao999 ($107.91 in chips) 
Seat 6: ImaPeppaPig ($137.16 in chips) 
Quahrino: posts small blind $0.50
kvcsszblcs: posts big blind $1
*** HOLE CARDS ***
41ElCapo02: folds 
rao999: folds 
ImaPeppaPig: folds 
vadjkeee: folds 
Quahrino: folds 
Uncalled bet ($0.50) returned to kvcsszblcs
kvcsszblcs collected $1 from pot
kvcsszblcs: doesn't show hand 
*** SUMMARY ***
Total pot $1 | Rake $0 
Seat 1: vadjkeee (button) folded before Flop (didn't bet)
Seat 2: Quahrino (small blind) folded before Flop
Seat 3: kvcsszblcs (big blind) collected ($1)
Seat 4: 41ElCapo02 folded before Flop (didn't bet)
Seat 5: rao999 folded before Flop (didn't bet)
Seat 6: ImaPeppaPig folded before Flop (didn't bet)



PokerStars Hand #254504123352:  Hold'em No Limit ($0.50/$1.00 USD) - 2025/01/22 20:08:10 WET [2025/01/22 15:08:10 ET]
Table 'Disa IV' 6-max Seat #2 is the button
Seat 1: vadjkeee ($101.22 in chips) 
Seat 2: Quahrino ($116.40 in chips) 
Seat 3: kvcsszblcs ($103.72 in chips) 
Seat 4: 41ElCapo02 ($15.29 in chips) 
Seat 5: rao999 ($107.91 in chips) 
Seat 6: ImaPeppaPig ($137.16 in chips) 
kvcsszblcs: posts small blind $0.50
41ElCapo02: posts big blind $1
*** HOLE CARDS ***
rao999: folds 
ImaPeppaPig: raises $1.50 to $2.50
vadjkeee: folds 
Quahrino: folds 
kvcsszblcs: folds 
41ElCapo02: folds 
Uncalled bet ($1.50) returned to ImaPeppaPig
ImaPeppaPig collected $2.50 from pot
ImaPeppaPig: doesn't show hand 
*** SUMMARY ***
Total pot $2.50 | Rake $0 
Seat 1: vadjkeee folded before Flop (didn't bet)
Seat 2: Quahrino (button) folded before Flop (didn't bet)
Seat 3: kvcsszblcs (small blind) folded before Flop
Seat 4: 41ElCapo02 (big blind) folded before Flop
Seat 5: rao999 folded before Flop (didn't bet)
Seat 6: ImaPeppaPig collected ($2.50)



PokerStars Hand #254504128404:  Hold'em No Limit ($0.50/$1.00 USD) - 2025/01/22 20:08:28 WET [2025/01/22 15:08:28 ET]
Table 'Disa IV' 6-max Seat #3 is the button
Seat 1: vadjkeee ($101.22 in chips) 
Seat 2: Quahrino ($116.40 in chips) 
Seat 3: kvcsszblcs ($103.22 in chips) 
Seat 4: 41ElCapo02 ($14.29 in chips) 
Seat 5: rao999 ($107.91 in chips) 
Seat 6: ImaPeppaPig ($138.66 in chips) 
41ElCapo02: posts small blind $0.50
rao999: posts big blind $1
*** HOLE CARDS ***
ImaPeppaPig: folds 
vadjkeee: folds 
Quahrino: folds 
kvcsszblcs: folds 
41ElCapo02: calls $0.50
rao999: checks 
*** FLOP *** [3d 8s 7s]
41ElCapo02: checks 
rao999: bets $1
41ElCapo02: folds 
Uncalled bet ($1) returned to rao999
rao999 collected $1.90 from pot
rao999: doesn't show hand 
*** SUMMARY ***
Total pot $2 | Rake $0.10 
Board [3d 8s 7s]
Seat 1: vadjkeee folded before Flop (didn't bet)
Seat 2: Quahrino folded before Flop (didn't bet)
Seat 3: kvcsszblcs (button) folded before Flop (didn't bet)
Seat 4: 41ElCapo02 (small blind) folded on the Flop
Seat 5: rao999 (big blind) collected ($1.90)
Seat 6: ImaPeppaPig folded before Flop (didn't bet)



PokerStars Hand #254504134772:  Hold'em No Limit ($0.50/$1.00 USD) - 2025/01/22 20:08:49 WET [2025/01/22 15:08:49 ET]
Table 'Disa IV' 6-max Seat #4 is the button
Seat 1: vadjkeee ($101.22 in chips) 
Seat 2: Quahrino ($116.40 in chips) 
Seat 3: kvcsszblcs ($103.22 in chips) 
Seat 4: 41ElCapo02 ($13.29 in chips) 
Seat 5: rao999 ($108.81 in chips) 
Seat 6: ImaPeppaPig ($138.66 in chips) 
rao999: posts small blind $0.50
ImaPeppaPig: posts big blind $1
*** HOLE CARDS ***
vadjkeee: folds 
Quahrino: raises $1 to $2
kvcsszblcs: folds 
41ElCapo02: raises $11.29 to $13.29 and is all-in
rao999: folds 
ImaPeppaPig: folds 
Quahrino: calls $11.29
*** FLOP *** [9h Jh 6h]
*** TURN *** [9h Jh 6h] [Qs]
*** RIVER *** [9h Jh 6h Qs] [7c]
*** SHOW DOWN ***
Quahrino: shows [Ah Ad] (a pair of Aces)
41ElCapo02: shows [Js Tc] (a pair of Jacks)
Quahrino collected $26.68 from pot
*** SUMMARY ***
Total pot $28.08 | Rake $1.40 
Board [9h Jh 6h Qs 7c]
Seat 1: vadjkeee folded before Flop (didn't bet)
Seat 2: Quahrino showed [Ah Ad] and won ($26.68) with a pair of Aces
Seat 3: kvcsszblcs folded before Flop (didn't bet)
Seat 4: 41ElCapo02 (button) showed [Js Tc] and lost with a pair of Jacks
Seat 5: rao999 (small blind) folded before Flop
Seat 6: ImaPeppaPig (big blind) folded before Flop



PokerStars Hand #254504145059:  Hold'em No Limit ($0.50/$1.00 USD) - 2025/01/22 20:09:24 WET [2025/01/22 15:09:24 ET]
Table 'Disa IV' 6-max Seat #5 is the button
Seat 4: 41ElCapo02 ($0 in chips) is sitting out
Seat 1: vadjkeee ($101.22 in chips) 
Seat 2: Quahrino ($129.79 in chips) 
Seat 3: kvcsszblcs ($103.22 in chips) 
Seat 5: rao999 ($108.31 in chips) 
Seat 6: ImaPeppaPig ($137.66 in chips) 
ImaPeppaPig: posts small blind $0.50
vadjkeee: posts big blind $1
*** HOLE CARDS ***
Quahrino: raises $1 to $2
41ElCapo02 leaves the table
kvcsszblcs: folds 
rao999: folds 
ImaPeppaPig: folds 
vadjkeee: folds 
Uncalled bet ($1) returned to Quahrino
Quahrino collected $2.50 from pot
Quahrino: doesn't show hand 
*** SUMMARY ***
Total pot $2.50 | Rake $0 
Seat 4: 41ElCapo02
Seat 1: vadjkeee (big blind) folded before Flop
Seat 2: Quahrino collected ($2.50)
Seat 3: kvcsszblcs folded before Flop (didn't bet)
Seat 5: rao999 (button) folded before Flop (didn't bet)
Seat 6: ImaPeppaPig (small blind) folded before Flop



PokerStars Hand #254504150959:  Hold'em No Limit ($0.50/$1.00 USD) - 2025/01/22 20:09:44 WET [2025/01/22 15:09:44 ET]
Table 'Disa IV' 6-max Seat #6 is the button
Seat 1: vadjkeee ($100.22 in chips) 
Seat 2: Quahrino ($131.29 in chips) 
Seat 3: kvcsszblcs ($103.22 in chips) 
Seat 5: rao999 ($108.31 in chips) 
Seat 6: ImaPeppaPig ($137.16 in chips) 
vadjkeee: posts small blind $0.50
Quahrino: posts big blind $1
*** HOLE CARDS ***
kvcsszblcs: raises $1 to $2
rao999: folds 
ImaPeppaPig: folds 
vadjkeee: folds 
Quahrino: calls $1
*** FLOP *** [7c 6c 9s]
Quahrino: checks 
kvcsszblcs: checks 
*** TURN *** [7c 6c 9s] [5c]
Quahrino: bets $1.41
kvcsszblcs: folds 
Uncalled bet ($1.41) returned to Quahrino
Quahrino collected $4.28 from pot
Quahrino: doesn't show hand 
*** SUMMARY ***
Total pot $4.50 | Rake $0.22 
Board [7c 6c 9s 5c]
Seat 1: vadjkeee (small blind) folded before Flop
Seat 2: Quahrino (big blind) collected ($4.28)
Seat 3: kvcsszblcs folded on the Turn
Seat 5: rao999 folded before Flop (didn't bet)
Seat 6: ImaPeppaPig (button) folded before Flop (didn't bet)



PokerStars Hand #254504163278:  Hold'em No Limit ($0.50/$1.00 USD) - 2025/01/22 20:10:26 WET [2025/01/22 15:10:26 ET]
Table 'Disa IV' 6-max Seat #1 is the button
Seat 1: vadjkeee ($100 in chips) 
Seat 2: Quahrino ($133.57 in chips) 
Seat 3: kvcsszblcs ($101.22 in chips) 
Seat 5: rao999 ($108.31 in chips) 
Seat 6: ImaPeppaPig ($137.16 in chips) 
Quahrino: posts small blind $0.50
kvcsszblcs: posts big blind $1
*** HOLE CARDS ***
rao999: folds 
ImaPeppaPig: folds 
vadjkeee: folds 
Quahrino: folds 
Uncalled bet ($0.50) returned to kvcsszblcs
kvcsszblcs collected $1 from pot
kvcsszblcs: doesn't show hand 
*** SUMMARY ***
Total pot $1 | Rake $0 
Seat 1: vadjkeee (button) folded before Flop (didn't bet)
Seat 2: Quahrino (small blind) folded before Flop
Seat 3: kvcsszblcs (big blind) collected ($1)
Seat 5: rao999 folded before Flop (didn't bet)
Seat 6: ImaPeppaPig folded before Flop (didn't bet)



PokerStars Hand #254504169013:  Hold'em No Limit ($0.50/$1.00 USD) - 2025/01/22 20:10:46 WET [2025/01/22 15:10:46 ET]
Table 'Disa IV' 6-max Seat #2 is the button
Seat 5: rao999 ($108.31 in chips) is sitting out
Seat 1: vadjkeee ($100 in chips) 
Seat 2: Quahrino ($133.07 in chips) 
Seat 3: kvcsszblcs ($101.72 in chips) 
Seat 6: ImaPeppaPig ($137.16 in chips) 
kvcsszblcs: posts small blind $0.50
rao999: is sitting out 
ImaPeppaPig: posts big blind $1
*** HOLE CARDS ***
vadjkeee: folds 
Quahrino: folds 
kvcsszblcs: raises $1.85 to $2.85
ImaPeppaPig: folds 
Uncalled bet ($1.85) returned to kvcsszblcs
kvcsszblcs collected $2 from pot
kvcsszblcs: doesn't show hand 
*** SUMMARY ***
Total pot $2 | Rake $0 
Seat 5: rao999
Seat 1: vadjkeee folded before Flop (didn't bet)
Seat 2: Quahrino (button) folded before Flop (didn't bet)
Seat 3: kvcsszblcs (small blind) collected ($2)
Seat 6: ImaPeppaPig (big blind) folded before Flop



PokerStars Hand #254504175984:  Hold'em No Limit ($0.50/$1.00 USD) - 2025/01/22 20:11:10 WET [2025/01/22 15:11:10 ET]
Table 'Disa IV' 6-max Seat #3 is the button
Seat 1: vadjkeee ($100 in chips) is sitting out
Seat 5: rao999 ($108.31 in chips) is sitting out
Seat 2: Quahrino ($133.07 in chips) 
Seat 3: kvcsszblcs ($102.72 in chips) 
Seat 6: ImaPeppaPig ($136.16 in chips) 
ImaPeppaPig: posts small blind $0.50
vadjkeee: is sitting out 
Quahrino: posts big blind $1
*** HOLE CARDS ***
raiseinthedarkk joins the table at seat #4 
kvcsszblcs: folds 
ImaPeppaPig: folds 
Uncalled bet ($0.50) returned to Quahrino
Quahrino collected $1 from pot
Quahrino: doesn't show hand 
vadjkeee leaves the table
*** SUMMARY ***
Total pot $1 | Rake $0 
Seat 1: vadjkeee
Seat 5: rao999
Seat 2: Quahrino (big blind) collected ($1)
Seat 3: kvcsszblcs (button) folded before Flop (didn't bet)
Seat 6: ImaPeppaPig (small blind) folded before Flop



PokerStars Hand #254504177820:  Hold'em No Limit ($0.50/$1.00 USD) - 2025/01/22 20:11:16 WET [2025/01/22 15:11:16 ET]
Table 'Disa IV' 6-max Seat #6 is the button
Seat 4: raiseinthedarkk ($100 in chips) is sitting out
Seat 5: rao999 ($108.31 in chips) is sitting out
Seat 2: Quahrino ($133.57 in chips) 
Seat 3: kvcsszblcs ($102.72 in chips) 
Seat 6: ImaPeppaPig ($135.66 in chips) 
Quahrino: posts small blind $0.50
kvcsszblcs: posts big blind $1
raiseinthedarkk: sits out 
*** HOLE CARDS ***
ImaPeppaPig: raises $1.50 to $2.50
Quahrino: raises $9.50 to $12
kvcsszblcs: folds 
ImaPeppaPig: folds 
Uncalled bet ($9.50) returned to Quahrino
Quahrino collected $6 from pot
Quahrino: doesn't show hand 
*** SUMMARY ***
Total pot $6 | Rake $0 
Seat 4: raiseinthedarkk
Seat 5: rao999
Seat 2: Quahrino (small blind) collected ($6)
Seat 3: kvcsszblcs (big blind) folded before Flop
Seat 6: ImaPeppaPig (button) folded before Flop



PokerStars Hand #254504181085:  Hold'em No Limit ($0.50/$1.00 USD) - 2025/01/22 20:11:27 WET [2025/01/22 15:11:27 ET]
Table 'Disa IV' 6-max Seat #2 is the button
Seat 5: rao999 ($108.31 in chips) is sitting out
Seat 2: Quahrino ($137.07 in chips) 
Seat 3: kvcsszblcs ($101.72 in chips) 
Seat 4: raiseinthedarkk ($100 in chips) 
Seat 6: ImaPeppaPig ($133.16 in chips) 
kvcsszblcs: posts small blind $0.50
raiseinthedarkk: posts big blind $1
*** HOLE CARDS ***
ImaPeppaPig: folds 
Quahrino: folds 
kvcsszblcs: raises $1.85 to $2.85
raiseinthedarkk: folds 
Uncalled bet ($1.85) returned to kvcsszblcs
kvcsszblcs collected $2 from pot
kvcsszblcs: doesn't show hand 
*** SUMMARY ***
Total pot $2 | Rake $0 
Seat 5: rao999
Seat 2: Quahrino (button) folded before Flop (didn't bet)
Seat 3: kvcsszblcs (small blind) collected ($2)
Seat 4: raiseinthedarkk (big blind) folded before Flop
Seat 6: ImaPeppaPig folded before Flop (didn't bet)



PokerStars Hand #254504188081:  Hold'em No Limit ($0.50/$1.00 USD) - 2025/01/22 20:11:51 WET [2025/01/22 15:11:51 ET]
Table 'Disa IV' 6-max Seat #3 is the button
Seat 5: rao999 ($108.31 in chips) is sitting out
Seat 2: Quahrino ($137.07 in chips) 
Seat 3: kvcsszblcs ($102.72 in chips) 
Seat 4: raiseinthedarkk ($100 in chips) 
Seat 6: ImaPeppaPig ($133.16 in chips) 
raiseinthedarkk: posts small blind $0.50
ImaPeppaPig: posts big blind $1
*** HOLE CARDS ***
rao999 leaves the table
Quahrino: raises $1.30 to $2.30
kvcsszblcs: folds 
raiseinthedarkk: folds 
ImaPeppaPig: folds 
Uncalled bet ($1.30) returned to Quahrino
Quahrino collected $2.50 from pot
Quahrino: doesn't show hand 
*** SUMMARY ***
Total pot $2.50 | Rake $0 
Seat 5: rao999
Seat 2: Quahrino collected ($2.50)
Seat 3: kvcsszblcs (button) folded before Flop (didn't bet)
Seat 4: raiseinthedarkk (small blind) folded before Flop
Seat 6: ImaPeppaPig (big blind) folded before Flop



PokerStars Hand #254504193116:  Hold'em No Limit ($0.50/$1.00 USD) - 2025/01/22 20:12:08 WET [2025/01/22 15:12:08 ET]
Table 'Disa IV' 6-max Seat #4 is the button
Seat 2: Quahrino ($138.57 in chips) 
Seat 3: kvcsszblcs ($102.72 in chips) 
Seat 4: raiseinthedarkk ($100 in chips) 
Seat 6: ImaPeppaPig ($132.16 in chips) 
ImaPeppaPig: posts small blind $0.50
Quahrino: posts big blind $1
*** HOLE CARDS ***
kvcsszblcs: folds 
raiseinthedarkk: folds 
ImaPeppaPig: folds 
Uncalled bet ($0.50) returned to Quahrino
Quahrino collected $1 from pot
Quahrino: doesn't show hand 
*** SUMMARY ***
Total pot $1 | Rake $0 
Seat 2: Quahrino (big blind) collected ($1)
Seat 3: kvcsszblcs folded before Flop (didn't bet)
Seat 4: raiseinthedarkk (button) folded before Flop (didn't bet)
Seat 6: ImaPeppaPig (small blind) folded before Flop



PokerStars Hand #254504196930:  Hold'em No Limit ($0.50/$1.00 USD) - 2025/01/22 20:12:21 WET [2025/01/22 15:12:21 ET]
Table 'Disa IV' 6-max Seat #6 is the button
Seat 3: kvcsszblcs ($102.72 in chips) is sitting out
Seat 2: Quahrino ($139.07 in chips) 
Seat 4: raiseinthedarkk ($100 in chips) 
Seat 6: ImaPeppaPig ($131.66 in chips) 
Quahrino: posts small blind $0.50
kvcsszblcs: is sitting out 
raiseinthedarkk: posts big blind $1
*** HOLE CARDS ***
ImaPeppaPig: folds 
Quahrino: folds 
Uncalled bet ($0.50) returned to raiseinthedarkk
raiseinthedarkk collected $1 from pot
raiseinthedarkk: doesn't show hand 
kvcsszblcs leaves the table
*** SUMMARY ***
Total pot $1 | Rake $0 
Seat 3: kvcsszblcs
Seat 2: Quahrino (small blind) folded before Flop
Seat 4: raiseinthedarkk (big blind) collected ($1)
Seat 6: ImaPeppaPig (button) folded before Flop (didn't bet)



PokerStars Hand #254504198668:  Hold'em No Limit ($0.50/$1.00 USD) - 2025/01/22 20:12:27 WET [2025/01/22 15:12:27 ET]
Table 'Disa IV' 6-max Seat #2 is the button
Seat 2: Quahrino ($138.57 in chips) 
Seat 4: raiseinthedarkk ($100.50 in chips) 
Seat 6: ImaPeppaPig ($131.66 in chips) 
raiseinthedarkk: posts small blind $0.50
ImaPeppaPig: posts big blind $1
*** HOLE CARDS ***
Quahrino: raises $1.50 to $2.50
raiseinthedarkk: folds 
ImaPeppaPig: folds 
Uncalled bet ($1.50) returned to Quahrino
Quahrino collected $2.50 from pot
Quahrino: doesn't show hand 
*** SUMMARY ***
Total pot $2.50 | Rake $0 
Seat 2: Quahrino (button) collected ($2.50)
Seat 4: raiseinthedarkk (small blind) folded before Flop
Seat 6: ImaPeppaPig (big blind) folded before Flop



PokerStars Hand #254504202404:  Hold'em No Limit ($0.50/$1.00 USD) - 2025/01/22 20:12:40 WET [2025/01/22 15:12:40 ET]
Table 'Disa IV' 6-max Seat #4 is the button
Seat 2: Quahrino ($140.07 in chips) 
Seat 4: raiseinthedarkk ($100 in chips) 
Seat 6: ImaPeppaPig ($130.66 in chips) 
ImaPeppaPig: posts small blind $0.50
Quahrino: posts big blind $1
*** HOLE CARDS ***
raiseinthedarkk: folds 
ImaPeppaPig: folds 
Uncalled bet ($0.50) returned to Quahrino
Quahrino collected $1 from pot
Quahrino: doesn't show hand 
*** SUMMARY ***
Total pot $1 | Rake $0 
Seat 2: Quahrino (big blind) collected ($1)
Seat 4: raiseinthedarkk (button) folded before Flop (didn't bet)
Seat 6: ImaPeppaPig (small blind) folded before Flop



PokerStars Hand #254504205077:  Hold'em No Limit ($0.50/$1.00 USD) - 2025/01/22 20:12:49 WET [2025/01/22 15:12:49 ET]
Table 'Disa IV' 6-max Seat #6 is the button
Seat 2: Quahrino ($140.57 in chips) 
Seat 4: raiseinthedarkk ($100 in chips) 
Seat 6: ImaPeppaPig ($130.16 in chips) 
Quahrino: posts small blind $0.50
raiseinthedarkk: posts big blind $1
*** HOLE CARDS ***
ImaPeppaPig: raises $1.50 to $2.50
Quahrino: folds 
raiseinthedarkk: raises $8.50 to $11
ImaPeppaPig: raises $119.16 to $130.16 and is all-in
raiseinthedarkk: folds 
Uncalled bet ($119.16) returned to ImaPeppaPig
ImaPeppaPig collected $22.50 from pot
ImaPeppaPig: doesn't show hand 
*** SUMMARY ***
Total pot $22.50 | Rake $0 
Seat 2: Quahrino (small blind) folded before Flop
Seat 4: raiseinthedarkk (big blind) folded before Flop
Seat 6: ImaPeppaPig (button) collected ($22.50)



PokerStars Hand #254504217587:  Hold'em No Limit ($0.50/$1.00 USD) - 2025/01/22 20:13:31 WET [2025/01/22 15:13:31 ET]
Table 'Disa IV' 6-max Seat #2 is the button
Seat 2: Quahrino ($140.07 in chips) 
Seat 4: raiseinthedarkk ($100 in chips) 
Seat 6: ImaPeppaPig ($141.66 in chips) 
raiseinthedarkk: posts small blind $0.50
ImaPeppaPig: posts big blind $1
*** HOLE CARDS ***
Quahrino: raises $1.50 to $2.50
raiseinthedarkk: folds 
ImaPeppaPig: folds 
Uncalled bet ($1.50) returned to Quahrino
Quahrino collected $2.50 from pot
Quahrino: doesn't show hand 
*** SUMMARY ***
Total pot $2.50 | Rake $0 
Seat 2: Quahrino (button) collected ($2.50)
Seat 4: raiseinthedarkk (small blind) folded before Flop
Seat 6: ImaPeppaPig (big blind) folded before Flop



PokerStars Hand #254504219984:  Hold'em No Limit ($0.50/$1.00 USD) - 2025/01/22 20:13:39 WET [2025/01/22 15:13:39 ET]
Table 'Disa IV' 6-max Seat #4 is the button
Seat 2: Quahrino ($141.57 in chips) 
Seat 4: raiseinthedarkk ($100 in chips) 
Seat 6: ImaPeppaPig ($140.66 in chips) 
ImaPeppaPig: posts small blind $0.50
Quahrino: posts big blind $1
*** HOLE CARDS ***
raiseinthedarkk: folds 
ImaPeppaPig: folds 
Uncalled bet ($0.50) returned to Quahrino
Quahrino collected $1 from pot
Quahrino: doesn't show hand 
raiseinthedarkk leaves the table
*** SUMMARY ***
Total pot $1 | Rake $0 
Seat 2: Quahrino (big blind) collected ($1)
Seat 4: raiseinthedarkk (button) folded before Flop (didn't bet)
Seat 6: ImaPeppaPig (small blind) folded before Flop



PokerStars Hand #254504222090:  Hold'em No Limit ($0.50/$1.00 USD) - 2025/01/22 20:13:47 WET [2025/01/22 15:13:47 ET]
Table 'Disa IV' 6-max Seat #2 is the button
Seat 2: Quahrino ($142.07 in chips) 
Seat 6: ImaPeppaPig ($140.16 in chips) 
Quahrino: posts small blind $0.50
ImaPeppaPig: posts big blind $1
*** HOLE CARDS ***
Quahrino: raises $1.50 to $2.50
ImaPeppaPig: calls $1.50
*** FLOP *** [Ah Qh Th]
ImaPeppaPig: checks 
Quahrino: bets $1
ImaPeppaPig: folds 
Uncalled bet ($1) returned to Quahrino
Quahrino collected $4.75 from pot
Quahrino: doesn't show hand 
*** SUMMARY ***
Total pot $5 | Rake $0.25 
Board [Ah Qh Th]
Seat 2: Quahrino (button) (small blind) collected ($4.75)
Seat 6: ImaPeppaPig (big blind) folded on the Flop



PokerStars Hand #254504225983:  Hold'em No Limit ($0.50/$1.00 USD) - 2025/01/22 20:14:00 WET [2025/01/22 15:14:00 ET]
Table 'Disa IV' 6-max Seat #6 is the button
Seat 2: Quahrino ($144.32 in chips) 
Seat 6: ImaPeppaPig ($137.66 in chips) 
ImaPeppaPig: posts small blind $0.50
Quahrino: posts big blind $1
*** HOLE CARDS ***
ImaPeppaPig: folds 
Uncalled bet ($0.50) returned to Quahrino
Quahrino collected $1 from pot
Quahrino: doesn't show hand 
*** SUMMARY ***
Total pot $1 | Rake $0 
Seat 2: Quahrino (big blind) collected ($1)
Seat 6: ImaPeppaPig (button) (small blind) folded before Flop



PokerStars Hand #254504229476:  Hold'em No Limit ($0.50/$1.00 USD) - 2025/01/22 20:14:12 WET [2025/01/22 15:14:12 ET]
Table 'Disa IV' 6-max Seat #2 is the button
Seat 2: Quahrino ($144.82 in chips) 
Seat 6: ImaPeppaPig ($137.16 in chips) 
Quahrino: posts small blind $0.50
ImaPeppaPig: posts big blind $1
*** HOLE CARDS ***
Quahrino: raises $1.50 to $2.50
ImaPeppaPig: raises $9.50 to $12
Quahrino: folds 
Uncalled bet ($9.50) returned to ImaPeppaPig
ImaPeppaPig collected $5 from pot
ImaPeppaPig: doesn't show hand 
*** SUMMARY ***
Total pot $5 | Rake $0 
Seat 2: Quahrino (button) (small blind) folded before Flop
Seat 6: ImaPeppaPig (big blind) collected ($5)



PokerStars Hand #254504232297:  Hold'em No Limit ($0.50/$1.00 USD) - 2025/01/22 20:14:21 WET [2025/01/22 15:14:21 ET]
Table 'Disa IV' 6-max Seat #6 is the button
Seat 2: Quahrino ($142.32 in chips) 
Seat 6: ImaPeppaPig ($139.66 in chips) 
ImaPeppaPig: posts small blind $0.50
Quahrino: posts big blind $1
*** HOLE CARDS ***
ImaPeppaPig: raises $1.50 to $2.50
Quahrino: calls $1.50
*** FLOP *** [9d 7d Qd]
Quahrino: checks 
ImaPeppaPig: bets $1.47
Quahrino: calls $1.47
*** TURN *** [9d 7d Qd] [5s]
Quahrino: checks 
ImaPeppaPig: bets $5.73
Quahrino: folds 
Uncalled bet ($5.73) returned to ImaPeppaPig
ImaPeppaPig collected $7.54 from pot
ImaPeppaPig: doesn't show hand 
*** SUMMARY ***
Total pot $7.94 | Rake $0.40 
Board [9d 7d Qd 5s]
Seat 2: Quahrino (big blind) folded on the Turn
Seat 6: ImaPeppaPig (button) (small blind) collected ($7.54)



PokerStars Hand #254504238626:  Hold'em No Limit ($0.50/$1.00 USD) - 2025/01/22 20:14:42 WET [2025/01/22 15:14:42 ET]
Table 'Disa IV' 6-max Seat #2 is the button
Seat 2: Quahrino ($138.35 in chips) 
Seat 6: ImaPeppaPig ($143.23 in chips) 
Quahrino: posts small blind $0.50
ImaPeppaPig: posts big blind $1
*** HOLE CARDS ***
Quahrino: raises $1.50 to $2.50
ImaPeppaPig: raises $9.50 to $12
Quahrino: calls $9.50
*** FLOP *** [3d Qs Jh]
ImaPeppaPig: bets $10.96
Quahrino: folds 
Uncalled bet ($10.96) returned to ImaPeppaPig
ImaPeppaPig collected $23 from pot
ImaPeppaPig: doesn't show hand 
*** SUMMARY ***
Total pot $24 | Rake $1 
Board [3d Qs Jh]
Seat 2: Quahrino (button) (small blind) folded on the Flop
Seat 6: ImaPeppaPig (big blind) collected ($23)



PokerStars Hand #254504245091:  Hold'em No Limit ($0.50/$1.00 USD) - 2025/01/22 20:15:04 WET [2025/01/22 15:15:04 ET]
Table 'Disa IV' 6-max Seat #6 is the button
Seat 2: Quahrino ($126.35 in chips) 
Seat 6: ImaPeppaPig ($154.23 in chips) 
ImaPeppaPig: posts small blind $0.50
Quahrino: posts big blind $1
*** HOLE CARDS ***
ImaPeppaPig: folds 
Uncalled bet ($0.50) returned to Quahrino
Quahrino collected $1 from pot
Quahrino: doesn't show hand 
*** SUMMARY ***
Total pot $1 | Rake $0 
Seat 2: Quahrino (big blind) collected ($1)
Seat 6: ImaPeppaPig (button) (small blind) folded before Flop



PokerStars Hand #254504247085:  Hold'em No Limit ($0.50/$1.00 USD) - 2025/01/22 20:15:11 WET [2025/01/22 15:15:11 ET]
Table 'Disa IV' 6-max Seat #2 is the button
Seat 2: Quahrino ($126.85 in chips) 
Seat 6: ImaPeppaPig ($153.73 in chips) 
Quahrino: posts small blind $0.50
ImaPeppaPig: posts big blind $1
*** HOLE CARDS ***
Quahrino: raises $1.50 to $2.50
ImaPeppaPig: folds 
Uncalled bet ($1.50) returned to Quahrino
Quahrino collected $2 from pot
Quahrino: doesn't show hand 
*** SUMMARY ***
Total pot $2 | Rake $0 
Seat 2: Quahrino (button) (small blind) collected ($2)
Seat 6: ImaPeppaPig (big blind) folded before Flop



PokerStars Hand #254504249113:  Hold'em No Limit ($0.50/$1.00 USD) - 2025/01/22 20:15:18 WET [2025/01/22 15:15:18 ET]
Table 'Disa IV' 6-max Seat #6 is the button
Seat 2: Quahrino ($127.85 in chips) 
Seat 6: ImaPeppaPig ($152.73 in chips) 
ImaPeppaPig: posts small blind $0.50
Quahrino: posts big blind $1
*** HOLE CARDS ***
ImaPeppaPig: raises $1.50 to $2.50
Quahrino: folds 
Uncalled bet ($1.50) returned to ImaPeppaPig
ImaPeppaPig collected $2 from pot
ImaPeppaPig: doesn't show hand 
*** SUMMARY ***
Total pot $2 | Rake $0 
Seat 2: Quahrino (big blind) folded before Flop
Seat 6: ImaPeppaPig (button) (small blind) collected ($2)



PokerStars Hand #254504251188:  Hold'em No Limit ($0.50/$1.00 USD) - 2025/01/22 20:15:25 WET [2025/01/22 15:15:25 ET]
Table 'Disa IV' 6-max Seat #2 is the button
Seat 2: Quahrino ($126.85 in chips) 
Seat 6: ImaPeppaPig ($153.73 in chips) 
Quahrino: posts small blind $0.50
ImaPeppaPig: posts big blind $1
*** HOLE CARDS ***
Quahrino: raises $1.50 to $2.50
ImaPeppaPig: folds 
Uncalled bet ($1.50) returned to Quahrino
Quahrino collected $2 from pot
Quahrino: doesn't show hand 
*** SUMMARY ***
Total pot $2 | Rake $0 
Seat 2: Quahrino (button) (small blind) collected ($2)
Seat 6: ImaPeppaPig (big blind) folded before Flop



PokerStars Hand #254504253255:  Hold'em No Limit ($0.50/$1.00 USD) - 2025/01/22 20:15:31 WET [2025/01/22 15:15:31 ET]
Table 'Disa IV' 6-max Seat #6 is the button
Seat 2: Quahrino ($127.85 in chips) 
Seat 6: ImaPeppaPig ($152.73 in chips) 
ImaPeppaPig: posts small blind $0.50
Quahrino: posts big blind $1
*** HOLE CARDS ***
ImaPeppaPig: folds 
Uncalled bet ($0.50) returned to Quahrino
Quahrino collected $1 from pot
Quahrino: doesn't show hand 
*** SUMMARY ***
Total pot $1 | Rake $0 
Seat 2: Quahrino (big blind) collected ($1)
Seat 6: ImaPeppaPig (button) (small blind) folded before Flop



PokerStars Hand #254504255102:  Hold'em No Limit ($0.50/$1.00 USD) - 2025/01/22 20:15:37 WET [2025/01/22 15:15:37 ET]
Table 'Disa IV' 6-max Seat #2 is the button
Seat 2: Quahrino ($128.35 in chips) 
Seat 6: ImaPeppaPig ($152.23 in chips) 
Quahrino: posts small blind $0.50
ImaPeppaPig: posts big blind $1
*** HOLE CARDS ***
Quahrino: folds 
Uncalled bet ($0.50) returned to ImaPeppaPig
ImaPeppaPig collected $1 from pot
ImaPeppaPig: doesn't show hand 
*** SUMMARY ***
Total pot $1 | Rake $0 
Seat 2: Quahrino (button) (small blind) folded before Flop
Seat 6: ImaPeppaPig (big blind) collected ($1)



PokerStars Hand #254504256734:  Hold'em No Limit ($0.50/$1.00 USD) - 2025/01/22 20:15:43 WET [2025/01/22 15:15:43 ET]
Table 'Disa IV' 6-max Seat #6 is the button
Seat 2: Quahrino ($127.85 in chips) 
Seat 6: ImaPeppaPig ($152.73 in chips) 
ImaPeppaPig: posts small blind $0.50
Quahrino: posts big blind $1
*** HOLE CARDS ***
ImaPeppaPig: raises $1.50 to $2.50
Quahrino: calls $1.50
*** FLOP *** [Qh Jc Ts]
Quahrino: checks 
ImaPeppaPig: bets $2.47
Quahrino: calls $2.47
*** TURN *** [Qh Jc Ts] [Ah]
Quahrino: checks 
ImaPeppaPig: checks 
*** RIVER *** [Qh Jc Ts Ah] [5s]
Quahrino: bets $6.61
ImaPeppaPig: folds 
Uncalled bet ($6.61) returned to Quahrino
Quahrino collected $9.44 from pot
Quahrino: doesn't show hand 
*** SUMMARY ***
Total pot $9.94 | Rake $0.50 
Board [Qh Jc Ts Ah 5s]
Seat 2: Quahrino (big blind) collected ($9.44)
Seat 6: ImaPeppaPig (button) (small blind) folded on the River



PokerStars Hand #254504264939:  Hold'em No Limit ($0.50/$1.00 USD) - 2025/01/22 20:16:10 WET [2025/01/22 15:16:10 ET]
Table 'Disa IV' 6-max Seat #2 is the button
Seat 2: Quahrino ($132.32 in chips) 
Seat 6: ImaPeppaPig ($147.76 in chips) 
Quahrino: posts small blind $0.50
ImaPeppaPig: posts big blind $1
*** HOLE CARDS ***
Quahrino: raises $1.50 to $2.50
ImaPeppaPig: calls $1.50
*** FLOP *** [Ad Jd 3s]
ImaPeppaPig: checks 
Quahrino: checks 
*** TURN *** [Ad Jd 3s] [5h]
ImaPeppaPig: bets $6.08
Quahrino: calls $6.08
*** RIVER *** [Ad Jd 3s 5h] [8d]
ImaPeppaPig: bets $12.39
Quahrino: folds 
Uncalled bet ($12.39) returned to ImaPeppaPig
ImaPeppaPig collected $16.30 from pot
ImaPeppaPig: doesn't show hand 
*** SUMMARY ***
Total pot $17.16 | Rake $0.86 
Board [Ad Jd 3s 5h 8d]
Seat 2: Quahrino (button) (small blind) folded on the River
Seat 6: ImaPeppaPig (big blind) collected ($16.30)



PokerStars Hand #254504271560:  Hold'em No Limit ($0.50/$1.00 USD) - 2025/01/22 20:16:32 WET [2025/01/22 15:16:32 ET]
Table 'Disa IV' 6-max Seat #6 is the button
Seat 2: Quahrino ($123.74 in chips) 
Seat 6: ImaPeppaPig ($155.48 in chips) 
ImaPeppaPig: posts small blind $0.50
Quahrino: posts big blind $1
*** HOLE CARDS ***
ImaPeppaPig: folds 
Uncalled bet ($0.50) returned to Quahrino
Quahrino collected $1 from pot
Quahrino: doesn't show hand 
*** SUMMARY ***
Total pot $1 | Rake $0 
Seat 2: Quahrino (big blind) collected ($1)
Seat 6: ImaPeppaPig (button) (small blind) folded before Flop



PokerStars Hand #254504273376:  Hold'em No Limit ($0.50/$1.00 USD) - 2025/01/22 20:16:38 WET [2025/01/22 15:16:38 ET]
Table 'Disa IV' 6-max Seat #2 is the button
Seat 2: Quahrino ($124.24 in chips) 
Seat 6: ImaPeppaPig ($154.98 in chips) 
Quahrino: posts small blind $0.50
ImaPeppaPig: posts big blind $1
*** HOLE CARDS ***
rico5510 joins the table at seat #1 
Quahrino: raises $1.50 to $2.50
rico5510 is disconnected 
Nicedaymybro joins the table at seat #4 
Zvst joins the table at seat #3 
ImaPeppaPig: calls $1.50
*** FLOP *** [5c 2d 2s]
ImaPeppaPig: checks 
Quahrino: bets $1.57
ImaPeppaPig: raises $6 to $7.57
straight77777 joins the table at seat #5 
straight77777 is disconnected 
Quahrino: folds 
Uncalled bet ($6) returned to ImaPeppaPig
ImaPeppaPig collected $7.73 from pot
ImaPeppaPig: doesn't show hand 
*** SUMMARY ***
Total pot $8.14 | Rake $0.41 
Board [5c 2d 2s]
Seat 2: Quahrino (button) (small blind) folded on the Flop
Seat 6: ImaPeppaPig (big blind) collected ($7.73)



PokerStars Hand #254504280916:  Hold'em No Limit ($0.50/$1.00 USD) - 2025/01/22 20:17:04 WET [2025/01/22 15:17:04 ET]
Table 'Disa IV' 6-max Seat #6 is the button
Seat 1: rico5510 ($11.95 in chips) is sitting out
Seat 4: Nicedaymybro ($100 in chips) is sitting out
Seat 5: straight77777 ($10 in chips) is sitting out
Seat 2: Quahrino ($120.17 in chips) 
Seat 3: Zvst ($10 in chips) 
Seat 6: ImaPeppaPig ($158.64 in chips) 
Quahrino: posts small blind $0.50
Zvst: posts big blind $1
Nicedaymybro: sits out 
straight77777: sits out 
*** HOLE CARDS ***
ImaPeppaPig: folds 
Quahrino: folds 
Uncalled bet ($0.50) returned to Zvst
Zvst collected $1 from pot
Zvst: doesn't show hand 
*** SUMMARY ***
Total pot $1 | Rake $0 
Seat 1: rico5510
Seat 4: Nicedaymybro
Seat 5: straight77777
Seat 2: Quahrino (small blind) folded before Flop
Seat 3: Zvst (big blind) collected ($1)
Seat 6: ImaPeppaPig (button) folded before Flop (didn't bet)



PokerStars Hand #254504282755:  Hold'em No Limit ($0.50/$1.00 USD) - 2025/01/22 20:17:10 WET [2025/01/22 15:17:10 ET]
Table 'Disa IV' 6-max Seat #2 is the button
Seat 5: straight77777 ($10 in chips) is sitting out
Seat 1: rico5510 ($11.95 in chips) 
Seat 2: Quahrino ($119.67 in chips) 
Seat 3: Zvst ($10.50 in chips) 
Seat 4: Nicedaymybro ($100 in chips) 
Seat 6: ImaPeppaPig ($158.64 in chips) 
Zvst: posts small blind $0.50
Nicedaymybro: posts big blind $1
straight77777: sits out 
rico5510: posts big blind $1
*** HOLE CARDS ***
ImaPeppaPig: folds 
rico5510: checks 
Quahrino: calls $1
Zvst: folds 
Nicedaymybro: checks 
*** FLOP *** [3d 8c 3s]
Nicedaymybro: checks 
rico5510: checks 
Quahrino: bets $1.10
Nicedaymybro: folds 
rico5510: folds 
Uncalled bet ($1.10) returned to Quahrino
Quahrino collected $3.32 from pot
Quahrino: doesn't show hand 
*** SUMMARY ***
Total pot $3.50 | Rake $0.18 
Board [3d 8c 3s]
Seat 5: straight77777
Seat 1: rico5510 folded on the Flop (didn't bet)
Seat 2: Quahrino (button) collected ($3.32)
Seat 3: Zvst (small blind) folded before Flop
Seat 4: Nicedaymybro (big blind) folded on the Flop
Seat 6: ImaPeppaPig folded before Flop (didn't bet)



PokerStars Hand #254504291958:  Hold'em No Limit ($0.50/$1.00 USD) - 2025/01/22 20:17:41 WET [2025/01/22 15:17:41 ET]
Table 'Disa IV' 6-max Seat #3 is the button
Seat 1: rico5510 ($10.95 in chips) 
Seat 2: Quahrino ($121.99 in chips) 
Seat 3: Zvst ($10 in chips) 
Seat 4: Nicedaymybro ($100 in chips) 
Seat 5: straight77777 ($10 in chips) 
Seat 6: ImaPeppaPig ($158.64 in chips) 
Nicedaymybro: posts small blind $0.50
straight77777: posts big blind $1
*** HOLE CARDS ***
ImaPeppaPig: folds 
rico5510: folds 
Quahrino: folds 
Zvst: folds 
Nicedaymybro: folds 
Uncalled bet ($0.50) returned to straight77777
straight77777 collected $1 from pot
*** SUMMARY ***
Total pot $1 | Rake $0 
Seat 1: rico5510 folded before Flop (didn't bet)
Seat 2: Quahrino folded before Flop (didn't bet)
Seat 3: Zvst (button) folded before Flop (didn't bet)
Seat 4: Nicedaymybro (small blind) folded before Flop
Seat 5: straight77777 (big blind) collected ($1)
Seat 6: ImaPeppaPig folded before Flop (didn't bet)



PokerStars Hand #254504297017:  Hold'em No Limit ($0.50/$1.00 USD) - 2025/01/22 20:17:59 WET [2025/01/22 15:17:59 ET]
Table 'Disa IV' 6-max Seat #4 is the button
Seat 1: rico5510 ($10.95 in chips) 
Seat 2: Quahrino ($121.99 in chips) 
Seat 3: Zvst ($10 in chips) 
Seat 4: Nicedaymybro ($100 in chips) 
Seat 5: straight77777 ($10.50 in chips) 
Seat 6: ImaPeppaPig ($158.64 in chips) 
straight77777: posts small blind $0.50
ImaPeppaPig: posts big blind $1
*** HOLE CARDS ***
rico5510: folds 
Quahrino: folds 
Zvst: folds 
Nicedaymybro: folds 
straight77777: raises $1 to $2
ImaPeppaPig: folds 
Uncalled bet ($1) returned to straight77777
straight77777 collected $2 from pot
*** SUMMARY ***
Total pot $2 | Rake $0 
Seat 1: rico5510 folded before Flop (didn't bet)
Seat 2: Quahrino folded before Flop (didn't bet)
Seat 3: Zvst folded before Flop (didn't bet)
Seat 4: Nicedaymybro (button) folded before Flop (didn't bet)
Seat 5: straight77777 (small blind) collected ($2)
Seat 6: ImaPeppaPig (big blind) folded before Flop



PokerStars Hand #254504301467:  Hold'em No Limit ($0.50/$1.00 USD) - 2025/01/22 20:18:14 WET [2025/01/22 15:18:14 ET]
Table 'Disa IV' 6-max Seat #5 is the button
Seat 1: rico5510 ($10.95 in chips) 
Seat 2: Quahrino ($121.99 in chips) 
Seat 3: Zvst ($10 in chips) 
Seat 4: Nicedaymybro ($100 in chips) 
Seat 5: straight77777 ($11.50 in chips) 
Seat 6: ImaPeppaPig ($157.64 in chips) 
ImaPeppaPig: posts small blind $0.50
rico5510: posts big blind $1
*** HOLE CARDS ***
Quahrino: folds 
Zvst: folds 
Nicedaymybro: raises $1.50 to $2.50
straight77777: folds 
ImaPeppaPig: folds 
rico5510: calls $1.50
*** FLOP *** [3d 4s Ah]
rico5510: bets $1
Nicedaymybro: folds 
Uncalled bet ($1) returned to rico5510
rico5510 collected $5.22 from pot
*** SUMMARY ***
Total pot $5.50 | Rake $0.28 
Board [3d 4s Ah]
Seat 1: rico5510 (big blind) collected ($5.22)
Seat 2: Quahrino folded before Flop (didn't bet)
Seat 3: Zvst folded before Flop (didn't bet)
Seat 4: Nicedaymybro folded on the Flop
Seat 5: straight77777 (button) folded before Flop (didn't bet)
Seat 6: ImaPeppaPig (small blind) folded before Flop



PokerStars Hand #254504307588:  Hold'em No Limit ($0.50/$1.00 USD) - 2025/01/22 20:18:34 WET [2025/01/22 15:18:34 ET]
Table 'Disa IV' 6-max Seat #6 is the button
Seat 1: rico5510 ($13.67 in chips) 
Seat 2: Quahrino ($121.99 in chips) 
Seat 3: Zvst ($10 in chips) 
Seat 4: Nicedaymybro ($100 in chips) 
Seat 5: straight77777 ($11.50 in chips) 
Seat 6: ImaPeppaPig ($157.14 in chips) 
rico5510: posts small blind $0.50
Quahrino: posts big blind $1
*** HOLE CARDS ***
Zvst: folds 
Nicedaymybro: folds 
straight77777: raises $1 to $2
Zvst leaves the table
ImaPeppaPig: folds 
rico5510: folds 
Quahrino: calls $1
*** FLOP *** [2d Qs Jh]
Quahrino: checks 
straight77777: bets $2
ptolejmus joins the table at seat #3 
Quahrino: calls $2
*** TURN *** [2d Qs Jh] [Qh]
Quahrino: checks 
straight77777: bets $4.04
Quahrino: folds 
Uncalled bet ($4.04) returned to straight77777
straight77777 collected $8.08 from pot
*** SUMMARY ***
Total pot $8.50 | Rake $0.42 
Board [2d Qs Jh Qh]
Seat 1: rico5510 (small blind) folded before Flop
Seat 2: Quahrino (big blind) folded on the Turn
Seat 3: Zvst folded before Flop (didn't bet)
Seat 4: Nicedaymybro folded before Flop (didn't bet)
Seat 5: straight77777 collected ($8.08)
Seat 6: ImaPeppaPig (button) folded before Flop (didn't bet)



PokerStars Hand #254504319950:  Hold'em No Limit ($0.50/$1.00 USD) - 2025/01/22 20:19:17 WET [2025/01/22 15:19:17 ET]
Table 'Disa IV' 6-max Seat #1 is the button
Seat 1: rico5510 ($13.17 in chips) 
Seat 2: Quahrino ($117.99 in chips) 
Seat 3: ptolejmus ($11.50 in chips) 
Seat 4: Nicedaymybro ($100 in chips) 
Seat 5: straight77777 ($15.58 in chips) 
Seat 6: ImaPeppaPig ($157.14 in chips) 
Quahrino: posts small blind $0.50
ptolejmus: posts big blind $1
*** HOLE CARDS ***
Nicedaymybro: folds 
straight77777: folds 
ImaPeppaPig: folds 
rico5510: calls $1
Quahrino: folds 
ptolejmus: checks 
*** FLOP *** [2d Qh Qd]
ptolejmus: checks 
rico5510: checks 
*** TURN *** [2d Qh Qd] [Kh]
ptolejmus: checks 
rico5510: bets $1
ptolejmus: folds 
Uncalled bet ($1) returned to rico5510
rico5510 collected $2.38 from pot
*** SUMMARY ***
Total pot $2.50 | Rake $0.12 
Board [2d Qh Qd Kh]
Seat 1: rico5510 (button) collected ($2.38)
Seat 2: Quahrino (small blind) folded before Flop
Seat 3: ptolejmus (big blind) folded on the Turn
Seat 4: Nicedaymybro folded before Flop (didn't bet)
Seat 5: straight77777 folded before Flop (didn't bet)
Seat 6: ImaPeppaPig folded before Flop (didn't bet)



PokerStars Hand #254504326051:  Hold'em No Limit ($0.50/$1.00 USD) - 2025/01/22 20:19:37 WET [2025/01/22 15:19:37 ET]
Table 'Disa IV' 6-max Seat #2 is the button
Seat 1: rico5510 ($14.55 in chips) 
Seat 2: Quahrino ($117.49 in chips) 
Seat 3: ptolejmus ($11.50 in chips) 
Seat 4: Nicedaymybro ($100 in chips) 
Seat 5: straight77777 ($15.58 in chips) 
Seat 6: ImaPeppaPig ($157.14 in chips) 
ptolejmus: posts small blind $0.50
Nicedaymybro: posts big blind $1
*** HOLE CARDS ***
straight77777: folds 
ImaPeppaPig: folds 
rico5510: folds 
Quahrino: raises $1.50 to $2.50
ptolejmus: folds 
Nicedaymybro: calls $1.50
*** FLOP *** [Qd Ah 9d]
Nicedaymybro: checks 
Quahrino: checks 
*** TURN *** [Qd Ah 9d] [2d]
Nicedaymybro: checks 
Quahrino: checks 
*** RIVER *** [Qd Ah 9d 2d] [8d]
Nicedaymybro: checks 
Quahrino: checks 
*** SHOW DOWN ***
Nicedaymybro: shows [Ac 7d] (a flush, Queen high)
Quahrino: mucks hand 
Nicedaymybro collected $5.22 from pot
*** SUMMARY ***
Total pot $5.50 | Rake $0.28 
Board [Qd Ah 9d 2d 8d]
Seat 1: rico5510 folded before Flop (didn't bet)
Seat 2: Quahrino (button) mucked
Seat 3: ptolejmus (small blind) folded before Flop
Seat 4: Nicedaymybro (big blind) showed [Ac 7d] and won ($5.22) with a flush, Queen high
Seat 5: straight77777 folded before Flop (didn't bet)
Seat 6: ImaPeppaPig folded before Flop (didn't bet)



PokerStars Hand #254504340881:  Hold'em No Limit ($0.50/$1.00 USD) - 2025/01/22 20:20:27 WET [2025/01/22 15:20:27 ET]
Table 'Disa IV' 6-max Seat #3 is the button
Seat 1: rico5510 ($14.55 in chips) 
Seat 2: Quahrino ($114.99 in chips) 
Seat 3: ptolejmus ($11.50 in chips) 
Seat 4: Nicedaymybro ($102.72 in chips) 
Seat 5: straight77777 ($15.58 in chips) 
Seat 6: ImaPeppaPig ($157.14 in chips) 
Nicedaymybro: posts small blind $0.50
straight77777: posts big blind $1
*** HOLE CARDS ***
ImaPeppaPig: folds 
rico5510: folds 
Quahrino: folds 
ptolejmus: raises $1 to $2
Nicedaymybro: folds 
straight77777: calls $1
*** FLOP *** [6c Kh 9d]
straight77777: checks 
ptolejmus: checks 
*** TURN *** [6c Kh 9d] [Jc]
straight77777: bets $2.14
ptolejmus: folds 
Uncalled bet ($2.14) returned to straight77777
straight77777 collected $4.28 from pot
*** SUMMARY ***
Total pot $4.50 | Rake $0.22 
Board [6c Kh 9d Jc]
Seat 1: rico5510 folded before Flop (didn't bet)
Seat 2: Quahrino folded before Flop (didn't bet)
Seat 3: ptolejmus (button) folded on the Turn
Seat 4: Nicedaymybro (small blind) folded before Flop
Seat 5: straight77777 (big blind) collected ($4.28)
Seat 6: ImaPeppaPig folded before Flop (didn't bet)



PokerStars Hand #254504355317:  Hold'em No Limit ($0.50/$1.00 USD) - 2025/01/22 20:21:16 WET [2025/01/22 15:21:16 ET]
Table 'Disa IV' 6-max Seat #4 is the button
Seat 1: rico5510 ($14.55 in chips) 
Seat 2: Quahrino ($114.99 in chips) 
Seat 3: ptolejmus ($11.50 in chips) 
Seat 4: Nicedaymybro ($102.22 in chips) 
Seat 5: straight77777 ($17.86 in chips) 
Seat 6: ImaPeppaPig ($157.14 in chips) 
straight77777: posts small blind $0.50
ImaPeppaPig: posts big blind $1
*** HOLE CARDS ***
rico5510: calls $1
Quahrino: folds 
ptolejmus: folds 
Nicedaymybro: raises $3 to $4
straight77777: folds 
ImaPeppaPig: raises $12 to $16
rico5510: folds 
Nicedaymybro: calls $12
*** FLOP *** [Kd Td 6s]
ImaPeppaPig: bets $7
Nicedaymybro: raises $14.50 to $21.50
ImaPeppaPig: folds 
Uncalled bet ($14.50) returned to Nicedaymybro
Nicedaymybro collected $45.12 from pot
Nicedaymybro: doesn't show hand 
*** SUMMARY ***
Total pot $47.50 | Rake $2.38 
Board [Kd Td 6s]
Seat 1: rico5510 folded before Flop
Seat 2: Quahrino folded before Flop (didn't bet)
Seat 3: ptolejmus folded before Flop (didn't bet)
Seat 4: Nicedaymybro (button) collected ($45.12)
Seat 5: straight77777 (small blind) folded before Flop
Seat 6: ImaPeppaPig (big blind) folded on the Flop



PokerStars Hand #254504370952:  Hold'em No Limit ($0.50/$1.00 USD) - 2025/01/22 20:22:10 WET [2025/01/22 15:22:10 ET]
Table 'Disa IV' 6-max Seat #5 is the button
Seat 1: rico5510 ($13.55 in chips) 
Seat 2: Quahrino ($114.99 in chips) 
Seat 3: ptolejmus ($11.50 in chips) 
Seat 4: Nicedaymybro ($124.34 in chips) 
Seat 5: straight77777 ($17.36 in chips) 
Seat 6: ImaPeppaPig ($134.14 in chips) 
ImaPeppaPig: posts small blind $0.50
rico5510: posts big blind $1
*** HOLE CARDS ***
Quahrino: folds 
ptolejmus: folds 
Nicedaymybro: folds 
straight77777: folds 
ImaPeppaPig: raises $2 to $3
rico5510: folds 
Uncalled bet ($2) returned to ImaPeppaPig
ImaPeppaPig collected $2 from pot
ImaPeppaPig: doesn't show hand 
*** SUMMARY ***
Total pot $2 | Rake $0 
Seat 1: rico5510 (big blind) folded before Flop
Seat 2: Quahrino folded before Flop (didn't bet)
Seat 3: ptolejmus folded before Flop (didn't bet)
Seat 4: Nicedaymybro folded before Flop (didn't bet)
Seat 5: straight77777 (button) folded before Flop (didn't bet)
Seat 6: ImaPeppaPig (small blind) collected ($2)



PokerStars Hand #254504375885:  Hold'em No Limit ($0.50/$1.00 USD) - 2025/01/22 20:22:26 WET [2025/01/22 15:22:26 ET]
Table 'Disa IV' 6-max Seat #6 is the button
Seat 1: rico5510 ($12.55 in chips) 
Seat 2: Quahrino ($114.99 in chips) 
Seat 3: ptolejmus ($11.50 in chips) 
Seat 4: Nicedaymybro ($124.34 in chips) 
Seat 5: straight77777 ($17.36 in chips) 
Seat 6: ImaPeppaPig ($135.14 in chips) 
rico5510: posts small blind $0.50
Quahrino: posts big blind $1
*** HOLE CARDS ***
ptolejmus: folds 
Nicedaymybro: folds 
straight77777: raises $1 to $2
ImaPeppaPig: folds 
rico5510: calls $1.50
Quahrino: folds 
*** FLOP *** [5d 7h 5s]
rico5510: checks 
straight77777: bets $2
rico5510: folds 
Uncalled bet ($2) returned to straight77777
straight77777 collected $4.75 from pot
*** SUMMARY ***
Total pot $5 | Rake $0.25 
Board [5d 7h 5s]
Seat 1: rico5510 (small blind) folded on the Flop
Seat 2: Quahrino (big blind) folded before Flop
Seat 3: ptolejmus folded before Flop (didn't bet)
Seat 4: Nicedaymybro folded before Flop (didn't bet)
Seat 5: straight77777 collected ($4.75)
Seat 6: ImaPeppaPig (button) folded before Flop (didn't bet)



PokerStars Hand #254504383875:  Hold'em No Limit ($0.50/$1.00 USD) - 2025/01/22 20:22:53 WET [2025/01/22 15:22:53 ET]
Table 'Disa IV' 6-max Seat #1 is the button
Seat 1: rico5510 ($10.55 in chips) 
Seat 2: Quahrino ($113.99 in chips) 
Seat 3: ptolejmus ($11.50 in chips) 
Seat 4: Nicedaymybro ($124.34 in chips) 
Seat 5: straight77777 ($20.11 in chips) 
Seat 6: ImaPeppaPig ($135.14 in chips) 
Quahrino: posts small blind $0.50
ptolejmus: posts big blind $1
*** HOLE CARDS ***
Nicedaymybro: folds 
straight77777: folds 
ImaPeppaPig: folds 
rico5510: calls $1
Quahrino: calls $0.50
ptolejmus: checks 
*** FLOP *** [Th 8d Kc]
Quahrino: checks 
ptolejmus: checks 
rico5510: bets $2
Quahrino: folds 
ptolejmus: folds 
Uncalled bet ($2) returned to rico5510
rico5510 collected $2.85 from pot
*** SUMMARY ***
Total pot $3 | Rake $0.15 
Board [Th 8d Kc]
Seat 1: rico5510 (button) collected ($2.85)
Seat 2: Quahrino (small blind) folded on the Flop
Seat 3: ptolejmus (big blind) folded on the Flop
Seat 4: Nicedaymybro folded before Flop (didn't bet)
Seat 5: straight77777 folded before Flop (didn't bet)
Seat 6: ImaPeppaPig folded before Flop (didn't bet)



PokerStars Hand #254504396352:  Hold'em No Limit ($0.50/$1.00 USD) - 2025/01/22 20:23:36 WET [2025/01/22 15:23:36 ET]
Table 'Disa IV' 6-max Seat #2 is the button
Seat 4: Nicedaymybro ($124.34 in chips) is sitting out
Seat 1: rico5510 ($12.40 in chips) 
Seat 2: Quahrino ($112.99 in chips) 
Seat 3: ptolejmus ($11.50 in chips) 
Seat 5: straight77777 ($20.11 in chips) 
Seat 6: ImaPeppaPig ($135.14 in chips) 
ptolejmus: posts small blind $0.50
Nicedaymybro: is sitting out 
straight77777: posts big blind $1
*** HOLE CARDS ***
ImaPeppaPig: folds 
rico5510: raises $1 to $2
Quahrino: folds 
Nicedaymybro leaves the table
ptolejmus: folds 
straight77777: calls $1
*** FLOP *** [Kc 3d Tc]
straight77777: checks 
rico5510: bets $1
straight77777: folds 
Uncalled bet ($1) returned to rico5510
rico5510 collected $4.28 from pot
Y_19 joins the table at seat #4 
*** SUMMARY ***
Total pot $4.50 | Rake $0.22 
Board [Kc 3d Tc]
Seat 4: Nicedaymybro
Seat 1: rico5510 collected ($4.28)
Seat 2: Quahrino (button) folded before Flop (didn't bet)
Seat 3: ptolejmus (small blind) folded before Flop
Seat 5: straight77777 (big blind) folded on the Flop
Seat 6: ImaPeppaPig folded before Flop (didn't bet)



PokerStars Hand #254504402162:  Hold'em No Limit ($0.50/$1.00 USD) - 2025/01/22 20:23:56 WET [2025/01/22 15:23:56 ET]
Table 'Disa IV' 6-max Seat #3 is the button
Seat 4: Y_19 ($100 in chips) is sitting out
Seat 1: rico5510 ($14.68 in chips) 
Seat 2: Quahrino ($112.99 in chips) 
Seat 3: ptolejmus ($11.50 in chips) 
Seat 5: straight77777 ($18.11 in chips) 
Seat 6: ImaPeppaPig ($135.14 in chips) 
straight77777: posts small blind $0.50
ImaPeppaPig: posts big blind $1
*** HOLE CARDS ***
rico5510: folds 
Quahrino: raises $1.30 to $2.30
ptolejmus: folds 
straight77777: folds 
ImaPeppaPig: calls $1.30
*** FLOP *** [7h 6s 2s]
ImaPeppaPig: checks 
Quahrino: bets $2.42
ImaPeppaPig: calls $2.42
*** TURN *** [7h 6s 2s] [4d]
ImaPeppaPig: checks 
Quahrino: bets $9.44
ImaPeppaPig: raises $21.52 to $30.96
Quahrino: calls $21.52
*** RIVER *** [7h 6s 2s 4d] [8d]
ImaPeppaPig: bets $99.46 and is all-in
Quahrino: folds 
Uncalled bet ($99.46) returned to ImaPeppaPig
ImaPeppaPig collected $69.36 from pot
ImaPeppaPig: doesn't show hand 
*** SUMMARY ***
Total pot $71.86 | Rake $2.50 
Board [7h 6s 2s 4d 8d]
Seat 4: Y_19
Seat 1: rico5510 folded before Flop (didn't bet)
Seat 2: Quahrino folded on the River
Seat 3: ptolejmus (button) folded before Flop (didn't bet)
Seat 5: straight77777 (small blind) folded before Flop
Seat 6: ImaPeppaPig (big blind) collected ($69.36)



PokerStars Hand #254504433810:  Hold'em No Limit ($0.50/$1.00 USD) - 2025/01/22 20:25:44 WET [2025/01/22 15:25:44 ET]
Table 'Disa IV' 6-max Seat #5 is the button
Seat 4: Y_19 ($100 in chips) is sitting out
Seat 1: rico5510 ($14.68 in chips) 
Seat 2: Quahrino ($100 in chips) 
Seat 3: ptolejmus ($11.50 in chips) 
Seat 5: straight77777 ($17.61 in chips) 
Seat 6: ImaPeppaPig ($168.82 in chips) 
ImaPeppaPig: posts small blind $0.50
rico5510: posts big blind $1
Y_19: sits out 
*** HOLE CARDS ***
Quahrino: folds 
ptolejmus: folds 
straight77777: folds 
ImaPeppaPig: raises $2 to $3
rico5510: folds 
Uncalled bet ($2) returned to ImaPeppaPig
ImaPeppaPig collected $2 from pot
ImaPeppaPig: doesn't show hand 
*** SUMMARY ***
Total pot $2 | Rake $0 
Seat 4: Y_19
Seat 1: rico5510 (big blind) folded before Flop
Seat 2: Quahrino folded before Flop (didn't bet)
Seat 3: ptolejmus folded before Flop (didn't bet)
Seat 5: straight77777 (button) folded before Flop (didn't bet)
Seat 6: ImaPeppaPig (small blind) collected ($2)



PokerStars Hand #254504441037:  Hold'em No Limit ($0.50/$1.00 USD) - 2025/01/22 20:26:09 WET [2025/01/22 15:26:09 ET]
Table 'Disa IV' 6-max Seat #6 is the button
Seat 4: Y_19 ($100 in chips) is sitting out
Seat 1: rico5510 ($13.68 in chips) 
Seat 2: Quahrino ($100 in chips) 
Seat 3: ptolejmus ($11.50 in chips) 
Seat 5: straight77777 ($17.61 in chips) 
Seat 6: ImaPeppaPig ($169.82 in chips) 
rico5510: posts small blind $0.50
Quahrino: posts big blind $1
Y_19: sits out 
*** HOLE CARDS ***
ptolejmus: folds 
straight77777: folds 
ImaPeppaPig: folds 
rico5510: calls $0.50
Quahrino: checks 
*** FLOP *** [Kc Th Tc]
rico5510: checks 
Quahrino: checks 
*** TURN *** [Kc Th Tc] [Kd]
rico5510: bets $1
Quahrino: calls $1
*** RIVER *** [Kc Th Tc Kd] [4h]
rico5510: checks 
Quahrino: checks 
*** SHOW DOWN ***
rico5510: shows [Jh 3c] (two pair, Kings and Tens)
Quahrino: shows [Qc 7s] (two pair, Kings and Tens - Queen kicker)
Quahrino collected $3.80 from pot
*** SUMMARY ***
Total pot $4 | Rake $0.20 
Board [Kc Th Tc Kd 4h]
Seat 4: Y_19
Seat 1: rico5510 (small blind) showed [Jh 3c] and lost with two pair, Kings and Tens
Seat 2: Quahrino (big blind) showed [Qc 7s] and won ($3.80) with two pair, Kings and Tens
Seat 3: ptolejmus folded before Flop (didn't bet)
Seat 5: straight77777 folded before Flop (didn't bet)
Seat 6: ImaPeppaPig (button) folded before Flop (didn't bet)



PokerStars Hand #254504450031:  Hold'em No Limit ($0.50/$1.00 USD) - 2025/01/22 20:26:39 WET [2025/01/22 15:26:39 ET]
Table 'Disa IV' 6-max Seat #1 is the button
Seat 4: Y_19 ($100 in chips) is sitting out
Seat 1: rico5510 ($11.68 in chips) 
Seat 2: Quahrino ($101.80 in chips) 
Seat 3: ptolejmus ($11.50 in chips) 
Seat 5: straight77777 ($17.61 in chips) 
Seat 6: ImaPeppaPig ($169.82 in chips) 
Quahrino: posts small blind $0.50
ptolejmus: posts big blind $1
Y_19: sits out 
*** HOLE CARDS ***
straight77777: folds 
ImaPeppaPig: folds 
rico5510: calls $1
Quahrino: raises $12 to $13
ptolejmus: folds 
rico5510: folds 
Uncalled bet ($12) returned to Quahrino
Quahrino collected $3 from pot
Quahrino: doesn't show hand 
*** SUMMARY ***
Total pot $3 | Rake $0 
Seat 4: Y_19
Seat 1: rico5510 (button) folded before Flop
Seat 2: Quahrino (small blind) collected ($3)
Seat 3: ptolejmus (big blind) folded before Flop
Seat 5: straight77777 folded before Flop (didn't bet)
Seat 6: ImaPeppaPig folded before Flop (didn't bet)



PokerStars Hand #254504455472:  Hold'em No Limit ($0.50/$1.00 USD) - 2025/01/22 20:26:58 WET [2025/01/22 15:26:58 ET]
Table 'Disa IV' 6-max Seat #2 is the button
Seat 1: rico5510 ($10.68 in chips) 
Seat 2: Quahrino ($103.80 in chips) 
Seat 3: ptolejmus ($11.50 in chips) 
Seat 4: Y_19 ($100 in chips) 
Seat 5: straight77777 ($17.61 in chips) 
Seat 6: ImaPeppaPig ($169.82 in chips) 
ptolejmus: posts small blind $0.50
Y_19: posts big blind $1
*** HOLE CARDS ***
straight77777: folds 
ImaPeppaPig: folds 
rico5510: folds 
Quahrino: raises $1.50 to $2.50
ptolejmus: folds 
Y_19: folds 
Uncalled bet ($1.50) returned to Quahrino
Quahrino collected $2.50 from pot
Quahrino: doesn't show hand 
*** SUMMARY ***
Total pot $2.50 | Rake $0 
Seat 1: rico5510 folded before Flop (didn't bet)
Seat 2: Quahrino (button) collected ($2.50)
Seat 3: ptolejmus (small blind) folded before Flop
Seat 4: Y_19 (big blind) folded before Flop
Seat 5: straight77777 folded before Flop (didn't bet)
Seat 6: ImaPeppaPig folded before Flop (didn't bet)



PokerStars Hand #254504462486:  Hold'em No Limit ($0.50/$1.00 USD) - 2025/01/22 20:27:22 WET [2025/01/22 15:27:22 ET]
Table 'Disa IV' 6-max Seat #3 is the button
Seat 1: rico5510 ($10.68 in chips) 
Seat 2: Quahrino ($105.30 in chips) 
Seat 3: ptolejmus ($11.50 in chips) 
Seat 4: Y_19 ($100 in chips) 
Seat 5: straight77777 ($17.61 in chips) 
Seat 6: ImaPeppaPig ($169.82 in chips) 
Y_19: posts small blind $0.50
straight77777: posts big blind $1
*** HOLE CARDS ***
ImaPeppaPig: folds 
rico5510: folds 
Quahrino: raises $1.30 to $2.30
ptolejmus: folds 
Y_19: folds 
straight77777: calls $1.30
*** FLOP *** [Qc 3h 6h]
straight77777: checks 
Quahrino: bets $2.42
straight77777: calls $2.42
*** TURN *** [Qc 3h 6h] [Td]
straight77777: checks 
Quahrino: bets $3.12
straight77777: folds 
Uncalled bet ($3.12) returned to Quahrino
Quahrino collected $9.44 from pot
Quahrino: doesn't show hand 
*** SUMMARY ***
Total pot $9.94 | Rake $0.50 
Board [Qc 3h 6h Td]
Seat 1: rico5510 folded before Flop (didn't bet)
Seat 2: Quahrino collected ($9.44)
Seat 3: ptolejmus (button) folded before Flop (didn't bet)
Seat 4: Y_19 (small blind) folded before Flop
Seat 5: straight77777 (big blind) folded on the Turn
Seat 6: ImaPeppaPig folded before Flop (didn't bet)



PokerStars Hand #254504474181:  Hold'em No Limit ($0.50/$1.00 USD) - 2025/01/22 20:28:02 WET [2025/01/22 15:28:02 ET]
Table 'Disa IV' 6-max Seat #4 is the button
Seat 1: rico5510 ($10.68 in chips) 
Seat 2: Quahrino ($110.02 in chips) 
Seat 3: ptolejmus ($11.50 in chips) 
Seat 4: Y_19 ($100 in chips) 
Seat 5: straight77777 ($12.89 in chips) 
Seat 6: ImaPeppaPig ($169.82 in chips) 
straight77777: posts small blind $0.50
ImaPeppaPig: posts big blind $1
*** HOLE CARDS ***
rico5510: folds 
Quahrino: folds 
ptolejmus: folds 
Y_19: raises $1.23 to $2.23
straight77777: calls $1.73
ImaPeppaPig: folds 
*** FLOP *** [4h 2h 9s]
straight77777: checks 
Y_19: bets $1.71
straight77777: calls $1.71
*** TURN *** [4h 2h 9s] [Jc]
straight77777: checks 
Y_19: checks 
*** RIVER *** [4h 2h 9s Jc] [3s]
straight77777: checks 
Y_19: checks 
*** SHOW DOWN ***
straight77777: shows [Qd 2d] (a pair of Deuces)
Y_19: mucks hand 
straight77777 collected $8.44 from pot
*** SUMMARY ***
Total pot $8.88 | Rake $0.44 
Board [4h 2h 9s Jc 3s]
Seat 1: rico5510 folded before Flop (didn't bet)
Seat 2: Quahrino folded before Flop (didn't bet)
Seat 3: ptolejmus folded before Flop (didn't bet)
Seat 4: Y_19 (button) mucked
Seat 5: straight77777 (small blind) showed [Qd 2d] and won ($8.44) with a pair of Deuces
Seat 6: ImaPeppaPig (big blind) folded before Flop



PokerStars Hand #254504484247:  Hold'em No Limit ($0.50/$1.00 USD) - 2025/01/22 20:28:36 WET [2025/01/22 15:28:36 ET]
Table 'Disa IV' 6-max Seat #5 is the button
Seat 1: rico5510 ($10.68 in chips) 
Seat 2: Quahrino ($110.02 in chips) 
Seat 3: ptolejmus ($11.50 in chips) 
Seat 4: Y_19 ($100 in chips) 
Seat 5: straight77777 ($17.39 in chips) 
Seat 6: ImaPeppaPig ($168.82 in chips) 
ImaPeppaPig: posts small blind $0.50
rico5510: posts big blind $1
*** HOLE CARDS ***
Quahrino: raises $1 to $2
ptolejmus: folds 
Y_19: folds 
straight77777: calls $2
ImaPeppaPig: folds 
rico5510: calls $1
*** FLOP *** [5d 3h 9s]
rico5510: bets $8.68 and is all-in
Quahrino: raises $8.68 to $17.36
straight77777: folds 
Uncalled bet ($8.68) returned to Quahrino
*** TURN *** [5d 3h 9s] [9d]
*** RIVER *** [5d 3h 9s 9d] [4s]
*** SHOW DOWN ***
rico5510: shows [6c 3s] (two pair, Nines and Threes)
Quahrino: shows [7h 7d] (two pair, Nines and Sevens)
Quahrino collected $22.67 from pot
rico5510 cashed out the hand for $4.27 | Cash Out Fee $0.09
*** SUMMARY ***
Total pot $23.86 | Rake $1.19 
Board [5d 3h 9s 9d 4s]
Seat 1: rico5510 (big blind) showed [6c 3s] and lost with two pair, Nines and Threes (cashed out).
Seat 2: Quahrino showed [7h 7d] and won ($22.67) with two pair, Nines and Sevens
Seat 3: ptolejmus folded before Flop (didn't bet)
Seat 4: Y_19 folded before Flop (didn't bet)
Seat 5: straight77777 (button) folded on the Flop
Seat 6: ImaPeppaPig (small blind) folded before Flop



PokerStars Hand #254504498364:  Hold'em No Limit ($0.50/$1.00 USD) - 2025/01/22 20:29:24 WET [2025/01/22 15:29:24 ET]
Table 'Disa IV' 6-max Seat #6 is the button
Seat 1: rico5510 ($4.27 in chips) 
Seat 2: Quahrino ($122.01 in chips) 
Seat 3: ptolejmus ($11.50 in chips) 
Seat 4: Y_19 ($100 in chips) 
Seat 5: straight77777 ($15.39 in chips) 
Seat 6: ImaPeppaPig ($168.32 in chips) 
rico5510: posts small blind $0.50
Quahrino: posts big blind $1
*** HOLE CARDS ***
ptolejmus: folds 
Y_19: folds 
straight77777: folds 
ImaPeppaPig: folds 
rico5510: raises $3.27 to $4.27 and is all-in
Quahrino: calls $3.27
*** FLOP *** [Qh 6d 6c]
*** TURN *** [Qh 6d 6c] [Qd]
*** RIVER *** [Qh 6d 6c Qd] [Ad]
*** SHOW DOWN ***
rico5510: shows [Kd Ts] (two pair, Queens and Sixes)
Quahrino: shows [3s Kc] (two pair, Queens and Sixes)
rico5510 collected $4.06 from pot
Quahrino collected $4.05 from pot
*** SUMMARY ***
Total pot $8.54 | Rake $0.43 
Board [Qh 6d 6c Qd Ad]
Seat 1: rico5510 (small blind) showed [Kd Ts] and won ($4.06) with two pair, Queens and Sixes
Seat 2: Quahrino (big blind) showed [3s Kc] and won ($4.05) with two pair, Queens and Sixes
Seat 3: ptolejmus folded before Flop (didn't bet)
Seat 4: Y_19 folded before Flop (didn't bet)
Seat 5: straight77777 folded before Flop (didn't bet)
Seat 6: ImaPeppaPig (button) folded before Flop (didn't bet)



PokerStars Hand #254504504507:  Hold'em No Limit ($0.50/$1.00 USD) - 2025/01/22 20:29:44 WET [2025/01/22 15:29:44 ET]
Table 'Disa IV' 6-max Seat #1 is the button
Seat 3: ptolejmus ($11.50 in chips) is sitting out
Seat 1: rico5510 ($4.06 in chips) 
Seat 2: Quahrino ($121.79 in chips) 
Seat 4: Y_19 ($100 in chips) 
Seat 5: straight77777 ($15.39 in chips) 
Seat 6: ImaPeppaPig ($168.32 in chips) 
Quahrino: posts small blind $0.50
Y_19: posts big blind $1
*** HOLE CARDS ***
straight77777: folds 
ImaPeppaPig: folds 
rico5510: folds 
Quahrino: raises $2 to $3
Y_19: folds 
Uncalled bet ($2) returned to Quahrino
Quahrino collected $2 from pot
Quahrino: doesn't show hand 
*** SUMMARY ***
Total pot $2 | Rake $0 
Seat 3: ptolejmus
Seat 1: rico5510 (button) folded before Flop (didn't bet)
Seat 2: Quahrino (small blind) collected ($2)
Seat 4: Y_19 (big blind) folded before Flop
Seat 5: straight77777 folded before Flop (didn't bet)
Seat 6: ImaPeppaPig folded before Flop (didn't bet)



PokerStars Hand #254504508416:  Hold'em No Limit ($0.50/$1.00 USD) - 2025/01/22 20:29:58 WET [2025/01/22 15:29:58 ET]
Table 'Disa IV' 6-max Seat #2 is the button
Seat 3: ptolejmus ($11.50 in chips) is sitting out
Seat 1: rico5510 ($4.06 in chips) 
Seat 2: Quahrino ($122.79 in chips) 
Seat 4: Y_19 ($100 in chips) 
Seat 5: straight77777 ($15.39 in chips) 
Seat 6: ImaPeppaPig ($168.32 in chips) 
Y_19: posts small blind $0.50
straight77777: posts big blind $1
*** HOLE CARDS ***
ImaPeppaPig: raises $1.50 to $2.50
rico5510: folds 
Quahrino: folds 
Y_19: folds 
straight77777: folds 
Uncalled bet ($1.50) returned to ImaPeppaPig
ImaPeppaPig collected $2.50 from pot
ImaPeppaPig: doesn't show hand 
*** SUMMARY ***
Total pot $2.50 | Rake $0 
Seat 3: ptolejmus
Seat 1: rico5510 folded before Flop (didn't bet)
Seat 2: Quahrino (button) folded before Flop (didn't bet)
Seat 4: Y_19 (small blind) folded before Flop
Seat 5: straight77777 (big blind) folded before Flop
Seat 6: ImaPeppaPig collected ($2.50)



PokerStars Hand #254504512419:  Hold'em No Limit ($0.50/$1.00 USD) - 2025/01/22 20:30:11 WET [2025/01/22 15:30:11 ET]
Table 'Disa IV' 6-max Seat #4 is the button
Seat 3: ptolejmus ($11.50 in chips) is sitting out
Seat 1: rico5510 ($4.06 in chips) 
Seat 2: Quahrino ($122.79 in chips) 
Seat 4: Y_19 ($100 in chips) 
Seat 5: straight77777 ($14.39 in chips) 
Seat 6: ImaPeppaPig ($169.82 in chips) 
straight77777: posts small blind $0.50
ImaPeppaPig: posts big blind $1
*** HOLE CARDS ***
rico5510: raises $3.06 to $4.06 and is all-in
Quahrino: folds 
Y_19: folds 
straight77777: folds 
ImaPeppaPig: folds 
Uncalled bet ($3.06) returned to rico5510
rico5510 collected $2.50 from pot
*** SUMMARY ***
Total pot $2.50 | Rake $0 
Seat 3: ptolejmus
Seat 1: rico5510 collected ($2.50)
Seat 2: Quahrino folded before Flop (didn't bet)
Seat 4: Y_19 (button) folded before Flop (didn't bet)
Seat 5: straight77777 (small blind) folded before Flop
Seat 6: ImaPeppaPig (big blind) folded before Flop



PokerStars Hand #254504516475:  Hold'em No Limit ($0.50/$1.00 USD) - 2025/01/22 20:30:25 WET [2025/01/22 15:30:25 ET]
Table 'Disa IV' 6-max Seat #5 is the button
Seat 3: ptolejmus ($11.50 in chips) is sitting out
Seat 1: rico5510 ($5.56 in chips) 
Seat 2: Quahrino ($122.79 in chips) 
Seat 4: Y_19 ($100 in chips) 
Seat 5: straight77777 ($13.89 in chips) 
Seat 6: ImaPeppaPig ($168.82 in chips) 
ImaPeppaPig: posts small blind $0.50
rico5510: posts big blind $1
*** HOLE CARDS ***
Quahrino: folds 
Y_19: folds 
straight77777: folds 
ImaPeppaPig: folds 
Uncalled bet ($0.50) returned to rico5510
rico5510 collected $1 from pot
*** SUMMARY ***
Total pot $1 | Rake $0 
Seat 3: ptolejmus
Seat 1: rico5510 (big blind) collected ($1)
Seat 2: Quahrino folded before Flop (didn't bet)
Seat 4: Y_19 folded before Flop (didn't bet)
Seat 5: straight77777 (button) folded before Flop (didn't bet)
Seat 6: ImaPeppaPig (small blind) folded before Flop



PokerStars Hand #254504521819:  Hold'em No Limit ($0.50/$1.00 USD) - 2025/01/22 20:30:44 WET [2025/01/22 15:30:44 ET]
Table 'Disa IV' 6-max Seat #6 is the button
Seat 3: ptolejmus ($11.50 in chips) is sitting out
Seat 1: rico5510 ($6.06 in chips) 
Seat 2: Quahrino ($122.79 in chips) 
Seat 4: Y_19 ($100 in chips) 
Seat 5: straight77777 ($13.89 in chips) 
Seat 6: ImaPeppaPig ($168.32 in chips) 
rico5510: posts small blind $0.50
Quahrino: posts big blind $1
*** HOLE CARDS ***
Y_19: folds 
straight77777: folds 
ImaPeppaPig: folds 
rico5510: calls $0.50
Quahrino: checks 
*** FLOP *** [Kh Ad Ah]
rico5510: bets $5.06 and is all-in
Quahrino: folds 
Uncalled bet ($5.06) returned to rico5510
rico5510 collected $1.90 from pot
*** SUMMARY ***
Total pot $2 | Rake $0.10 
Board [Kh Ad Ah]
Seat 3: ptolejmus
Seat 1: rico5510 (small blind) collected ($1.90)
Seat 2: Quahrino (big blind) folded on the Flop
Seat 4: Y_19 folded before Flop (didn't bet)
Seat 5: straight77777 folded before Flop (didn't bet)
Seat 6: ImaPeppaPig (button) folded before Flop (didn't bet)



PokerStars Hand #254504528336:  Hold'em No Limit ($0.50/$1.00 USD) - 2025/01/22 20:31:06 WET [2025/01/22 15:31:06 ET]
Table 'Disa IV' 6-max Seat #1 is the button
Seat 3: ptolejmus ($11.50 in chips) is sitting out
Seat 1: rico5510 ($6.96 in chips) 
Seat 2: Quahrino ($121.79 in chips) 
Seat 4: Y_19 ($100 in chips) 
Seat 5: straight77777 ($13.89 in chips) 
Seat 6: ImaPeppaPig ($168.32 in chips) 
Quahrino: posts small blind $0.50
Y_19: posts big blind $1
*** HOLE CARDS ***
straight77777: raises $2 to $3
ImaPeppaPig: folds 
rico5510: folds 
Quahrino: folds 
Y_19: folds 
Uncalled bet ($2) returned to straight77777
straight77777 collected $2.50 from pot
*** SUMMARY ***
Total pot $2.50 | Rake $0 
Seat 3: ptolejmus
Seat 1: rico5510 (button) folded before Flop (didn't bet)
Seat 2: Quahrino (small blind) folded before Flop
Seat 4: Y_19 (big blind) folded before Flop
Seat 5: straight77777 collected ($2.50)
Seat 6: ImaPeppaPig folded before Flop (didn't bet)



PokerStars Hand #254504532579:  Hold'em No Limit ($0.50/$1.00 USD) - 2025/01/22 20:31:20 WET [2025/01/22 15:31:20 ET]
Table 'Disa IV' 6-max Seat #2 is the button
Seat 3: ptolejmus ($11.50 in chips) is sitting out
Seat 1: rico5510 ($6.96 in chips) 
Seat 2: Quahrino ($121.29 in chips) 
Seat 4: Y_19 ($100 in chips) 
Seat 5: straight77777 ($15.39 in chips) 
Seat 6: ImaPeppaPig ($168.32 in chips) 
Y_19: posts small blind $0.50
straight77777: posts big blind $1
*** HOLE CARDS ***
ImaPeppaPig: folds 
rico5510: folds 
Quahrino: raises $1.50 to $2.50
Y_19: folds 
straight77777: folds 
Uncalled bet ($1.50) returned to Quahrino
Quahrino collected $2.50 from pot
Quahrino: doesn't show hand 
*** SUMMARY ***
Total pot $2.50 | Rake $0 
Seat 3: ptolejmus
Seat 1: rico5510 folded before Flop (didn't bet)
Seat 2: Quahrino (button) collected ($2.50)
Seat 4: Y_19 (small blind) folded before Flop
Seat 5: straight77777 (big blind) folded before Flop
Seat 6: ImaPeppaPig folded before Flop (didn't bet)



PokerStars Hand #254504535877:  Hold'em No Limit ($0.50/$1.00 USD) - 2025/01/22 20:31:31 WET [2025/01/22 15:31:31 ET]
Table 'Disa IV' 6-max Seat #4 is the button
Seat 3: ptolejmus ($11.50 in chips) is sitting out
Seat 1: rico5510 ($6.96 in chips) 
Seat 2: Quahrino ($122.79 in chips) 
Seat 4: Y_19 ($100 in chips) 
Seat 5: straight77777 ($14.39 in chips) 
Seat 6: ImaPeppaPig ($168.32 in chips) 
straight77777: posts small blind $0.50
ImaPeppaPig: posts big blind $1
*** HOLE CARDS ***
rico5510: calls $1
Quahrino: folds 
Y_19: raises $2 to $3
straight77777: folds 
ImaPeppaPig: folds 
rico5510: folds 
Uncalled bet ($2) returned to Y_19
Y_19 collected $3.50 from pot
Y_19: doesn't show hand 
*** SUMMARY ***
Total pot $3.50 | Rake $0 
Seat 3: ptolejmus
Seat 1: rico5510 folded before Flop
Seat 2: Quahrino folded before Flop (didn't bet)
Seat 4: Y_19 (button) collected ($3.50)
Seat 5: straight77777 (small blind) folded before Flop
Seat 6: ImaPeppaPig (big blind) folded before Flop



PokerStars Hand #254504544159:  Hold'em No Limit ($0.50/$1.00 USD) - 2025/01/22 20:32:00 WET [2025/01/22 15:32:00 ET]
Table 'Disa IV' 6-max Seat #5 is the button
Seat 3: ptolejmus ($11.50 in chips) is sitting out
Seat 1: rico5510 ($5.96 in chips) 
Seat 2: Quahrino ($122.79 in chips) 
Seat 4: Y_19 ($102.50 in chips) 
Seat 5: straight77777 ($13.89 in chips) 
Seat 6: ImaPeppaPig ($167.32 in chips) 
ImaPeppaPig: posts small blind $0.50
rico5510: posts big blind $1
ptolejmus: sits out 
*** HOLE CARDS ***
Quahrino: folds 
Y_19: folds 
straight77777: raises $2.50 to $3.50
ImaPeppaPig: folds 
rico5510: raises $2.46 to $5.96 and is all-in
straight77777: calls $2.46
*** FLOP *** [7d 8c 9h]
*** TURN *** [7d 8c 9h] [2d]
*** RIVER *** [7d 8c 9h 2d] [Td]
*** SHOW DOWN ***
rico5510: shows [Qd Qs] (a pair of Queens)
straight77777: shows [As Qc] (high card Ace)
rico5510 collected $11.80 from pot
*** SUMMARY ***
Total pot $12.42 | Rake $0.62 
Board [7d 8c 9h 2d Td]
Seat 3: ptolejmus
Seat 1: rico5510 (big blind) showed [Qd Qs] and won ($11.80) with a pair of Queens
Seat 2: Quahrino folded before Flop (didn't bet)
Seat 4: Y_19 folded before Flop (didn't bet)
Seat 5: straight77777 (button) showed [As Qc] and lost with high card Ace
Seat 6: ImaPeppaPig (small blind) folded before Flop



PokerStars Hand #254504551890:  Hold'em No Limit ($0.50/$1.00 USD) - 2025/01/22 20:32:26 WET [2025/01/22 15:32:26 ET]
Table 'Disa IV' 6-max Seat #6 is the button
Seat 3: ptolejmus ($11.50 in chips) is sitting out
Seat 1: rico5510 ($11.80 in chips) 
Seat 2: Quahrino ($122.79 in chips) 
Seat 4: Y_19 ($102.50 in chips) 
Seat 5: straight77777 ($7.93 in chips) 
Seat 6: ImaPeppaPig ($166.82 in chips) 
rico5510: posts small blind $0.50
Quahrino: posts big blind $1
ptolejmus: sits out 
*** HOLE CARDS ***
Y_19: folds 
straight77777 is connected 
straight77777: folds 
ImaPeppaPig: folds 
rico5510: calls $0.50
Quahrino: checks 
*** FLOP *** [6s 5d 2s]
rico5510: checks 
Quahrino: checks 
*** TURN *** [6s 5d 2s] [9d]
rico5510: checks 
Quahrino: bets $1.33
rico5510: folds 
Uncalled bet ($1.33) returned to Quahrino
Quahrino collected $1.90 from pot
Quahrino: doesn't show hand 
*** SUMMARY ***
Total pot $2 | Rake $0.10 
Board [6s 5d 2s 9d]
Seat 3: ptolejmus
Seat 1: rico5510 (small blind) folded on the Turn
Seat 2: Quahrino (big blind) collected ($1.90)
Seat 4: Y_19 folded before Flop (didn't bet)
Seat 5: straight77777 folded before Flop (didn't bet)
Seat 6: ImaPeppaPig (button) folded before Flop (didn't bet)



PokerStars Hand #254504567545:  Hold'em No Limit ($0.50/$1.00 USD) - 2025/01/22 20:33:19 WET [2025/01/22 15:33:19 ET]
Table 'Disa IV' 6-max Seat #1 is the button
Seat 1: rico5510 ($10.80 in chips) 
Seat 2: Quahrino ($123.69 in chips) 
Seat 3: ptolejmus ($11.50 in chips) 
Seat 4: Y_19 ($102.50 in chips) 
Seat 5: straight77777 ($7.93 in chips) 
Seat 6: ImaPeppaPig ($166.82 in chips) 
Quahrino: posts small blind $0.50
ptolejmus: posts big blind $1
*** HOLE CARDS ***
Y_19: folds 
straight77777: folds 
ImaPeppaPig: folds 
rico5510: folds 
Quahrino: raises $1 to $2
ptolejmus: calls $1
*** FLOP *** [5c 3c Qh]
Quahrino: bets $1
ptolejmus: calls $1
*** TURN *** [5c 3c Qh] [4d]
Quahrino: bets $1
ptolejmus: calls $1
*** RIVER *** [5c 3c Qh 4d] [5h]
Quahrino: checks 
ptolejmus: bets $7.50 and is all-in
Quahrino: calls $7.50
*** SHOW DOWN ***
ptolejmus: shows [5s Kh] (three of a kind, Fives)
Quahrino: shows [Jd Jc] (two pair, Jacks and Fives)
ptolejmus collected $21.85 from pot
*** SUMMARY ***
Total pot $23 | Rake $1.15 
Board [5c 3c Qh 4d 5h]
Seat 1: rico5510 (button) folded before Flop (didn't bet)
Seat 2: Quahrino (small blind) showed [Jd Jc] and lost with two pair, Jacks and Fives
Seat 3: ptolejmus (big blind) showed [5s Kh] and won ($21.85) with three of a kind, Fives
Seat 4: Y_19 folded before Flop (didn't bet)
Seat 5: straight77777 folded before Flop (didn't bet)
Seat 6: ImaPeppaPig folded before Flop (didn't bet)



PokerStars Hand #254504586086:  Hold'em No Limit ($0.50/$1.00 USD) - 2025/01/22 20:34:21 WET [2025/01/22 15:34:21 ET]
Table 'Disa IV' 6-max Seat #2 is the button
Seat 1: rico5510 ($10.80 in chips) 
Seat 2: Quahrino ($112.19 in chips) 
Seat 3: ptolejmus ($21.85 in chips) 
Seat 4: Y_19 ($102.50 in chips) 
Seat 5: straight77777 ($7.93 in chips) 
Seat 6: ImaPeppaPig ($166.82 in chips) 
ptolejmus: posts small blind $0.50
Y_19: posts big blind $1
*** HOLE CARDS ***
straight77777: folds 
ImaPeppaPig: folds 
rico5510: folds 
Quahrino: folds 
ptolejmus: raises $1.25 to $2.25
Y_19: folds 
Uncalled bet ($1.25) returned to ptolejmus
ptolejmus collected $2 from pot
*** SUMMARY ***
Total pot $2 | Rake $0 
Seat 1: rico5510 folded before Flop (didn't bet)
Seat 2: Quahrino (button) folded before Flop (didn't bet)
Seat 3: ptolejmus (small blind) collected ($2)
Seat 4: Y_19 (big blind) folded before Flop
Seat 5: straight77777 folded before Flop (didn't bet)
Seat 6: ImaPeppaPig folded before Flop (didn't bet)



PokerStars Hand #254504592186:  Hold'em No Limit ($0.50/$1.00 USD) - 2025/01/22 20:34:42 WET [2025/01/22 15:34:42 ET]
Table 'Disa IV' 6-max Seat #3 is the button
Seat 1: rico5510 ($10.80 in chips) 
Seat 2: Quahrino ($112.19 in chips) 
Seat 3: ptolejmus ($22.85 in chips) 
Seat 4: Y_19 ($101.50 in chips) 
Seat 5: straight77777 ($7.93 in chips) 
Seat 6: ImaPeppaPig ($166.82 in chips) 
Y_19: posts small blind $0.50
straight77777: posts big blind $1
*** HOLE CARDS ***
ImaPeppaPig: folds 
rico5510: folds 
Quahrino: folds 
ptolejmus: raises $1 to $2
Y_19: folds 
straight77777: raises $5.93 to $7.93 and is all-in
ptolejmus: folds 
Uncalled bet ($5.93) returned to straight77777
straight77777 collected $4.50 from pot
*** SUMMARY ***
Total pot $4.50 | Rake $0 
Seat 1: rico5510 folded before Flop (didn't bet)
Seat 2: Quahrino folded before Flop (didn't bet)
Seat 3: ptolejmus (button) folded before Flop
Seat 4: Y_19 (small blind) folded before Flop
Seat 5: straight77777 (big blind) collected ($4.50)
Seat 6: ImaPeppaPig folded before Flop (didn't bet)



PokerStars Hand #254504600147:  Hold'em No Limit ($0.50/$1.00 USD) - 2025/01/22 20:35:09 WET [2025/01/22 15:35:09 ET]
Table 'Disa IV' 6-max Seat #4 is the button
Seat 1: rico5510 ($10.80 in chips) 
Seat 2: Quahrino ($112.19 in chips) 
Seat 3: ptolejmus ($20.85 in chips) 
Seat 4: Y_19 ($101 in chips) 
Seat 5: straight77777 ($10.43 in chips) 
Seat 6: ImaPeppaPig ($166.82 in chips) 
straight77777: posts small blind $0.50
ImaPeppaPig: posts big blind $1
*** HOLE CARDS ***
rico5510: folds 
Quahrino: raises $1 to $2
ptolejmus: folds 
Y_19: folds 
straight77777: folds 
ImaPeppaPig: folds 
Uncalled bet ($1) returned to Quahrino
Quahrino collected $2.50 from pot
Quahrino: doesn't show hand 
*** SUMMARY ***
Total pot $2.50 | Rake $0 
Seat 1: rico5510 folded before Flop (didn't bet)
Seat 2: Quahrino collected ($2.50)
Seat 3: ptolejmus folded before Flop (didn't bet)
Seat 4: Y_19 (button) folded before Flop (didn't bet)
Seat 5: straight77777 (small blind) folded before Flop
Seat 6: ImaPeppaPig (big blind) folded before Flop



PokerStars Hand #254504611291:  Hold'em No Limit ($0.50/$1.00 USD) - 2025/01/22 20:35:47 WET [2025/01/22 15:35:47 ET]
Table 'Disa IV' 6-max Seat #5 is the button
Seat 1: rico5510 ($10.80 in chips) 
Seat 2: Quahrino ($113.69 in chips) 
Seat 3: ptolejmus ($20.85 in chips) 
Seat 4: Y_19 ($101 in chips) 
Seat 5: straight77777 ($9.93 in chips) 
Seat 6: ImaPeppaPig ($165.82 in chips) 
ImaPeppaPig: posts small blind $0.50
rico5510: posts big blind $1
*** HOLE CARDS ***
Quahrino: folds 
ptolejmus: folds 
Y_19: raises $1.23 to $2.23
straight77777: folds 
ImaPeppaPig: folds 
rico5510: folds 
Uncalled bet ($1.23) returned to Y_19
Y_19 collected $2.50 from pot
Y_19: doesn't show hand 
*** SUMMARY ***
Total pot $2.50 | Rake $0 
Seat 1: rico5510 (big blind) folded before Flop
Seat 2: Quahrino folded before Flop (didn't bet)
Seat 3: ptolejmus folded before Flop (didn't bet)
Seat 4: Y_19 collected ($2.50)
Seat 5: straight77777 (button) folded before Flop (didn't bet)
Seat 6: ImaPeppaPig (small blind) folded before Flop



PokerStars Hand #254504616980:  Hold'em No Limit ($0.50/$1.00 USD) - 2025/01/22 20:36:05 WET [2025/01/22 15:36:05 ET]
Table 'Disa IV' 6-max Seat #6 is the button
Seat 1: rico5510 ($9.80 in chips) 
Seat 2: Quahrino ($113.69 in chips) 
Seat 3: ptolejmus ($20.85 in chips) 
Seat 4: Y_19 ($102.50 in chips) 
Seat 5: straight77777 ($9.93 in chips) 
Seat 6: ImaPeppaPig ($165.32 in chips) 
rico5510: posts small blind $0.50
Quahrino: posts big blind $1
*** HOLE CARDS ***
ptolejmus: folds 
Y_19: raises $1.23 to $2.23
straight77777: folds 
ImaPeppaPig: folds 
rico5510: calls $1.73
Quahrino: folds 
*** FLOP *** [6d 6s 9s]
rico5510: checks 
Y_19: bets $1.71
ptolejmus leaves the table
rico5510: folds 
Uncalled bet ($1.71) returned to Y_19
Y_19 collected $5.19 from pot
Y_19: doesn't show hand 
*** SUMMARY ***
Total pot $5.46 | Rake $0.27 
Board [6d 6s 9s]
Seat 1: rico5510 (small blind) folded on the Flop
Seat 2: Quahrino (big blind) folded before Flop
Seat 3: ptolejmus folded before Flop (didn't bet)
Seat 4: Y_19 collected ($5.19)
Seat 5: straight77777 folded before Flop (didn't bet)
Seat 6: ImaPeppaPig (button) folded before Flop (didn't bet)



PokerStars Hand #254504626652:  Hold'em No Limit ($0.50/$1.00 USD) - 2025/01/22 20:36:38 WET [2025/01/22 15:36:38 ET]
Table 'Disa IV' 6-max Seat #1 is the button
Seat 1: rico5510 ($7.57 in chips) 
Seat 2: Quahrino ($112.69 in chips) 
Seat 4: Y_19 ($105.46 in chips) 
Seat 5: straight77777 ($9.93 in chips) 
Seat 6: ImaPeppaPig ($165.32 in chips) 
Quahrino: posts small blind $0.50
Y_19: posts big blind $1
*** HOLE CARDS ***
reiyser joins the table at seat #3 
straight77777: folds 
ImaPeppaPig: raises $1.50 to $2.50
rico5510: folds 
Quahrino: folds 
Y_19: folds 
Uncalled bet ($1.50) returned to ImaPeppaPig
ImaPeppaPig collected $2.50 from pot
ImaPeppaPig: doesn't show hand 
*** SUMMARY ***
Total pot $2.50 | Rake $0 
Seat 1: rico5510 (button) folded before Flop (didn't bet)
Seat 2: Quahrino (small blind) folded before Flop
Seat 4: Y_19 (big blind) folded before Flop
Seat 5: straight77777 folded before Flop (didn't bet)
Seat 6: ImaPeppaPig collected ($2.50)



PokerStars Hand #254504631644:  Hold'em No Limit ($0.50/$1.00 USD) - 2025/01/22 20:36:55 WET [2025/01/22 15:36:55 ET]
Table 'Disa IV' 6-max Seat #2 is the button
Seat 3: reiyser ($100 in chips) is sitting out
Seat 1: rico5510 ($7.57 in chips) 
Seat 2: Quahrino ($112.19 in chips) 
Seat 4: Y_19 ($104.46 in chips) 
Seat 5: straight77777 ($9.93 in chips) 
Seat 6: ImaPeppaPig ($166.82 in chips) 
Y_19: posts small blind $0.50
straight77777: posts big blind $1
*** HOLE CARDS ***
ImaPeppaPig: folds 
rico5510: folds 
Quahrino: folds 
Y_19: folds 
Uncalled bet ($0.50) returned to straight77777
straight77777 collected $1 from pot
*** SUMMARY ***
Total pot $1 | Rake $0 
Seat 3: reiyser
Seat 1: rico5510 folded before Flop (didn't bet)
Seat 2: Quahrino (button) folded before Flop (didn't bet)
Seat 4: Y_19 (small blind) folded before Flop
Seat 5: straight77777 (big blind) collected ($1)
Seat 6: ImaPeppaPig folded before Flop (didn't bet)



PokerStars Hand #254504634344:  Hold'em No Limit ($0.50/$1.00 USD) - 2025/01/22 20:37:04 WET [2025/01/22 15:37:04 ET]
Table 'Disa IV' 6-max Seat #4 is the button
Seat 3: reiyser ($100 in chips) is sitting out
Seat 1: rico5510 ($7.57 in chips) 
Seat 2: Quahrino ($112.19 in chips) 
Seat 4: Y_19 ($103.96 in chips) 
Seat 5: straight77777 ($10.43 in chips) 
Seat 6: ImaPeppaPig ($166.82 in chips) 
straight77777: posts small blind $0.50
ImaPeppaPig: posts big blind $1
reiyser: sits out 
*** HOLE CARDS ***
rico5510: folds 
Quahrino: raises $1 to $2
Y_19: folds 
straight77777: folds 
ImaPeppaPig: folds 
Uncalled bet ($1) returned to Quahrino
Quahrino collected $2.50 from pot
Quahrino: doesn't show hand 
*** SUMMARY ***
Total pot $2.50 | Rake $0 
Seat 3: reiyser
Seat 1: rico5510 folded before Flop (didn't bet)
Seat 2: Quahrino collected ($2.50)
Seat 4: Y_19 (button) folded before Flop (didn't bet)
Seat 5: straight77777 (small blind) folded before Flop
Seat 6: ImaPeppaPig (big blind) folded before Flop



PokerStars Hand #254504639109:  Hold'em No Limit ($0.50/$1.00 USD) - 2025/01/22 20:37:20 WET [2025/01/22 15:37:20 ET]
Table 'Disa IV' 6-max Seat #5 is the button
Seat 3: reiyser ($100 in chips) is sitting out
Seat 1: rico5510 ($7.57 in chips) 
Seat 2: Quahrino ($113.69 in chips) 
Seat 4: Y_19 ($103.96 in chips) 
Seat 5: straight77777 ($9.93 in chips) 
Seat 6: ImaPeppaPig ($165.82 in chips) 
ImaPeppaPig: posts small blind $0.50
rico5510: posts big blind $1
reiyser: sits out 
*** HOLE CARDS ***
Quahrino: folds 
Y_19: folds 
straight77777: raises $2 to $3
ImaPeppaPig: folds 
rico5510: folds 
Uncalled bet ($2) returned to straight77777
straight77777 collected $2.50 from pot
*** SUMMARY ***
Total pot $2.50 | Rake $0 
Seat 3: reiyser
Seat 1: rico5510 (big blind) folded before Flop
Seat 2: Quahrino folded before Flop (didn't bet)
Seat 4: Y_19 folded before Flop (didn't bet)
Seat 5: straight77777 (button) collected ($2.50)
Seat 6: ImaPeppaPig (small blind) folded before Flop



PokerStars Hand #254504644039:  Hold'em No Limit ($0.50/$1.00 USD) - 2025/01/22 20:37:37 WET [2025/01/22 15:37:37 ET]
Table 'Disa IV' 6-max Seat #6 is the button
Seat 3: reiyser ($100 in chips) is sitting out
Seat 1: rico5510 ($6.57 in chips) 
Seat 2: Quahrino ($113.69 in chips) 
Seat 4: Y_19 ($103.96 in chips) 
Seat 5: straight77777 ($11.43 in chips) 
Seat 6: ImaPeppaPig ($165.32 in chips) 
rico5510: posts small blind $0.50
Quahrino: posts big blind $1
reiyser: sits out 
*** HOLE CARDS ***
Y_19: folds 
straight77777: folds 
ImaPeppaPig: folds 
rico5510: calls $0.50
Quahrino: checks 
*** FLOP *** [Jc Js 3c]
rico5510: checks 
Quahrino: bets $1
rico5510: folds 
Uncalled bet ($1) returned to Quahrino
Quahrino collected $1.90 from pot
Quahrino: doesn't show hand 
*** SUMMARY ***
Total pot $2 | Rake $0.10 
Board [Jc Js 3c]
Seat 3: reiyser
Seat 1: rico5510 (small blind) folded on the Flop
Seat 2: Quahrino (big blind) collected ($1.90)
Seat 4: Y_19 folded before Flop (didn't bet)
Seat 5: straight77777 folded before Flop (didn't bet)
Seat 6: ImaPeppaPig (button) folded before Flop (didn't bet)



PokerStars Hand #254504651958:  Hold'em No Limit ($0.50/$1.00 USD) - 2025/01/22 20:38:04 WET [2025/01/22 15:38:04 ET]
Table 'Disa IV' 6-max Seat #1 is the button
Seat 1: rico5510 ($5.57 in chips) 
Seat 2: Quahrino ($114.59 in chips) 
Seat 3: reiyser ($100 in chips) 
Seat 4: Y_19 ($103.96 in chips) 
Seat 5: straight77777 ($11.43 in chips) 
Seat 6: ImaPeppaPig ($165.32 in chips) 
Quahrino: posts small blind $0.50
reiyser: posts big blind $1
*** HOLE CARDS ***
Y_19: folds 
straight77777: folds 
ImaPeppaPig: raises $1.50 to $2.50
rico5510: folds 
Quahrino: raises $9.50 to $12
reiyser: folds 
ImaPeppaPig: raises $13 to $25
Quahrino: folds 
Uncalled bet ($13) returned to ImaPeppaPig
ImaPeppaPig collected $25 from pot
ImaPeppaPig: doesn't show hand 
*** SUMMARY ***
Total pot $25 | Rake $0 
Seat 1: rico5510 (button) folded before Flop (didn't bet)
Seat 2: Quahrino (small blind) folded before Flop
Seat 3: reiyser (big blind) folded before Flop
Seat 4: Y_19 folded before Flop (didn't bet)
Seat 5: straight77777 folded before Flop (didn't bet)
Seat 6: ImaPeppaPig collected ($25)



PokerStars Hand #254504665885:  Hold'em No Limit ($0.50/$1.00 USD) - 2025/01/22 20:38:51 WET [2025/01/22 15:38:51 ET]
Table 'Disa IV' 6-max Seat #2 is the button
Seat 1: rico5510 ($5.57 in chips) 
Seat 2: Quahrino ($102.59 in chips) 
Seat 3: reiyser ($100 in chips) 
Seat 4: Y_19 ($103.96 in chips) 
Seat 5: straight77777 ($11.43 in chips) 
Seat 6: ImaPeppaPig ($178.32 in chips) 
reiyser: posts small blind $0.50
Y_19: posts big blind $1
*** HOLE CARDS ***
straight77777: calls $1
ImaPeppaPig: folds 
rico5510: raises $4.57 to $5.57 and is all-in
Quahrino: folds 
reiyser: folds 
Y_19: folds 
straight77777: folds 
Uncalled bet ($4.57) returned to rico5510
rico5510 collected $3.50 from pot
*** SUMMARY ***
Total pot $3.50 | Rake $0 
Seat 1: rico5510 collected ($3.50)
Seat 2: Quahrino (button) folded before Flop (didn't bet)
Seat 3: reiyser (small blind) folded before Flop
Seat 4: Y_19 (big blind) folded before Flop
Seat 5: straight77777 folded before Flop
Seat 6: ImaPeppaPig folded before Flop (didn't bet)



PokerStars Hand #254504673326:  Hold'em No Limit ($0.50/$1.00 USD) - 2025/01/22 20:39:16 WET [2025/01/22 15:39:16 ET]
Table 'Disa IV' 6-max Seat #3 is the button
Seat 1: rico5510 ($8.07 in chips) 
Seat 2: Quahrino ($102.59 in chips) 
Seat 3: reiyser ($100 in chips) 
Seat 4: Y_19 ($102.96 in chips) 
Seat 5: straight77777 ($10.43 in chips) 
Seat 6: ImaPeppaPig ($178.32 in chips) 
Y_19: posts small blind $0.50
straight77777: posts big blind $1
*** HOLE CARDS ***
ImaPeppaPig: folds 
rico5510: folds 
Quahrino: folds 
reiyser: raises $1.23 to $2.23
Y_19: folds 
straight77777: calls $1.23
*** FLOP *** [7s Ks Qc]
straight77777: checks 
reiyser: bets $1.37
straight77777: calls $1.37
*** TURN *** [7s Ks Qc] [9h]
straight77777: checks 
reiyser: bets $9.66
straight77777: folds 
Uncalled bet ($9.66) returned to reiyser
reiyser collected $7.32 from pot
reiyser: doesn't show hand 
*** SUMMARY ***
Total pot $7.70 | Rake $0.38 
Board [7s Ks Qc 9h]
Seat 1: rico5510 folded before Flop (didn't bet)
Seat 2: Quahrino folded before Flop (didn't bet)
Seat 3: reiyser (button) collected ($7.32)
Seat 4: Y_19 (small blind) folded before Flop
Seat 5: straight77777 (big blind) folded on the Turn
Seat 6: ImaPeppaPig folded before Flop (didn't bet)



PokerStars Hand #254504691215:  Hold'em No Limit ($0.50/$1.00 USD) - 2025/01/22 20:40:17 WET [2025/01/22 15:40:17 ET]
Table 'Disa IV' 6-max Seat #4 is the button
Seat 1: rico5510 ($8.07 in chips) 
Seat 2: Quahrino ($102.59 in chips) 
Seat 3: reiyser ($103.72 in chips) 
Seat 4: Y_19 ($102.46 in chips) 
Seat 5: straight77777 ($6.83 in chips) 
Seat 6: ImaPeppaPig ($178.32 in chips) 
straight77777: posts small blind $0.50
ImaPeppaPig: posts big blind $1
*** HOLE CARDS ***
rico5510: folds 
Quahrino: folds 
Quahrino leaves the table
reiyser: folds 
Y_19: folds 
straight77777: raises $2 to $3
ImaPeppaPig: raises $6 to $9
straight77777: calls $3.83 and is all-in
Uncalled bet ($2.17) returned to ImaPeppaPig
*** FLOP *** [7h 5s Jd]
socito joins the table at seat #2 
*** TURN *** [7h 5s Jd] [2d]
*** RIVER *** [7h 5s Jd 2d] [Td]
*** SHOW DOWN ***
straight77777: shows [Th Ad] (a pair of Tens)
ImaPeppaPig: shows [As 6h] (high card Ace)
straight77777 collected $12.98 from pot
*** SUMMARY ***
Total pot $13.66 | Rake $0.68 
Board [7h 5s Jd 2d Td]
Seat 1: rico5510 folded before Flop (didn't bet)
Seat 2: Quahrino folded before Flop (didn't bet)
Seat 3: reiyser folded before Flop (didn't bet)
Seat 4: Y_19 (button) folded before Flop (didn't bet)
Seat 5: straight77777 (small blind) showed [Th Ad] and won ($12.98) with a pair of Tens
Seat 6: ImaPeppaPig (big blind) showed [As 6h] and lost with high card Ace



PokerStars Hand #254504698785:  Hold'em No Limit ($0.50/$1.00 USD) - 2025/01/22 20:40:43 WET [2025/01/22 15:40:43 ET]
Table 'Disa IV' 6-max Seat #5 is the button
Seat 2: socito ($100 in chips) is sitting out
Seat 1: rico5510 ($8.07 in chips) 
Seat 3: reiyser ($103.72 in chips) 
Seat 4: Y_19 ($102.46 in chips) 
Seat 5: straight77777 ($12.98 in chips) 
Seat 6: ImaPeppaPig ($171.49 in chips) 
ImaPeppaPig: posts small blind $0.50
rico5510: posts big blind $1
socito: sits out 
*** HOLE CARDS ***
reiyser: folds 
Y_19: folds 
straight77777: folds 
ImaPeppaPig: folds 
Uncalled bet ($0.50) returned to rico5510
rico5510 collected $1 from pot
*** SUMMARY ***
Total pot $1 | Rake $0 
Seat 2: socito
Seat 1: rico5510 (big blind) collected ($1)
Seat 3: reiyser folded before Flop (didn't bet)
Seat 4: Y_19 folded before Flop (didn't bet)
Seat 5: straight77777 (button) folded before Flop (didn't bet)
Seat 6: ImaPeppaPig (small blind) folded before Flop



PokerStars Hand #254504703253:  Hold'em No Limit ($0.50/$1.00 USD) - 2025/01/22 20:40:58 WET [2025/01/22 15:40:58 ET]
Table 'Disa IV' 6-max Seat #6 is the button
Seat 1: rico5510 ($8.57 in chips) 
Seat 2: socito ($100 in chips) 
Seat 3: reiyser ($103.72 in chips) 
Seat 4: Y_19 ($102.46 in chips) 
Seat 5: straight77777 ($12.98 in chips) 
Seat 6: ImaPeppaPig ($170.99 in chips) 
rico5510: posts small blind $0.50
socito: posts big blind $1
*** HOLE CARDS ***
reiyser: folds 
Y_19: folds 
straight77777: folds 
ImaPeppaPig: folds 
rico5510: calls $0.50
socito: checks 
*** FLOP *** [9c Ah Jd]
rico5510: checks 
socito: checks 
*** TURN *** [9c Ah Jd] [6c]
rico5510: checks 
socito: checks 
*** RIVER *** [9c Ah Jd 6c] [Js]
rico5510: checks 
socito: bets $1.43
rico5510: folds 
Uncalled bet ($1.43) returned to socito
socito collected $1.90 from pot
socito: doesn't show hand 
*** SUMMARY ***
Total pot $2 | Rake $0.10 
Board [9c Ah Jd 6c Js]
Seat 1: rico5510 (small blind) folded on the River
Seat 2: socito (big blind) collected ($1.90)
Seat 3: reiyser folded before Flop (didn't bet)
Seat 4: Y_19 folded before Flop (didn't bet)
Seat 5: straight77777 folded before Flop (didn't bet)
Seat 6: ImaPeppaPig (button) folded before Flop (didn't bet)



PokerStars Hand #254504720393:  Hold'em No Limit ($0.50/$1.00 USD) - 2025/01/22 20:41:56 WET [2025/01/22 15:41:56 ET]
Table 'Disa IV' 6-max Seat #1 is the button
Seat 1: rico5510 ($7.57 in chips) 
Seat 2: socito ($100.90 in chips) 
Seat 3: reiyser ($103.72 in chips) 
Seat 4: Y_19 ($102.46 in chips) 
Seat 5: straight77777 ($12.98 in chips) 
Seat 6: ImaPeppaPig ($170.99 in chips) 
socito: posts small blind $0.50
reiyser: posts big blind $1
*** HOLE CARDS ***
Y_19: folds 
straight77777: folds 
ImaPeppaPig: folds 
rico5510: folds 
socito: raises $2 to $3
reiyser: folds 
Uncalled bet ($2) returned to socito
socito collected $2 from pot
socito: doesn't show hand 
*** SUMMARY ***
Total pot $2 | Rake $0 
Seat 1: rico5510 (button) folded before Flop (didn't bet)
Seat 2: socito (small blind) collected ($2)
Seat 3: reiyser (big blind) folded before Flop
Seat 4: Y_19 folded before Flop (didn't bet)
Seat 5: straight77777 folded before Flop (didn't bet)
Seat 6: ImaPeppaPig folded before Flop (didn't bet)



PokerStars Hand #254504727448:  Hold'em No Limit ($0.50/$1.00 USD) - 2025/01/22 20:42:20 WET [2025/01/22 15:42:20 ET]
Table 'Disa IV' 6-max Seat #2 is the button
Seat 1: rico5510 ($7.57 in chips) 
Seat 2: socito ($101.90 in chips) 
Seat 3: reiyser ($102.72 in chips) 
Seat 4: Y_19 ($102.46 in chips) 
Seat 5: straight77777 ($12.98 in chips) 
Seat 6: ImaPeppaPig ($170.99 in chips) 
reiyser: posts small blind $0.50
Y_19: posts big blind $1
*** HOLE CARDS ***
straight77777: raises $1 to $2
ImaPeppaPig: folds 
rico5510: folds 
socito: folds 
reiyser: folds 
Y_19: folds 
Uncalled bet ($1) returned to straight77777
straight77777 collected $2.50 from pot
*** SUMMARY ***
Total pot $2.50 | Rake $0 
Seat 1: rico5510 folded before Flop (didn't bet)
Seat 2: socito (button) folded before Flop (didn't bet)
Seat 3: reiyser (small blind) folded before Flop
Seat 4: Y_19 (big blind) folded before Flop
Seat 5: straight77777 collected ($2.50)
Seat 6: ImaPeppaPig folded before Flop (didn't bet)



PokerStars Hand #254504735143:  Hold'em No Limit ($0.50/$1.00 USD) - 2025/01/22 20:42:46 WET [2025/01/22 15:42:46 ET]
Table 'Disa IV' 6-max Seat #3 is the button
Seat 1: rico5510 ($7.57 in chips) 
Seat 2: socito ($101.90 in chips) 
Seat 3: reiyser ($102.22 in chips) 
Seat 4: Y_19 ($101.46 in chips) 
Seat 5: straight77777 ($14.48 in chips) 
Seat 6: ImaPeppaPig ($170.99 in chips) 
Y_19: posts small blind $0.50
straight77777: posts big blind $1
*** HOLE CARDS ***
ImaPeppaPig: folds 
rico5510: folds 
socito: folds 
reiyser: raises $1.23 to $2.23
Y_19: folds 
straight77777: raises $2.77 to $5
reiyser: folds 
Uncalled bet ($2.77) returned to straight77777
straight77777 collected $4.96 from pot
*** SUMMARY ***
Total pot $4.96 | Rake $0 
Seat 1: rico5510 folded before Flop (didn't bet)
Seat 2: socito folded before Flop (didn't bet)
Seat 3: reiyser (button) folded before Flop
Seat 4: Y_19 (small blind) folded before Flop
Seat 5: straight77777 (big blind) collected ($4.96)
Seat 6: ImaPeppaPig folded before Flop (didn't bet)



PokerStars Hand #254504745939:  Hold'em No Limit ($0.50/$1.00 USD) - 2025/01/22 20:43:23 WET [2025/01/22 15:43:23 ET]
Table 'Disa IV' 6-max Seat #4 is the button
Seat 1: rico5510 ($7.57 in chips) 
Seat 2: socito ($101.90 in chips) 
Seat 3: reiyser ($100 in chips) 
Seat 4: Y_19 ($100.96 in chips) 
Seat 5: straight77777 ($17.21 in chips) 
Seat 6: ImaPeppaPig ($170.99 in chips) 
straight77777: posts small blind $0.50
ImaPeppaPig: posts big blind $1
*** HOLE CARDS ***
rico5510: folds 
socito: folds 
reiyser: folds 
Y_19: raises $1.23 to $2.23
straight77777: folds 
ImaPeppaPig: raises $9.77 to $12
Y_19: folds 
Uncalled bet ($9.77) returned to ImaPeppaPig
ImaPeppaPig collected $4.96 from pot
ImaPeppaPig: doesn't show hand 
*** SUMMARY ***
Total pot $4.96 | Rake $0 
Seat 1: rico5510 folded before Flop (didn't bet)
Seat 2: socito folded before Flop (didn't bet)
Seat 3: reiyser folded before Flop (didn't bet)
Seat 4: Y_19 (button) folded before Flop
Seat 5: straight77777 (small blind) folded before Flop
Seat 6: ImaPeppaPig (big blind) collected ($4.96)



PokerStars Hand #254504752063:  Hold'em No Limit ($0.50/$1.00 USD) - 2025/01/22 20:43:44 WET [2025/01/22 15:43:44 ET]
Table 'Disa IV' 6-max Seat #5 is the button
Seat 1: rico5510 ($7.57 in chips) 
Seat 2: socito ($101.90 in chips) 
Seat 3: reiyser ($100 in chips) 
Seat 4: Y_19 ($100 in chips) 
Seat 5: straight77777 ($16.71 in chips) 
Seat 6: ImaPeppaPig ($173.72 in chips) 
ImaPeppaPig: posts small blind $0.50
rico5510: posts big blind $1
*** HOLE CARDS ***
socito: raises $1.50 to $2.50
reiyser: folds 
Y_19: raises $5 to $7.50
straight77777: folds 
ImaPeppaPig: folds 
rico5510: folds 
socito: calls $5
*** FLOP *** [5h Ah Qh]
socito: checks 
Y_19: bets $5.17
socito: folds 
Uncalled bet ($5.17) returned to Y_19
Y_19 collected $15.68 from pot
Y_19: doesn't show hand 
*** SUMMARY ***
Total pot $16.50 | Rake $0.82 
Board [5h Ah Qh]
Seat 1: rico5510 (big blind) folded before Flop
Seat 2: socito folded on the Flop
Seat 3: reiyser folded before Flop (didn't bet)
Seat 4: Y_19 collected ($15.68)
Seat 5: straight77777 (button) folded before Flop (didn't bet)
Seat 6: ImaPeppaPig (small blind) folded before Flop



PokerStars Hand #254504769974:  Hold'em No Limit ($0.50/$1.00 USD) - 2025/01/22 20:44:44 WET [2025/01/22 15:44:44 ET]
Table 'Disa IV' 6-max Seat #6 is the button
Seat 1: rico5510 ($6.57 in chips) 
Seat 2: socito ($100 in chips) 
Seat 3: reiyser ($100 in chips) 
Seat 4: Y_19 ($108.18 in chips) 
Seat 5: straight77777 ($16.71 in chips) 
Seat 6: ImaPeppaPig ($173.22 in chips) 
rico5510: posts small blind $0.50
socito: posts big blind $1
*** HOLE CARDS ***
reiyser: folds 
Y_19: raises $1.23 to $2.23
straight77777: folds 
ImaPeppaPig: folds 
rico5510: folds 
socito: raises $9.27 to $11.50
Y_19: folds 
Uncalled bet ($9.27) returned to socito
socito collected $4.96 from pot
socito: doesn't show hand 
*** SUMMARY ***
Total pot $4.96 | Rake $0 
Seat 1: rico5510 (small blind) folded before Flop
Seat 2: socito (big blind) collected ($4.96)
Seat 3: reiyser folded before Flop (didn't bet)
Seat 4: Y_19 folded before Flop
Seat 5: straight77777 folded before Flop (didn't bet)
Seat 6: ImaPeppaPig (button) folded before Flop (didn't bet)



PokerStars Hand #254504777247:  Hold'em No Limit ($0.50/$1.00 USD) - 2025/01/22 20:45:09 WET [2025/01/22 15:45:09 ET]
Table 'Disa IV' 6-max Seat #1 is the button
Seat 1: rico5510 ($6.07 in chips) 
Seat 2: socito ($102.73 in chips) 
Seat 3: reiyser ($100 in chips) 
Seat 4: Y_19 ($105.95 in chips) 
Seat 5: straight77777 ($16.71 in chips) 
Seat 6: ImaPeppaPig ($173.22 in chips) 
socito: posts small blind $0.50
reiyser: posts big blind $1
*** HOLE CARDS ***
Y_19: folds 
straight77777: folds 
ImaPeppaPig: folds 
rico5510: raises $5.07 to $6.07 and is all-in
socito: calls $5.57
reiyser: folds 
*** FLOP *** [9h 9s 7s]
*** TURN *** [9h 9s 7s] [5d]
*** RIVER *** [9h 9s 7s 5d] [6h]
*** SHOW DOWN ***
socito: shows [Qs Kd] (a pair of Nines)
rico5510: shows [Ad 3h] (a pair of Nines - Ace kicker)
rico5510 collected $12.48 from pot
*** SUMMARY ***
Total pot $13.14 | Rake $0.66 
Board [9h 9s 7s 5d 6h]
Seat 1: rico5510 (button) showed [Ad 3h] and won ($12.48) with a pair of Nines
Seat 2: socito (small blind) showed [Qs Kd] and lost with a pair of Nines
Seat 3: reiyser (big blind) folded before Flop
Seat 4: Y_19 folded before Flop (didn't bet)
Seat 5: straight77777 folded before Flop (didn't bet)
Seat 6: ImaPeppaPig folded before Flop (didn't bet)



PokerStars Hand #254504784194:  Hold'em No Limit ($0.50/$1.00 USD) - 2025/01/22 20:45:33 WET [2025/01/22 15:45:33 ET]
Table 'Disa IV' 6-max Seat #2 is the button
Seat 1: rico5510 ($12.48 in chips) 
Seat 2: socito ($100 in chips) 
Seat 3: reiyser ($100 in chips) 
Seat 4: Y_19 ($105.95 in chips) 
Seat 5: straight77777 ($16.71 in chips) 
Seat 6: ImaPeppaPig ($173.22 in chips) 
reiyser: posts small blind $0.50
Y_19: posts big blind $1
*** HOLE CARDS ***
straight77777: calls $1
ImaPeppaPig: folds 
rico5510: folds 
socito: raises $1.50 to $2.50
reiyser: folds 
Y_19: folds 
straight77777: calls $1.50
*** FLOP *** [2c 3d 3h]
straight77777: bets $3.09
socito: raises $18.54 to $21.63
straight77777: folds 
Uncalled bet ($18.54) returned to socito
socito collected $12.05 from pot
socito: doesn't show hand 
*** SUMMARY ***
Total pot $12.68 | Rake $0.63 
Board [2c 3d 3h]
Seat 1: rico5510 folded before Flop (didn't bet)
Seat 2: socito (button) collected ($12.05)
Seat 3: reiyser (small blind) folded before Flop
Seat 4: Y_19 (big blind) folded before Flop
Seat 5: straight77777 folded on the Flop
Seat 6: ImaPeppaPig folded before Flop (didn't bet)



PokerStars Hand #254504800943:  Hold'em No Limit ($0.50/$1.00 USD) - 2025/01/22 20:46:30 WET [2025/01/22 15:46:30 ET]
Table 'Disa IV' 6-max Seat #3 is the button
Seat 1: rico5510 ($12.48 in chips) 
Seat 2: socito ($106.46 in chips) 
Seat 3: reiyser ($100 in chips) 
Seat 4: Y_19 ($104.95 in chips) 
Seat 5: straight77777 ($11.12 in chips) 
Seat 6: ImaPeppaPig ($173.22 in chips) 
Y_19: posts small blind $0.50
straight77777: posts big blind $1
*** HOLE CARDS ***
ImaPeppaPig: folds 
rico5510: folds 
socito: folds 
reiyser: folds 
Y_19: raises $10 to $11
straight77777: folds 
Uncalled bet ($10) returned to Y_19
Y_19 collected $2 from pot
Y_19: doesn't show hand 
*** SUMMARY ***
Total pot $2 | Rake $0 
Seat 1: rico5510 folded before Flop (didn't bet)
Seat 2: socito folded before Flop (didn't bet)
Seat 3: reiyser (button) folded before Flop (didn't bet)
Seat 4: Y_19 (small blind) collected ($2)
Seat 5: straight77777 (big blind) folded before Flop
Seat 6: ImaPeppaPig folded before Flop (didn't bet)



PokerStars Hand #254504810794:  Hold'em No Limit ($0.50/$1.00 USD) - 2025/01/22 20:47:04 WET [2025/01/22 15:47:04 ET]
Table 'Disa IV' 6-max Seat #4 is the button
Seat 1: rico5510 ($12.48 in chips) 
Seat 2: socito ($106.46 in chips) 
Seat 3: reiyser ($100 in chips) 
Seat 4: Y_19 ($105.95 in chips) 
Seat 5: straight77777 ($10.12 in chips) 
Seat 6: ImaPeppaPig ($173.22 in chips) 
straight77777: posts small blind $0.50
ImaPeppaPig: posts big blind $1
*** HOLE CARDS ***
rico5510: calls $1
socito: folds 
reiyser: folds 
Y_19: raises $3 to $4
straight77777: folds 
ImaPeppaPig: folds 
rico5510: folds 
Uncalled bet ($3) returned to Y_19
Y_19 collected $3.50 from pot
Y_19: doesn't show hand 
*** SUMMARY ***
Total pot $3.50 | Rake $0 
Seat 1: rico5510 folded before Flop
Seat 2: socito folded before Flop (didn't bet)
Seat 3: reiyser folded before Flop (didn't bet)
Seat 4: Y_19 (button) collected ($3.50)
Seat 5: straight77777 (small blind) folded before Flop
Seat 6: ImaPeppaPig (big blind) folded before Flop



PokerStars Hand #254504821528:  Hold'em No Limit ($0.50/$1.00 USD) - 2025/01/22 20:47:40 WET [2025/01/22 15:47:40 ET]
Table 'Disa IV' 6-max Seat #5 is the button
Seat 1: rico5510 ($11.48 in chips) 
Seat 2: socito ($106.46 in chips) 
Seat 3: reiyser ($100 in chips) 
Seat 4: Y_19 ($108.45 in chips) 
Seat 5: straight77777 ($9.62 in chips) 
Seat 6: ImaPeppaPig ($172.22 in chips) 
ImaPeppaPig: posts small blind $0.50
rico5510: posts big blind $1
*** HOLE CARDS ***
socito: folds 
reiyser: folds 
Y_19: folds 
straight77777: folds 
ImaPeppaPig: raises $2 to $3
rico5510: folds 
Uncalled bet ($2) returned to ImaPeppaPig
ImaPeppaPig collected $2 from pot
ImaPeppaPig: doesn't show hand 
*** SUMMARY ***
Total pot $2 | Rake $0 
Seat 1: rico5510 (big blind) folded before Flop
Seat 2: socito folded before Flop (didn't bet)
Seat 3: reiyser folded before Flop (didn't bet)
Seat 4: Y_19 folded before Flop (didn't bet)
Seat 5: straight77777 (button) folded before Flop (didn't bet)
Seat 6: ImaPeppaPig (small blind) collected ($2)



PokerStars Hand #254504830431:  Hold'em No Limit ($0.50/$1.00 USD) - 2025/01/22 20:48:11 WET [2025/01/22 15:48:11 ET]
Table 'Disa IV' 6-max Seat #6 is the button
Seat 1: rico5510 ($10.48 in chips) 
Seat 2: socito ($106.46 in chips) 
Seat 3: reiyser ($100 in chips) 
Seat 4: Y_19 ($108.45 in chips) 
Seat 5: straight77777 ($9.62 in chips) 
Seat 6: ImaPeppaPig ($173.22 in chips) 
rico5510: posts small blind $0.50
socito: posts big blind $1
*** HOLE CARDS ***
reiyser: folds 
Y_19: folds 
straight77777: raises $1 to $2
ImaPeppaPig: folds 
rico5510: calls $1.50
socito: raises $9 to $11
straight77777: calls $7.62 and is all-in
rico5510: folds 
Uncalled bet ($1.38) returned to socito
*** FLOP *** [As Qc Tc]
*** TURN *** [As Qc Tc] [Jh]
*** RIVER *** [As Qc Tc Jh] [3h]
*** SHOW DOWN ***
socito: shows [Ts Ad] (two pair, Aces and Tens)
straight77777: shows [5c Ah] (a pair of Aces)
socito collected $20.18 from pot
*** SUMMARY ***
Total pot $21.24 | Rake $1.06 
Board [As Qc Tc Jh 3h]
Seat 1: rico5510 (small blind) folded before Flop
Seat 2: socito (big blind) showed [Ts Ad] and won ($20.18) with two pair, Aces and Tens
Seat 3: reiyser folded before Flop (didn't bet)
Seat 4: Y_19 folded before Flop (didn't bet)
Seat 5: straight77777 showed [5c Ah] and lost with a pair of Aces
Seat 6: ImaPeppaPig (button) folded before Flop (didn't bet)



PokerStars Hand #254504840904:  Hold'em No Limit ($0.50/$1.00 USD) - 2025/01/22 20:48:46 WET [2025/01/22 15:48:46 ET]
Table 'Disa IV' 6-max Seat #1 is the button
Seat 5: straight77777 ($0 in chips) is sitting out
Seat 1: rico5510 ($8.48 in chips) 
Seat 2: socito ($117.02 in chips) 
Seat 3: reiyser ($100 in chips) 
Seat 4: Y_19 ($108.45 in chips) 
Seat 6: ImaPeppaPig ($173.22 in chips) 
socito: posts small blind $0.50
reiyser: posts big blind $1
*** HOLE CARDS ***
Y_19: folds 
ImaPeppaPig: raises $1.50 to $2.50
rico5510: folds 
socito: folds 
reiyser: folds 
Uncalled bet ($1.50) returned to ImaPeppaPig
ImaPeppaPig collected $2.50 from pot
ImaPeppaPig: doesn't show hand 
*** SUMMARY ***
Total pot $2.50 | Rake $0 
Seat 5: straight77777
Seat 1: rico5510 (button) folded before Flop (didn't bet)
Seat 2: socito (small blind) folded before Flop
Seat 3: reiyser (big blind) folded before Flop
Seat 4: Y_19 folded before Flop (didn't bet)
Seat 6: ImaPeppaPig collected ($2.50)



PokerStars Hand #254504845532:  Hold'em No Limit ($0.50/$1.00 USD) - 2025/01/22 20:49:02 WET [2025/01/22 15:49:02 ET]
Table 'Disa IV' 6-max Seat #2 is the button
Seat 5: straight77777 ($0 in chips) is sitting out
Seat 1: rico5510 ($8.48 in chips) 
Seat 2: socito ($116.52 in chips) 
Seat 3: reiyser ($100 in chips) 
Seat 4: Y_19 ($108.45 in chips) 
Seat 6: ImaPeppaPig ($174.72 in chips) 
reiyser: posts small blind $0.50
Y_19: posts big blind $1
*** HOLE CARDS ***
ImaPeppaPig: folds 
rico5510: folds 
socito: folds 
reiyser: raises $1.80 to $2.80
Y_19: folds 
Uncalled bet ($1.80) returned to reiyser
reiyser collected $2 from pot
reiyser: doesn't show hand 
*** SUMMARY ***
Total pot $2 | Rake $0 
Seat 5: straight77777
Seat 1: rico5510 folded before Flop (didn't bet)
Seat 2: socito (button) folded before Flop (didn't bet)
Seat 3: reiyser (small blind) collected ($2)
Seat 4: Y_19 (big blind) folded before Flop
Seat 6: ImaPeppaPig folded before Flop (didn't bet)



PokerStars Hand #254504850644:  Hold'em No Limit ($0.50/$1.00 USD) - 2025/01/22 20:49:20 WET [2025/01/22 15:49:20 ET]
Table 'Disa IV' 6-max Seat #3 is the button
Seat 5: straight77777 ($0 in chips) is sitting out
Seat 1: rico5510 ($8.48 in chips) 
Seat 2: socito ($116.52 in chips) 
Seat 3: reiyser ($101 in chips) 
Seat 4: Y_19 ($107.45 in chips) 
Seat 6: ImaPeppaPig ($174.72 in chips) 
Y_19: posts small blind $0.50
ImaPeppaPig: posts big blind $1
*** HOLE CARDS ***
rico5510: raises $7.48 to $8.48 and is all-in
socito: folds 
reiyser: folds 
Y_19: folds 
ImaPeppaPig: folds 
Uncalled bet ($7.48) returned to rico5510
rico5510 collected $2.50 from pot
*** SUMMARY ***
Total pot $2.50 | Rake $0 
Seat 5: straight77777
Seat 1: rico5510 collected ($2.50)
Seat 2: socito folded before Flop (didn't bet)
Seat 3: reiyser (button) folded before Flop (didn't bet)
Seat 4: Y_19 (small blind) folded before Flop
Seat 6: ImaPeppaPig (big blind) folded before Flop



PokerStars Hand #254504854047:  Hold'em No Limit ($0.50/$1.00 USD) - 2025/01/22 20:49:31 WET [2025/01/22 15:49:31 ET]
Table 'Disa IV' 6-max Seat #4 is the button
Seat 5: straight77777 ($0 in chips) is sitting out
Seat 1: rico5510 ($9.98 in chips) 
Seat 2: socito ($116.52 in chips) 
Seat 3: reiyser ($101 in chips) 
Seat 4: Y_19 ($106.95 in chips) 
Seat 6: ImaPeppaPig ($173.72 in chips) 
ImaPeppaPig: posts small blind $0.50
rico5510: posts big blind $1
*** HOLE CARDS ***
socito: folds 
reiyser: folds 
Y_19: raises $1 to $2
ImaPeppaPig: folds 
rico5510: calls $1
*** FLOP *** [4h Ts 8c]
rico5510: checks 
Y_19: bets $1.41
rico5510: folds 
Uncalled bet ($1.41) returned to Y_19
Y_19 collected $4.28 from pot
Y_19: doesn't show hand 
*** SUMMARY ***
Total pot $4.50 | Rake $0.22 
Board [4h Ts 8c]
Seat 5: straight77777
Seat 1: rico5510 (big blind) folded on the Flop
Seat 2: socito folded before Flop (didn't bet)
Seat 3: reiyser folded before Flop (didn't bet)
Seat 4: Y_19 (button) collected ($4.28)
Seat 6: ImaPeppaPig (small blind) folded before Flop



PokerStars Hand #254504861565:  Hold'em No Limit ($0.50/$1.00 USD) - 2025/01/22 20:49:57 WET [2025/01/22 15:49:57 ET]
Table 'Disa IV' 6-max Seat #6 is the button
Seat 5: straight77777 ($0 in chips) is sitting out
Seat 1: rico5510 ($7.98 in chips) 
Seat 2: socito ($116.52 in chips) 
Seat 3: reiyser ($101 in chips) 
Seat 4: Y_19 ($109.23 in chips) 
Seat 6: ImaPeppaPig ($173.22 in chips) 
rico5510: posts small blind $0.50
socito: posts big blind $1
*** HOLE CARDS ***
reiyser: raises $1.23 to $2.23
Y_19: folds 
ImaPeppaPig: folds 
rico5510: folds 
socito: folds 
Uncalled bet ($1.23) returned to reiyser
reiyser collected $2.50 from pot
reiyser: doesn't show hand 
*** SUMMARY ***
Total pot $2.50 | Rake $0 
Seat 5: straight77777
Seat 1: rico5510 (small blind) folded before Flop
Seat 2: socito (big blind) folded before Flop
Seat 3: reiyser collected ($2.50)
Seat 4: Y_19 folded before Flop (didn't bet)
Seat 6: ImaPeppaPig (button) folded before Flop (didn't bet)



PokerStars Hand #254504868548:  Hold'em No Limit ($0.50/$1.00 USD) - 2025/01/22 20:50:20 WET [2025/01/22 15:50:20 ET]
Table 'Disa IV' 6-max Seat #1 is the button
Seat 5: straight77777 ($0 in chips) is sitting out
Seat 1: rico5510 ($7.48 in chips) 
Seat 2: socito ($115.52 in chips) 
Seat 3: reiyser ($102.50 in chips) 
Seat 4: Y_19 ($109.23 in chips) 
Seat 6: ImaPeppaPig ($173.22 in chips) 
socito: posts small blind $0.50
reiyser: posts big blind $1
*** HOLE CARDS ***
Y_19: folds 
ImaPeppaPig: raises $1.50 to $2.50
rico5510: folds 
socito: folds 
reiyser: folds 
Uncalled bet ($1.50) returned to ImaPeppaPig
ImaPeppaPig collected $2.50 from pot
ImaPeppaPig: doesn't show hand 
*** SUMMARY ***
Total pot $2.50 | Rake $0 
Seat 5: straight77777
Seat 1: rico5510 (button) folded before Flop (didn't bet)
Seat 2: socito (small blind) folded before Flop
Seat 3: reiyser (big blind) folded before Flop
Seat 4: Y_19 folded before Flop (didn't bet)
Seat 6: ImaPeppaPig collected ($2.50)



PokerStars Hand #254504876090:  Hold'em No Limit ($0.50/$1.00 USD) - 2025/01/22 20:50:46 WET [2025/01/22 15:50:46 ET]
Table 'Disa IV' 6-max Seat #2 is the button
Seat 4: Y_19 ($109.23 in chips) is sitting out
Seat 5: straight77777 ($0 in chips) is sitting out
Seat 1: rico5510 ($7.48 in chips) 
Seat 2: socito ($115.02 in chips) 
Seat 3: reiyser ($101.50 in chips) 
Seat 6: ImaPeppaPig ($174.72 in chips) 
reiyser: posts small blind $0.50
Y_19: is sitting out 
ImaPeppaPig: posts big blind $1
*** HOLE CARDS ***
rico5510: folds 
Y_19 leaves the table
socito: folds 
reiyser: folds 
Uncalled bet ($0.50) returned to ImaPeppaPig
ImaPeppaPig collected $1 from pot
ImaPeppaPig: doesn't show hand 
*** SUMMARY ***
Total pot $1 | Rake $0 
Seat 4: Y_19
Seat 5: straight77777
Seat 1: rico5510 folded before Flop (didn't bet)
Seat 2: socito (button) folded before Flop (didn't bet)
Seat 3: reiyser (small blind) folded before Flop
Seat 6: ImaPeppaPig (big blind) collected ($1)



PokerStars Hand #254504878846:  Hold'em No Limit ($0.50/$1.00 USD) - 2025/01/22 20:50:55 WET [2025/01/22 15:50:55 ET]
Table 'Disa IV' 6-max Seat #3 is the button
Seat 5: straight77777 ($0 in chips) is sitting out
Seat 1: rico5510 ($7.48 in chips) 
Seat 2: socito ($115.02 in chips) 
Seat 3: reiyser ($101 in chips) 
Seat 6: ImaPeppaPig ($175.22 in chips) 
ImaPeppaPig: posts small blind $0.50
rico5510: posts big blind $1
*** HOLE CARDS ***
Trente666 joins the table at seat #4 
socito: folds 
Trente666 is disconnected 
reiyser: folds 
ImaPeppaPig: raises $9 to $10
socito leaves the table
rico5510: folds 
Uncalled bet ($9) returned to ImaPeppaPig
ImaPeppaPig collected $2 from pot
ImaPeppaPig: doesn't show hand 
*** SUMMARY ***
Total pot $2 | Rake $0 
Seat 5: straight77777
Seat 1: rico5510 (big blind) folded before Flop
Seat 2: socito folded before Flop (didn't bet)
Seat 3: reiyser (button) folded before Flop (didn't bet)
Seat 6: ImaPeppaPig (small blind) collected ($2)



PokerStars Hand #254504884861:  Hold'em No Limit ($0.50/$1.00 USD) - 2025/01/22 20:51:15 WET [2025/01/22 15:51:15 ET]
Table 'Disa IV' 6-max Seat #6 is the button
Seat 5: straight77777 ($0 in chips) is sitting out
Seat 1: rico5510 ($6.48 in chips) 
Seat 3: reiyser ($101 in chips) 
Seat 4: Trente666 ($20.08 in chips) 
Seat 6: ImaPeppaPig ($176.22 in chips) 
rico5510: posts small blind $0.50
reiyser: posts big blind $1
Trente666: posts big blind $1
*** HOLE CARDS ***
Trente666: checks 
kvcsszblcs joins the table at seat #2 
ImaPeppaPig: raises $5 to $6
rico5510: raises $0.48 to $6.48 and is all-in
reiyser: folds 
Trente666: folds 
ImaPeppaPig: calls $0.48
*** FLOP *** [6h Js Kd]
*** TURN *** [6h Js Kd] [Kc]
*** RIVER *** [6h Js Kd Kc] [2d]
*** SHOW DOWN ***
rico5510: shows [3d Ad] (a pair of Kings)
ImaPeppaPig: shows [Ks Tc] (three of a kind, Kings)
ImaPeppaPig collected $14.21 from pot
*** SUMMARY ***
Total pot $14.96 | Rake $0.75 
Board [6h Js Kd Kc 2d]
Seat 5: straight77777
Seat 1: rico5510 (small blind) showed [3d Ad] and lost with a pair of Kings
Seat 3: reiyser (big blind) folded before Flop
Seat 4: Trente666 folded before Flop (didn't bet)
Seat 6: ImaPeppaPig (button) showed [Ks Tc] and won ($14.21) with three of a kind, Kings



PokerStars Hand #254504893331:  Hold'em No Limit ($0.50/$1.00 USD) - 2025/01/22 20:51:44 WET [2025/01/22 15:51:44 ET]
Table 'Disa IV' 6-max Seat #3 is the button
Seat 1: rico5510 ($0 in chips) is sitting out
Seat 2: kvcsszblcs ($102.72 in chips) is sitting out
Seat 5: straight77777 ($0 in chips) is sitting out
Seat 3: reiyser ($100 in chips) 
Seat 4: Trente666 ($19.08 in chips) 
Seat 6: ImaPeppaPig ($183.95 in chips) 
Trente666: posts small blind $0.50
ImaPeppaPig: posts big blind $1
kvcsszblcs: sits out 
*** HOLE CARDS ***
rico5510 leaves the table
reiyser: raises $1.23 to $2.23
Trente666: raises $16.85 to $19.08 and is all-in
ImaPeppaPig: folds 
reiyser: calls $16.85
*** FLOP *** [4d 4h 6c]
*** TURN *** [4d 4h 6c] [Qd]
*** RIVER *** [4d 4h 6c Qd] [5s]
*** SHOW DOWN ***
Trente666: shows [As 5c] (two pair, Fives and Fours)
reiyser: shows [Qs Qc] (a full house, Queens full of Fours)
reiyser collected $38.16 from pot
*** SUMMARY ***
Total pot $39.16 | Rake $1 
Board [4d 4h 6c Qd 5s]
Seat 1: rico5510
Seat 2: kvcsszblcs
Seat 5: straight77777
Seat 3: reiyser (button) showed [Qs Qc] and won ($38.16) with a full house, Queens full of Fours
Seat 4: Trente666 (small blind) showed [As 5c] and lost with two pair, Fives and Fours
Seat 6: ImaPeppaPig (big blind) folded before Flop



PokerStars Hand #254504900538:  Hold'em No Limit ($0.50/$1.00 USD) - 2025/01/22 20:52:08 WET [2025/01/22 15:52:08 ET]
Table 'Disa IV' 6-max Seat #6 is the button
Seat 2: kvcsszblcs ($102.72 in chips) is sitting out
Seat 4: Trente666 ($0 in chips) is sitting out
Seat 5: straight77777 ($0 in chips) is sitting out
Seat 3: reiyser ($119.08 in chips) 
Seat 6: ImaPeppaPig ($182.95 in chips) 
straight77777 is disconnected 
ImaPeppaPig: posts small blind $0.50
reiyser: posts big blind $1
*** HOLE CARDS ***
ImaPeppaPig: raises $1.50 to $2.50
reiyser: calls $1.50
*** FLOP *** [3h Jd 5h]
reiyser: checks 
GuigaMan joins the table at seat #1 
ImaPeppaPig: bets $2.47
reiyser: calls $2.47
*** TURN *** [3h Jd 5h] [7d]
reiyser: checks 
ImaPeppaPig: bets $7.17
reiyser: calls $7.17
*** RIVER *** [3h Jd 5h 7d] [8s]
reiyser: checks 
ImaPeppaPig: bets $17.69
reiyser: calls $17.69
*** SHOW DOWN ***
ImaPeppaPig: shows [Qh Qc] (a pair of Queens)
reiyser: shows [8c Jh] (two pair, Jacks and Eights)
reiyser collected $58.66 from pot
straight77777 leaves the table
*** SUMMARY ***
Total pot $59.66 | Rake $1 
Board [3h Jd 5h 7d 8s]
Seat 2: kvcsszblcs
Seat 4: Trente666
Seat 5: straight77777
Seat 3: reiyser (big blind) showed [8c Jh] and won ($58.66) with two pair, Jacks and Eights
Seat 6: ImaPeppaPig (button) (small blind) showed [Qh Qc] and lost with a pair of Queens



PokerStars Hand #254504917099:  Hold'em No Limit ($0.50/$1.00 USD) - 2025/01/22 20:53:04 WET [2025/01/22 15:53:04 ET]
Table 'Disa IV' 6-max Seat #3 is the button
Seat 2: kvcsszblcs ($102.72 in chips) is sitting out
Seat 4: Trente666 ($26.31 in chips) is sitting out
Seat 1: GuigaMan ($100 in chips) 
Seat 3: reiyser ($147.91 in chips) 
Seat 6: ImaPeppaPig ($153.12 in chips) 
ImaPeppaPig: posts small blind $0.50
GuigaMan: posts big blind $1
kvcsszblcs: sits out 
*** HOLE CARDS ***
reiyser: raises $1.23 to $2.23
Iseedora joins the table at seat #5 
ImaPeppaPig: folds 
GuigaMan: folds 
Uncalled bet ($1.23) returned to reiyser
reiyser collected $2.50 from pot
reiyser: doesn't show hand 
*** SUMMARY ***
Total pot $2.50 | Rake $0 
Seat 2: kvcsszblcs
Seat 4: Trente666
Seat 1: GuigaMan (big blind) folded before Flop
Seat 3: reiyser (button) collected ($2.50)
Seat 6: ImaPeppaPig (small blind) folded before Flop



PokerStars Hand #254504923781:  Hold'em No Limit ($0.50/$1.00 USD) - 2025/01/22 20:53:26 WET [2025/01/22 15:53:26 ET]
Table 'Disa IV' 6-max Seat #6 is the button
Seat 5: Iseedora ($100 in chips) is sitting out
Seat 1: GuigaMan ($100 in chips) 
Seat 2: kvcsszblcs ($102.72 in chips) 
Seat 3: reiyser ($149.41 in chips) 
Seat 4: Trente666 ($26.31 in chips) 
Seat 6: ImaPeppaPig ($152.62 in chips) 
GuigaMan: posts small blind $0.50
kvcsszblcs: posts big blind $1
Trente666: posts small & big blinds $1.50
Iseedora: sits out 
*** HOLE CARDS ***
reiyser: raises $3 to $4
Trente666: folds 
ImaPeppaPig: folds 
GuigaMan: folds 
kvcsszblcs: folds 
Uncalled bet ($3) returned to reiyser
reiyser collected $4 from pot
reiyser: doesn't show hand 
*** SUMMARY ***
Total pot $4 | Rake $0 
Seat 5: Iseedora
Seat 1: GuigaMan (small blind) folded before Flop
Seat 2: kvcsszblcs (big blind) folded before Flop
Seat 3: reiyser collected ($4)
Seat 4: Trente666 folded before Flop (didn't bet)
Seat 6: ImaPeppaPig (button) folded before Flop (didn't bet)



PokerStars Hand #254504928798:  Hold'em No Limit ($0.50/$1.00 USD) - 2025/01/22 20:53:43 WET [2025/01/22 15:53:43 ET]
Table 'Disa IV' 6-max Seat #1 is the button
Seat 5: Iseedora ($100 in chips) is sitting out
Seat 1: GuigaMan ($100 in chips) 
Seat 2: kvcsszblcs ($101.72 in chips) 
Seat 3: reiyser ($152.41 in chips) 
Seat 4: Trente666 ($24.81 in chips) 
Seat 6: ImaPeppaPig ($152.62 in chips) 
kvcsszblcs: posts small blind $0.50
reiyser: posts big blind $1
Iseedora: sits out 
*** HOLE CARDS ***
Trente666: folds 
ImaPeppaPig: raises $1.50 to $2.50
GuigaMan: folds 
kvcsszblcs: folds 
reiyser: folds 
Uncalled bet ($1.50) returned to ImaPeppaPig
ImaPeppaPig collected $2.50 from pot
ImaPeppaPig: doesn't show hand 
*** SUMMARY ***
Total pot $2.50 | Rake $0 
Seat 5: Iseedora
Seat 1: GuigaMan (button) folded before Flop (didn't bet)
Seat 2: kvcsszblcs (small blind) folded before Flop
Seat 3: reiyser (big blind) folded before Flop
Seat 4: Trente666 folded before Flop (didn't bet)
Seat 6: ImaPeppaPig collected ($2.50)



PokerStars Hand #254504933093:  Hold'em No Limit ($0.50/$1.00 USD) - 2025/01/22 20:53:57 WET [2025/01/22 15:53:57 ET]
Table 'Disa IV' 6-max Seat #2 is the button
Seat 5: Iseedora ($100 in chips) is sitting out
Seat 1: GuigaMan ($100 in chips) 
Seat 2: kvcsszblcs ($101.22 in chips) 
Seat 3: reiyser ($151.41 in chips) 
Seat 4: Trente666 ($24.81 in chips) 
Seat 6: ImaPeppaPig ($154.12 in chips) 
reiyser: posts small blind $0.50
Trente666: posts big blind $1
Iseedora: sits out 
*** HOLE CARDS ***
ImaPeppaPig: folds 
GuigaMan: folds 
kvcsszblcs: raises $1.25 to $2.25
reiyser: folds 
Trente666: raises $7 to $9.25
kvcsszblcs: folds 
Uncalled bet ($7) returned to Trente666
Trente666 collected $5 from pot
*** SUMMARY ***
Total pot $5 | Rake $0 
Seat 5: Iseedora
Seat 1: GuigaMan folded before Flop (didn't bet)
Seat 2: kvcsszblcs (button) folded before Flop
Seat 3: reiyser (small blind) folded before Flop
Seat 4: Trente666 (big blind) collected ($5)
Seat 6: ImaPeppaPig folded before Flop (didn't bet)



PokerStars Hand #254504942108:  Hold'em No Limit ($0.50/$1.00 USD) - 2025/01/22 20:54:28 WET [2025/01/22 15:54:28 ET]
Table 'Disa IV' 6-max Seat #3 is the button
Seat 1: GuigaMan ($100 in chips) 
Seat 2: kvcsszblcs ($100 in chips) 
Seat 3: reiyser ($150.91 in chips) 
Seat 4: Trente666 ($27.56 in chips) 
Seat 5: Iseedora ($100 in chips) 
Seat 6: ImaPeppaPig ($154.12 in chips) 
Trente666: posts small blind $0.50
Iseedora: posts big blind $1
*** HOLE CARDS ***
ImaPeppaPig: folds 
GuigaMan: raises $1.20 to $2.20
kvcsszblcs: folds 
reiyser: folds 
Trente666: folds 
Iseedora: folds 
Uncalled bet ($1.20) returned to GuigaMan
GuigaMan collected $2.50 from pot
*** SUMMARY ***
Total pot $2.50 | Rake $0 
Seat 1: GuigaMan collected ($2.50)
Seat 2: kvcsszblcs folded before Flop (didn't bet)
Seat 3: reiyser (button) folded before Flop (didn't bet)
Seat 4: Trente666 (small blind) folded before Flop
Seat 5: Iseedora (big blind) folded before Flop
Seat 6: ImaPeppaPig folded before Flop (didn't bet)



PokerStars Hand #254504946215:  Hold'em No Limit ($0.50/$1.00 USD) - 2025/01/22 20:54:41 WET [2025/01/22 15:54:41 ET]
Table 'Disa IV' 6-max Seat #4 is the button
Seat 1: GuigaMan ($101.50 in chips) 
Seat 2: kvcsszblcs ($100 in chips) 
Seat 3: reiyser ($150.91 in chips) 
Seat 4: Trente666 ($27.06 in chips) 
Seat 5: Iseedora ($100 in chips) 
Seat 6: ImaPeppaPig ($154.12 in chips) 
Iseedora: posts small blind $0.50
ImaPeppaPig: posts big blind $1
*** HOLE CARDS ***
GuigaMan: folds 
kvcsszblcs: raises $1 to $2
reiyser: folds 
Trente666: folds 
Iseedora: folds 
ImaPeppaPig: calls $1
*** FLOP *** [3h Qh 6s]
ImaPeppaPig: checks 
kvcsszblcs: checks 
*** TURN *** [3h Qh 6s] [8h]
ImaPeppaPig: checks 
kvcsszblcs: bets $2.14
ImaPeppaPig: calls $2.14
*** RIVER *** [3h Qh 6s 8h] [7h]
ImaPeppaPig: checks 
kvcsszblcs: checks 
*** SHOW DOWN ***
ImaPeppaPig: shows [Qd 2d] (a pair of Queens)
kvcsszblcs: mucks hand 
ImaPeppaPig collected $8.34 from pot
*** SUMMARY ***
Total pot $8.78 | Rake $0.44 
Board [3h Qh 6s 8h 7h]
Seat 1: GuigaMan folded before Flop (didn't bet)
Seat 2: kvcsszblcs mucked
Seat 3: reiyser folded before Flop (didn't bet)
Seat 4: Trente666 (button) folded before Flop (didn't bet)
Seat 5: Iseedora (small blind) folded before Flop
Seat 6: ImaPeppaPig (big blind) showed [Qd 2d] and won ($8.34) with a pair of Queens



PokerStars Hand #254504960469:  Hold'em No Limit ($0.50/$1.00 USD) - 2025/01/22 20:55:35 WET [2025/01/22 15:55:35 ET]
Table 'Disa IV' 6-max Seat #5 is the button
Seat 1: GuigaMan ($101.50 in chips) 
Seat 2: kvcsszblcs ($100 in chips) 
Seat 3: reiyser ($150.91 in chips) 
Seat 4: Trente666 ($27.06 in chips) 
Seat 5: Iseedora ($100 in chips) 
Seat 6: ImaPeppaPig ($158.32 in chips) 
ImaPeppaPig: posts small blind $0.50
GuigaMan: posts big blind $1
*** HOLE CARDS ***
kvcsszblcs: raises $1 to $2
reiyser: folds 
Trente666: folds 
Iseedora: folds 
ImaPeppaPig: folds 
GuigaMan: folds 
Uncalled bet ($1) returned to kvcsszblcs
kvcsszblcs collected $2.50 from pot
kvcsszblcs: doesn't show hand 
*** SUMMARY ***
Total pot $2.50 | Rake $0 
Seat 1: GuigaMan (big blind) folded before Flop
Seat 2: kvcsszblcs collected ($2.50)
Seat 3: reiyser folded before Flop (didn't bet)
Seat 4: Trente666 folded before Flop (didn't bet)
Seat 5: Iseedora (button) folded before Flop (didn't bet)
Seat 6: ImaPeppaPig (small blind) folded before Flop



PokerStars Hand #254504965545:  Hold'em No Limit ($0.50/$1.00 USD) - 2025/01/22 20:55:58 WET [2025/01/22 15:55:58 ET]
Table 'Disa IV' 6-max Seat #6 is the button
Seat 1: GuigaMan ($100.50 in chips) 
Seat 2: kvcsszblcs ($101.50 in chips) 
Seat 3: reiyser ($150.91 in chips) 
Seat 4: Trente666 ($27.06 in chips) 
Seat 5: Iseedora ($100 in chips) 
Seat 6: ImaPeppaPig ($157.82 in chips) 
GuigaMan: posts small blind $0.50
kvcsszblcs: posts big blind $1
*** HOLE CARDS ***
reiyser: folds 
Trente666: folds 
Iseedora: folds 
ImaPeppaPig: folds 
GuigaMan: raises $2 to $3
kvcsszblcs: raises $7 to $10
GuigaMan: folds 
Uncalled bet ($7) returned to kvcsszblcs
kvcsszblcs collected $6 from pot
kvcsszblcs: doesn't show hand 
*** SUMMARY ***
Total pot $6 | Rake $0 
Seat 1: GuigaMan (small blind) folded before Flop
Seat 2: kvcsszblcs (big blind) collected ($6)
Seat 3: reiyser folded before Flop (didn't bet)
Seat 4: Trente666 folded before Flop (didn't bet)
Seat 5: Iseedora folded before Flop (didn't bet)
Seat 6: ImaPeppaPig (button) folded before Flop (didn't bet)



PokerStars Hand #254504969629:  Hold'em No Limit ($0.50/$1.00 USD) - 2025/01/22 20:56:17 WET [2025/01/22 15:56:17 ET]
Table 'Disa IV' 6-max Seat #1 is the button
Seat 1: GuigaMan ($100 in chips) 
Seat 2: kvcsszblcs ($104.50 in chips) 
Seat 3: reiyser ($150.91 in chips) 
Seat 4: Trente666 ($27.06 in chips) 
Seat 5: Iseedora ($100 in chips) 
Seat 6: ImaPeppaPig ($157.82 in chips) 
kvcsszblcs: posts small blind $0.50
reiyser: posts big blind $1
*** HOLE CARDS ***
Trente666: folds 
Iseedora: raises $1.20 to $2.20
ImaPeppaPig: folds 
GuigaMan: raises $4.80 to $7
kvcsszblcs: folds 
reiyser: folds 
Iseedora: calls $4.80
*** FLOP *** [7s 9h Js]
Iseedora: checks 
GuigaMan: checks 
*** TURN *** [7s 9h Js] [Th]
Iseedora: checks 
GuigaMan: checks 
*** RIVER *** [7s 9h Js Th] [2d]
Iseedora: checks 
GuigaMan: bets $11.04
Iseedora: folds 
Uncalled bet ($11.04) returned to GuigaMan
GuigaMan collected $14.72 from pot
*** SUMMARY ***
Total pot $15.50 | Rake $0.78 
Board [7s 9h Js Th 2d]
Seat 1: GuigaMan (button) collected ($14.72)
Seat 2: kvcsszblcs (small blind) folded before Flop
Seat 3: reiyser (big blind) folded before Flop
Seat 4: Trente666 folded before Flop (didn't bet)
Seat 5: Iseedora folded on the River
Seat 6: ImaPeppaPig folded before Flop (didn't bet)



PokerStars Hand #254504986966:  Hold'em No Limit ($0.50/$1.00 USD) - 2025/01/22 20:57:36 WET [2025/01/22 15:57:36 ET]
Table 'Disa IV' 6-max Seat #2 is the button
Seat 1: GuigaMan ($107.72 in chips) 
Seat 2: kvcsszblcs ($104 in chips) 
Seat 3: reiyser ($149.91 in chips) 
Seat 4: Trente666 ($27.06 in chips) 
Seat 5: Iseedora ($100 in chips) 
Seat 6: ImaPeppaPig ($157.82 in chips) 
reiyser: posts small blind $0.50
Trente666: posts big blind $1
*** HOLE CARDS ***
Iseedora: folds 
ImaPeppaPig: raises $1.50 to $2.50
GuigaMan: folds 
kvcsszblcs: folds 
reiyser: folds 
Trente666: calls $1.50
*** FLOP *** [8c 7c 6c]
Trente666: checks 
ImaPeppaPig: checks 
*** TURN *** [8c 7c 6c] [Kh]
Trente666: bets $5.22
ImaPeppaPig: raises $23.78 to $29
Trente666: calls $19.34 and is all-in
Uncalled bet ($4.44) returned to ImaPeppaPig
*** RIVER *** [8c 7c 6c Kh] [5d]
*** SHOW DOWN ***
Trente666: shows [6s 7d] (two pair, Sevens and Sixes)
ImaPeppaPig: shows [As Ah] (a pair of Aces)
Trente666 collected $52.12 from pot
*** SUMMARY ***
Total pot $54.62 | Rake $2.50 
Board [8c 7c 6c Kh 5d]
Seat 1: GuigaMan folded before Flop (didn't bet)
Seat 2: kvcsszblcs (button) folded before Flop (didn't bet)
Seat 3: reiyser (small blind) folded before Flop
Seat 4: Trente666 (big blind) showed [6s 7d] and won ($52.12) with two pair, Sevens and Sixes
Seat 5: Iseedora folded before Flop (didn't bet)
Seat 6: ImaPeppaPig showed [As Ah] and lost with a pair of Aces



PokerStars Hand #254504996581:  Hold'em No Limit ($0.50/$1.00 USD) - 2025/01/22 20:58:19 WET [2025/01/22 15:58:19 ET]
Table 'Disa IV' 6-max Seat #3 is the button
Seat 1: GuigaMan ($107.72 in chips) 
Seat 2: kvcsszblcs ($104 in chips) 
Seat 3: reiyser ($149.41 in chips) 
Seat 4: Trente666 ($52.12 in chips) 
Seat 5: Iseedora ($100 in chips) 
Seat 6: ImaPeppaPig ($130.76 in chips) 
Trente666: posts small blind $0.50
Iseedora: posts big blind $1
*** HOLE CARDS ***
ImaPeppaPig: folds 
GuigaMan: folds 
kvcsszblcs: folds 
reiyser: raises $1.23 to $2.23
Trente666: calls $1.73
Iseedora: folds 
*** FLOP *** [6h 5d 7c]
Trente666: checks 
reiyser: checks 
*** TURN *** [6h 5d 7c] [Jh]
Trente666: checks 
reiyser: checks 
*** RIVER *** [6h 5d 7c Jh] [5h]
Trente666: checks 
reiyser: bets $2.70
Trente666: folds 
Uncalled bet ($2.70) returned to reiyser
reiyser collected $5.19 from pot
reiyser: doesn't show hand 
*** SUMMARY ***
Total pot $5.46 | Rake $0.27 
Board [6h 5d 7c Jh 5h]
Seat 1: GuigaMan folded before Flop (didn't bet)
Seat 2: kvcsszblcs folded before Flop (didn't bet)
Seat 3: reiyser (button) collected ($5.19)
Seat 4: Trente666 (small blind) folded on the River
Seat 5: Iseedora (big blind) folded before Flop
Seat 6: ImaPeppaPig folded before Flop (didn't bet)



PokerStars Hand #254505011087:  Hold'em No Limit ($0.50/$1.00 USD) - 2025/01/22 20:59:24 WET [2025/01/22 15:59:24 ET]
Table 'Disa IV' 6-max Seat #4 is the button
Seat 1: GuigaMan ($107.72 in chips) 
Seat 2: kvcsszblcs ($104 in chips) 
Seat 3: reiyser ($152.37 in chips) 
Seat 4: Trente666 ($49.89 in chips) 
Seat 5: Iseedora ($100 in chips) 
Seat 6: ImaPeppaPig ($130.76 in chips) 
Iseedora: posts small blind $0.50
ImaPeppaPig: posts big blind $1
*** HOLE CARDS ***
GuigaMan: folds 
kvcsszblcs: folds 
reiyser: folds 
Trente666: calls $1
Iseedora: folds 
ImaPeppaPig: checks 
*** FLOP *** [Ad 7h Ks]
ImaPeppaPig: checks 
Trente666: checks 
*** TURN *** [Ad 7h Ks] [9c]
ImaPeppaPig: checks 
Trente666: checks 
*** RIVER *** [Ad 7h Ks 9c] [3h]
ImaPeppaPig: checks 
Trente666: checks 
*** SHOW DOWN ***
ImaPeppaPig: shows [9s Th] (a pair of Nines)
Trente666: mucks hand 
ImaPeppaPig collected $2.38 from pot
*** SUMMARY ***
Total pot $2.50 | Rake $0.12 
Board [Ad 7h Ks 9c 3h]
Seat 1: GuigaMan folded before Flop (didn't bet)
Seat 2: kvcsszblcs folded before Flop (didn't bet)
Seat 3: reiyser folded before Flop (didn't bet)
Seat 4: Trente666 (button) mucked
Seat 5: Iseedora (small blind) folded before Flop
Seat 6: ImaPeppaPig (big blind) showed [9s Th] and won ($2.38) with a pair of Nines



PokerStars Hand #254505017212:  Hold'em No Limit ($0.50/$1.00 USD) - 2025/01/22 20:59:52 WET [2025/01/22 15:59:52 ET]
Table 'Disa IV' 6-max Seat #5 is the button
Seat 4: Trente666 ($48.89 in chips) is sitting out
Seat 1: GuigaMan ($107.72 in chips) 
Seat 2: kvcsszblcs ($104 in chips) 
Seat 3: reiyser ($152.37 in chips) 
Seat 5: Iseedora ($100 in chips) 
Seat 6: ImaPeppaPig ($132.14 in chips) 
ImaPeppaPig: posts small blind $0.50
GuigaMan: posts big blind $1
*** HOLE CARDS ***
kvcsszblcs: folds 
reiyser: folds 
Iseedora: folds 
Trente666 leaves the table
ImaPeppaPig: raises $2 to $3
GuigaMan: folds 
Uncalled bet ($2) returned to ImaPeppaPig
ImaPeppaPig collected $2 from pot
ImaPeppaPig: doesn't show hand 
*** SUMMARY ***
Total pot $2 | Rake $0 
Seat 4: Trente666
Seat 1: GuigaMan (big blind) folded before Flop
Seat 2: kvcsszblcs folded before Flop (didn't bet)
Seat 3: reiyser folded before Flop (didn't bet)
Seat 5: Iseedora (button) folded before Flop (didn't bet)
Seat 6: ImaPeppaPig (small blind) collected ($2)



PokerStars Hand #254505020359:  Hold'em No Limit ($0.50/$1.00 USD) - 2025/01/22 21:00:06 WET [2025/01/22 16:00:06 ET]
Table 'Disa IV' 6-max Seat #6 is the button
Seat 1: GuigaMan ($106.72 in chips) 
Seat 2: kvcsszblcs ($104 in chips) 
Seat 3: reiyser ($152.37 in chips) 
Seat 5: Iseedora ($100 in chips) 
Seat 6: ImaPeppaPig ($133.14 in chips) 
GuigaMan: posts small blind $0.50
kvcsszblcs: posts big blind $1
*** HOLE CARDS ***
reiyser: folds 
Iseedora: folds 
ImaPeppaPig: folds 
GuigaMan: folds 
Uncalled bet ($0.50) returned to kvcsszblcs
kvcsszblcs collected $1 from pot
kvcsszblcs: doesn't show hand 
*** SUMMARY ***
Total pot $1 | Rake $0 
Seat 1: GuigaMan (small blind) folded before Flop
Seat 2: kvcsszblcs (big blind) collected ($1)
Seat 3: reiyser folded before Flop (didn't bet)
Seat 5: Iseedora folded before Flop (didn't bet)
Seat 6: ImaPeppaPig (button) folded before Flop (didn't bet)



PokerStars Hand #254505023458:  Hold'em No Limit ($0.50/$1.00 USD) - 2025/01/22 21:00:20 WET [2025/01/22 16:00:20 ET]
Table 'Disa IV' 6-max Seat #1 is the button
Seat 1: GuigaMan ($106.22 in chips) 
Seat 2: kvcsszblcs ($104.50 in chips) 
Seat 3: reiyser ($152.37 in chips) 
Seat 5: Iseedora ($100 in chips) 
Seat 6: ImaPeppaPig ($133.14 in chips) 
kvcsszblcs: posts small blind $0.50
reiyser: posts big blind $1
*** HOLE CARDS ***
Iseedora: folds 
ImaPeppaPig: raises $1.50 to $2.50
GuigaMan: folds 
kvcsszblcs: folds 
reiyser: folds 
Uncalled bet ($1.50) returned to ImaPeppaPig
ImaPeppaPig collected $2.50 from pot
ImaPeppaPig: doesn't show hand 
*** SUMMARY ***
Total pot $2.50 | Rake $0 
Seat 1: GuigaMan (button) folded before Flop (didn't bet)
Seat 2: kvcsszblcs (small blind) folded before Flop
Seat 3: reiyser (big blind) folded before Flop
Seat 5: Iseedora folded before Flop (didn't bet)
Seat 6: ImaPeppaPig collected ($2.50)



PokerStars Hand #254505026205:  Hold'em No Limit ($0.50/$1.00 USD) - 2025/01/22 21:00:33 WET [2025/01/22 16:00:33 ET]
Table 'Disa IV' 6-max Seat #2 is the button
Seat 1: GuigaMan ($106.22 in chips) 
Seat 2: kvcsszblcs ($104 in chips) 
Seat 3: reiyser ($151.37 in chips) 
Seat 5: Iseedora ($100 in chips) 
Seat 6: ImaPeppaPig ($134.64 in chips) 
reiyser: posts small blind $0.50
Iseedora: posts big blind $1
*** HOLE CARDS ***
ImaPeppaPig: folds 
GuigaMan: raises $1.50 to $2.50
kvcsszblcs: raises $5.50 to $8
reiyser: folds 
Iseedora: folds 
GuigaMan: folds 
Uncalled bet ($5.50) returned to kvcsszblcs
kvcsszblcs collected $6.50 from pot
kvcsszblcs: doesn't show hand 
*** SUMMARY ***
Total pot $6.50 | Rake $0 
Seat 1: GuigaMan folded before Flop
Seat 2: kvcsszblcs (button) collected ($6.50)
Seat 3: reiyser (small blind) folded before Flop
Seat 5: Iseedora (big blind) folded before Flop
Seat 6: ImaPeppaPig folded before Flop (didn't bet)



PokerStars Hand #254505032884:  Hold'em No Limit ($0.50/$1.00 USD) - 2025/01/22 21:01:00 WET [2025/01/22 16:01:00 ET]
Table 'Disa IV' 6-max Seat #3 is the button
Seat 6: ImaPeppaPig ($134.64 in chips) is sitting out
Seat 1: GuigaMan ($103.72 in chips) 
Seat 2: kvcsszblcs ($108 in chips) 
Seat 3: reiyser ($150.87 in chips) 
Seat 5: Iseedora ($100 in chips) 
Iseedora: posts small blind $0.50
ImaPeppaPig: is sitting out 
GuigaMan: posts big blind $1
*** HOLE CARDS ***
kvcsszblcs: folds 
reiyser: folds 
Iseedora: folds 
Uncalled bet ($0.50) returned to GuigaMan
GuigaMan collected $1 from pot
*** SUMMARY ***
Total pot $1 | Rake $0 
Seat 6: ImaPeppaPig
Seat 1: GuigaMan (big blind) collected ($1)
Seat 2: kvcsszblcs folded before Flop (didn't bet)
Seat 3: reiyser (button) folded before Flop (didn't bet)
Seat 5: Iseedora (small blind) folded before Flop



PokerStars Hand #254505035637:  Hold'em No Limit ($0.50/$1.00 USD) - 2025/01/22 21:01:11 WET [2025/01/22 16:01:11 ET]
Table 'Disa IV' 6-max Seat #5 is the button
Seat 2: kvcsszblcs ($108 in chips) is sitting out
Seat 6: ImaPeppaPig ($134.64 in chips) is sitting out
Seat 1: GuigaMan ($104.22 in chips) 
Seat 3: reiyser ($150.87 in chips) 
Seat 5: Iseedora ($100 in chips) 
GuigaMan: posts small blind $0.50
kvcsszblcs: is sitting out 
reiyser: posts big blind $1
*** HOLE CARDS ***
kvcsszblcs leaves the table
Iseedora: folds 
GuigaMan: folds 
Uncalled bet ($0.50) returned to reiyser
ImaPeppaPig leaves the table
reiyser collected $1 from pot
reiyser: doesn't show hand 
*** SUMMARY ***
Total pot $1 | Rake $0 
Seat 2: kvcsszblcs
Seat 6: ImaPeppaPig
Seat 1: GuigaMan (small blind) folded before Flop
Seat 3: reiyser (big blind) collected ($1)
Seat 5: Iseedora (button) folded before Flop (didn't bet)



PokerStars Hand #254505039618:  Hold'em No Limit ($0.50/$1.00 USD) - 2025/01/22 21:01:26 WET [2025/01/22 16:01:26 ET]
Table 'Disa IV' 6-max Seat #3 is the button
Seat 5: Iseedora ($100 in chips) is sitting out
Seat 1: GuigaMan ($103.72 in chips) 
Seat 3: reiyser ($151.37 in chips) 
reiyser: posts small blind $0.50
Iseedora: is sitting out 
GuigaMan: posts big blind $1
*** HOLE CARDS ***
reiyser: raises $1.50 to $2.50
GuigaMan: folds 
Uncalled bet ($1.50) returned to reiyser
reiyser collected $2 from pot
reiyser: doesn't show hand 
*** SUMMARY ***
Total pot $2 | Rake $0 
Seat 5: Iseedora
Seat 1: GuigaMan (big blind) folded before Flop
Seat 3: reiyser (button) (small blind) collected ($2)



