PokerStars Hand #254498248769:  Hold'em No Limit ($0.50/$1.00 USD) - 2025/01/22 13:31:49 WET [2025/01/22 8:31:49 ET]
Table 'Leonisis II' 6-max Seat #3 is the button
Seat 2: Joe_Li7 ($100 in chips) is sitting out
Seat 6: SGodoyJr ($100 in chips) is sitting out
Seat 1: Rysiff ($210 in chips) 
Seat 3: Rdalonso ($100 in chips) 
Seat 4: i_leontios ($93 in chips) 
Seat 5: joaquin612 ($100 in chips) 
i_leontios: posts small blind $0.50
joaquin612: posts big blind $1
SGodoyJr: sits out 
Joe_Li7: sits out 
*** HOLE CARDS ***
Rysiff: folds 
Rdalonso: raises $1.50 to $2.50
i_leontios: calls $2
joaquin612: folds 
*** FLOP *** [8s Ah 5d]
i_leontios: checks 
Rdalonso: bets $1.88
i_leontios: calls $1.88
*** TURN *** [8s Ah 5d] [7h]
i_leontios: checks 
Rdalonso: bets $6.95
i_leontios: calls $6.95
*** RIVER *** [8s Ah 5d 7h] [9h]
i_leontios: checks 
Rdalonso: checks 
*** SHOW DOWN ***
i_leontios: shows [4c 7c] (a pair of Sevens)
Rdalonso: shows [Ks 9d] (a pair of Nines)
Rdalonso collected $22.66 from pot
*** SUMMARY ***
Total pot $23.66 | Rake $1 
Board [8s Ah 5d 7h 9h]
Seat 2: Joe_Li7
Seat 6: SGodoyJr
Seat 1: Rysiff folded before Flop (didn't bet)
Seat 3: Rdalonso (button) showed [Ks 9d] and won ($22.66) with a pair of Nines
Seat 4: i_leontios (small blind) showed [4c 7c] and lost with a pair of Sevens
Seat 5: joaquin612 (big blind) folded before Flop



PokerStars Hand #254498255344:  Hold'em No Limit ($0.50/$1.00 USD) - 2025/01/22 13:32:28 WET [2025/01/22 8:32:28 ET]
Table 'Leonisis II' 6-max Seat #4 is the button
Seat 2: Joe_Li7 ($100 in chips) is sitting out
Seat 1: Rysiff ($210 in chips) 
Seat 3: Rdalonso ($111.33 in chips) 
Seat 4: i_leontios ($81.67 in chips) 
Seat 5: joaquin612 ($100 in chips) 
Seat 6: SGodoyJr ($100 in chips) 
joaquin612: posts small blind $0.50
SGodoyJr: posts big blind $1
Joe_Li7: sits out 
*** HOLE CARDS ***
Rysiff: folds 
Rdalonso: folds 
i_leontios: folds 
joaquin612: folds 
Uncalled bet ($0.50) returned to SGodoyJr
SGodoyJr collected $1 from pot
SGodoyJr: doesn't show hand 
*** SUMMARY ***
Total pot $1 | Rake $0 
Seat 2: Joe_Li7
Seat 1: Rysiff folded before Flop (didn't bet)
Seat 3: Rdalonso folded before Flop (didn't bet)
Seat 4: i_leontios (button) folded before Flop (didn't bet)
Seat 5: joaquin612 (small blind) folded before Flop
Seat 6: SGodoyJr (big blind) collected ($1)



PokerStars Hand #254498257071:  Hold'em No Limit ($0.50/$1.00 USD) - 2025/01/22 13:32:38 WET [2025/01/22 8:32:38 ET]
Table 'Leonisis II' 6-max Seat #5 is the button
Seat 2: Joe_Li7 ($100 in chips) is sitting out
Seat 1: Rysiff ($210 in chips) 
Seat 3: Rdalonso ($111.33 in chips) 
Seat 4: i_leontios ($81.67 in chips) 
Seat 5: joaquin612 ($100 in chips) 
Seat 6: SGodoyJr ($100.50 in chips) 
SGodoyJr: posts small blind $0.50
Rysiff: posts big blind $1
Joe_Li7: sits out 
*** HOLE CARDS ***
Rdalonso: folds 
i_leontios: folds 
joaquin612: raises $1.50 to $2.50
SGodoyJr: folds 
Rysiff: folds 
Uncalled bet ($1.50) returned to joaquin612
joaquin612 collected $2.50 from pot
joaquin612: doesn't show hand 
*** SUMMARY ***
Total pot $2.50 | Rake $0 
Seat 2: Joe_Li7
Seat 1: Rysiff (big blind) folded before Flop
Seat 3: Rdalonso folded before Flop (didn't bet)
Seat 4: i_leontios folded before Flop (didn't bet)
Seat 5: joaquin612 (button) collected ($2.50)
Seat 6: SGodoyJr (small blind) folded before Flop



PokerStars Hand #254498260760:  Hold'em No Limit ($0.50/$1.00 USD) - 2025/01/22 13:33:00 WET [2025/01/22 8:33:00 ET]
Table 'Leonisis II' 6-max Seat #6 is the button
Seat 1: Rysiff ($209 in chips) 
Seat 2: Joe_Li7 ($100 in chips) 
Seat 3: Rdalonso ($111.33 in chips) 
Seat 4: i_leontios ($81.67 in chips) 
Seat 5: joaquin612 ($101.50 in chips) 
Seat 6: SGodoyJr ($100 in chips) 
Rysiff: posts small blind $0.50
Joe_Li7: posts big blind $1
*** HOLE CARDS ***
Rdalonso: folds 
i_leontios: folds 
joaquin612: folds 
SGodoyJr: folds 
Rysiff: raises $2 to $3
Joe_Li7: raises $6 to $9
Rysiff: raises $13 to $22
Joe_Li7: raises $78 to $100 and is all-in
Rysiff: folds 
Uncalled bet ($78) returned to Joe_Li7
Joe_Li7 collected $44 from pot
*** SUMMARY ***
Total pot $44 | Rake $0 
Seat 1: Rysiff (small blind) folded before Flop
Seat 2: Joe_Li7 (big blind) collected ($44)
Seat 3: Rdalonso folded before Flop (didn't bet)
Seat 4: i_leontios folded before Flop (didn't bet)
Seat 5: joaquin612 folded before Flop (didn't bet)
Seat 6: SGodoyJr (button) folded before Flop (didn't bet)



PokerStars Hand #254498269916:  Hold'em No Limit ($0.50/$1.00 USD) - 2025/01/22 13:33:54 WET [2025/01/22 8:33:54 ET]
Table 'Leonisis II' 6-max Seat #1 is the button
Seat 1: Rysiff ($187 in chips) 
Seat 2: Joe_Li7 ($122 in chips) 
Seat 3: Rdalonso ($111.33 in chips) 
Seat 4: i_leontios ($81.67 in chips) 
Seat 5: joaquin612 ($101.50 in chips) 
Seat 6: SGodoyJr ($100 in chips) 
Joe_Li7: posts small blind $0.50
Rdalonso: posts big blind $1
*** HOLE CARDS ***
i_leontios: raises $2 to $3
joaquin612: folds 
SGodoyJr: folds 
Rysiff: folds 
Joe_Li7: folds 
Rdalonso: folds 
Uncalled bet ($2) returned to i_leontios
i_leontios collected $2.50 from pot
*** SUMMARY ***
Total pot $2.50 | Rake $0 
Seat 1: Rysiff (button) folded before Flop (didn't bet)
Seat 2: Joe_Li7 (small blind) folded before Flop
Seat 3: Rdalonso (big blind) folded before Flop
Seat 4: i_leontios collected ($2.50)
Seat 5: joaquin612 folded before Flop (didn't bet)
Seat 6: SGodoyJr folded before Flop (didn't bet)



PokerStars Hand #254498271898:  Hold'em No Limit ($0.50/$1.00 USD) - 2025/01/22 13:34:06 WET [2025/01/22 8:34:06 ET]
Table 'Leonisis II' 6-max Seat #2 is the button
Seat 1: Rysiff ($187 in chips) 
Seat 2: Joe_Li7 ($121.50 in chips) 
Seat 3: Rdalonso ($110.33 in chips) 
Seat 4: i_leontios ($83.17 in chips) 
Seat 5: joaquin612 ($101.50 in chips) 
Seat 6: SGodoyJr ($100 in chips) 
Rdalonso: posts small blind $0.50
i_leontios: posts big blind $1
*** HOLE CARDS ***
joaquin612: folds 
SGodoyJr: folds 
Rysiff: folds 
Joe_Li7: raises $1.50 to $2.50
Rdalonso: folds 
i_leontios: raises $5.50 to $8
Joe_Li7: folds 
Uncalled bet ($5.50) returned to i_leontios
i_leontios collected $5.50 from pot
i_leontios: doesn't show hand 
*** SUMMARY ***
Total pot $5.50 | Rake $0 
Seat 1: Rysiff folded before Flop (didn't bet)
Seat 2: Joe_Li7 (button) folded before Flop
Seat 3: Rdalonso (small blind) folded before Flop
Seat 4: i_leontios (big blind) collected ($5.50)
Seat 5: joaquin612 folded before Flop (didn't bet)
Seat 6: SGodoyJr folded before Flop (didn't bet)



PokerStars Hand #254498274474:  Hold'em No Limit ($0.50/$1.00 USD) - 2025/01/22 13:34:20 WET [2025/01/22 8:34:20 ET]
Table 'Leonisis II' 6-max Seat #3 is the button
Seat 1: Rysiff ($187 in chips) 
Seat 2: Joe_Li7 ($119 in chips) 
Seat 3: Rdalonso ($109.83 in chips) 
Seat 4: i_leontios ($86.17 in chips) 
Seat 5: joaquin612 ($101.50 in chips) 
Seat 6: SGodoyJr ($100 in chips) 
i_leontios: posts small blind $0.50
joaquin612: posts big blind $1
*** HOLE CARDS ***
SGodoyJr: folds 
Rysiff: folds 
Joe_Li7: folds 
Rdalonso: folds 
i_leontios: calls $0.50
joaquin612: checks 
*** FLOP *** [As Js Kd]
i_leontios: checks 
joaquin612: checks 
*** TURN *** [As Js Kd] [Qc]
i_leontios: bets $1
joaquin612: calls $1
*** RIVER *** [As Js Kd Qc] [9c]
i_leontios: checks 
joaquin612: bets $3
i_leontios: calls $3
*** SHOW DOWN ***
joaquin612: shows [6s Th] (a straight, Ten to Ace)
i_leontios: mucks hand 
joaquin612 collected $9.50 from pot
*** SUMMARY ***
Total pot $10 | Rake $0.50 
Board [As Js Kd Qc 9c]
Seat 1: Rysiff folded before Flop (didn't bet)
Seat 2: Joe_Li7 folded before Flop (didn't bet)
Seat 3: Rdalonso (button) folded before Flop (didn't bet)
Seat 4: i_leontios (small blind) mucked
Seat 5: joaquin612 (big blind) showed [6s Th] and won ($9.50) with a straight, Ten to Ace
Seat 6: SGodoyJr folded before Flop (didn't bet)



PokerStars Hand #254498279438:  Hold'em No Limit ($0.50/$1.00 USD) - 2025/01/22 13:34:49 WET [2025/01/22 8:34:49 ET]
Table 'Leonisis II' 6-max Seat #4 is the button
Seat 1: Rysiff ($187 in chips) 
Seat 2: Joe_Li7 ($119 in chips) 
Seat 3: Rdalonso ($109.83 in chips) 
Seat 4: i_leontios ($81.17 in chips) 
Seat 5: joaquin612 ($106 in chips) 
Seat 6: SGodoyJr ($100 in chips) 
joaquin612: posts small blind $0.50
SGodoyJr: posts big blind $1
*** HOLE CARDS ***
Rysiff: raises $1.50 to $2.50
Joe_Li7: folds 
Rdalonso: folds 
i_leontios: calls $2.50
joaquin612: folds 
SGodoyJr: folds 
*** FLOP *** [3d 7h 2s]
Rysiff: bets $5
i_leontios: folds 
Uncalled bet ($5) returned to Rysiff
Rysiff collected $6.18 from pot
Rysiff: doesn't show hand 
*** SUMMARY ***
Total pot $6.50 | Rake $0.32 
Board [3d 7h 2s]
Seat 1: Rysiff collected ($6.18)
Seat 2: Joe_Li7 folded before Flop (didn't bet)
Seat 3: Rdalonso folded before Flop (didn't bet)
Seat 4: i_leontios (button) folded on the Flop
Seat 5: joaquin612 (small blind) folded before Flop
Seat 6: SGodoyJr (big blind) folded before Flop



PokerStars Hand #254498284888:  Hold'em No Limit ($0.50/$1.00 USD) - 2025/01/22 13:35:20 WET [2025/01/22 8:35:20 ET]
Table 'Leonisis II' 6-max Seat #5 is the button
Seat 1: Rysiff ($190.68 in chips) 
Seat 2: Joe_Li7 ($119 in chips) 
Seat 3: Rdalonso ($109.83 in chips) 
Seat 4: i_leontios ($78.67 in chips) 
Seat 5: joaquin612 ($105.50 in chips) 
Seat 6: SGodoyJr ($100 in chips) 
SGodoyJr: posts small blind $0.50
Rysiff: posts big blind $1
*** HOLE CARDS ***
Joe_Li7: folds 
Rdalonso: folds 
i_leontios: folds 
joaquin612: raises $1.50 to $2.50
SGodoyJr: folds 
Rysiff: folds 
Uncalled bet ($1.50) returned to joaquin612
joaquin612 collected $2.50 from pot
joaquin612: doesn't show hand 
*** SUMMARY ***
Total pot $2.50 | Rake $0 
Seat 1: Rysiff (big blind) folded before Flop
Seat 2: Joe_Li7 folded before Flop (didn't bet)
Seat 3: Rdalonso folded before Flop (didn't bet)
Seat 4: i_leontios folded before Flop (didn't bet)
Seat 5: joaquin612 (button) collected ($2.50)
Seat 6: SGodoyJr (small blind) folded before Flop



PokerStars Hand #254498286545:  Hold'em No Limit ($0.50/$1.00 USD) - 2025/01/22 13:35:30 WET [2025/01/22 8:35:30 ET]
Table 'Leonisis II' 6-max Seat #6 is the button
Seat 1: Rysiff ($189.68 in chips) 
Seat 2: Joe_Li7 ($119 in chips) 
Seat 3: Rdalonso ($109.83 in chips) 
Seat 4: i_leontios ($78.67 in chips) 
Seat 5: joaquin612 ($107 in chips) 
Seat 6: SGodoyJr ($100 in chips) 
Rysiff: posts small blind $0.50
Joe_Li7: posts big blind $1
*** HOLE CARDS ***
Rdalonso: raises $1.50 to $2.50
i_leontios: calls $2.50
joaquin612: folds 
SGodoyJr: raises $6.50 to $9
Rysiff: folds 
Joe_Li7: folds 
Rdalonso: folds 
i_leontios: calls $6.50
*** FLOP *** [Jd 4s Js]
i_leontios: checks 
SGodoyJr: bets $5.23
i_leontios: folds 
Uncalled bet ($5.23) returned to SGodoyJr
SGodoyJr collected $20.90 from pot
SGodoyJr: doesn't show hand 
*** SUMMARY ***
Total pot $22 | Rake $1.10 
Board [Jd 4s Js]
Seat 1: Rysiff (small blind) folded before Flop
Seat 2: Joe_Li7 (big blind) folded before Flop
Seat 3: Rdalonso folded before Flop
Seat 4: i_leontios folded on the Flop
Seat 5: joaquin612 folded before Flop (didn't bet)
Seat 6: SGodoyJr (button) collected ($20.90)



PokerStars Hand #254498293448:  Hold'em No Limit ($0.50/$1.00 USD) - 2025/01/22 13:36:10 WET [2025/01/22 8:36:10 ET]
Table 'Leonisis II' 6-max Seat #1 is the button
Seat 1: Rysiff ($189.18 in chips) 
Seat 2: Joe_Li7 ($118 in chips) 
Seat 3: Rdalonso ($107.33 in chips) 
Seat 4: i_leontios ($69.67 in chips) 
Seat 5: joaquin612 ($107 in chips) 
Seat 6: SGodoyJr ($111.90 in chips) 
Joe_Li7: posts small blind $0.50
Rdalonso: posts big blind $1
*** HOLE CARDS ***
i_leontios: calls $1
joaquin612: folds 
SGodoyJr: raises $1 to $2
Rysiff: folds 
Joe_Li7: calls $1.50
Rdalonso: calls $1
i_leontios: raises $20 to $22
SGodoyJr: folds 
Joe_Li7: folds 
Rdalonso: folds 
Uncalled bet ($20) returned to i_leontios
i_leontios collected $8 from pot
*** SUMMARY ***
Total pot $8 | Rake $0 
Seat 1: Rysiff (button) folded before Flop (didn't bet)
Seat 2: Joe_Li7 (small blind) folded before Flop
Seat 3: Rdalonso (big blind) folded before Flop
Seat 4: i_leontios collected ($8)
Seat 5: joaquin612 folded before Flop (didn't bet)
Seat 6: SGodoyJr folded before Flop



PokerStars Hand #254498298652:  Hold'em No Limit ($0.50/$1.00 USD) - 2025/01/22 13:36:40 WET [2025/01/22 8:36:40 ET]
Table 'Leonisis II' 6-max Seat #2 is the button
Seat 1: Rysiff ($189.18 in chips) 
Seat 2: Joe_Li7 ($116 in chips) 
Seat 3: Rdalonso ($105.33 in chips) 
Seat 4: i_leontios ($75.67 in chips) 
Seat 5: joaquin612 ($107 in chips) 
Seat 6: SGodoyJr ($109.90 in chips) 
Rdalonso: posts small blind $0.50
i_leontios: posts big blind $1
*** HOLE CARDS ***
joaquin612: raises $1.50 to $2.50
SGodoyJr: folds 
Rysiff: folds 
Joe_Li7: folds 
Rdalonso: folds 
i_leontios: folds 
Uncalled bet ($1.50) returned to joaquin612
joaquin612 collected $2.50 from pot
joaquin612: doesn't show hand 
*** SUMMARY ***
Total pot $2.50 | Rake $0 
Seat 1: Rysiff folded before Flop (didn't bet)
Seat 2: Joe_Li7 (button) folded before Flop (didn't bet)
Seat 3: Rdalonso (small blind) folded before Flop
Seat 4: i_leontios (big blind) folded before Flop
Seat 5: joaquin612 collected ($2.50)
Seat 6: SGodoyJr folded before Flop (didn't bet)



PokerStars Hand #254498300764:  Hold'em No Limit ($0.50/$1.00 USD) - 2025/01/22 13:36:53 WET [2025/01/22 8:36:53 ET]
Table 'Leonisis II' 6-max Seat #3 is the button
Seat 1: Rysiff ($189.18 in chips) 
Seat 2: Joe_Li7 ($116 in chips) 
Seat 3: Rdalonso ($104.83 in chips) 
Seat 4: i_leontios ($74.67 in chips) 
Seat 5: joaquin612 ($108.50 in chips) 
Seat 6: SGodoyJr ($109.90 in chips) 
i_leontios: posts small blind $0.50
joaquin612: posts big blind $1
*** HOLE CARDS ***
SGodoyJr: folds 
Rysiff: folds 
Joe_Li7: folds 
Rdalonso: folds 
i_leontios: calls $0.50
joaquin612: checks 
*** FLOP *** [4s 7s 7d]
i_leontios: checks 
joaquin612: checks 
*** TURN *** [4s 7s 7d] [Th]
i_leontios: checks 
joaquin612: bets $1.05
i_leontios: calls $1.05
*** RIVER *** [4s 7s 7d Th] [Kd]
i_leontios: checks 
joaquin612: bets $1.95
i_leontios: calls $1.95
*** SHOW DOWN ***
joaquin612: shows [9c Qd] (a pair of Sevens)
i_leontios: shows [Td 9s] (two pair, Tens and Sevens)
i_leontios collected $7.60 from pot
*** SUMMARY ***
Total pot $8 | Rake $0.40 
Board [4s 7s 7d Th Kd]
Seat 1: Rysiff folded before Flop (didn't bet)
Seat 2: Joe_Li7 folded before Flop (didn't bet)
Seat 3: Rdalonso (button) folded before Flop (didn't bet)
Seat 4: i_leontios (small blind) showed [Td 9s] and won ($7.60) with two pair, Tens and Sevens
Seat 5: joaquin612 (big blind) showed [9c Qd] and lost with a pair of Sevens
Seat 6: SGodoyJr folded before Flop (didn't bet)



PokerStars Hand #254498308228:  Hold'em No Limit ($0.50/$1.00 USD) - 2025/01/22 13:37:35 WET [2025/01/22 8:37:35 ET]
Table 'Leonisis II' 6-max Seat #4 is the button
Seat 1: Rysiff ($189.18 in chips) 
Seat 2: Joe_Li7 ($116 in chips) 
Seat 3: Rdalonso ($104.83 in chips) 
Seat 4: i_leontios ($78.27 in chips) 
Seat 5: joaquin612 ($104.50 in chips) 
Seat 6: SGodoyJr ($109.90 in chips) 
joaquin612: posts small blind $0.50
SGodoyJr: posts big blind $1
*** HOLE CARDS ***
Rysiff: folds 
Joe_Li7: folds 
Rdalonso: raises $1.50 to $2.50
i_leontios: folds 
joaquin612: folds 
SGodoyJr: calls $1.50
*** FLOP *** [Th 7c 7h]
SGodoyJr: checks 
Rdalonso: checks 
*** TURN *** [Th 7c 7h] [7d]
SGodoyJr: bets $2.61
Rdalonso: calls $2.61
*** RIVER *** [Th 7c 7h 7d] [8h]
SGodoyJr: bets $12.22
Rdalonso: folds 
Uncalled bet ($12.22) returned to SGodoyJr
SGodoyJr collected $10.18 from pot
SGodoyJr: doesn't show hand 
*** SUMMARY ***
Total pot $10.72 | Rake $0.54 
Board [Th 7c 7h 7d 8h]
Seat 1: Rysiff folded before Flop (didn't bet)
Seat 2: Joe_Li7 folded before Flop (didn't bet)
Seat 3: Rdalonso folded on the River
Seat 4: i_leontios (button) folded before Flop (didn't bet)
Seat 5: joaquin612 (small blind) folded before Flop
Seat 6: SGodoyJr (big blind) collected ($10.18)



PokerStars Hand #254498321366:  Hold'em No Limit ($0.50/$1.00 USD) - 2025/01/22 13:38:51 WET [2025/01/22 8:38:51 ET]
Table 'Leonisis II' 6-max Seat #5 is the button
Seat 1: Rysiff ($189.18 in chips) 
Seat 2: Joe_Li7 ($116 in chips) 
Seat 3: Rdalonso ($100 in chips) 
Seat 4: i_leontios ($78.27 in chips) 
Seat 5: joaquin612 ($104 in chips) 
Seat 6: SGodoyJr ($114.97 in chips) 
SGodoyJr: posts small blind $0.50
Rysiff: posts big blind $1
*** HOLE CARDS ***
Joe_Li7: folds 
Rdalonso: folds 
i_leontios: folds 
joaquin612: raises $1.50 to $2.50
SGodoyJr: folds 
Rysiff: calls $1.50
*** FLOP *** [Jd Kd 5d]
Rysiff: checks 
joaquin612: bets $1
Rysiff: raises $4 to $5
joaquin612: folds 
Uncalled bet ($4) returned to Rysiff
Rysiff collected $7.12 from pot
Rysiff: doesn't show hand 
*** SUMMARY ***
Total pot $7.50 | Rake $0.38 
Board [Jd Kd 5d]
Seat 1: Rysiff (big blind) collected ($7.12)
Seat 2: Joe_Li7 folded before Flop (didn't bet)
Seat 3: Rdalonso folded before Flop (didn't bet)
Seat 4: i_leontios folded before Flop (didn't bet)
Seat 5: joaquin612 (button) folded on the Flop
Seat 6: SGodoyJr (small blind) folded before Flop



PokerStars Hand #254498326901:  Hold'em No Limit ($0.50/$1.00 USD) - 2025/01/22 13:39:22 WET [2025/01/22 8:39:22 ET]
Table 'Leonisis II' 6-max Seat #6 is the button
Seat 1: Rysiff ($192.80 in chips) 
Seat 2: Joe_Li7 ($116 in chips) 
Seat 3: Rdalonso ($100 in chips) 
Seat 4: i_leontios ($78.27 in chips) 
Seat 5: joaquin612 ($100.50 in chips) 
Seat 6: SGodoyJr ($114.47 in chips) 
Rysiff: posts small blind $0.50
Joe_Li7: posts big blind $1
*** HOLE CARDS ***
Rdalonso: folds 
i_leontios: raises $2 to $3
joaquin612: folds 
SGodoyJr: folds 
Rysiff: folds 
Joe_Li7: folds 
Uncalled bet ($2) returned to i_leontios
i_leontios collected $2.50 from pot
i_leontios: doesn't show hand 
*** SUMMARY ***
Total pot $2.50 | Rake $0 
Seat 1: Rysiff (small blind) folded before Flop
Seat 2: Joe_Li7 (big blind) folded before Flop
Seat 3: Rdalonso folded before Flop (didn't bet)
Seat 4: i_leontios collected ($2.50)
Seat 5: joaquin612 folded before Flop (didn't bet)
Seat 6: SGodoyJr (button) folded before Flop (didn't bet)



PokerStars Hand #254498328864:  Hold'em No Limit ($0.50/$1.00 USD) - 2025/01/22 13:39:34 WET [2025/01/22 8:39:34 ET]
Table 'Leonisis II' 6-max Seat #1 is the button
Seat 1: Rysiff ($192.30 in chips) 
Seat 2: Joe_Li7 ($115 in chips) 
Seat 3: Rdalonso ($100 in chips) 
Seat 4: i_leontios ($79.77 in chips) 
Seat 5: joaquin612 ($100.50 in chips) 
Seat 6: SGodoyJr ($114.47 in chips) 
Joe_Li7: posts small blind $0.50
Rdalonso: posts big blind $1
*** HOLE CARDS ***
i_leontios: folds 
joaquin612: raises $1.50 to $2.50
SGodoyJr: folds 
Rysiff: raises $4.50 to $7
Joe_Li7: folds 
Rdalonso: folds 
joaquin612: raises $13.50 to $20.50
Rysiff: calls $13.50
*** FLOP *** [Kc 3d 5s]
joaquin612: bets $14.50
Rysiff: folds 
Uncalled bet ($14.50) returned to joaquin612
joaquin612 collected $40.38 from pot
joaquin612: doesn't show hand 
*** SUMMARY ***
Total pot $42.50 | Rake $2.12 
Board [Kc 3d 5s]
Seat 1: Rysiff (button) folded on the Flop
Seat 2: Joe_Li7 (small blind) folded before Flop
Seat 3: Rdalonso (big blind) folded before Flop
Seat 4: i_leontios folded before Flop (didn't bet)
Seat 5: joaquin612 collected ($40.38)
Seat 6: SGodoyJr folded before Flop (didn't bet)



PokerStars Hand #254498334970:  Hold'em No Limit ($0.50/$1.00 USD) - 2025/01/22 13:40:09 WET [2025/01/22 8:40:09 ET]
Table 'Leonisis II' 6-max Seat #2 is the button
Seat 1: Rysiff ($171.80 in chips) 
Seat 2: Joe_Li7 ($114.50 in chips) 
Seat 3: Rdalonso ($100 in chips) 
Seat 4: i_leontios ($79.77 in chips) 
Seat 5: joaquin612 ($120.38 in chips) 
Seat 6: SGodoyJr ($114.47 in chips) 
Rdalonso: posts small blind $0.50
i_leontios: posts big blind $1
*** HOLE CARDS ***
joaquin612: folds 
joaquin612 leaves the table
SGodoyJr: folds 
Rysiff: raises $1.50 to $2.50
Joe_Li7: folds 
Rdalonso: folds 
i_leontios: calls $1.50
*** FLOP *** [6c Jh 6h]
i_leontios: checks 
Rysiff: bets $1.72
i_leontios: calls $1.72
*** TURN *** [6c Jh 6h] [Qh]
i_leontios: checks 
Rysiff: checks 
*** RIVER *** [6c Jh 6h Qh] [8c]
mr rossie40 joins the table at seat #5 
mr rossie40 is disconnected 
i_leontios: bets $6.25
Rysiff: calls $6.25
*** SHOW DOWN ***
i_leontios: shows [2h 9h] (a flush, Queen high)
Rysiff: mucks hand 
i_leontios collected $20.37 from pot
*** SUMMARY ***
Total pot $21.44 | Rake $1.07 
Board [6c Jh 6h Qh 8c]
Seat 1: Rysiff mucked
Seat 2: Joe_Li7 (button) folded before Flop (didn't bet)
Seat 3: Rdalonso (small blind) folded before Flop
Seat 4: i_leontios (big blind) showed [2h 9h] and won ($20.37) with a flush, Queen high
Seat 5: joaquin612 folded before Flop (didn't bet)
Seat 6: SGodoyJr folded before Flop (didn't bet)



PokerStars Hand #254498340212:  Hold'em No Limit ($0.50/$1.00 USD) - 2025/01/22 13:40:39 WET [2025/01/22 8:40:39 ET]
Table 'Leonisis II' 6-max Seat #3 is the button
Seat 1: Rysiff ($161.33 in chips) 
Seat 2: Joe_Li7 ($114.50 in chips) 
Seat 3: Rdalonso ($100 in chips) 
Seat 4: i_leontios ($89.67 in chips) 
Seat 5: mr rossie40 ($49.87 in chips) 
Seat 6: SGodoyJr ($114.47 in chips) 
i_leontios: posts small blind $0.50
mr rossie40: posts big blind $1
*** HOLE CARDS ***
SGodoyJr: folds 
Rysiff: folds 
Joe_Li7: folds 
Rdalonso: folds 
i_leontios: folds 
Uncalled bet ($0.50) returned to mr rossie40
mr rossie40 collected $1 from pot
*** SUMMARY ***
Total pot $1 | Rake $0 
Seat 1: Rysiff folded before Flop (didn't bet)
Seat 2: Joe_Li7 folded before Flop (didn't bet)
Seat 3: Rdalonso (button) folded before Flop (didn't bet)
Seat 4: i_leontios (small blind) folded before Flop
Seat 5: mr rossie40 (big blind) collected ($1)
Seat 6: SGodoyJr folded before Flop (didn't bet)



PokerStars Hand #254498342394:  Hold'em No Limit ($0.50/$1.00 USD) - 2025/01/22 13:40:52 WET [2025/01/22 8:40:52 ET]
Table 'Leonisis II' 6-max Seat #4 is the button
Seat 1: Rysiff ($161.33 in chips) 
Seat 2: Joe_Li7 ($114.50 in chips) 
Seat 3: Rdalonso ($100 in chips) 
Seat 4: i_leontios ($89.17 in chips) 
Seat 5: mr rossie40 ($50.37 in chips) 
Seat 6: SGodoyJr ($114.47 in chips) 
mr rossie40: posts small blind $0.50
SGodoyJr: posts big blind $1
*** HOLE CARDS ***
Rysiff: folds 
Joe_Li7: folds 
Rdalonso: folds 
i_leontios: folds 
mr rossie40: raises $1 to $2
SGodoyJr: folds 
Uncalled bet ($1) returned to mr rossie40
mr rossie40 collected $2 from pot
*** SUMMARY ***
Total pot $2 | Rake $0 
Seat 1: Rysiff folded before Flop (didn't bet)
Seat 2: Joe_Li7 folded before Flop (didn't bet)
Seat 3: Rdalonso folded before Flop (didn't bet)
Seat 4: i_leontios (button) folded before Flop (didn't bet)
Seat 5: mr rossie40 (small blind) collected ($2)
Seat 6: SGodoyJr (big blind) folded before Flop



PokerStars Hand #254498345689:  Hold'em No Limit ($0.50/$1.00 USD) - 2025/01/22 13:41:11 WET [2025/01/22 8:41:11 ET]
Table 'Leonisis II' 6-max Seat #5 is the button
Seat 1: Rysiff ($161.33 in chips) 
Seat 2: Joe_Li7 ($114.50 in chips) 
Seat 3: Rdalonso ($100 in chips) 
Seat 4: i_leontios ($89.17 in chips) 
Seat 5: mr rossie40 ($51.37 in chips) 
Seat 6: SGodoyJr ($113.47 in chips) 
SGodoyJr: posts small blind $0.50
Rysiff: posts big blind $1
*** HOLE CARDS ***
Joe_Li7: folds 
Rdalonso: folds 
i_leontios: raises $2 to $3
mr rossie40: folds 
SGodoyJr: folds 
Rysiff: raises $7 to $10
i_leontios: calls $7
*** FLOP *** [As 5c 3s]
Rysiff: bets $6.43
i_leontios: calls $6.43
*** TURN *** [As 5c 3s] [7d]
Rysiff: checks 
i_leontios: checks 
*** RIVER *** [As 5c 3s 7d] [2h]
Rysiff: checks 
i_leontios: bets $72.74 and is all-in
Rysiff: folds 
Uncalled bet ($72.74) returned to i_leontios
i_leontios collected $31.69 from pot
*** SUMMARY ***
Total pot $33.36 | Rake $1.67 
Board [As 5c 3s 7d 2h]
Seat 1: Rysiff (big blind) folded on the River
Seat 2: Joe_Li7 folded before Flop (didn't bet)
Seat 3: Rdalonso folded before Flop (didn't bet)
Seat 4: i_leontios collected ($31.69)
Seat 5: mr rossie40 (button) folded before Flop (didn't bet)
Seat 6: SGodoyJr (small blind) folded before Flop



PokerStars Hand #254498353628:  Hold'em No Limit ($0.50/$1.00 USD) - 2025/01/22 13:41:56 WET [2025/01/22 8:41:56 ET]
Table 'Leonisis II' 6-max Seat #6 is the button
Seat 1: Rysiff ($144.90 in chips) 
Seat 2: Joe_Li7 ($114.50 in chips) 
Seat 3: Rdalonso ($100 in chips) 
Seat 4: i_leontios ($104.43 in chips) 
Seat 5: mr rossie40 ($51.37 in chips) 
Seat 6: SGodoyJr ($112.97 in chips) 
Rysiff: posts small blind $0.50
Joe_Li7: posts big blind $1
*** HOLE CARDS ***
Rdalonso: folds 
i_leontios: raises $2 to $3
mr rossie40: calls $3
SGodoyJr: folds 
Rysiff: folds 
Joe_Li7: folds 
*** FLOP *** [2s 2c Js]
i_leontios: bets $3.56
mr rossie40: calls $3.56
*** TURN *** [2s 2c Js] [3s]
i_leontios: checks 
mr rossie40: bets $6.95
i_leontios: folds 
Uncalled bet ($6.95) returned to mr rossie40
mr rossie40 collected $13.89 from pot
*** SUMMARY ***
Total pot $14.62 | Rake $0.73 
Board [2s 2c Js 3s]
Seat 1: Rysiff (small blind) folded before Flop
Seat 2: Joe_Li7 (big blind) folded before Flop
Seat 3: Rdalonso folded before Flop (didn't bet)
Seat 4: i_leontios folded on the Turn
Seat 5: mr rossie40 collected ($13.89)
Seat 6: SGodoyJr (button) folded before Flop (didn't bet)



PokerStars Hand #254498357630:  Hold'em No Limit ($0.50/$1.00 USD) - 2025/01/22 13:42:20 WET [2025/01/22 8:42:20 ET]
Table 'Leonisis II' 6-max Seat #1 is the button
Seat 1: Rysiff ($144.40 in chips) 
Seat 2: Joe_Li7 ($113.50 in chips) 
Seat 3: Rdalonso ($100 in chips) 
Seat 4: i_leontios ($97.87 in chips) 
Seat 5: mr rossie40 ($58.70 in chips) 
Seat 6: SGodoyJr ($112.97 in chips) 
Joe_Li7: posts small blind $0.50
Rdalonso: posts big blind $1
*** HOLE CARDS ***
i_leontios: folds 
mr rossie40: folds 
SGodoyJr: raises $1 to $2
Rysiff: folds 
Joe_Li7: folds 
Rdalonso: folds 
Uncalled bet ($1) returned to SGodoyJr
SGodoyJr collected $2.50 from pot
SGodoyJr: doesn't show hand 
*** SUMMARY ***
Total pot $2.50 | Rake $0 
Seat 1: Rysiff (button) folded before Flop (didn't bet)
Seat 2: Joe_Li7 (small blind) folded before Flop
Seat 3: Rdalonso (big blind) folded before Flop
Seat 4: i_leontios folded before Flop (didn't bet)
Seat 5: mr rossie40 folded before Flop (didn't bet)
Seat 6: SGodoyJr collected ($2.50)



PokerStars Hand #254498360009:  Hold'em No Limit ($0.50/$1.00 USD) - 2025/01/22 13:42:34 WET [2025/01/22 8:42:34 ET]
Table 'Leonisis II' 6-max Seat #2 is the button
Seat 1: Rysiff ($144.40 in chips) 
Seat 2: Joe_Li7 ($113 in chips) 
Seat 3: Rdalonso ($100 in chips) 
Seat 4: i_leontios ($97.87 in chips) 
Seat 5: mr rossie40 ($58.70 in chips) 
Seat 6: SGodoyJr ($114.47 in chips) 
Rdalonso: posts small blind $0.50
i_leontios: posts big blind $1
*** HOLE CARDS ***
mr rossie40: calls $1
SGodoyJr: folds 
Rysiff: folds 
Joe_Li7: folds 
Rdalonso: calls $0.50
i_leontios: checks 
*** FLOP *** [Qh Js Kc]
Rdalonso: checks 
i_leontios: checks 
mr rossie40: checks 
*** TURN *** [Qh Js Kc] [Kh]
Rdalonso: checks 
i_leontios: checks 
mr rossie40: bets $1
Rdalonso: folds 
i_leontios: calls $1
*** RIVER *** [Qh Js Kc Kh] [As]
i_leontios: checks 
mr rossie40: checks 
*** SHOW DOWN ***
i_leontios: shows [8h Ad] (two pair, Aces and Kings)
mr rossie40: mucks hand 
i_leontios collected $4.75 from pot
*** SUMMARY ***
Total pot $5 | Rake $0.25 
Board [Qh Js Kc Kh As]
Seat 1: Rysiff folded before Flop (didn't bet)
Seat 2: Joe_Li7 (button) folded before Flop (didn't bet)
Seat 3: Rdalonso (small blind) folded on the Turn
Seat 4: i_leontios (big blind) showed [8h Ad] and won ($4.75) with two pair, Aces and Kings
Seat 5: mr rossie40 mucked
Seat 6: SGodoyJr folded before Flop (didn't bet)



PokerStars Hand #254498367137:  Hold'em No Limit ($0.50/$1.00 USD) - 2025/01/22 13:43:15 WET [2025/01/22 8:43:15 ET]
Table 'Leonisis II' 6-max Seat #3 is the button
Seat 1: Rysiff ($144.40 in chips) 
Seat 2: Joe_Li7 ($113 in chips) 
Seat 3: Rdalonso ($100 in chips) 
Seat 4: i_leontios ($100.62 in chips) 
Seat 5: mr rossie40 ($56.70 in chips) 
Seat 6: SGodoyJr ($114.47 in chips) 
i_leontios: posts small blind $0.50
mr rossie40: posts big blind $1
*** HOLE CARDS ***
SGodoyJr: folds 
Rysiff: folds 
Joe_Li7: folds 
Rdalonso: raises $1.50 to $2.50
i_leontios: raises $4.50 to $7
mr rossie40: folds 
Rdalonso: folds 
Uncalled bet ($4.50) returned to i_leontios
i_leontios collected $6 from pot
*** SUMMARY ***
Total pot $6 | Rake $0 
Seat 1: Rysiff folded before Flop (didn't bet)
Seat 2: Joe_Li7 folded before Flop (didn't bet)
Seat 3: Rdalonso (button) folded before Flop
Seat 4: i_leontios (small blind) collected ($6)
Seat 5: mr rossie40 (big blind) folded before Flop
Seat 6: SGodoyJr folded before Flop (didn't bet)



PokerStars Hand #254498370917:  Hold'em No Limit ($0.50/$1.00 USD) - 2025/01/22 13:43:38 WET [2025/01/22 8:43:38 ET]
Table 'Leonisis II' 6-max Seat #4 is the button
Seat 1: Rysiff ($144.40 in chips) 
Seat 2: Joe_Li7 ($113 in chips) 
Seat 3: Rdalonso ($100 in chips) 
Seat 4: i_leontios ($104.12 in chips) 
Seat 5: mr rossie40 ($55.70 in chips) 
Seat 6: SGodoyJr ($114.47 in chips) 
mr rossie40: posts small blind $0.50
SGodoyJr: posts big blind $1
*** HOLE CARDS ***
Rysiff: folds 
Joe_Li7: folds 
Rdalonso: folds 
i_leontios: raises $1.50 to $2.50
mr rossie40: folds 
SGodoyJr: raises $9.50 to $12
i_leontios: calls $9.50
*** FLOP *** [Ac 3h 6h]
SGodoyJr: bets $5.82
i_leontios: calls $5.82
*** TURN *** [Ac 3h 6h] [3d]
SGodoyJr: checks 
i_leontios: checks 
*** RIVER *** [Ac 3h 6h 3d] [7d]
SGodoyJr: bets $8.58
i_leontios: folds 
Uncalled bet ($8.58) returned to SGodoyJr
SGodoyJr collected $34.33 from pot
SGodoyJr: doesn't show hand 
*** SUMMARY ***
Total pot $36.14 | Rake $1.81 
Board [Ac 3h 6h 3d 7d]
Seat 1: Rysiff folded before Flop (didn't bet)
Seat 2: Joe_Li7 folded before Flop (didn't bet)
Seat 3: Rdalonso folded before Flop (didn't bet)
Seat 4: i_leontios (button) folded on the River
Seat 5: mr rossie40 (small blind) folded before Flop
Seat 6: SGodoyJr (big blind) collected ($34.33)



PokerStars Hand #254498379845:  Hold'em No Limit ($0.50/$1.00 USD) - 2025/01/22 13:44:30 WET [2025/01/22 8:44:30 ET]
Table 'Leonisis II' 6-max Seat #5 is the button
Seat 1: Rysiff ($144.40 in chips) 
Seat 2: Joe_Li7 ($113 in chips) 
Seat 3: Rdalonso ($100 in chips) 
Seat 4: i_leontios ($86.30 in chips) 
Seat 5: mr rossie40 ($55.20 in chips) 
Seat 6: SGodoyJr ($130.98 in chips) 
SGodoyJr: posts small blind $0.50
Rysiff: posts big blind $1
*** HOLE CARDS ***
Joe_Li7: folds 
Rdalonso: folds 
i_leontios: raises $2 to $3
mr rossie40: calls $3
SGodoyJr: folds 
Rysiff: folds 
*** FLOP *** [Kd 9s Qc]
i_leontios: bets $1
mr rossie40: raises $1 to $2
i_leontios: calls $1
*** TURN *** [Kd 9s Qc] [Ac]
i_leontios: checks 
mr rossie40: bets $5.46
i_leontios: calls $5.46
*** RIVER *** [Kd 9s Qc Ac] [3c]
i_leontios: checks 
mr rossie40: checks 
*** SHOW DOWN ***
i_leontios: shows [9c As] (two pair, Aces and Nines)
mr rossie40: mucks hand 
i_leontios collected $21.30 from pot
*** SUMMARY ***
Total pot $22.42 | Rake $1.12 
Board [Kd 9s Qc Ac 3c]
Seat 1: Rysiff (big blind) folded before Flop
Seat 2: Joe_Li7 folded before Flop (didn't bet)
Seat 3: Rdalonso folded before Flop (didn't bet)
Seat 4: i_leontios showed [9c As] and won ($21.30) with two pair, Aces and Nines
Seat 5: mr rossie40 (button) mucked
Seat 6: SGodoyJr (small blind) folded before Flop



PokerStars Hand #254498386403:  Hold'em No Limit ($0.50/$1.00 USD) - 2025/01/22 13:45:08 WET [2025/01/22 8:45:08 ET]
Table 'Leonisis II' 6-max Seat #6 is the button
Seat 1: Rysiff ($143.40 in chips) 
Seat 2: Joe_Li7 ($113 in chips) 
Seat 3: Rdalonso ($100 in chips) 
Seat 4: i_leontios ($97.14 in chips) 
Seat 5: mr rossie40 ($44.74 in chips) 
Seat 6: SGodoyJr ($130.48 in chips) 
Rysiff: posts small blind $0.50
Joe_Li7: posts big blind $1
*** HOLE CARDS ***
Rdalonso: raises $1.50 to $2.50
i_leontios: folds 
mr rossie40: calls $2.50
SGodoyJr: raises $6.50 to $9
Rysiff: folds 
Joe_Li7: raises $14 to $23
Rdalonso: folds 
mr rossie40: folds 
SGodoyJr: folds 
Uncalled bet ($14) returned to Joe_Li7
Joe_Li7 collected $23.50 from pot
*** SUMMARY ***
Total pot $23.50 | Rake $0 
Seat 1: Rysiff (small blind) folded before Flop
Seat 2: Joe_Li7 (big blind) collected ($23.50)
Seat 3: Rdalonso folded before Flop
Seat 4: i_leontios folded before Flop (didn't bet)
Seat 5: mr rossie40 folded before Flop
Seat 6: SGodoyJr (button) folded before Flop



PokerStars Hand #254498395856:  Hold'em No Limit ($0.50/$1.00 USD) - 2025/01/22 13:46:02 WET [2025/01/22 8:46:02 ET]
Table 'Leonisis II' 6-max Seat #1 is the button
Seat 1: Rysiff ($142.90 in chips) 
Seat 2: Joe_Li7 ($127.50 in chips) 
Seat 3: Rdalonso ($100 in chips) 
Seat 4: i_leontios ($97.14 in chips) 
Seat 5: mr rossie40 ($42.24 in chips) 
Seat 6: SGodoyJr ($121.48 in chips) 
Joe_Li7: posts small blind $0.50
Rdalonso: posts big blind $1
*** HOLE CARDS ***
i_leontios: raises $1 to $2
mr rossie40: calls $2
SGodoyJr: folds 
Rysiff: folds 
Joe_Li7: folds 
Rdalonso: calls $1
*** FLOP *** [2d 6h 8h]
Rdalonso: checks 
i_leontios: checks 
mr rossie40: checks 
*** TURN *** [2d 6h 8h] [3d]
Rdalonso: bets $4.63
i_leontios: calls $4.63
mr rossie40: folds 
*** RIVER *** [2d 6h 8h 3d] [As]
Rdalonso: checks 
i_leontios: checks 
*** SHOW DOWN ***
Rdalonso: shows [8c Jc] (a pair of Eights)
i_leontios: mucks hand 
Rdalonso collected $14.97 from pot
*** SUMMARY ***
Total pot $15.76 | Rake $0.79 
Board [2d 6h 8h 3d As]
Seat 1: Rysiff (button) folded before Flop (didn't bet)
Seat 2: Joe_Li7 (small blind) folded before Flop
Seat 3: Rdalonso (big blind) showed [8c Jc] and won ($14.97) with a pair of Eights
Seat 4: i_leontios mucked
Seat 5: mr rossie40 folded on the Turn
Seat 6: SGodoyJr folded before Flop (didn't bet)



PokerStars Hand #254498406286:  Hold'em No Limit ($0.50/$1.00 USD) - 2025/01/22 13:47:03 WET [2025/01/22 8:47:03 ET]
Table 'Leonisis II' 6-max Seat #2 is the button
Seat 1: Rysiff ($142.90 in chips) 
Seat 2: Joe_Li7 ($127 in chips) 
Seat 3: Rdalonso ($108.34 in chips) 
Seat 4: i_leontios ($90.51 in chips) 
Seat 5: mr rossie40 ($40.24 in chips) 
Seat 6: SGodoyJr ($121.48 in chips) 
Rdalonso: posts small blind $0.50
i_leontios: posts big blind $1
*** HOLE CARDS ***
mr rossie40: folds 
SGodoyJr: raises $1 to $2
Rysiff: folds 
Joe_Li7: folds 
Rdalonso: folds 
i_leontios: calls $1
*** FLOP *** [3c 6c Ah]
i_leontios: checks 
SGodoyJr: bets $1.07
i_leontios: folds 
Uncalled bet ($1.07) returned to SGodoyJr
SGodoyJr collected $4.28 from pot
SGodoyJr: doesn't show hand 
*** SUMMARY ***
Total pot $4.50 | Rake $0.22 
Board [3c 6c Ah]
Seat 1: Rysiff folded before Flop (didn't bet)
Seat 2: Joe_Li7 (button) folded before Flop (didn't bet)
Seat 3: Rdalonso (small blind) folded before Flop
Seat 4: i_leontios (big blind) folded on the Flop
Seat 5: mr rossie40 folded before Flop (didn't bet)
Seat 6: SGodoyJr collected ($4.28)



PokerStars Hand #254498410507:  Hold'em No Limit ($0.50/$1.00 USD) - 2025/01/22 13:47:27 WET [2025/01/22 8:47:27 ET]
Table 'Leonisis II' 6-max Seat #3 is the button
Seat 1: Rysiff ($142.90 in chips) 
Seat 2: Joe_Li7 ($127 in chips) 
Seat 3: Rdalonso ($107.84 in chips) 
Seat 4: i_leontios ($88.51 in chips) 
Seat 5: mr rossie40 ($40.24 in chips) 
Seat 6: SGodoyJr ($123.76 in chips) 
i_leontios: posts small blind $0.50
mr rossie40: posts big blind $1
*** HOLE CARDS ***
SGodoyJr: folds 
Rysiff: folds 
Joe_Li7: folds 
Rdalonso: folds 
i_leontios: folds 
Uncalled bet ($0.50) returned to mr rossie40
mr rossie40 collected $1 from pot
*** SUMMARY ***
Total pot $1 | Rake $0 
Seat 1: Rysiff folded before Flop (didn't bet)
Seat 2: Joe_Li7 folded before Flop (didn't bet)
Seat 3: Rdalonso (button) folded before Flop (didn't bet)
Seat 4: i_leontios (small blind) folded before Flop
Seat 5: mr rossie40 (big blind) collected ($1)
Seat 6: SGodoyJr folded before Flop (didn't bet)



PokerStars Hand #254498412100:  Hold'em No Limit ($0.50/$1.00 USD) - 2025/01/22 13:47:37 WET [2025/01/22 8:47:37 ET]
Table 'Leonisis II' 6-max Seat #4 is the button
Seat 1: Rysiff ($142.90 in chips) 
Seat 2: Joe_Li7 ($127 in chips) 
Seat 3: Rdalonso ($107.84 in chips) 
Seat 4: i_leontios ($88.01 in chips) 
Seat 5: mr rossie40 ($40.74 in chips) 
Seat 6: SGodoyJr ($123.76 in chips) 
mr rossie40: posts small blind $0.50
SGodoyJr: posts big blind $1
*** HOLE CARDS ***
Rysiff: raises $1.50 to $2.50
Joe_Li7: folds 
Rdalonso: folds 
i_leontios: folds 
mr rossie40: calls $2
SGodoyJr: calls $1.50
*** FLOP *** [6d Jd 3c]
mr rossie40: checks 
SGodoyJr: checks 
Rysiff: checks 
*** TURN *** [6d Jd 3c] [Ts]
mr rossie40: checks 
SGodoyJr: checks 
Rysiff: checks 
*** RIVER *** [6d Jd 3c Ts] [Kd]
mr rossie40: checks 
SGodoyJr: checks 
Rysiff: bets $5.70
mr rossie40: folds 
SGodoyJr: folds 
Uncalled bet ($5.70) returned to Rysiff
Rysiff collected $7.12 from pot
Rysiff: doesn't show hand 
*** SUMMARY ***
Total pot $7.50 | Rake $0.38 
Board [6d Jd 3c Ts Kd]
Seat 1: Rysiff collected ($7.12)
Seat 2: Joe_Li7 folded before Flop (didn't bet)
Seat 3: Rdalonso folded before Flop (didn't bet)
Seat 4: i_leontios (button) folded before Flop (didn't bet)
Seat 5: mr rossie40 (small blind) folded on the River
Seat 6: SGodoyJr (big blind) folded on the River



PokerStars Hand #254498420646:  Hold'em No Limit ($0.50/$1.00 USD) - 2025/01/22 13:48:27 WET [2025/01/22 8:48:27 ET]
Table 'Leonisis II' 6-max Seat #5 is the button
Seat 1: Rysiff ($147.52 in chips) 
Seat 2: Joe_Li7 ($127 in chips) 
Seat 3: Rdalonso ($107.84 in chips) 
Seat 4: i_leontios ($88.01 in chips) 
Seat 5: mr rossie40 ($38.24 in chips) 
Seat 6: SGodoyJr ($121.26 in chips) 
SGodoyJr: posts small blind $0.50
Rysiff: posts big blind $1
*** HOLE CARDS ***
Joe_Li7: raises $1.20 to $2.20
Rdalonso: folds 
i_leontios: calls $2.20
mr rossie40: calls $2.20
SGodoyJr: folds 
Rysiff: folds 
*** FLOP *** [Kh 3d 4h]
Joe_Li7: checks 
i_leontios: checks 
mr rossie40: checks 
*** TURN *** [Kh 3d 4h] [Td]
Joe_Li7: checks 
i_leontios: checks 
mr rossie40: checks 
*** RIVER *** [Kh 3d 4h Td] [6c]
Joe_Li7: bets $1
i_leontios: calls $1
mr rossie40: folds 
*** SHOW DOWN ***
Joe_Li7: shows [Qc Tc] (a pair of Tens)
i_leontios: mucks hand 
Joe_Li7 collected $9.60 from pot
*** SUMMARY ***
Total pot $10.10 | Rake $0.50 
Board [Kh 3d 4h Td 6c]
Seat 1: Rysiff (big blind) folded before Flop
Seat 2: Joe_Li7 showed [Qc Tc] and won ($9.60) with a pair of Tens
Seat 3: Rdalonso folded before Flop (didn't bet)
Seat 4: i_leontios mucked
Seat 5: mr rossie40 (button) folded on the River
Seat 6: SGodoyJr (small blind) folded before Flop



PokerStars Hand #254498430249:  Hold'em No Limit ($0.50/$1.00 USD) - 2025/01/22 13:49:24 WET [2025/01/22 8:49:24 ET]
Table 'Leonisis II' 6-max Seat #6 is the button
Seat 1: Rysiff ($146.52 in chips) 
Seat 2: Joe_Li7 ($133.40 in chips) 
Seat 3: Rdalonso ($107.84 in chips) 
Seat 4: i_leontios ($84.81 in chips) 
Seat 5: mr rossie40 ($36.04 in chips) 
Seat 6: SGodoyJr ($120.76 in chips) 
Rysiff: posts small blind $0.50
Joe_Li7: posts big blind $1
*** HOLE CARDS ***
Rdalonso: raises $1.50 to $2.50
i_leontios: calls $2.50
mr rossie40: folds 
SGodoyJr: folds 
Rysiff: folds 
Joe_Li7: folds 
*** FLOP *** [Tc 6h 6d]
Rdalonso: checks 
i_leontios: bets $6.18
Rdalonso: calls $6.18
*** TURN *** [Tc 6h 6d] [7s]
Rdalonso: checks 
i_leontios: bets $8.96
Rdalonso: folds 
Uncalled bet ($8.96) returned to i_leontios
i_leontios collected $17.92 from pot
*** SUMMARY ***
Total pot $18.86 | Rake $0.94 
Board [Tc 6h 6d 7s]
Seat 1: Rysiff (small blind) folded before Flop
Seat 2: Joe_Li7 (big blind) folded before Flop
Seat 3: Rdalonso folded on the Turn
Seat 4: i_leontios collected ($17.92)
Seat 5: mr rossie40 folded before Flop (didn't bet)
Seat 6: SGodoyJr (button) folded before Flop (didn't bet)



PokerStars Hand #254498437875:  Hold'em No Limit ($0.50/$1.00 USD) - 2025/01/22 13:50:08 WET [2025/01/22 8:50:08 ET]
Table 'Leonisis II' 6-max Seat #1 is the button
Seat 1: Rysiff ($146.02 in chips) 
Seat 2: Joe_Li7 ($132.40 in chips) 
Seat 3: Rdalonso ($100 in chips) 
Seat 4: i_leontios ($94.05 in chips) 
Seat 5: mr rossie40 ($36.04 in chips) 
Seat 6: SGodoyJr ($120.76 in chips) 
Joe_Li7: posts small blind $0.50
Rdalonso: posts big blind $1
*** HOLE CARDS ***
i_leontios: folds 
mr rossie40: folds 
SGodoyJr: raises $1 to $2
Rysiff: folds 
Joe_Li7: folds 
Rdalonso: folds 
Uncalled bet ($1) returned to SGodoyJr
SGodoyJr collected $2.50 from pot
SGodoyJr: doesn't show hand 
*** SUMMARY ***
Total pot $2.50 | Rake $0 
Seat 1: Rysiff (button) folded before Flop (didn't bet)
Seat 2: Joe_Li7 (small blind) folded before Flop
Seat 3: Rdalonso (big blind) folded before Flop
Seat 4: i_leontios folded before Flop (didn't bet)
Seat 5: mr rossie40 folded before Flop (didn't bet)
Seat 6: SGodoyJr collected ($2.50)



PokerStars Hand #254498440230:  Hold'em No Limit ($0.50/$1.00 USD) - 2025/01/22 13:50:22 WET [2025/01/22 8:50:22 ET]
Table 'Leonisis II' 6-max Seat #2 is the button
Seat 1: Rysiff ($146.02 in chips) 
Seat 2: Joe_Li7 ($131.90 in chips) 
Seat 3: Rdalonso ($100 in chips) 
Seat 4: i_leontios ($94.05 in chips) 
Seat 5: mr rossie40 ($36.04 in chips) 
Seat 6: SGodoyJr ($122.26 in chips) 
Rdalonso: posts small blind $0.50
i_leontios: posts big blind $1
*** HOLE CARDS ***
mr rossie40: calls $1
SGodoyJr: folds 
Rysiff: folds 
Joe_Li7: folds 
Rdalonso: calls $0.50
i_leontios: raises $5 to $6
mr rossie40: calls $5
Rdalonso: folds 
*** FLOP *** [7c 7d Ts]
i_leontios: checks 
mr rossie40: bets $6.18
i_leontios: calls $6.18
*** TURN *** [7c 7d Ts] [2s]
i_leontios: checks 
mr rossie40: bets $12.05
i_leontios: calls $12.05
*** RIVER *** [7c 7d Ts 2s] [Ks]
i_leontios: checks 
mr rossie40: checks 
*** SHOW DOWN ***
i_leontios: shows [8s 8d] (two pair, Eights and Sevens)
mr rossie40: shows [As Ah] (two pair, Aces and Sevens)
mr rossie40 collected $46.99 from pot
*** SUMMARY ***
Total pot $49.46 | Rake $2.47 
Board [7c 7d Ts 2s Ks]
Seat 1: Rysiff folded before Flop (didn't bet)
Seat 2: Joe_Li7 (button) folded before Flop (didn't bet)
Seat 3: Rdalonso (small blind) folded before Flop
Seat 4: i_leontios (big blind) showed [8s 8d] and lost with two pair, Eights and Sevens
Seat 5: mr rossie40 showed [As Ah] and won ($46.99) with two pair, Aces and Sevens
Seat 6: SGodoyJr folded before Flop (didn't bet)



PokerStars Hand #254498448567:  Hold'em No Limit ($0.50/$1.00 USD) - 2025/01/22 13:51:11 WET [2025/01/22 8:51:11 ET]
Table 'Leonisis II' 6-max Seat #3 is the button
Seat 1: Rysiff ($146.02 in chips) 
Seat 2: Joe_Li7 ($131.90 in chips) 
Seat 3: Rdalonso ($100 in chips) 
Seat 4: i_leontios ($69.82 in chips) 
Seat 5: mr rossie40 ($58.80 in chips) 
Seat 6: SGodoyJr ($122.26 in chips) 
i_leontios: posts small blind $0.50
mr rossie40: posts big blind $1
*** HOLE CARDS ***
SGodoyJr: folds 
Rysiff: raises $1.50 to $2.50
Joe_Li7: folds 
Rdalonso: folds 
i_leontios: calls $2
mr rossie40: calls $1.50
*** FLOP *** [3s 3h Td]
i_leontios: checks 
mr rossie40: checks 
Rysiff: bets $2.35
i_leontios: raises $2.35 to $4.70
mr rossie40: folds 
Rysiff: calls $2.35
*** TURN *** [3s 3h Td] [9d]
i_leontios: bets $8.03
Rysiff: calls $8.03
*** RIVER *** [3s 3h Td 9d] [Js]
i_leontios: checks 
Rysiff: bets $25.05
i_leontios: calls $25.05
*** SHOW DOWN ***
Rysiff: shows [Qh Kc] (a straight, Nine to King)
i_leontios: mucks hand 
Rysiff collected $80.56 from pot
*** SUMMARY ***
Total pot $83.06 | Rake $2.50 
Board [3s 3h Td 9d Js]
Seat 1: Rysiff showed [Qh Kc] and won ($80.56) with a straight, Nine to King
Seat 2: Joe_Li7 folded before Flop (didn't bet)
Seat 3: Rdalonso (button) folded before Flop (didn't bet)
Seat 4: i_leontios (small blind) mucked
Seat 5: mr rossie40 (big blind) folded on the Flop
Seat 6: SGodoyJr folded before Flop (didn't bet)



PokerStars Hand #254498458096:  Hold'em No Limit ($0.50/$1.00 USD) - 2025/01/22 13:52:07 WET [2025/01/22 8:52:07 ET]
Table 'Leonisis II' 6-max Seat #4 is the button
Seat 1: Rysiff ($186.30 in chips) 
Seat 2: Joe_Li7 ($131.90 in chips) 
Seat 3: Rdalonso ($100 in chips) 
Seat 4: i_leontios ($29.54 in chips) 
Seat 5: mr rossie40 ($56.30 in chips) 
Seat 6: SGodoyJr ($122.26 in chips) 
mr rossie40: posts small blind $0.50
SGodoyJr: posts big blind $1
*** HOLE CARDS ***
Rysiff: folds 
Joe_Li7: raises $1.20 to $2.20
Rdalonso: folds 
i_leontios: raises $5.90 to $8.10
mr rossie40: folds 
SGodoyJr: folds 
Joe_Li7: folds 
Uncalled bet ($5.90) returned to i_leontios
i_leontios collected $5.90 from pot
*** SUMMARY ***
Total pot $5.90 | Rake $0 
Seat 1: Rysiff folded before Flop (didn't bet)
Seat 2: Joe_Li7 folded before Flop
Seat 3: Rdalonso folded before Flop (didn't bet)
Seat 4: i_leontios (button) collected ($5.90)
Seat 5: mr rossie40 (small blind) folded before Flop
Seat 6: SGodoyJr (big blind) folded before Flop



PokerStars Hand #254498464034:  Hold'em No Limit ($0.50/$1.00 USD) - 2025/01/22 13:52:42 WET [2025/01/22 8:52:42 ET]
Table 'Leonisis II' 6-max Seat #5 is the button
Seat 1: Rysiff ($186.30 in chips) 
Seat 2: Joe_Li7 ($129.70 in chips) 
Seat 3: Rdalonso ($100 in chips) 
Seat 4: i_leontios ($33.24 in chips) 
Seat 5: mr rossie40 ($55.80 in chips) 
Seat 6: SGodoyJr ($121.26 in chips) 
SGodoyJr: posts small blind $0.50
Rysiff: posts big blind $1
*** HOLE CARDS ***
Joe_Li7: folds 
Rdalonso: folds 
i_leontios: raises $2 to $3
mr rossie40: folds 
SGodoyJr: folds 
Rysiff: folds 
Uncalled bet ($2) returned to i_leontios
i_leontios collected $2.50 from pot
*** SUMMARY ***
Total pot $2.50 | Rake $0 
Seat 1: Rysiff (big blind) folded before Flop
Seat 2: Joe_Li7 folded before Flop (didn't bet)
Seat 3: Rdalonso folded before Flop (didn't bet)
Seat 4: i_leontios collected ($2.50)
Seat 5: mr rossie40 (button) folded before Flop (didn't bet)
Seat 6: SGodoyJr (small blind) folded before Flop



PokerStars Hand #254498467286:  Hold'em No Limit ($0.50/$1.00 USD) - 2025/01/22 13:53:01 WET [2025/01/22 8:53:01 ET]
Table 'Leonisis II' 6-max Seat #6 is the button
Seat 1: Rysiff ($185.30 in chips) 
Seat 2: Joe_Li7 ($129.70 in chips) 
Seat 3: Rdalonso ($100 in chips) 
Seat 4: i_leontios ($34.74 in chips) 
Seat 5: mr rossie40 ($55.80 in chips) 
Seat 6: SGodoyJr ($120.76 in chips) 
Rysiff: posts small blind $0.50
Joe_Li7: posts big blind $1
*** HOLE CARDS ***
Rdalonso: folds 
i_leontios: raises $2 to $3
mr rossie40: folds 
SGodoyJr: folds 
Rysiff: folds 
Joe_Li7: folds 
Uncalled bet ($2) returned to i_leontios
i_leontios collected $2.50 from pot
*** SUMMARY ***
Total pot $2.50 | Rake $0 
Seat 1: Rysiff (small blind) folded before Flop
Seat 2: Joe_Li7 (big blind) folded before Flop
Seat 3: Rdalonso folded before Flop (didn't bet)
Seat 4: i_leontios collected ($2.50)
Seat 5: mr rossie40 folded before Flop (didn't bet)
Seat 6: SGodoyJr (button) folded before Flop (didn't bet)



PokerStars Hand #254498469135:  Hold'em No Limit ($0.50/$1.00 USD) - 2025/01/22 13:53:12 WET [2025/01/22 8:53:12 ET]
Table 'Leonisis II' 6-max Seat #1 is the button
Seat 1: Rysiff ($184.80 in chips) 
Seat 2: Joe_Li7 ($128.70 in chips) 
Seat 3: Rdalonso ($100 in chips) 
Seat 4: i_leontios ($36.24 in chips) 
Seat 5: mr rossie40 ($55.80 in chips) 
Seat 6: SGodoyJr ($120.76 in chips) 
Joe_Li7: posts small blind $0.50
Rdalonso: posts big blind $1
*** HOLE CARDS ***
i_leontios: folds 
mr rossie40: folds 
SGodoyJr: folds 
Rysiff: raises $1.50 to $2.50
Joe_Li7: folds 
Rdalonso: calls $1.50
*** FLOP *** [6h 4c 3c]
Rdalonso: checks 
Rysiff: checks 
*** TURN *** [6h 4c 3c] [8s]
Rdalonso: checks 
Rysiff: bets $8
Rdalonso: folds 
Uncalled bet ($8) returned to Rysiff
Rysiff collected $5.22 from pot
Rysiff: doesn't show hand 
*** SUMMARY ***
Total pot $5.50 | Rake $0.28 
Board [6h 4c 3c 8s]
Seat 1: Rysiff (button) collected ($5.22)
Seat 2: Joe_Li7 (small blind) folded before Flop
Seat 3: Rdalonso (big blind) folded on the Turn
Seat 4: i_leontios folded before Flop (didn't bet)
Seat 5: mr rossie40 folded before Flop (didn't bet)
Seat 6: SGodoyJr folded before Flop (didn't bet)



PokerStars Hand #254498478401:  Hold'em No Limit ($0.50/$1.00 USD) - 2025/01/22 13:54:06 WET [2025/01/22 8:54:06 ET]
Table 'Leonisis II' 6-max Seat #2 is the button
Seat 1: Rysiff ($187.52 in chips) 
Seat 2: Joe_Li7 ($128.20 in chips) 
Seat 3: Rdalonso ($100 in chips) 
Seat 4: i_leontios ($36.24 in chips) 
Seat 5: mr rossie40 ($55.80 in chips) 
Seat 6: SGodoyJr ($120.76 in chips) 
Rdalonso: posts small blind $0.50
i_leontios: posts big blind $1
*** HOLE CARDS ***
mr rossie40: calls $1
SGodoyJr: folds 
Rysiff: folds 
Joe_Li7: folds 
Rdalonso: calls $0.50
i_leontios: checks 
*** FLOP *** [3h 4h 5c]
Rdalonso: bets $2.14
i_leontios: calls $2.14
mr rossie40: calls $2.14
*** TURN *** [3h 4h 5c] [8c]
Rdalonso: bets $6.71
i_leontios: calls $6.71
mr rossie40: folds 
*** RIVER *** [3h 4h 5c 8c] [As]
Rdalonso: checks 
i_leontios: checks 
*** SHOW DOWN ***
Rdalonso: shows [3s 4s] (two pair, Fours and Threes)
i_leontios: mucks hand 
Rdalonso collected $21.70 from pot
*** SUMMARY ***
Total pot $22.84 | Rake $1.14 
Board [3h 4h 5c 8c As]
Seat 1: Rysiff folded before Flop (didn't bet)
Seat 2: Joe_Li7 (button) folded before Flop (didn't bet)
Seat 3: Rdalonso (small blind) showed [3s 4s] and won ($21.70) with two pair, Fours and Threes
Seat 4: i_leontios (big blind) mucked
Seat 5: mr rossie40 folded on the Turn
Seat 6: SGodoyJr folded before Flop (didn't bet)



PokerStars Hand #254498487000:  Hold'em No Limit ($0.50/$1.00 USD) - 2025/01/22 13:54:56 WET [2025/01/22 8:54:56 ET]
Table 'Leonisis II' 6-max Seat #3 is the button
Seat 1: Rysiff ($187.52 in chips) 
Seat 2: Joe_Li7 ($128.20 in chips) 
Seat 3: Rdalonso ($111.85 in chips) 
Seat 4: i_leontios ($26.39 in chips) 
Seat 5: mr rossie40 ($52.66 in chips) 
Seat 6: SGodoyJr ($120.76 in chips) 
i_leontios: posts small blind $0.50
mr rossie40: posts big blind $1
*** HOLE CARDS ***
SGodoyJr: folds 
Rysiff: folds 
Joe_Li7: raises $1.20 to $2.20
Rdalonso: raises $5.30 to $7.50
i_leontios: raises $5.30 to $12.80
mr rossie40: folds 
Joe_Li7: folds 
Rdalonso: raises $99.05 to $111.85 and is all-in
i_leontios: calls $13.59 and is all-in
Uncalled bet ($85.46) returned to Rdalonso
*** FLOP *** [5h 9c 6s]
*** TURN *** [5h 9c 6s] [8d]
*** RIVER *** [5h 9c 6s 8d] [7s]
*** SHOW DOWN ***
i_leontios: shows [Js 9d] (a straight, Five to Nine)
Rdalonso: shows [9h 9s] (a straight, Five to Nine)
i_leontios collected $26.74 from pot
Rdalonso collected $26.74 from pot
*** SUMMARY ***
Total pot $55.98 | Rake $2.50 
Board [5h 9c 6s 8d 7s]
Seat 1: Rysiff folded before Flop (didn't bet)
Seat 2: Joe_Li7 folded before Flop
Seat 3: Rdalonso (button) showed [9h 9s] and won ($26.74) with a straight, Five to Nine
Seat 4: i_leontios (small blind) showed [Js 9d] and won ($26.74) with a straight, Five to Nine
Seat 5: mr rossie40 (big blind) folded before Flop
Seat 6: SGodoyJr folded before Flop (didn't bet)



PokerStars Hand #254498493255:  Hold'em No Limit ($0.50/$1.00 USD) - 2025/01/22 13:55:37 WET [2025/01/22 8:55:37 ET]
Table 'Leonisis II' 6-max Seat #4 is the button
Seat 1: Rysiff ($187.52 in chips) 
Seat 2: Joe_Li7 ($126 in chips) 
Seat 3: Rdalonso ($112.20 in chips) 
Seat 4: i_leontios ($26.74 in chips) 
Seat 5: mr rossie40 ($51.66 in chips) 
Seat 6: SGodoyJr ($120.76 in chips) 
mr rossie40: posts small blind $0.50
SGodoyJr: posts big blind $1
*** HOLE CARDS ***
Rysiff: raises $1.50 to $2.50
Joe_Li7: folds 
Rdalonso: folds 
i_leontios: calls $2.50
mr rossie40: raises $1.50 to $4
SGodoyJr: folds 
Rysiff: calls $1.50
i_leontios: calls $1.50
*** FLOP *** [Ah 3h 5s]
mr rossie40: bets $6.18
Rysiff: folds 
i_leontios: calls $6.18
*** TURN *** [Ah 3h 5s] [7s]
mr rossie40: bets $41.48 and is all-in
i_leontios: calls $16.56 and is all-in
Uncalled bet ($24.92) returned to mr rossie40
*** RIVER *** [Ah 3h 5s 7s] [4d]
*** SHOW DOWN ***
mr rossie40: shows [Ad Tc] (a pair of Aces)
i_leontios: shows [2c 3c] (a straight, Ace to Five)
i_leontios collected $55.98 from pot
*** SUMMARY ***
Total pot $58.48 | Rake $2.50 
Board [Ah 3h 5s 7s 4d]
Seat 1: Rysiff folded on the Flop
Seat 2: Joe_Li7 folded before Flop (didn't bet)
Seat 3: Rdalonso folded before Flop (didn't bet)
Seat 4: i_leontios (button) showed [2c 3c] and won ($55.98) with a straight, Ace to Five
Seat 5: mr rossie40 (small blind) showed [Ad Tc] and lost with a pair of Aces
Seat 6: SGodoyJr (big blind) folded before Flop



PokerStars Hand #254498499962:  Hold'em No Limit ($0.50/$1.00 USD) - 2025/01/22 13:56:26 WET [2025/01/22 8:56:26 ET]
Table 'Leonisis II' 6-max Seat #5 is the button
Seat 1: Rysiff ($183.52 in chips) 
Seat 2: Joe_Li7 ($126 in chips) 
Seat 3: Rdalonso ($112.20 in chips) 
Seat 4: i_leontios ($55.98 in chips) 
Seat 5: mr rossie40 ($24.92 in chips) 
Seat 6: SGodoyJr ($119.76 in chips) 
SGodoyJr: posts small blind $0.50
Rysiff: posts big blind $1
*** HOLE CARDS ***
Joe_Li7: folds 
Rdalonso: folds 
i_leontios: folds 
mr rossie40: raises $23.92 to $24.92 and is all-in
SGodoyJr: folds 
Rysiff: calls $23.92
*** FLOP *** [Td 7d Qc]
*** TURN *** [Td 7d Qc] [3c]
*** RIVER *** [Td 7d Qc 3c] [Jd]
*** SHOW DOWN ***
Rysiff: shows [Ad Kc] (a straight, Ten to Ace)
mr rossie40: shows [7c 7s] (three of a kind, Sevens)
Rysiff collected $47.84 from pot
*** SUMMARY ***
Total pot $50.34 | Rake $2.50 
Board [Td 7d Qc 3c Jd]
Seat 1: Rysiff (big blind) showed [Ad Kc] and won ($47.84) with a straight, Ten to Ace
Seat 2: Joe_Li7 folded before Flop (didn't bet)
Seat 3: Rdalonso folded before Flop (didn't bet)
Seat 4: i_leontios folded before Flop (didn't bet)
Seat 5: mr rossie40 (button) showed [7c 7s] and lost with three of a kind, Sevens
Seat 6: SGodoyJr (small blind) folded before Flop



PokerStars Hand #254498503280:  Hold'em No Limit ($0.50/$1.00 USD) - 2025/01/22 13:56:50 WET [2025/01/22 8:56:50 ET]
Table 'Leonisis II' 6-max Seat #6 is the button
Seat 5: mr rossie40 ($0 in chips) is sitting out
Seat 1: Rysiff ($206.44 in chips) 
Seat 2: Joe_Li7 ($126 in chips) 
Seat 3: Rdalonso ($112.20 in chips) 
Seat 4: i_leontios ($55.98 in chips) 
Seat 6: SGodoyJr ($119.26 in chips) 
Rysiff: posts small blind $0.50
Joe_Li7: posts big blind $1
*** HOLE CARDS ***
Rdalonso: folds 
i_leontios: raises $1 to $2
SGodoyJr: folds 
Rysiff: folds 
Joe_Li7: folds 
Uncalled bet ($1) returned to i_leontios
i_leontios collected $2.50 from pot
i_leontios: doesn't show hand 
*** SUMMARY ***
Total pot $2.50 | Rake $0 
Seat 5: mr rossie40
Seat 1: Rysiff (small blind) folded before Flop
Seat 2: Joe_Li7 (big blind) folded before Flop
Seat 3: Rdalonso folded before Flop (didn't bet)
Seat 4: i_leontios collected ($2.50)
Seat 6: SGodoyJr (button) folded before Flop (didn't bet)



PokerStars Hand #254498504447:  Hold'em No Limit ($0.50/$1.00 USD) - 2025/01/22 13:56:59 WET [2025/01/22 8:56:59 ET]
Table 'Leonisis II' 6-max Seat #1 is the button
Seat 1: Rysiff ($205.94 in chips) 
Seat 2: Joe_Li7 ($125 in chips) 
Seat 3: Rdalonso ($112.20 in chips) 
Seat 4: i_leontios ($57.48 in chips) 
Seat 5: mr rossie40 ($54.46 in chips) 
Seat 6: SGodoyJr ($119.26 in chips) 
Joe_Li7: posts small blind $0.50
Rdalonso: posts big blind $1
*** HOLE CARDS ***
i_leontios: raises $1 to $2
mr rossie40: calls $2
SGodoyJr: folds 
Rysiff: folds 
Joe_Li7: folds 
Rdalonso: folds 
*** FLOP *** [7d 6s 4s]
i_leontios: checks 
mr rossie40: checks 
*** TURN *** [7d 6s 4s] [2s]
i_leontios: checks 
mr rossie40: checks 
*** RIVER *** [7d 6s 4s 2s] [7h]
i_leontios: checks 
mr rossie40: checks 
*** SHOW DOWN ***
i_leontios: shows [9d Ac] (a pair of Sevens)
mr rossie40: shows [Ah 9c] (a pair of Sevens)
i_leontios collected $2.61 from pot
mr rossie40 collected $2.61 from pot
*** SUMMARY ***
Total pot $5.50 | Rake $0.28 
Board [7d 6s 4s 2s 7h]
Seat 1: Rysiff (button) folded before Flop (didn't bet)
Seat 2: Joe_Li7 (small blind) folded before Flop
Seat 3: Rdalonso (big blind) folded before Flop
Seat 4: i_leontios showed [9d Ac] and won ($2.61) with a pair of Sevens
Seat 5: mr rossie40 showed [Ah 9c] and won ($2.61) with a pair of Sevens
Seat 6: SGodoyJr folded before Flop (didn't bet)



PokerStars Hand #254498507534:  Hold'em No Limit ($0.50/$1.00 USD) - 2025/01/22 13:57:22 WET [2025/01/22 8:57:22 ET]
Table 'Leonisis II' 6-max Seat #2 is the button
Seat 1: Rysiff ($205.94 in chips) 
Seat 2: Joe_Li7 ($124.50 in chips) 
Seat 3: Rdalonso ($111.20 in chips) 
Seat 4: i_leontios ($58.09 in chips) 
Seat 5: mr rossie40 ($55.07 in chips) 
Seat 6: SGodoyJr ($119.26 in chips) 
Rdalonso: posts small blind $0.50
i_leontios: posts big blind $1
*** HOLE CARDS ***
mr rossie40: calls $1
SGodoyJr: folds 
Rysiff: folds 
Joe_Li7: folds 
Rdalonso: calls $0.50
i_leontios: raises $5 to $6
mr rossie40: calls $5
Rdalonso: folds 
*** FLOP *** [Js 7c Th]
i_leontios: bets $6.18
mr rossie40: calls $6.18
*** TURN *** [Js 7c Th] [5s]
i_leontios: bets $24.09
mr rossie40: folds 
Uncalled bet ($24.09) returned to i_leontios
i_leontios collected $24.09 from pot
*** SUMMARY ***
Total pot $25.36 | Rake $1.27 
Board [Js 7c Th 5s]
Seat 1: Rysiff folded before Flop (didn't bet)
Seat 2: Joe_Li7 (button) folded before Flop (didn't bet)
Seat 3: Rdalonso (small blind) folded before Flop
Seat 4: i_leontios (big blind) collected ($24.09)
Seat 5: mr rossie40 folded on the Turn
Seat 6: SGodoyJr folded before Flop (didn't bet)



PokerStars Hand #254498513401:  Hold'em No Limit ($0.50/$1.00 USD) - 2025/01/22 13:58:05 WET [2025/01/22 8:58:05 ET]
Table 'Leonisis II' 6-max Seat #3 is the button
Seat 1: Rysiff ($205.94 in chips) 
Seat 2: Joe_Li7 ($124.50 in chips) 
Seat 3: Rdalonso ($110.20 in chips) 
Seat 4: i_leontios ($70 in chips) 
Seat 5: mr rossie40 ($42.89 in chips) 
Seat 6: SGodoyJr ($119.26 in chips) 
i_leontios: posts small blind $0.50
mr rossie40: posts big blind $1
*** HOLE CARDS ***
SGodoyJr: folds 
Rysiff: folds 
Joe_Li7: raises $1.20 to $2.20
Rdalonso: folds 
i_leontios: folds 
mr rossie40: folds 
Uncalled bet ($1.20) returned to Joe_Li7
Joe_Li7 collected $2.50 from pot
*** SUMMARY ***
Total pot $2.50 | Rake $0 
Seat 1: Rysiff folded before Flop (didn't bet)
Seat 2: Joe_Li7 collected ($2.50)
Seat 3: Rdalonso (button) folded before Flop (didn't bet)
Seat 4: i_leontios (small blind) folded before Flop
Seat 5: mr rossie40 (big blind) folded before Flop
Seat 6: SGodoyJr folded before Flop (didn't bet)



PokerStars Hand #254498516367:  Hold'em No Limit ($0.50/$1.00 USD) - 2025/01/22 13:58:27 WET [2025/01/22 8:58:27 ET]
Table 'Leonisis II' 6-max Seat #4 is the button
Seat 1: Rysiff ($205.94 in chips) 
Seat 2: Joe_Li7 ($126 in chips) 
Seat 3: Rdalonso ($110.20 in chips) 
Seat 4: i_leontios ($69.50 in chips) 
Seat 5: mr rossie40 ($41.89 in chips) 
Seat 6: SGodoyJr ($119.26 in chips) 
mr rossie40: posts small blind $0.50
SGodoyJr: posts big blind $1
*** HOLE CARDS ***
Rysiff: folds 
Joe_Li7: folds 
Rdalonso: folds 
i_leontios: folds 
mr rossie40: calls $0.50
SGodoyJr: checks 
*** FLOP *** [Ah 6c Ac]
mr rossie40: checks 
SGodoyJr: checks 
*** TURN *** [Ah 6c Ac] [8d]
mr rossie40: checks 
SGodoyJr: checks 
*** RIVER *** [Ah 6c Ac 8d] [9h]
mr rossie40: bets $1.90
SGodoyJr: folds 
Uncalled bet ($1.90) returned to mr rossie40
mr rossie40 collected $1.90 from pot
mr rossie40: doesn't show hand 
*** SUMMARY ***
Total pot $2 | Rake $0.10 
Board [Ah 6c Ac 8d 9h]
Seat 1: Rysiff folded before Flop (didn't bet)
Seat 2: Joe_Li7 folded before Flop (didn't bet)
Seat 3: Rdalonso folded before Flop (didn't bet)
Seat 4: i_leontios (button) folded before Flop (didn't bet)
Seat 5: mr rossie40 (small blind) collected ($1.90)
Seat 6: SGodoyJr (big blind) folded on the River



PokerStars Hand #254498520296:  Hold'em No Limit ($0.50/$1.00 USD) - 2025/01/22 13:58:56 WET [2025/01/22 8:58:56 ET]
Table 'Leonisis II' 6-max Seat #5 is the button
Seat 1: Rysiff ($205.94 in chips) 
Seat 2: Joe_Li7 ($126 in chips) 
Seat 3: Rdalonso ($110.20 in chips) 
Seat 4: i_leontios ($69.50 in chips) 
Seat 5: mr rossie40 ($42.79 in chips) 
Seat 6: SGodoyJr ($118.26 in chips) 
SGodoyJr: posts small blind $0.50
Rysiff: posts big blind $1
*** HOLE CARDS ***
Joe_Li7: folds 
Rdalonso: folds 
i_leontios: raises $1 to $2
mr rossie40: calls $2
SGodoyJr: folds 
Rysiff: folds 
*** FLOP *** [Kc 5d 6s]
i_leontios: bets $4
mr rossie40: raises $36.79 to $40.79 and is all-in
i_leontios: folds 
Uncalled bet ($36.79) returned to mr rossie40
mr rossie40 collected $12.82 from pot
*** SUMMARY ***
Total pot $13.50 | Rake $0.68 
Board [Kc 5d 6s]
Seat 1: Rysiff (big blind) folded before Flop
Seat 2: Joe_Li7 folded before Flop (didn't bet)
Seat 3: Rdalonso folded before Flop (didn't bet)
Seat 4: i_leontios folded on the Flop
Seat 5: mr rossie40 (button) collected ($12.82)
Seat 6: SGodoyJr (small blind) folded before Flop



PokerStars Hand #254498523275:  Hold'em No Limit ($0.50/$1.00 USD) - 2025/01/22 13:59:18 WET [2025/01/22 8:59:18 ET]
Table 'Leonisis II' 6-max Seat #6 is the button
Seat 1: Rysiff ($204.94 in chips) 
Seat 2: Joe_Li7 ($126 in chips) 
Seat 3: Rdalonso ($110.20 in chips) 
Seat 4: i_leontios ($63.50 in chips) 
Seat 5: mr rossie40 ($49.61 in chips) 
Seat 6: SGodoyJr ($117.76 in chips) 
Rysiff: posts small blind $0.50
Joe_Li7: posts big blind $1
*** HOLE CARDS ***
Rdalonso: folds 
i_leontios: raises $2 to $3
mr rossie40: calls $3
SGodoyJr: folds 
Rysiff: folds 
Joe_Li7: folds 
*** FLOP *** [8s 6d 7c]
i_leontios: checks 
mr rossie40: checks 
*** TURN *** [8s 6d 7c] [9h]
i_leontios: checks 
mr rossie40: bets $7.12
i_leontios: folds 
Uncalled bet ($7.12) returned to mr rossie40
mr rossie40 collected $7.12 from pot
*** SUMMARY ***
Total pot $7.50 | Rake $0.38 
Board [8s 6d 7c 9h]
Seat 1: Rysiff (small blind) folded before Flop
Seat 2: Joe_Li7 (big blind) folded before Flop
Seat 3: Rdalonso folded before Flop (didn't bet)
Seat 4: i_leontios folded on the Turn
Seat 5: mr rossie40 collected ($7.12)
Seat 6: SGodoyJr (button) folded before Flop (didn't bet)



PokerStars Hand #254498528817:  Hold'em No Limit ($0.50/$1.00 USD) - 2025/01/22 13:59:58 WET [2025/01/22 8:59:58 ET]
Table 'Leonisis II' 6-max Seat #1 is the button
Seat 1: Rysiff ($204.44 in chips) 
Seat 2: Joe_Li7 ($125 in chips) 
Seat 3: Rdalonso ($110.20 in chips) 
Seat 4: i_leontios ($60.50 in chips) 
Seat 5: mr rossie40 ($53.73 in chips) 
Seat 6: SGodoyJr ($117.76 in chips) 
Joe_Li7: posts small blind $0.50
Rdalonso: posts big blind $1
*** HOLE CARDS ***
i_leontios: raises $1 to $2
mr rossie40: folds 
SGodoyJr: folds 
Rysiff: folds 
Joe_Li7: calls $1.50
Rdalonso: folds 
*** FLOP *** [3s 5s 5c]
Joe_Li7: checks 
i_leontios: checks 
*** TURN *** [3s 5s 5c] [Kc]
Joe_Li7: checks 
i_leontios: checks 
*** RIVER *** [3s 5s 5c Kc] [4h]
Joe_Li7: bets $1
i_leontios: raises $4.38 to $5.38
Joe_Li7: calls $4.38
*** SHOW DOWN ***
i_leontios: shows [Jh 5h] (three of a kind, Fives)
Joe_Li7: mucks hand 
i_leontios collected $14.97 from pot
*** SUMMARY ***
Total pot $15.76 | Rake $0.79 
Board [3s 5s 5c Kc 4h]
Seat 1: Rysiff (button) folded before Flop (didn't bet)
Seat 2: Joe_Li7 (small blind) mucked
Seat 3: Rdalonso (big blind) folded before Flop
Seat 4: i_leontios showed [Jh 5h] and won ($14.97) with three of a kind, Fives
Seat 5: mr rossie40 folded before Flop (didn't bet)
Seat 6: SGodoyJr folded before Flop (didn't bet)



PokerStars Hand #254498535142:  Hold'em No Limit ($0.50/$1.00 USD) - 2025/01/22 14:00:44 WET [2025/01/22 9:00:44 ET]
Table 'Leonisis II' 6-max Seat #2 is the button
Seat 1: Rysiff ($204.44 in chips) 
Seat 2: Joe_Li7 ($117.62 in chips) 
Seat 3: Rdalonso ($109.20 in chips) 
Seat 4: i_leontios ($68.09 in chips) 
Seat 5: mr rossie40 ($53.73 in chips) 
Seat 6: SGodoyJr ($117.76 in chips) 
Rdalonso: posts small blind $0.50
i_leontios: posts big blind $1
*** HOLE CARDS ***
mr rossie40: calls $1
SGodoyJr: raises $1 to $2
Rysiff: calls $2
Joe_Li7: folds 
Rdalonso: folds 
i_leontios: calls $1
mr rossie40: raises $8.50 to $10.50
SGodoyJr: folds 
Rysiff: calls $8.50
i_leontios: calls $8.50
*** FLOP *** [Qs 3h Kd]
i_leontios: checks 
mr rossie40: bets $16.15
Rysiff: folds 
i_leontios: folds 
Uncalled bet ($16.15) returned to mr rossie40
mr rossie40 collected $32.30 from pot
*** SUMMARY ***
Total pot $34 | Rake $1.70 
Board [Qs 3h Kd]
Seat 1: Rysiff folded on the Flop
Seat 2: Joe_Li7 (button) folded before Flop (didn't bet)
Seat 3: Rdalonso (small blind) folded before Flop
Seat 4: i_leontios (big blind) folded on the Flop
Seat 5: mr rossie40 collected ($32.30)
Seat 6: SGodoyJr folded before Flop



PokerStars Hand #254498540917:  Hold'em No Limit ($0.50/$1.00 USD) - 2025/01/22 14:01:20 WET [2025/01/22 9:01:20 ET]
Table 'Leonisis II' 6-max Seat #3 is the button
Seat 1: Rysiff ($193.94 in chips) 
Seat 2: Joe_Li7 ($117.62 in chips) 
Seat 3: Rdalonso ($108.70 in chips) 
Seat 4: i_leontios ($57.59 in chips) 
Seat 5: mr rossie40 ($75.53 in chips) 
Seat 6: SGodoyJr ($115.76 in chips) 
i_leontios: posts small blind $0.50
mr rossie40: posts big blind $1
*** HOLE CARDS ***
SGodoyJr: folds 
Rysiff: folds 
Joe_Li7: folds 
Rdalonso: raises $1.50 to $2.50
i_leontios: calls $2
mr rossie40: calls $1.50
*** FLOP *** [8d 3c 4d]
i_leontios: checks 
mr rossie40: bets $3.56
Rdalonso: calls $3.56
i_leontios: calls $3.56
*** TURN *** [8d 3c 4d] [5d]
i_leontios: checks 
mr rossie40: checks 
Rdalonso: bets $11.40
i_leontios: folds 
mr rossie40: calls $11.40
*** RIVER *** [8d 3c 4d 5d] [2s]
mr rossie40: checks 
Rdalonso: bets $68.50
mr rossie40: folds 
Uncalled bet ($68.50) returned to Rdalonso
Rdalonso collected $38.93 from pot
Rdalonso: doesn't show hand 
*** SUMMARY ***
Total pot $40.98 | Rake $2.05 
Board [8d 3c 4d 5d 2s]
Seat 1: Rysiff folded before Flop (didn't bet)
Seat 2: Joe_Li7 folded before Flop (didn't bet)
Seat 3: Rdalonso (button) collected ($38.93)
Seat 4: i_leontios (small blind) folded on the Turn
Seat 5: mr rossie40 (big blind) folded on the River
Seat 6: SGodoyJr folded before Flop (didn't bet)



PokerStars Hand #254498555247:  Hold'em No Limit ($0.50/$1.00 USD) - 2025/01/22 14:02:45 WET [2025/01/22 9:02:45 ET]
Table 'Leonisis II' 6-max Seat #4 is the button
Seat 1: Rysiff ($193.94 in chips) 
Seat 2: Joe_Li7 ($117.62 in chips) 
Seat 3: Rdalonso ($130.17 in chips) 
Seat 4: i_leontios ($51.53 in chips) 
Seat 5: mr rossie40 ($58.07 in chips) 
Seat 6: SGodoyJr ($115.76 in chips) 
mr rossie40: posts small blind $0.50
SGodoyJr: posts big blind $1
*** HOLE CARDS ***
Rysiff: folds 
Joe_Li7: folds 
Rdalonso: folds 
i_leontios: folds 
mr rossie40: folds 
Uncalled bet ($0.50) returned to SGodoyJr
SGodoyJr collected $1 from pot
SGodoyJr: doesn't show hand 
*** SUMMARY ***
Total pot $1 | Rake $0 
Seat 1: Rysiff folded before Flop (didn't bet)
Seat 2: Joe_Li7 folded before Flop (didn't bet)
Seat 3: Rdalonso folded before Flop (didn't bet)
Seat 4: i_leontios (button) folded before Flop (didn't bet)
Seat 5: mr rossie40 (small blind) folded before Flop
Seat 6: SGodoyJr (big blind) collected ($1)



PokerStars Hand #254498556510:  Hold'em No Limit ($0.50/$1.00 USD) - 2025/01/22 14:02:52 WET [2025/01/22 9:02:52 ET]
Table 'Leonisis II' 6-max Seat #5 is the button
Seat 1: Rysiff ($193.94 in chips) 
Seat 2: Joe_Li7 ($117.62 in chips) 
Seat 3: Rdalonso ($130.17 in chips) 
Seat 4: i_leontios ($51.53 in chips) 
Seat 5: mr rossie40 ($57.57 in chips) 
Seat 6: SGodoyJr ($116.26 in chips) 
SGodoyJr: posts small blind $0.50
Rysiff: posts big blind $1
*** HOLE CARDS ***
Joe_Li7: folds 
Rdalonso: folds 
i_leontios: raises $2 to $3
mr rossie40: folds 
SGodoyJr: folds 
Rysiff: folds 
Uncalled bet ($2) returned to i_leontios
i_leontios collected $2.50 from pot
*** SUMMARY ***
Total pot $2.50 | Rake $0 
Seat 1: Rysiff (big blind) folded before Flop
Seat 2: Joe_Li7 folded before Flop (didn't bet)
Seat 3: Rdalonso folded before Flop (didn't bet)
Seat 4: i_leontios collected ($2.50)
Seat 5: mr rossie40 (button) folded before Flop (didn't bet)
Seat 6: SGodoyJr (small blind) folded before Flop



PokerStars Hand #254498559397:  Hold'em No Limit ($0.50/$1.00 USD) - 2025/01/22 14:03:08 WET [2025/01/22 9:03:08 ET]
Table 'Leonisis II' 6-max Seat #6 is the button
Seat 1: Rysiff ($192.94 in chips) 
Seat 2: Joe_Li7 ($117.62 in chips) 
Seat 3: Rdalonso ($130.17 in chips) 
Seat 4: i_leontios ($53.03 in chips) 
Seat 5: mr rossie40 ($57.57 in chips) 
Seat 6: SGodoyJr ($115.76 in chips) 
Rysiff: posts small blind $0.50
Joe_Li7: posts big blind $1
*** HOLE CARDS ***
Rdalonso: folds 
i_leontios: raises $1 to $2
mr rossie40: calls $2
SGodoyJr: calls $2
Rysiff: folds 
Joe_Li7: calls $1
*** FLOP *** [3d 8c 9c]
Joe_Li7: checks 
i_leontios: checks 
mr rossie40: bets $4.04
SGodoyJr: folds 
Joe_Li7: calls $4.04
i_leontios: folds 
*** TURN *** [3d 8c 9c] [7h]
Joe_Li7: checks 
mr rossie40: checks 
*** RIVER *** [3d 8c 9c 7h] [8d]
Joe_Li7: bets $13.50
mr rossie40: raises $38.03 to $51.53 and is all-in
Joe_Li7: calls $38.03
*** SHOW DOWN ***
mr rossie40: shows [Jd Qs] (a pair of Eights)
Joe_Li7: shows [5c 6c] (a straight, Five to Nine)
Joe_Li7 collected $117.14 from pot
*** SUMMARY ***
Total pot $119.64 | Rake $2.50 
Board [3d 8c 9c 7h 8d]
Seat 1: Rysiff (small blind) folded before Flop
Seat 2: Joe_Li7 (big blind) showed [5c 6c] and won ($117.14) with a straight, Five to Nine
Seat 3: Rdalonso folded before Flop (didn't bet)
Seat 4: i_leontios folded on the Flop
Seat 5: mr rossie40 showed [Jd Qs] and lost with a pair of Eights
Seat 6: SGodoyJr (button) folded on the Flop



PokerStars Hand #254498574277:  Hold'em No Limit ($0.50/$1.00 USD) - 2025/01/22 14:04:35 WET [2025/01/22 9:04:35 ET]
Table 'Leonisis II' 6-max Seat #1 is the button
Seat 5: mr rossie40 ($0 in chips) is sitting out
Seat 1: Rysiff ($192.44 in chips) 
Seat 2: Joe_Li7 ($177.19 in chips) 
Seat 3: Rdalonso ($130.17 in chips) 
Seat 4: i_leontios ($51.03 in chips) 
Seat 6: SGodoyJr ($113.76 in chips) 
Joe_Li7: posts small blind $0.50
Rdalonso: posts big blind $1
*** HOLE CARDS ***
i_leontios: folds 
SGodoyJr: folds 
Rysiff: folds 
Joe_Li7: raises $2 to $3
Rdalonso: calls $2
*** FLOP *** [6h 7d Qh]
Joe_Li7: bets $1.88
Rdalonso: calls $1.88
*** TURN *** [6h 7d Qh] [7h]
Joe_Li7: checks 
Rdalonso: bets $3.06
i_leontios is disconnected 
Joe_Li7: raises $7.68 to $10.74
Rdalonso: folds 
Uncalled bet ($7.68) returned to Joe_Li7
Joe_Li7 collected $15.09 from pot
*** SUMMARY ***
Total pot $15.88 | Rake $0.79 
Board [6h 7d Qh 7h]
Seat 5: mr rossie40
Seat 1: Rysiff (button) folded before Flop (didn't bet)
Seat 2: Joe_Li7 (small blind) collected ($15.09)
Seat 3: Rdalonso (big blind) folded on the Turn
Seat 4: i_leontios folded before Flop (didn't bet)
Seat 6: SGodoyJr folded before Flop (didn't bet)



PokerStars Hand #254498588521:  Hold'em No Limit ($0.50/$1.00 USD) - 2025/01/22 14:05:57 WET [2025/01/22 9:05:57 ET]
Table 'Leonisis II' 6-max Seat #2 is the button
Seat 4: i_leontios ($51.03 in chips) is sitting out
Seat 5: mr rossie40 ($0 in chips) is sitting out
Seat 6: SGodoyJr ($113.76 in chips) is sitting out
Seat 1: Rysiff ($192.44 in chips) 
Seat 2: Joe_Li7 ($184.34 in chips) 
Seat 3: Rdalonso ($122.23 in chips) 
Rdalonso: posts small blind $0.50
SGodoyJr: is sitting out 
Rysiff: posts big blind $1
*** HOLE CARDS ***
Joe_Li7: raises $1.50 to $2.50
Rdalonso: folds 
Rysiff: folds 
Uncalled bet ($1.50) returned to Joe_Li7
Joe_Li7 collected $2.50 from pot
*** SUMMARY ***
Total pot $2.50 | Rake $0 
Seat 4: i_leontios
Seat 5: mr rossie40
Seat 6: SGodoyJr
Seat 1: Rysiff (big blind) folded before Flop
Seat 2: Joe_Li7 (button) collected ($2.50)
Seat 3: Rdalonso (small blind) folded before Flop



PokerStars Hand #254498590806:  Hold'em No Limit ($0.50/$1.00 USD) - 2025/01/22 14:06:11 WET [2025/01/22 9:06:11 ET]
Table 'Leonisis II' 6-max Seat #3 is the button
Seat 4: i_leontios ($51.03 in chips) is sitting out
Seat 5: mr rossie40 ($0 in chips) is sitting out
Seat 6: SGodoyJr ($113.76 in chips) is sitting out
Seat 1: Rysiff ($191.44 in chips) 
Seat 2: Joe_Li7 ($185.84 in chips) 
Seat 3: Rdalonso ($121.73 in chips) 
Rysiff: posts small blind $0.50
Joe_Li7: posts big blind $1
*** HOLE CARDS ***
Rdalonso: raises $1.50 to $2.50
SGodoyJr leaves the table
Rysiff: folds 
Joe_Li7: folds 
Uncalled bet ($1.50) returned to Rdalonso
Rdalonso collected $2.50 from pot
Rdalonso: doesn't show hand 
*** SUMMARY ***
Total pot $2.50 | Rake $0 
Seat 4: i_leontios
Seat 5: mr rossie40
Seat 6: SGodoyJr
Seat 1: Rysiff (small blind) folded before Flop
Seat 2: Joe_Li7 (big blind) folded before Flop
Seat 3: Rdalonso (button) collected ($2.50)



PokerStars Hand #254498592871:  Hold'em No Limit ($0.50/$1.00 USD) - 2025/01/22 14:06:22 WET [2025/01/22 9:06:22 ET]
Table 'Leonisis II' 6-max Seat #1 is the button
Seat 4: i_leontios ($51.03 in chips) is sitting out
Seat 5: mr rossie40 ($0 in chips) is sitting out
Seat 1: Rysiff ($190.94 in chips) 
Seat 2: Joe_Li7 ($184.84 in chips) 
Seat 3: Rdalonso ($123.23 in chips) 
Joe_Li7: posts small blind $0.50
Rdalonso: posts big blind $1
*** HOLE CARDS ***
Rysiff: folds 
Joe_Li7: raises $2 to $3
Rdalonso: folds 
Uncalled bet ($2) returned to Joe_Li7
Joe_Li7 collected $2 from pot
*** SUMMARY ***
Total pot $2 | Rake $0 
Seat 4: i_leontios
Seat 5: mr rossie40
Seat 1: Rysiff (button) folded before Flop (didn't bet)
Seat 2: Joe_Li7 (small blind) collected ($2)
Seat 3: Rdalonso (big blind) folded before Flop



PokerStars Hand #254498595470:  Hold'em No Limit ($0.50/$1.00 USD) - 2025/01/22 14:06:37 WET [2025/01/22 9:06:37 ET]
Table 'Leonisis II' 6-max Seat #2 is the button
Seat 4: i_leontios ($51.03 in chips) is sitting out
Seat 5: mr rossie40 ($0 in chips) is sitting out
Seat 1: Rysiff ($190.94 in chips) 
Seat 2: Joe_Li7 ($185.84 in chips) 
Seat 3: Rdalonso ($122.23 in chips) 
Rdalonso: posts small blind $0.50
Rysiff: posts big blind $1
*** HOLE CARDS ***
Evelexy1 joins the table at seat #6 
Joe_Li7: folds 
Rdalonso: folds 
Uncalled bet ($0.50) returned to Rysiff
Rysiff collected $1 from pot
Rysiff: doesn't show hand 
*** SUMMARY ***
Total pot $1 | Rake $0 
Seat 4: i_leontios
Seat 5: mr rossie40
Seat 1: Rysiff (big blind) collected ($1)
Seat 2: Joe_Li7 (button) folded before Flop (didn't bet)
Seat 3: Rdalonso (small blind) folded before Flop



PokerStars Hand #254498596858:  Hold'em No Limit ($0.50/$1.00 USD) - 2025/01/22 14:06:45 WET [2025/01/22 9:06:45 ET]
Table 'Leonisis II' 6-max Seat #3 is the button
Seat 4: i_leontios ($51.03 in chips) is sitting out
Seat 5: mr rossie40 ($0 in chips) is sitting out
Seat 6: Evelexy1 ($100 in chips) is sitting out
Seat 1: Rysiff ($191.44 in chips) 
Seat 2: Joe_Li7 ($185.84 in chips) 
Seat 3: Rdalonso ($121.73 in chips) 
Rysiff: posts small blind $0.50
Joe_Li7: posts big blind $1
*** HOLE CARDS ***
Rdalonso: raises $1.50 to $2.50
Rysiff: folds 
Joe_Li7: raises $8.50 to $11
Rdalonso: raises $13 to $24
Joe_Li7: folds 
Uncalled bet ($13) returned to Rdalonso
Rdalonso collected $22.50 from pot
Rdalonso: doesn't show hand 
*** SUMMARY ***
Total pot $22.50 | Rake $0 
Seat 4: i_leontios
Seat 5: mr rossie40
Seat 6: Evelexy1
Seat 1: Rysiff (small blind) folded before Flop
Seat 2: Joe_Li7 (big blind) folded before Flop
Seat 3: Rdalonso (button) collected ($22.50)



PokerStars Hand #254498601821:  Hold'em No Limit ($0.50/$1.00 USD) - 2025/01/22 14:07:14 WET [2025/01/22 9:07:14 ET]
Table 'Leonisis II' 6-max Seat #1 is the button
Seat 3: Rdalonso ($133.23 in chips) is sitting out
Seat 4: i_leontios ($51.03 in chips) is sitting out
Seat 5: mr rossie40 ($0 in chips) is sitting out
Seat 1: Rysiff ($190.94 in chips) 
Seat 2: Joe_Li7 ($174.84 in chips) 
Seat 6: Evelexy1 ($100 in chips) 
Joe_Li7: posts small blind $0.50
Rdalonso: is sitting out 
Evelexy1: posts big blind $1
*** HOLE CARDS ***
Rdalonso leaves the table
Rysiff: raises $1.50 to $2.50
Joe_Li7: folds 
Evelexy1: folds 
Uncalled bet ($1.50) returned to Rysiff
Rysiff collected $2.50 from pot
Rysiff: doesn't show hand 
*** SUMMARY ***
Total pot $2.50 | Rake $0 
Seat 3: Rdalonso
Seat 4: i_leontios
Seat 5: mr rossie40
Seat 1: Rysiff (button) collected ($2.50)
Seat 2: Joe_Li7 (small blind) folded before Flop
Seat 6: Evelexy1 (big blind) folded before Flop



PokerStars Hand #254498603327:  Hold'em No Limit ($0.50/$1.00 USD) - 2025/01/22 14:07:23 WET [2025/01/22 9:07:23 ET]
Table 'Leonisis II' 6-max Seat #2 is the button
Seat 4: i_leontios ($51.03 in chips) is sitting out
Seat 5: mr rossie40 ($0 in chips) is sitting out
Seat 1: Rysiff ($192.44 in chips) 
Seat 2: Joe_Li7 ($174.34 in chips) 
Seat 6: Evelexy1 ($100 in chips) 
Evelexy1: posts small blind $0.50
Rysiff: posts big blind $1
*** HOLE CARDS ***
GuigaMan joins the table at seat #3 
Joe_Li7: raises $1.50 to $2.50
Evelexy1: folds 
Rysiff: folds 
Uncalled bet ($1.50) returned to Joe_Li7
Joe_Li7 collected $2.50 from pot
*** SUMMARY ***
Total pot $2.50 | Rake $0 
Seat 4: i_leontios
Seat 5: mr rossie40
Seat 1: Rysiff (big blind) folded before Flop
Seat 2: Joe_Li7 (button) collected ($2.50)
Seat 6: Evelexy1 (small blind) folded before Flop



PokerStars Hand #254498605226:  Hold'em No Limit ($0.50/$1.00 USD) - 2025/01/22 14:07:34 WET [2025/01/22 9:07:34 ET]
Table 'Leonisis II' 6-max Seat #6 is the button
Seat 3: GuigaMan ($100 in chips) is sitting out
Seat 4: i_leontios ($51.03 in chips) is sitting out
Seat 5: mr rossie40 ($0 in chips) is sitting out
Seat 1: Rysiff ($191.44 in chips) 
Seat 2: Joe_Li7 ($175.84 in chips) 
Seat 6: Evelexy1 ($100 in chips) 
Rysiff: posts small blind $0.50
Joe_Li7: posts big blind $1
GuigaMan: sits out 
*** HOLE CARDS ***
Evelexy1: folds 
Rysiff: folds 
Uncalled bet ($0.50) returned to Joe_Li7
Joe_Li7 collected $1 from pot
*** SUMMARY ***
Total pot $1 | Rake $0 
Seat 3: GuigaMan
Seat 4: i_leontios
Seat 5: mr rossie40
Seat 1: Rysiff (small blind) folded before Flop
Seat 2: Joe_Li7 (big blind) collected ($1)
Seat 6: Evelexy1 (button) folded before Flop (didn't bet)



PokerStars Hand #254498606386:  Hold'em No Limit ($0.50/$1.00 USD) - 2025/01/22 14:07:41 WET [2025/01/22 9:07:41 ET]
Table 'Leonisis II' 6-max Seat #1 is the button
Seat 4: i_leontios ($51.03 in chips) is sitting out
Seat 5: mr rossie40 ($0 in chips) is sitting out
Seat 1: Rysiff ($190.94 in chips) 
Seat 2: Joe_Li7 ($176.34 in chips) 
Seat 3: GuigaMan ($100 in chips) 
Seat 6: Evelexy1 ($100 in chips) 
Joe_Li7: posts small blind $0.50
GuigaMan: posts big blind $1
*** HOLE CARDS ***
Evelexy1: folds 
Rysiff: raises $1.50 to $2.50
Joe_Li7: folds 
GuigaMan: calls $1.50
*** FLOP *** [Jd As 5c]
GuigaMan: checks 
Rysiff: bets $1.72
GuigaMan: calls $1.72
*** TURN *** [Jd As 5c] [8s]
GuigaMan: checks 
Rysiff: bets $6.79
GuigaMan: calls $6.79
*** RIVER *** [Jd As 5c 8s] [2c]
GuigaMan: checks 
Rysiff: checks 
*** SHOW DOWN ***
GuigaMan: shows [4s Js] (a pair of Jacks)
Rysiff: mucks hand 
GuigaMan collected $21.52 from pot
*** SUMMARY ***
Total pot $22.52 | Rake $1 
Board [Jd As 5c 8s 2c]
Seat 4: i_leontios
Seat 5: mr rossie40
Seat 1: Rysiff (button) mucked
Seat 2: Joe_Li7 (small blind) folded before Flop
Seat 3: GuigaMan (big blind) showed [4s Js] and won ($21.52) with a pair of Jacks
Seat 6: Evelexy1 folded before Flop (didn't bet)



PokerStars Hand #254498613880:  Hold'em No Limit ($0.50/$1.00 USD) - 2025/01/22 14:08:24 WET [2025/01/22 9:08:24 ET]
Table 'Leonisis II' 6-max Seat #2 is the button
Seat 4: i_leontios ($51.03 in chips) is sitting out
Seat 5: mr rossie40 ($0 in chips) is sitting out
Seat 1: Rysiff ($179.93 in chips) 
Seat 2: Joe_Li7 ($175.84 in chips) 
Seat 3: GuigaMan ($110.51 in chips) 
Seat 6: Evelexy1 ($100 in chips) 
GuigaMan: posts small blind $0.50
Evelexy1: posts big blind $1
*** HOLE CARDS ***
Rysiff: folds 
Joe_Li7: folds 
GuigaMan: raises $2 to $3
Evelexy1: calls $2
*** FLOP *** [3c 3s Jd]
GuigaMan: checks 
Evelexy1: checks 
*** TURN *** [3c 3s Jd] [4c]
GuigaMan: checks 
Evelexy1: checks 
*** RIVER *** [3c 3s Jd 4c] [Qs]
GuigaMan: checks 
Evelexy1: checks 
*** SHOW DOWN ***
GuigaMan: shows [Ac 9h] (a pair of Threes)
Evelexy1: shows [Ts Ad] (a pair of Threes)
GuigaMan collected $2.85 from pot
Evelexy1 collected $2.85 from pot
i_leontios leaves the table
mr rossie40 leaves the table
*** SUMMARY ***
Total pot $6 | Rake $0.30 
Board [3c 3s Jd 4c Qs]
Seat 4: i_leontios
Seat 5: mr rossie40
Seat 1: Rysiff folded before Flop (didn't bet)
Seat 2: Joe_Li7 (button) folded before Flop (didn't bet)
Seat 3: GuigaMan (small blind) showed [Ac 9h] and won ($2.85) with a pair of Threes
Seat 6: Evelexy1 (big blind) showed [Ts Ad] and won ($2.85) with a pair of Threes



PokerStars Hand #254498617171:  Hold'em No Limit ($0.50/$1.00 USD) - 2025/01/22 14:08:43 WET [2025/01/22 9:08:43 ET]
Table 'Leonisis II' 6-max Seat #3 is the button
Seat 1: Rysiff ($179.93 in chips) 
Seat 2: Joe_Li7 ($175.84 in chips) 
Seat 3: GuigaMan ($110.36 in chips) 
Seat 6: Evelexy1 ($100 in chips) 
Evelexy1: posts small blind $0.50
Rysiff: posts big blind $1
*** HOLE CARDS ***
Joe_Li7: folds 
GuigaMan: folds 
Evelexy1: folds 
Uncalled bet ($0.50) returned to Rysiff
Rysiff collected $1 from pot
Rysiff: doesn't show hand 
poker_soul11 joins the table at seat #5 
*** SUMMARY ***
Total pot $1 | Rake $0 
Seat 1: Rysiff (big blind) collected ($1)
Seat 2: Joe_Li7 folded before Flop (didn't bet)
Seat 3: GuigaMan (button) folded before Flop (didn't bet)
Seat 6: Evelexy1 (small blind) folded before Flop



PokerStars Hand #254498618835:  Hold'em No Limit ($0.50/$1.00 USD) - 2025/01/22 14:08:52 WET [2025/01/22 9:08:52 ET]
Table 'Leonisis II' 6-max Seat #6 is the button
Seat 2: Joe_Li7 ($175.84 in chips) is sitting out
Seat 5: poker_soul11 ($100 in chips) is sitting out
Seat 1: Rysiff ($180.43 in chips) 
Seat 3: GuigaMan ($110.36 in chips) 
Seat 6: Evelexy1 ($100 in chips) 
Rysiff: posts small blind $0.50
Joe_Li7: is sitting out 
GuigaMan: posts big blind $1
poker_soul11: sits out 
*** HOLE CARDS ***
Evelexy1: folds 
Rysiff: folds 
Uncalled bet ($0.50) returned to GuigaMan
GuigaMan collected $1 from pot
Joe_Li7 leaves the table
*** SUMMARY ***
Total pot $1 | Rake $0 
Seat 2: Joe_Li7
Seat 5: poker_soul11
Seat 1: Rysiff (small blind) folded before Flop
Seat 3: GuigaMan (big blind) collected ($1)
Seat 6: Evelexy1 (button) folded before Flop (didn't bet)



PokerStars Hand #254498620468:  Hold'em No Limit ($0.50/$1.00 USD) - 2025/01/22 14:09:02 WET [2025/01/22 9:09:02 ET]
Table 'Leonisis II' 6-max Seat #1 is the button
Seat 1: Rysiff ($179.93 in chips) 
Seat 3: GuigaMan ($110.86 in chips) 
Seat 5: poker_soul11 ($100 in chips) 
Seat 6: Evelexy1 ($100 in chips) 
GuigaMan: posts small blind $0.50
poker_soul11: posts big blind $1
*** HOLE CARDS ***
Evelexy1: raises $1.50 to $2.50
Rysiff: folds 
GuigaMan: folds 
Rysiff leaves the table
poker_soul11: calls $1.50
*** FLOP *** [4s 2c 8h]
poker_soul11: checks 
Evelexy1: bets $1.74
poker_soul11: calls $1.74
*** TURN *** [4s 2c 8h] [Th]
poker_soul11: checks 
Evelexy1: checks 
*** RIVER *** [4s 2c 8h Th] [Td]
poker_soul11: checks 
Evelexy1: checks 
*** SHOW DOWN ***
poker_soul11: shows [5s 5c] (two pair, Tens and Fives)
Evelexy1: mucks hand 
poker_soul11 collected $8.53 from pot
*** SUMMARY ***
Total pot $8.98 | Rake $0.45 
Board [4s 2c 8h Th Td]
Seat 1: Rysiff (button) folded before Flop (didn't bet)
Seat 3: GuigaMan (small blind) folded before Flop
Seat 5: poker_soul11 (big blind) showed [5s 5c] and won ($8.53) with two pair, Tens and Fives
Seat 6: Evelexy1 mucked



PokerStars Hand #254498632722:  Hold'em No Limit ($0.50/$1.00 USD) - 2025/01/22 14:10:11 WET [2025/01/22 9:10:11 ET]
Table 'Leonisis II' 6-max Seat #3 is the button
Seat 3: GuigaMan ($110.36 in chips) 
Seat 5: poker_soul11 ($104.29 in chips) 
Seat 6: Evelexy1 ($100 in chips) 
poker_soul11: posts small blind $0.50
Evelexy1: posts big blind $1
*** HOLE CARDS ***
GuigaMan: raises $1.50 to $2.50
poker_soul11: raises $9.50 to $12
Evelexy1: folds 
GuigaMan: folds 
Uncalled bet ($9.50) returned to poker_soul11
poker_soul11 collected $6 from pot
poker_soul11: doesn't show hand 
*** SUMMARY ***
Total pot $6 | Rake $0 
Seat 3: GuigaMan (button) folded before Flop
Seat 5: poker_soul11 (small blind) collected ($6)
Seat 6: Evelexy1 (big blind) folded before Flop



PokerStars Hand #254498636231:  Hold'em No Limit ($0.50/$1.00 USD) - 2025/01/22 14:10:31 WET [2025/01/22 9:10:31 ET]
Table 'Leonisis II' 6-max Seat #5 is the button
Seat 3: GuigaMan ($107.86 in chips) 
Seat 5: poker_soul11 ($107.79 in chips) 
Seat 6: Evelexy1 ($100 in chips) 
Evelexy1: posts small blind $0.50
GuigaMan: posts big blind $1
*** HOLE CARDS ***
poker_soul11: folds 
Evelexy1: raises $1.50 to $2.50
GuigaMan: folds 
Uncalled bet ($1.50) returned to Evelexy1
Evelexy1 collected $2 from pot
Evelexy1: doesn't show hand 
*** SUMMARY ***
Total pot $2 | Rake $0 
Seat 3: GuigaMan (big blind) folded before Flop
Seat 5: poker_soul11 (button) folded before Flop (didn't bet)
Seat 6: Evelexy1 (small blind) collected ($2)



PokerStars Hand #254498639090:  Hold'em No Limit ($0.50/$1.00 USD) - 2025/01/22 14:10:47 WET [2025/01/22 9:10:47 ET]
Table 'Leonisis II' 6-max Seat #6 is the button
Seat 3: GuigaMan ($106.86 in chips) 
Seat 5: poker_soul11 ($107.79 in chips) 
Seat 6: Evelexy1 ($101 in chips) 
GuigaMan: posts small blind $0.50
poker_soul11: posts big blind $1
*** HOLE CARDS ***
Evelexy1: folds 
GuigaMan: folds 
Uncalled bet ($0.50) returned to poker_soul11
poker_soul11 collected $1 from pot
poker_soul11: doesn't show hand 
*** SUMMARY ***
Total pot $1 | Rake $0 
Seat 3: GuigaMan (small blind) folded before Flop
Seat 5: poker_soul11 (big blind) collected ($1)
Seat 6: Evelexy1 (button) folded before Flop (didn't bet)



PokerStars Hand #254498640424:  Hold'em No Limit ($0.50/$1.00 USD) - 2025/01/22 14:10:54 WET [2025/01/22 9:10:54 ET]
Table 'Leonisis II' 6-max Seat #3 is the button
Seat 3: GuigaMan ($106.36 in chips) 
Seat 5: poker_soul11 ($108.29 in chips) 
Seat 6: Evelexy1 ($101 in chips) 
poker_soul11: posts small blind $0.50
Evelexy1: posts big blind $1
*** HOLE CARDS ***
GuigaMan: folds 
poker_soul11: raises $2 to $3
Evelexy1: raises $6 to $9
poker_soul11: folds 
Uncalled bet ($6) returned to Evelexy1
Evelexy1 collected $6 from pot
Evelexy1: doesn't show hand 
*** SUMMARY ***
Total pot $6 | Rake $0 
Seat 3: GuigaMan (button) folded before Flop (didn't bet)
Seat 5: poker_soul11 (small blind) folded before Flop
Seat 6: Evelexy1 (big blind) collected ($6)



PokerStars Hand #254498644692:  Hold'em No Limit ($0.50/$1.00 USD) - 2025/01/22 14:11:19 WET [2025/01/22 9:11:19 ET]
Table 'Leonisis II' 6-max Seat #5 is the button
Seat 3: GuigaMan ($106.36 in chips) 
Seat 5: poker_soul11 ($105.29 in chips) 
Seat 6: Evelexy1 ($104 in chips) 
Evelexy1: posts small blind $0.50
GuigaMan: posts big blind $1
*** HOLE CARDS ***
poker_soul11: raises $1.20 to $2.20
Evelexy1: folds 
GuigaMan: raises $8.80 to $11
poker_soul11: folds 
Uncalled bet ($8.80) returned to GuigaMan
GuigaMan collected $4.90 from pot
*** SUMMARY ***
Total pot $4.90 | Rake $0 
Seat 3: GuigaMan (big blind) collected ($4.90)
Seat 5: poker_soul11 (button) folded before Flop
Seat 6: Evelexy1 (small blind) folded before Flop



PokerStars Hand #254498648690:  Hold'em No Limit ($0.50/$1.00 USD) - 2025/01/22 14:11:41 WET [2025/01/22 9:11:41 ET]
Table 'Leonisis II' 6-max Seat #6 is the button
Seat 3: GuigaMan ($109.06 in chips) 
Seat 5: poker_soul11 ($103.09 in chips) 
Seat 6: Evelexy1 ($103.50 in chips) 
GuigaMan: posts small blind $0.50
poker_soul11: posts big blind $1
*** HOLE CARDS ***
Evelexy1: raises $1.50 to $2.50
GuigaMan: folds 
poker_soul11: calls $1.50
*** FLOP *** [8d 6s Qd]
poker_soul11: checks 
Evelexy1: checks 
*** TURN *** [8d 6s Qd] [Ad]
poker_soul11: checks 
Evelexy1: bets $1.74
poker_soul11: folds 
Uncalled bet ($1.74) returned to Evelexy1
Evelexy1 collected $5.22 from pot
Evelexy1: doesn't show hand 
*** SUMMARY ***
Total pot $5.50 | Rake $0.28 
Board [8d 6s Qd Ad]
Seat 3: GuigaMan (small blind) folded before Flop
Seat 5: poker_soul11 (big blind) folded on the Turn
Seat 6: Evelexy1 (button) collected ($5.22)



PokerStars Hand #254498656689:  Hold'em No Limit ($0.50/$1.00 USD) - 2025/01/22 14:12:27 WET [2025/01/22 9:12:27 ET]
Table 'Leonisis II' 6-max Seat #5 is the button
Seat 3: GuigaMan ($108.56 in chips) 
Seat 5: poker_soul11 ($100.59 in chips) 
poker_soul11: posts small blind $0.50
GuigaMan: posts big blind $1
*** HOLE CARDS ***
poker_soul11: folds 
Uncalled bet ($0.50) returned to GuigaMan
GuigaMan collected $1 from pot
*** SUMMARY ***
Total pot $1 | Rake $0 
Seat 3: GuigaMan (big blind) collected ($1)
Seat 5: poker_soul11 (button) (small blind) folded before Flop



PokerStars Hand #254498658208:  Hold'em No Limit ($0.50/$1.00 USD) - 2025/01/22 14:12:35 WET [2025/01/22 9:12:35 ET]
Table 'Leonisis II' 6-max Seat #3 is the button
Seat 3: GuigaMan ($109.06 in chips) 
Seat 5: poker_soul11 ($100.09 in chips) 
GuigaMan: posts small blind $0.50
poker_soul11: posts big blind $1
*** HOLE CARDS ***
GuigaMan: raises $1.50 to $2.50
poker_soul11: folds 
Uncalled bet ($1.50) returned to GuigaMan
GuigaMan collected $2 from pot
*** SUMMARY ***
Total pot $2 | Rake $0 
Seat 3: GuigaMan (button) (small blind) collected ($2)
Seat 5: poker_soul11 (big blind) folded before Flop



