PokerStars Hand #254508703520:  Hold'em No Limit ($0.50/$1.00 USD) - 2025/01/22 0:27:59 WET [2025/01/22 19:27:59 ET]
Table 'Kordula III' 6-max Seat #4 is the button
Seat 3: Brelan00 ($0 in chips) is sitting out
Seat 1: sutata ($100 in chips) 
Seat 2: Cositorto ($100 in chips) 
Seat 4: nastja336 ($176.13 in chips) 
Seat 5: p0pa4poker ($110 in chips) 
Seat 6: BGS013 ($100 in chips) 
p0pa4poker: posts small blind $0.50
BGS013: posts big blind $1
*** HOLE CARDS ***
sutata: folds 
Brelan00 leaves the table
ingbergas joins the table at seat #3 
Cositorto: raises $1 to $2
nastja336: folds 
p0pa4poker: folds 
BGS013: folds 
Uncalled bet ($1) returned to Cositorto
Cositorto collected $2.50 from pot
Cositorto: doesn't show hand 
*** SUMMARY ***
Total pot $2.50 | Rake $0 
Seat 3: Brelan00
Seat 1: sutata folded before Flop (didn't bet)
Seat 2: Cositorto collected ($2.50)
Seat 4: nastja336 (button) folded before Flop (didn't bet)
Seat 5: p0pa4poker (small blind) folded before Flop
Seat 6: BGS013 (big blind) folded before Flop



PokerStars Hand #254508707786:  Hold'em No Limit ($0.50/$1.00 USD) - 2025/01/22 0:28:21 WET [2025/01/22 19:28:21 ET]
Table 'Kordula III' 6-max Seat #5 is the button
Seat 1: sutata ($100 in chips) is sitting out
Seat 3: ingbergas ($100 in chips) is sitting out
Seat 2: Cositorto ($101.50 in chips) 
Seat 4: nastja336 ($176.13 in chips) 
Seat 5: p0pa4poker ($109.50 in chips) 
Seat 6: BGS013 ($100 in chips) 
BGS013: posts small blind $0.50
sutata: is sitting out 
Cositorto: posts big blind $1
ingbergas: sits out 
*** HOLE CARDS ***
nastja336: folds 
p0pa4poker: folds 
BGS013: raises $2 to $3
sutata leaves the table
Cositorto: calls $2
*** FLOP *** [Ah 8s Jh]
BGS013: checks 
Cositorto: checks 
*** TURN *** [Ah 8s Jh] [3d]
BGS013: bets $4.45
Cositorto: folds 
Uncalled bet ($4.45) returned to BGS013
BGS013 collected $5.70 from pot
BGS013: doesn't show hand 
*** SUMMARY ***
Total pot $6 | Rake $0.30 
Board [Ah 8s Jh 3d]
Seat 1: sutata
Seat 3: ingbergas
Seat 2: Cositorto (big blind) folded on the Turn
Seat 4: nastja336 folded before Flop (didn't bet)
Seat 5: p0pa4poker (button) folded before Flop (didn't bet)
Seat 6: BGS013 (small blind) collected ($5.70)



PokerStars Hand #254508715779:  Hold'em No Limit ($0.50/$1.00 USD) - 2025/01/22 0:29:03 WET [2025/01/22 19:29:03 ET]
Table 'Kordula III' 6-max Seat #6 is the button
Seat 2: Cositorto ($100 in chips) 
Seat 3: ingbergas ($100 in chips) 
Seat 4: nastja336 ($176.13 in chips) 
Seat 5: p0pa4poker ($109.50 in chips) 
Seat 6: BGS013 ($102.70 in chips) 
Cositorto: posts small blind $0.50
ingbergas: posts big blind $1
*** HOLE CARDS ***
nastja336: folds 
p0pa4poker: folds 
BGS013: raises $1.50 to $2.50
Cositorto: raises $8.75 to $11.25
ingbergas: folds 
BGS013: folds 
Uncalled bet ($8.75) returned to Cositorto
Cositorto collected $6 from pot
Cositorto: doesn't show hand 
numapu_33 joins the table at seat #1 
*** SUMMARY ***
Total pot $6 | Rake $0 
Seat 2: Cositorto (small blind) collected ($6)
Seat 3: ingbergas (big blind) folded before Flop
Seat 4: nastja336 folded before Flop (didn't bet)
Seat 5: p0pa4poker folded before Flop (didn't bet)
Seat 6: BGS013 (button) folded before Flop



PokerStars Hand #254508720418:  Hold'em No Limit ($0.50/$1.00 USD) - 2025/01/22 0:29:27 WET [2025/01/22 19:29:27 ET]
Table 'Kordula III' 6-max Seat #2 is the button
Seat 1: numapu_33 ($100 in chips) is sitting out
Seat 4: nastja336 ($176.13 in chips) is sitting out
Seat 2: Cositorto ($103.50 in chips) 
Seat 3: ingbergas ($100 in chips) 
Seat 5: p0pa4poker ($109.50 in chips) 
Seat 6: BGS013 ($100.20 in chips) 
ingbergas: posts small blind $0.50
nastja336: is sitting out 
p0pa4poker: posts big blind $1
numapu_33: sits out 
*** HOLE CARDS ***
BGS013: folds 
nastja336 leaves the table
Cositorto: folds 
ingbergas: folds 
Uncalled bet ($0.50) returned to p0pa4poker
p0pa4poker collected $1 from pot
p0pa4poker: doesn't show hand 
*** SUMMARY ***
Total pot $1 | Rake $0 
Seat 1: numapu_33
Seat 4: nastja336
Seat 2: Cositorto (button) folded before Flop (didn't bet)
Seat 3: ingbergas (small blind) folded before Flop
Seat 5: p0pa4poker (big blind) collected ($1)
Seat 6: BGS013 folded before Flop (didn't bet)



PokerStars Hand #254508722286:  Hold'em No Limit ($0.50/$1.00 USD) - 2025/01/22 0:29:36 WET [2025/01/22 19:29:36 ET]
Table 'Kordula III' 6-max Seat #3 is the button
Seat 1: numapu_33 ($100 in chips) is sitting out
Seat 2: Cositorto ($103.50 in chips) 
Seat 3: ingbergas ($100 in chips) 
Seat 5: p0pa4poker ($110 in chips) 
Seat 6: BGS013 ($100.20 in chips) 
p0pa4poker: posts small blind $0.50
BGS013: posts big blind $1
numapu_33: sits out 
*** HOLE CARDS ***
Cositorto: folds 
ingbergas: folds 
p0pa4poker: folds 
Uncalled bet ($0.50) returned to BGS013
BGS013 collected $1 from pot
BGS013: doesn't show hand 
*** SUMMARY ***
Total pot $1 | Rake $0 
Seat 1: numapu_33
Seat 2: Cositorto folded before Flop (didn't bet)
Seat 3: ingbergas (button) folded before Flop (didn't bet)
Seat 5: p0pa4poker (small blind) folded before Flop
Seat 6: BGS013 (big blind) collected ($1)



PokerStars Hand #254508723843:  Hold'em No Limit ($0.50/$1.00 USD) - 2025/01/22 0:29:45 WET [2025/01/22 19:29:45 ET]
Table 'Kordula III' 6-max Seat #5 is the button
Seat 1: numapu_33 ($100 in chips) 
Seat 2: Cositorto ($103.50 in chips) 
Seat 3: ingbergas ($100 in chips) 
Seat 5: p0pa4poker ($109.50 in chips) 
Seat 6: BGS013 ($100.70 in chips) 
BGS013: posts small blind $0.50
numapu_33: posts big blind $1
*** HOLE CARDS ***
Cositorto: raises $1 to $2
ingbergas: folds 
p0pa4poker: folds 
BGS013: raises $8 to $10
numapu_33: folds 
Cositorto: folds 
Uncalled bet ($8) returned to BGS013
BGS013 collected $5 from pot
BGS013: doesn't show hand 
*** SUMMARY ***
Total pot $5 | Rake $0 
Seat 1: numapu_33 (big blind) folded before Flop
Seat 2: Cositorto folded before Flop
Seat 3: ingbergas folded before Flop (didn't bet)
Seat 5: p0pa4poker (button) folded before Flop (didn't bet)
Seat 6: BGS013 (small blind) collected ($5)



PokerStars Hand #254508727431:  Hold'em No Limit ($0.50/$1.00 USD) - 2025/01/22 0:30:03 WET [2025/01/22 19:30:03 ET]
Table 'Kordula III' 6-max Seat #6 is the button
Seat 1: numapu_33 ($100 in chips) 
Seat 2: Cositorto ($101.50 in chips) 
Seat 3: ingbergas ($100 in chips) 
Seat 5: p0pa4poker ($109.50 in chips) 
Seat 6: BGS013 ($103.70 in chips) 
numapu_33: posts small blind $0.50
Cositorto: posts big blind $1
*** HOLE CARDS ***
ingbergas: folds 
p0pa4poker: folds 
BGS013: folds 
numapu_33: folds 
Uncalled bet ($0.50) returned to Cositorto
Spanky2Jacks joins the table at seat #4 
Cositorto collected $1 from pot
Cositorto: doesn't show hand 
Spanky2Jacks is disconnected 
*** SUMMARY ***
Total pot $1 | Rake $0 
Seat 1: numapu_33 (small blind) folded before Flop
Seat 2: Cositorto (big blind) collected ($1)
Seat 3: ingbergas folded before Flop (didn't bet)
Seat 5: p0pa4poker folded before Flop (didn't bet)
Seat 6: BGS013 (button) folded before Flop (didn't bet)



PokerStars Hand #254508729123:  Hold'em No Limit ($0.50/$1.00 USD) - 2025/01/22 0:30:12 WET [2025/01/22 19:30:12 ET]
Table 'Kordula III' 6-max Seat #1 is the button
Seat 4: Spanky2Jacks ($100 in chips) is sitting out
Seat 1: numapu_33 ($100 in chips) 
Seat 2: Cositorto ($102 in chips) 
Seat 3: ingbergas ($100 in chips) 
Seat 5: p0pa4poker ($109.50 in chips) 
Seat 6: BGS013 ($103.70 in chips) 
Cositorto: posts small blind $0.50
ingbergas: posts big blind $1
Spanky2Jacks: sits out 
*** HOLE CARDS ***
p0pa4poker: folds 
BGS013: folds 
numapu_33: folds 
Cositorto: raises $2 to $3
ingbergas: folds 
Uncalled bet ($2) returned to Cositorto
Cositorto collected $2 from pot
Cositorto: doesn't show hand 
*** SUMMARY ***
Total pot $2 | Rake $0 
Seat 4: Spanky2Jacks
Seat 1: numapu_33 (button) folded before Flop (didn't bet)
Seat 2: Cositorto (small blind) collected ($2)
Seat 3: ingbergas (big blind) folded before Flop
Seat 5: p0pa4poker folded before Flop (didn't bet)
Seat 6: BGS013 folded before Flop (didn't bet)



PokerStars Hand #254508731620:  Hold'em No Limit ($0.50/$1.00 USD) - 2025/01/22 0:30:25 WET [2025/01/22 19:30:25 ET]
Table 'Kordula III' 6-max Seat #2 is the button
Seat 1: numapu_33 ($100 in chips) 
Seat 2: Cositorto ($103 in chips) 
Seat 3: ingbergas ($100 in chips) 
Seat 4: Spanky2Jacks ($100 in chips) 
Seat 5: p0pa4poker ($109.50 in chips) 
Seat 6: BGS013 ($103.70 in chips) 
ingbergas: posts small blind $0.50
Spanky2Jacks: posts big blind $1
*** HOLE CARDS ***
p0pa4poker: folds 
BGS013: folds 
numapu_33: folds 
Cositorto: folds 
ingbergas: raises $2 to $3
Spanky2Jacks: folds 
Uncalled bet ($2) returned to ingbergas
ingbergas collected $2 from pot
ingbergas: doesn't show hand 
*** SUMMARY ***
Total pot $2 | Rake $0 
Seat 1: numapu_33 folded before Flop (didn't bet)
Seat 2: Cositorto (button) folded before Flop (didn't bet)
Seat 3: ingbergas (small blind) collected ($2)
Seat 4: Spanky2Jacks (big blind) folded before Flop
Seat 5: p0pa4poker folded before Flop (didn't bet)
Seat 6: BGS013 folded before Flop (didn't bet)



PokerStars Hand #254508735781:  Hold'em No Limit ($0.50/$1.00 USD) - 2025/01/22 0:30:47 WET [2025/01/22 19:30:47 ET]
Table 'Kordula III' 6-max Seat #3 is the button
Seat 5: p0pa4poker ($109.50 in chips) is sitting out
Seat 1: numapu_33 ($100 in chips) 
Seat 2: Cositorto ($103 in chips) 
Seat 3: ingbergas ($101 in chips) 
Seat 4: Spanky2Jacks ($99 in chips) 
Seat 6: BGS013 ($103.70 in chips) 
Spanky2Jacks: posts small blind $0.50
p0pa4poker: is sitting out 
BGS013: posts big blind $1
*** HOLE CARDS ***
numapu_33: folds 
Cositorto: folds 
ingbergas: raises $1.40 to $2.40
Spanky2Jacks: folds 
BGS013: calls $1.40
*** FLOP *** [8d 7c Js]
BGS013: checks 
ingbergas: bets $1.51
BGS013: calls $1.51
*** TURN *** [8d 7c Js] [9s]
BGS013: checks 
ingbergas: checks 
*** RIVER *** [8d 7c Js 9s] [Td]
BGS013: checks 
ingbergas: checks 
*** SHOW DOWN ***
BGS013: shows [9d Ah] (a straight, Seven to Jack)
ingbergas: shows [8s Ac] (a straight, Seven to Jack)
BGS013 collected $3.95 from pot
ingbergas collected $3.95 from pot
*** SUMMARY ***
Total pot $8.32 | Rake $0.42 
Board [8d 7c Js 9s Td]
Seat 5: p0pa4poker
Seat 1: numapu_33 folded before Flop (didn't bet)
Seat 2: Cositorto folded before Flop (didn't bet)
Seat 3: ingbergas (button) showed [8s Ac] and won ($3.95) with a straight, Seven to Jack
Seat 4: Spanky2Jacks (small blind) folded before Flop
Seat 6: BGS013 (big blind) showed [9d Ah] and won ($3.95) with a straight, Seven to Jack



PokerStars Hand #254508743067:  Hold'em No Limit ($0.50/$1.00 USD) - 2025/01/22 0:31:25 WET [2025/01/22 19:31:25 ET]
Table 'Kordula III' 6-max Seat #4 is the button
Seat 5: p0pa4poker ($109.50 in chips) is sitting out
Seat 1: numapu_33 ($100 in chips) 
Seat 2: Cositorto ($103 in chips) 
Seat 3: ingbergas ($101.04 in chips) 
Seat 4: Spanky2Jacks ($98.50 in chips) 
Seat 6: BGS013 ($103.74 in chips) 
BGS013: posts small blind $0.50
numapu_33: posts big blind $1
*** HOLE CARDS ***
Cositorto: folds 
ingbergas: raises $1.40 to $2.40
Spanky2Jacks: folds 
BGS013: folds 
numapu_33: folds 
Uncalled bet ($1.40) returned to ingbergas
ingbergas collected $2.50 from pot
ingbergas: doesn't show hand 
*** SUMMARY ***
Total pot $2.50 | Rake $0 
Seat 5: p0pa4poker
Seat 1: numapu_33 (big blind) folded before Flop
Seat 2: Cositorto folded before Flop (didn't bet)
Seat 3: ingbergas collected ($2.50)
Seat 4: Spanky2Jacks (button) folded before Flop (didn't bet)
Seat 6: BGS013 (small blind) folded before Flop



PokerStars Hand #254508745628:  Hold'em No Limit ($0.50/$1.00 USD) - 2025/01/22 0:31:38 WET [2025/01/22 19:31:38 ET]
Table 'Kordula III' 6-max Seat #6 is the button
Seat 5: p0pa4poker ($109.50 in chips) is sitting out
Seat 1: numapu_33 ($100 in chips) 
Seat 2: Cositorto ($103 in chips) 
Seat 3: ingbergas ($102.54 in chips) 
Seat 4: Spanky2Jacks ($98.50 in chips) 
Seat 6: BGS013 ($103.24 in chips) 
numapu_33: posts small blind $0.50
Cositorto: posts big blind $1
p0pa4poker: sits out 
*** HOLE CARDS ***
ingbergas: folds 
Spanky2Jacks: calls $1
BGS013: folds 
numapu_33: folds 
Cositorto: checks 
*** FLOP *** [Th 9s 5c]
Cositorto: checks 
Spanky2Jacks: checks 
*** TURN *** [Th 9s 5c] [7d]
Cositorto: bets $1.50
Spanky2Jacks: calls $1.50
*** RIVER *** [Th 9s 5c 7d] [8h]
Cositorto: bets $2.61
Spanky2Jacks: calls $2.61
*** SHOW DOWN ***
Cositorto: shows [Jc 4h] (a straight, Seven to Jack)
Spanky2Jacks: mucks hand 
Cositorto collected $10.18 from pot
*** SUMMARY ***
Total pot $10.72 | Rake $0.54 
Board [Th 9s 5c 7d 8h]
Seat 5: p0pa4poker
Seat 1: numapu_33 (small blind) folded before Flop
Seat 2: Cositorto (big blind) showed [Jc 4h] and won ($10.18) with a straight, Seven to Jack
Seat 3: ingbergas folded before Flop (didn't bet)
Seat 4: Spanky2Jacks mucked
Seat 6: BGS013 (button) folded before Flop (didn't bet)



PokerStars Hand #254508758859:  Hold'em No Limit ($0.50/$1.00 USD) - 2025/01/22 0:32:47 WET [2025/01/22 19:32:47 ET]
Table 'Kordula III' 6-max Seat #1 is the button
Seat 5: p0pa4poker ($109.50 in chips) is sitting out
Seat 1: numapu_33 ($100 in chips) 
Seat 2: Cositorto ($108.07 in chips) 
Seat 3: ingbergas ($102.54 in chips) 
Seat 4: Spanky2Jacks ($93.39 in chips) 
Seat 6: BGS013 ($103.24 in chips) 
Cositorto: posts small blind $0.50
ingbergas: posts big blind $1
p0pa4poker: sits out 
*** HOLE CARDS ***
Spanky2Jacks: folds 
BGS013: folds 
numapu_33: folds 
Cositorto: raises $2 to $3
ingbergas: folds 
Uncalled bet ($2) returned to Cositorto
Cositorto collected $2 from pot
Cositorto: doesn't show hand 
*** SUMMARY ***
Total pot $2 | Rake $0 
Seat 5: p0pa4poker
Seat 1: numapu_33 (button) folded before Flop (didn't bet)
Seat 2: Cositorto (small blind) collected ($2)
Seat 3: ingbergas (big blind) folded before Flop
Seat 4: Spanky2Jacks folded before Flop (didn't bet)
Seat 6: BGS013 folded before Flop (didn't bet)



PokerStars Hand #254508761831:  Hold'em No Limit ($0.50/$1.00 USD) - 2025/01/22 0:33:02 WET [2025/01/22 19:33:02 ET]
Table 'Kordula III' 6-max Seat #2 is the button
Seat 5: p0pa4poker ($109.50 in chips) is sitting out
Seat 1: numapu_33 ($100 in chips) 
Seat 2: Cositorto ($109.07 in chips) 
Seat 3: ingbergas ($101.54 in chips) 
Seat 4: Spanky2Jacks ($93.39 in chips) 
Seat 6: BGS013 ($103.24 in chips) 
ingbergas: posts small blind $0.50
Spanky2Jacks: posts big blind $1
p0pa4poker: sits out 
*** HOLE CARDS ***
BGS013: raises $1 to $2
numapu_33: folds 
Cositorto: folds 
ingbergas: folds 
Spanky2Jacks: calls $1
*** FLOP *** [Ks 2d Ah]
Spanky2Jacks: checks 
BGS013: bets $1.11
Spanky2Jacks: folds 
Uncalled bet ($1.11) returned to BGS013
BGS013 collected $4.28 from pot
BGS013: doesn't show hand 
*** SUMMARY ***
Total pot $4.50 | Rake $0.22 
Board [Ks 2d Ah]
Seat 5: p0pa4poker
Seat 1: numapu_33 folded before Flop (didn't bet)
Seat 2: Cositorto (button) folded before Flop (didn't bet)
Seat 3: ingbergas (small blind) folded before Flop
Seat 4: Spanky2Jacks (big blind) folded on the Flop
Seat 6: BGS013 collected ($4.28)



PokerStars Hand #254508767617:  Hold'em No Limit ($0.50/$1.00 USD) - 2025/01/22 0:33:32 WET [2025/01/22 19:33:32 ET]
Table 'Kordula III' 6-max Seat #3 is the button
Seat 1: numapu_33 ($100 in chips) 
Seat 2: Cositorto ($109.07 in chips) 
Seat 3: ingbergas ($101.04 in chips) 
Seat 4: Spanky2Jacks ($91.39 in chips) 
Seat 5: p0pa4poker ($109.50 in chips) 
Seat 6: BGS013 ($105.52 in chips) 
Spanky2Jacks: posts small blind $0.50
p0pa4poker: posts big blind $1
*** HOLE CARDS ***
BGS013: raises $1 to $2
numapu_33: folds 
Cositorto: folds 
ingbergas: calls $2
Spanky2Jacks: folds 
p0pa4poker: folds 
*** FLOP *** [Qd Qh 5d]
BGS013: bets $1.36
ingbergas: calls $1.36
*** TURN *** [Qd Qh 5d] [2c]
BGS013: bets $6.09
ingbergas: folds 
Uncalled bet ($6.09) returned to BGS013
BGS013 collected $7.81 from pot
BGS013: doesn't show hand 
*** SUMMARY ***
Total pot $8.22 | Rake $0.41 
Board [Qd Qh 5d 2c]
Seat 1: numapu_33 folded before Flop (didn't bet)
Seat 2: Cositorto folded before Flop (didn't bet)
Seat 3: ingbergas (button) folded on the Turn
Seat 4: Spanky2Jacks (small blind) folded before Flop
Seat 5: p0pa4poker (big blind) folded before Flop
Seat 6: BGS013 collected ($7.81)



PokerStars Hand #254508773690:  Hold'em No Limit ($0.50/$1.00 USD) - 2025/01/22 0:34:04 WET [2025/01/22 19:34:04 ET]
Table 'Kordula III' 6-max Seat #4 is the button
Seat 1: numapu_33 ($100 in chips) 
Seat 2: Cositorto ($109.07 in chips) 
Seat 3: ingbergas ($100 in chips) 
Seat 4: Spanky2Jacks ($90.89 in chips) 
Seat 5: p0pa4poker ($108.50 in chips) 
Seat 6: BGS013 ($109.97 in chips) 
p0pa4poker: posts small blind $0.50
BGS013: posts big blind $1
*** HOLE CARDS ***
numapu_33: raises $1.50 to $2.50
Cositorto: folds 
ingbergas: folds 
Spanky2Jacks: folds 
p0pa4poker: folds 
BGS013: folds 
Uncalled bet ($1.50) returned to numapu_33
numapu_33 collected $2.50 from pot
numapu_33: doesn't show hand 
*** SUMMARY ***
Total pot $2.50 | Rake $0 
Seat 1: numapu_33 collected ($2.50)
Seat 2: Cositorto folded before Flop (didn't bet)
Seat 3: ingbergas folded before Flop (didn't bet)
Seat 4: Spanky2Jacks (button) folded before Flop (didn't bet)
Seat 5: p0pa4poker (small blind) folded before Flop
Seat 6: BGS013 (big blind) folded before Flop



PokerStars Hand #254508777301:  Hold'em No Limit ($0.50/$1.00 USD) - 2025/01/22 0:34:23 WET [2025/01/22 19:34:23 ET]
Table 'Kordula III' 6-max Seat #5 is the button
Seat 1: numapu_33 ($101.50 in chips) 
Seat 2: Cositorto ($109.07 in chips) 
Seat 3: ingbergas ($100 in chips) 
Seat 4: Spanky2Jacks ($90.89 in chips) 
Seat 5: p0pa4poker ($108 in chips) 
Seat 6: BGS013 ($108.97 in chips) 
BGS013: posts small blind $0.50
numapu_33: posts big blind $1
*** HOLE CARDS ***
Cositorto: folds 
ingbergas: folds 
Spanky2Jacks: folds 
p0pa4poker: raises $1.50 to $2.50
BGS013: folds 
numapu_33: folds 
Uncalled bet ($1.50) returned to p0pa4poker
p0pa4poker collected $2.50 from pot
p0pa4poker: doesn't show hand 
*** SUMMARY ***
Total pot $2.50 | Rake $0 
Seat 1: numapu_33 (big blind) folded before Flop
Seat 2: Cositorto folded before Flop (didn't bet)
Seat 3: ingbergas folded before Flop (didn't bet)
Seat 4: Spanky2Jacks folded before Flop (didn't bet)
Seat 5: p0pa4poker (button) collected ($2.50)
Seat 6: BGS013 (small blind) folded before Flop



PokerStars Hand #254508779906:  Hold'em No Limit ($0.50/$1.00 USD) - 2025/01/22 0:34:36 WET [2025/01/22 19:34:36 ET]
Table 'Kordula III' 6-max Seat #6 is the button
Seat 1: numapu_33 ($100.50 in chips) 
Seat 2: Cositorto ($109.07 in chips) 
Seat 3: ingbergas ($100 in chips) 
Seat 4: Spanky2Jacks ($90.89 in chips) 
Seat 5: p0pa4poker ($109.50 in chips) 
Seat 6: BGS013 ($108.47 in chips) 
numapu_33: posts small blind $0.50
Cositorto: posts big blind $1
*** HOLE CARDS ***
ingbergas: raises $1 to $2
Spanky2Jacks: calls $2
p0pa4poker: folds 
BGS013: folds 
numapu_33: calls $1.50
Cositorto: folds 
*** FLOP *** [Td Qh Qd]
numapu_33: checks 
ingbergas: bets $2
Spanky2Jacks: calls $2
numapu_33: folds 
*** TURN *** [Td Qh Qd] [6s]
ingbergas: bets $3.14
Spanky2Jacks: calls $3.14
*** RIVER *** [Td Qh Qd 6s] [Qc]
ingbergas: checks 
Spanky2Jacks: checks 
*** SHOW DOWN ***
ingbergas: shows [9d Kd] (three of a kind, Queens)
Spanky2Jacks: shows [Jc Kh] (three of a kind, Queens - King+Jack kicker)
Spanky2Jacks collected $16.42 from pot
*** SUMMARY ***
Total pot $17.28 | Rake $0.86 
Board [Td Qh Qd 6s Qc]
Seat 1: numapu_33 (small blind) folded on the Flop
Seat 2: Cositorto (big blind) folded before Flop
Seat 3: ingbergas showed [9d Kd] and lost with three of a kind, Queens
Seat 4: Spanky2Jacks showed [Jc Kh] and won ($16.42) with three of a kind, Queens
Seat 5: p0pa4poker folded before Flop (didn't bet)
Seat 6: BGS013 (button) folded before Flop (didn't bet)



PokerStars Hand #254508789829:  Hold'em No Limit ($0.50/$1.00 USD) - 2025/01/22 0:35:28 WET [2025/01/22 19:35:28 ET]
Table 'Kordula III' 6-max Seat #1 is the button
Seat 1: numapu_33 ($100 in chips) 
Seat 2: Cositorto ($108.07 in chips) 
Seat 3: ingbergas ($100 in chips) 
Seat 4: Spanky2Jacks ($100.17 in chips) 
Seat 5: p0pa4poker ($109.50 in chips) 
Seat 6: BGS013 ($108.47 in chips) 
Cositorto: posts small blind $0.50
ingbergas: posts big blind $1
*** HOLE CARDS ***
Spanky2Jacks: calls $1
p0pa4poker: folds 
BGS013: folds 
numapu_33: folds 
Cositorto: folds 
ingbergas: raises $4 to $5
Spanky2Jacks: folds 
Uncalled bet ($4) returned to ingbergas
ingbergas collected $2.50 from pot
ingbergas: doesn't show hand 
*** SUMMARY ***
Total pot $2.50 | Rake $0 
Seat 1: numapu_33 (button) folded before Flop (didn't bet)
Seat 2: Cositorto (small blind) folded before Flop
Seat 3: ingbergas (big blind) collected ($2.50)
Seat 4: Spanky2Jacks folded before Flop
Seat 5: p0pa4poker folded before Flop (didn't bet)
Seat 6: BGS013 folded before Flop (didn't bet)



PokerStars Hand #254508796009:  Hold'em No Limit ($0.50/$1.00 USD) - 2025/01/22 0:36:00 WET [2025/01/22 19:36:00 ET]
Table 'Kordula III' 6-max Seat #2 is the button
Seat 1: numapu_33 ($100 in chips) 
Seat 2: Cositorto ($107.57 in chips) 
Seat 3: ingbergas ($101.50 in chips) 
Seat 4: Spanky2Jacks ($99.17 in chips) 
Seat 5: p0pa4poker ($109.50 in chips) 
Seat 6: BGS013 ($108.47 in chips) 
ingbergas: posts small blind $0.50
Spanky2Jacks: posts big blind $1
*** HOLE CARDS ***
p0pa4poker: folds 
BGS013: folds 
numapu_33: folds 
Cositorto: folds 
ingbergas: raises $2 to $3
Spanky2Jacks: folds 
Uncalled bet ($2) returned to ingbergas
ingbergas collected $2 from pot
ingbergas: doesn't show hand 
*** SUMMARY ***
Total pot $2 | Rake $0 
Seat 1: numapu_33 folded before Flop (didn't bet)
Seat 2: Cositorto (button) folded before Flop (didn't bet)
Seat 3: ingbergas (small blind) collected ($2)
Seat 4: Spanky2Jacks (big blind) folded before Flop
Seat 5: p0pa4poker folded before Flop (didn't bet)
Seat 6: BGS013 folded before Flop (didn't bet)



PokerStars Hand #254508799841:  Hold'em No Limit ($0.50/$1.00 USD) - 2025/01/22 0:36:20 WET [2025/01/22 19:36:20 ET]
Table 'Kordula III' 6-max Seat #3 is the button
Seat 1: numapu_33 ($100 in chips) 
Seat 2: Cositorto ($107.57 in chips) 
Seat 3: ingbergas ($102.50 in chips) 
Seat 4: Spanky2Jacks ($98.17 in chips) 
Seat 5: p0pa4poker ($109.50 in chips) 
Seat 6: BGS013 ($108.47 in chips) 
Spanky2Jacks: posts small blind $0.50
p0pa4poker: posts big blind $1
*** HOLE CARDS ***
BGS013: folds 
numapu_33: folds 
Cositorto: folds 
ingbergas: folds 
Spanky2Jacks: calls $0.50
p0pa4poker: raises $4 to $5
Spanky2Jacks: calls $4
*** FLOP *** [Ah 5c Ac]
Spanky2Jacks: checks 
p0pa4poker: bets $3.14
Spanky2Jacks: calls $3.14
*** TURN *** [Ah 5c Ac] [Td]
Spanky2Jacks: checks 
p0pa4poker: bets $9
Spanky2Jacks: calls $9
*** RIVER *** [Ah 5c Ac Td] [Tc]
Spanky2Jacks: checks 
p0pa4poker: checks 
*** SHOW DOWN ***
Spanky2Jacks: shows [Ad Kc] (a full house, Aces full of Tens)
p0pa4poker: mucks hand 
Spanky2Jacks collected $32.57 from pot
*** SUMMARY ***
Total pot $34.28 | Rake $1.71 
Board [Ah 5c Ac Td Tc]
Seat 1: numapu_33 folded before Flop (didn't bet)
Seat 2: Cositorto folded before Flop (didn't bet)
Seat 3: ingbergas (button) folded before Flop (didn't bet)
Seat 4: Spanky2Jacks (small blind) showed [Ad Kc] and won ($32.57) with a full house, Aces full of Tens
Seat 5: p0pa4poker (big blind) mucked
Seat 6: BGS013 folded before Flop (didn't bet)



PokerStars Hand #254508825839:  Hold'em No Limit ($0.50/$1.00 USD) - 2025/01/22 0:38:36 WET [2025/01/22 19:38:36 ET]
Table 'Kordula III' 6-max Seat #4 is the button
Seat 1: numapu_33 ($100 in chips) 
Seat 2: Cositorto ($107.57 in chips) 
Seat 3: ingbergas ($102.50 in chips) 
Seat 4: Spanky2Jacks ($113.60 in chips) 
Seat 5: p0pa4poker ($92.36 in chips) 
Seat 6: BGS013 ($108.47 in chips) 
p0pa4poker: posts small blind $0.50
BGS013: posts big blind $1
*** HOLE CARDS ***
numapu_33: folds 
Cositorto: raises $1 to $2
ingbergas: folds 
Spanky2Jacks: calls $2
p0pa4poker: raises $8 to $10
BGS013: folds 
Cositorto: raises $14.50 to $24.50
Spanky2Jacks: folds 
p0pa4poker: raises $67.86 to $92.36 and is all-in
Cositorto: folds 
Uncalled bet ($67.86) returned to p0pa4poker
p0pa4poker collected $52 from pot
p0pa4poker: doesn't show hand 
*** SUMMARY ***
Total pot $52 | Rake $0 
Seat 1: numapu_33 folded before Flop (didn't bet)
Seat 2: Cositorto folded before Flop
Seat 3: ingbergas folded before Flop (didn't bet)
Seat 4: Spanky2Jacks (button) folded before Flop
Seat 5: p0pa4poker (small blind) collected ($52)
Seat 6: BGS013 (big blind) folded before Flop



PokerStars Hand #254508836437:  Hold'em No Limit ($0.50/$1.00 USD) - 2025/01/22 0:39:32 WET [2025/01/22 19:39:32 ET]
Table 'Kordula III' 6-max Seat #5 is the button
Seat 1: numapu_33 ($100 in chips) 
Seat 2: Cositorto ($100 in chips) 
Seat 3: ingbergas ($102.50 in chips) 
Seat 4: Spanky2Jacks ($111.60 in chips) 
Seat 5: p0pa4poker ($119.86 in chips) 
Seat 6: BGS013 ($107.47 in chips) 
BGS013: posts small blind $0.50
numapu_33: posts big blind $1
*** HOLE CARDS ***
Cositorto: folds 
ingbergas: folds 
Spanky2Jacks: folds 
p0pa4poker: raises $1.50 to $2.50
BGS013: folds 
numapu_33: raises $9.50 to $12
p0pa4poker: folds 
Uncalled bet ($9.50) returned to numapu_33
numapu_33 collected $5.50 from pot
numapu_33: doesn't show hand 
*** SUMMARY ***
Total pot $5.50 | Rake $0 
Seat 1: numapu_33 (big blind) collected ($5.50)
Seat 2: Cositorto folded before Flop (didn't bet)
Seat 3: ingbergas folded before Flop (didn't bet)
Seat 4: Spanky2Jacks folded before Flop (didn't bet)
Seat 5: p0pa4poker (button) folded before Flop
Seat 6: BGS013 (small blind) folded before Flop



PokerStars Hand #254508841978:  Hold'em No Limit ($0.50/$1.00 USD) - 2025/01/22 0:40:01 WET [2025/01/22 19:40:01 ET]
Table 'Kordula III' 6-max Seat #6 is the button
Seat 2: Cositorto ($100 in chips) is sitting out
Seat 1: numapu_33 ($103 in chips) 
Seat 3: ingbergas ($102.50 in chips) 
Seat 4: Spanky2Jacks ($111.60 in chips) 
Seat 5: p0pa4poker ($117.36 in chips) 
Seat 6: BGS013 ($106.97 in chips) 
numapu_33: posts small blind $0.50
Cositorto: is sitting out 
ingbergas: posts big blind $1
*** HOLE CARDS ***
Cositorto leaves the table
michasia joins the table at seat #2 
Spanky2Jacks: calls $1
p0pa4poker: folds 
BGS013: raises $2.50 to $3.50
numapu_33: folds 
ingbergas: folds 
Spanky2Jacks: folds 
Uncalled bet ($2.50) returned to BGS013
BGS013 collected $3.50 from pot
BGS013: doesn't show hand 
*** SUMMARY ***
Total pot $3.50 | Rake $0 
Seat 2: Cositorto
Seat 1: numapu_33 (small blind) folded before Flop
Seat 3: ingbergas (big blind) folded before Flop
Seat 4: Spanky2Jacks folded before Flop
Seat 5: p0pa4poker folded before Flop (didn't bet)
Seat 6: BGS013 (button) collected ($3.50)



PokerStars Hand #254508848123:  Hold'em No Limit ($0.50/$1.00 USD) - 2025/01/22 0:40:33 WET [2025/01/22 19:40:33 ET]
Table 'Kordula III' 6-max Seat #1 is the button
Seat 2: michasia ($100 in chips) is sitting out
Seat 1: numapu_33 ($102.50 in chips) 
Seat 3: ingbergas ($101.50 in chips) 
Seat 4: Spanky2Jacks ($110.60 in chips) 
Seat 5: p0pa4poker ($117.36 in chips) 
Seat 6: BGS013 ($109.47 in chips) 
ingbergas: posts small blind $0.50
Spanky2Jacks: posts big blind $1
*** HOLE CARDS ***
p0pa4poker: folds 
BGS013: raises $1.50 to $2.50
numapu_33: calls $2.50
ingbergas: folds 
Spanky2Jacks: folds 
*** FLOP *** [8s 7h Th]
BGS013: checks 
numapu_33: bets $2
BGS013: calls $2
*** TURN *** [8s 7h Th] [2s]
BGS013: checks 
numapu_33: bets $7.49
BGS013: calls $7.49
*** RIVER *** [8s 7h Th 2s] [Qs]
BGS013: checks 
numapu_33: checks 
*** SHOW DOWN ***
BGS013: shows [Ts Kc] (a pair of Tens)
numapu_33: mucks hand 
BGS013 collected $24.21 from pot
*** SUMMARY ***
Total pot $25.48 | Rake $1.27 
Board [8s 7h Th 2s Qs]
Seat 2: michasia
Seat 1: numapu_33 (button) mucked
Seat 3: ingbergas (small blind) folded before Flop
Seat 4: Spanky2Jacks (big blind) folded before Flop
Seat 5: p0pa4poker folded before Flop (didn't bet)
Seat 6: BGS013 showed [Ts Kc] and won ($24.21) with a pair of Tens



PokerStars Hand #254508858392:  Hold'em No Limit ($0.50/$1.00 USD) - 2025/01/22 0:41:27 WET [2025/01/22 19:41:27 ET]
Table 'Kordula III' 6-max Seat #3 is the button
Seat 2: michasia ($100 in chips) is sitting out
Seat 1: numapu_33 ($100 in chips) 
Seat 3: ingbergas ($101 in chips) 
Seat 4: Spanky2Jacks ($109.60 in chips) 
Seat 5: p0pa4poker ($117.36 in chips) 
Seat 6: BGS013 ($121.69 in chips) 
Spanky2Jacks: posts small blind $0.50
p0pa4poker: posts big blind $1
michasia: sits out 
*** HOLE CARDS ***
BGS013: folds 
numapu_33: folds 
ingbergas: folds 
Spanky2Jacks: folds 
Uncalled bet ($0.50) returned to p0pa4poker
p0pa4poker collected $1 from pot
p0pa4poker: doesn't show hand 
*** SUMMARY ***
Total pot $1 | Rake $0 
Seat 2: michasia
Seat 1: numapu_33 folded before Flop (didn't bet)
Seat 3: ingbergas (button) folded before Flop (didn't bet)
Seat 4: Spanky2Jacks (small blind) folded before Flop
Seat 5: p0pa4poker (big blind) collected ($1)
Seat 6: BGS013 folded before Flop (didn't bet)



PokerStars Hand #254508861438:  Hold'em No Limit ($0.50/$1.00 USD) - 2025/01/22 0:41:44 WET [2025/01/22 19:41:44 ET]
Table 'Kordula III' 6-max Seat #4 is the button
Seat 2: michasia ($100 in chips) is sitting out
Seat 1: numapu_33 ($100 in chips) 
Seat 3: ingbergas ($101 in chips) 
Seat 4: Spanky2Jacks ($109.10 in chips) 
Seat 5: p0pa4poker ($117.86 in chips) 
Seat 6: BGS013 ($121.69 in chips) 
p0pa4poker: posts small blind $0.50
BGS013: posts big blind $1
michasia: sits out 
*** HOLE CARDS ***
numapu_33: folds 
ingbergas: raises $1.40 to $2.40
Spanky2Jacks: folds 
p0pa4poker: folds 
BGS013: calls $1.40
*** FLOP *** [7h 6s 8d]
BGS013: checks 
ingbergas: bets $1.51
BGS013: calls $1.51
*** TURN *** [7h 6s 8d] [Kh]
BGS013: checks 
ingbergas: bets $5.93
BGS013: folds 
Uncalled bet ($5.93) returned to ingbergas
ingbergas collected $7.90 from pot
ingbergas: doesn't show hand 
*** SUMMARY ***
Total pot $8.32 | Rake $0.42 
Board [7h 6s 8d Kh]
Seat 2: michasia
Seat 1: numapu_33 folded before Flop (didn't bet)
Seat 3: ingbergas collected ($7.90)
Seat 4: Spanky2Jacks (button) folded before Flop (didn't bet)
Seat 5: p0pa4poker (small blind) folded before Flop
Seat 6: BGS013 (big blind) folded on the Turn



PokerStars Hand #254508870632:  Hold'em No Limit ($0.50/$1.00 USD) - 2025/01/22 0:42:33 WET [2025/01/22 19:42:33 ET]
Table 'Kordula III' 6-max Seat #5 is the button
Seat 2: michasia ($100 in chips) is sitting out
Seat 1: numapu_33 ($100 in chips) 
Seat 3: ingbergas ($104.99 in chips) 
Seat 4: Spanky2Jacks ($109.10 in chips) 
Seat 5: p0pa4poker ($117.36 in chips) 
Seat 6: BGS013 ($117.78 in chips) 
BGS013: posts small blind $0.50
numapu_33: posts big blind $1
michasia: sits out 
*** HOLE CARDS ***
ingbergas: folds 
Spanky2Jacks: folds 
p0pa4poker: folds 
BGS013: raises $2 to $3
numapu_33: calls $2
*** FLOP *** [9s 2c 2d]
BGS013: bets $1.48
numapu_33: calls $1.48
*** TURN *** [9s 2c 2d] [Kh]
BGS013: bets $6.64
numapu_33: raises $17.36 to $24
BGS013: folds 
Uncalled bet ($17.36) returned to numapu_33
numapu_33 collected $21.13 from pot
numapu_33: doesn't show hand 
*** SUMMARY ***
Total pot $22.24 | Rake $1.11 
Board [9s 2c 2d Kh]
Seat 2: michasia
Seat 1: numapu_33 (big blind) collected ($21.13)
Seat 3: ingbergas folded before Flop (didn't bet)
Seat 4: Spanky2Jacks folded before Flop (didn't bet)
Seat 5: p0pa4poker (button) folded before Flop (didn't bet)
Seat 6: BGS013 (small blind) folded on the Turn



PokerStars Hand #254508882320:  Hold'em No Limit ($0.50/$1.00 USD) - 2025/01/22 0:43:35 WET [2025/01/22 19:43:35 ET]
Table 'Kordula III' 6-max Seat #6 is the button
Seat 1: numapu_33 ($110.01 in chips) 
Seat 2: michasia ($100 in chips) 
Seat 3: ingbergas ($104.99 in chips) 
Seat 4: Spanky2Jacks ($109.10 in chips) 
Seat 5: p0pa4poker ($117.36 in chips) 
Seat 6: BGS013 ($106.66 in chips) 
numapu_33: posts small blind $0.50
michasia: posts big blind $1
*** HOLE CARDS ***
ingbergas: folds 
Spanky2Jacks: folds 
p0pa4poker: folds 
BGS013: raises $1.50 to $2.50
numapu_33: folds 
michasia: folds 
Uncalled bet ($1.50) returned to BGS013
BGS013 collected $2.50 from pot
BGS013: doesn't show hand 
*** SUMMARY ***
Total pot $2.50 | Rake $0 
Seat 1: numapu_33 (small blind) folded before Flop
Seat 2: michasia (big blind) folded before Flop
Seat 3: ingbergas folded before Flop (didn't bet)
Seat 4: Spanky2Jacks folded before Flop (didn't bet)
Seat 5: p0pa4poker folded before Flop (didn't bet)
Seat 6: BGS013 (button) collected ($2.50)



PokerStars Hand #254508885924:  Hold'em No Limit ($0.50/$1.00 USD) - 2025/01/22 0:43:54 WET [2025/01/22 19:43:54 ET]
Table 'Kordula III' 6-max Seat #1 is the button
Seat 1: numapu_33 ($109.51 in chips) 
Seat 2: michasia ($100 in chips) 
Seat 3: ingbergas ($104.99 in chips) 
Seat 4: Spanky2Jacks ($109.10 in chips) 
Seat 5: p0pa4poker ($117.36 in chips) 
Seat 6: BGS013 ($108.16 in chips) 
michasia: posts small blind $0.50
ingbergas: posts big blind $1
*** HOLE CARDS ***
Spanky2Jacks: folds 
p0pa4poker: folds 
BGS013: raises $1.50 to $2.50
numapu_33: folds 
michasia: folds 
ingbergas: folds 
Uncalled bet ($1.50) returned to BGS013
BGS013 collected $2.50 from pot
BGS013: doesn't show hand 
*** SUMMARY ***
Total pot $2.50 | Rake $0 
Seat 1: numapu_33 (button) folded before Flop (didn't bet)
Seat 2: michasia (small blind) folded before Flop
Seat 3: ingbergas (big blind) folded before Flop
Seat 4: Spanky2Jacks folded before Flop (didn't bet)
Seat 5: p0pa4poker folded before Flop (didn't bet)
Seat 6: BGS013 collected ($2.50)



PokerStars Hand #254508891211:  Hold'em No Limit ($0.50/$1.00 USD) - 2025/01/22 0:44:23 WET [2025/01/22 19:44:23 ET]
Table 'Kordula III' 6-max Seat #2 is the button
Seat 1: numapu_33 ($109.51 in chips) 
Seat 2: michasia ($100 in chips) 
Seat 3: ingbergas ($103.99 in chips) 
Seat 4: Spanky2Jacks ($109.10 in chips) 
Seat 5: p0pa4poker ($117.36 in chips) 
Seat 6: BGS013 ($109.66 in chips) 
ingbergas: posts small blind $0.50
Spanky2Jacks: posts big blind $1
*** HOLE CARDS ***
p0pa4poker: folds 
BGS013: folds 
numapu_33: folds 
michasia: raises $1.80 to $2.80
ingbergas: folds 
Spanky2Jacks: calls $1.80
*** FLOP *** [7s 6c 9h]
Spanky2Jacks: checks 
michasia: bets $1.91
Spanky2Jacks: folds 
Uncalled bet ($1.91) returned to michasia
michasia collected $5.80 from pot
michasia: doesn't show hand 
*** SUMMARY ***
Total pot $6.10 | Rake $0.30 
Board [7s 6c 9h]
Seat 1: numapu_33 folded before Flop (didn't bet)
Seat 2: michasia (button) collected ($5.80)
Seat 3: ingbergas (small blind) folded before Flop
Seat 4: Spanky2Jacks (big blind) folded on the Flop
Seat 5: p0pa4poker folded before Flop (didn't bet)
Seat 6: BGS013 folded before Flop (didn't bet)



PokerStars Hand #254508899909:  Hold'em No Limit ($0.50/$1.00 USD) - 2025/01/22 0:45:10 WET [2025/01/22 19:45:10 ET]
Table 'Kordula III' 6-max Seat #3 is the button
Seat 1: numapu_33 ($109.51 in chips) 
Seat 2: michasia ($103 in chips) 
Seat 3: ingbergas ($103.49 in chips) 
Seat 4: Spanky2Jacks ($106.30 in chips) 
Seat 5: p0pa4poker ($117.36 in chips) 
Seat 6: BGS013 ($109.66 in chips) 
Spanky2Jacks: posts small blind $0.50
p0pa4poker: posts big blind $1
*** HOLE CARDS ***
BGS013: folds 
numapu_33: raises $1.50 to $2.50
michasia: folds 
ingbergas: folds 
Spanky2Jacks: folds 
p0pa4poker: folds 
Uncalled bet ($1.50) returned to numapu_33
numapu_33 collected $2.50 from pot
numapu_33: doesn't show hand 
*** SUMMARY ***
Total pot $2.50 | Rake $0 
Seat 1: numapu_33 collected ($2.50)
Seat 2: michasia folded before Flop (didn't bet)
Seat 3: ingbergas (button) folded before Flop (didn't bet)
Seat 4: Spanky2Jacks (small blind) folded before Flop
Seat 5: p0pa4poker (big blind) folded before Flop
Seat 6: BGS013 folded before Flop (didn't bet)



PokerStars Hand #254508903617:  Hold'em No Limit ($0.50/$1.00 USD) - 2025/01/22 0:45:30 WET [2025/01/22 19:45:30 ET]
Table 'Kordula III' 6-max Seat #4 is the button
Seat 1: numapu_33 ($111.01 in chips) 
Seat 2: michasia ($103 in chips) 
Seat 3: ingbergas ($103.49 in chips) 
Seat 4: Spanky2Jacks ($105.80 in chips) 
Seat 5: p0pa4poker ($116.36 in chips) 
Seat 6: BGS013 ($109.66 in chips) 
p0pa4poker: posts small blind $0.50
BGS013: posts big blind $1
*** HOLE CARDS ***
numapu_33: folds 
michasia: raises $1.60 to $2.60
ingbergas: raises $4.40 to $7
Spanky2Jacks: folds 
p0pa4poker: folds 
BGS013: folds 
michasia: calls $4.40
*** FLOP *** [Kh 7h 9s]
michasia: checks 
ingbergas: bets $7.36
michasia: calls $7.36
*** TURN *** [Kh 7h 9s] [As]
michasia: checks 
ingbergas: checks 
*** RIVER *** [Kh 7h 9s As] [8h]
michasia: bets $19.14
ingbergas: folds 
Uncalled bet ($19.14) returned to michasia
michasia collected $28.71 from pot
michasia: doesn't show hand 
*** SUMMARY ***
Total pot $30.22 | Rake $1.51 
Board [Kh 7h 9s As 8h]
Seat 1: numapu_33 folded before Flop (didn't bet)
Seat 2: michasia collected ($28.71)
Seat 3: ingbergas folded on the River
Seat 4: Spanky2Jacks (button) folded before Flop (didn't bet)
Seat 5: p0pa4poker (small blind) folded before Flop
Seat 6: BGS013 (big blind) folded before Flop



PokerStars Hand #254508918074:  Hold'em No Limit ($0.50/$1.00 USD) - 2025/01/22 0:46:48 WET [2025/01/22 19:46:48 ET]
Table 'Kordula III' 6-max Seat #5 is the button
Seat 1: numapu_33 ($111.01 in chips) 
Seat 2: michasia ($117.35 in chips) 
Seat 3: ingbergas ($100 in chips) 
Seat 4: Spanky2Jacks ($105.80 in chips) 
Seat 5: p0pa4poker ($115.86 in chips) 
Seat 6: BGS013 ($108.66 in chips) 
BGS013: posts small blind $0.50
numapu_33: posts big blind $1
*** HOLE CARDS ***
michasia: folds 
ingbergas: raises $1.20 to $2.20
Spanky2Jacks: raises $1.20 to $3.40
p0pa4poker: folds 
BGS013: folds 
numapu_33: folds 
ingbergas: calls $1.20
*** FLOP *** [5d 5c 8c]
ingbergas: checks 
Spanky2Jacks: checks 
*** TURN *** [5d 5c 8c] [Ks]
ingbergas: checks 
Spanky2Jacks: checks 
*** RIVER *** [5d 5c 8c Ks] [9s]
ingbergas: checks 
Spanky2Jacks: checks 
*** SHOW DOWN ***
ingbergas: shows [Qd 6d] (a pair of Fives)
Spanky2Jacks: shows [As Td] (a pair of Fives - Ace kicker)
Spanky2Jacks collected $7.88 from pot
*** SUMMARY ***
Total pot $8.30 | Rake $0.42 
Board [5d 5c 8c Ks 9s]
Seat 1: numapu_33 (big blind) folded before Flop
Seat 2: michasia folded before Flop (didn't bet)
Seat 3: ingbergas showed [Qd 6d] and lost with a pair of Fives
Seat 4: Spanky2Jacks showed [As Td] and won ($7.88) with a pair of Fives
Seat 5: p0pa4poker (button) folded before Flop (didn't bet)
Seat 6: BGS013 (small blind) folded before Flop



PokerStars Hand #254508929721:  Hold'em No Limit ($0.50/$1.00 USD) - 2025/01/22 0:47:52 WET [2025/01/22 19:47:52 ET]
Table 'Kordula III' 6-max Seat #6 is the button
Seat 1: numapu_33 ($110.01 in chips) 
Seat 2: michasia ($117.35 in chips) 
Seat 3: ingbergas ($100 in chips) 
Seat 4: Spanky2Jacks ($110.28 in chips) 
Seat 5: p0pa4poker ($115.86 in chips) 
Seat 6: BGS013 ($108.16 in chips) 
numapu_33: posts small blind $0.50
michasia: posts big blind $1
*** HOLE CARDS ***
ingbergas: folds 
Spanky2Jacks: folds 
p0pa4poker: raises $1.30 to $2.30
BGS013: folds 
numapu_33: folds 
michasia: folds 
Uncalled bet ($1.30) returned to p0pa4poker
p0pa4poker collected $2.50 from pot
p0pa4poker: doesn't show hand 
*** SUMMARY ***
Total pot $2.50 | Rake $0 
Seat 1: numapu_33 (small blind) folded before Flop
Seat 2: michasia (big blind) folded before Flop
Seat 3: ingbergas folded before Flop (didn't bet)
Seat 4: Spanky2Jacks folded before Flop (didn't bet)
Seat 5: p0pa4poker collected ($2.50)
Seat 6: BGS013 (button) folded before Flop (didn't bet)



PokerStars Hand #254508934618:  Hold'em No Limit ($0.50/$1.00 USD) - 2025/01/22 0:48:19 WET [2025/01/22 19:48:19 ET]
Table 'Kordula III' 6-max Seat #1 is the button
Seat 1: numapu_33 ($109.51 in chips) 
Seat 2: michasia ($116.35 in chips) 
Seat 3: ingbergas ($100 in chips) 
Seat 4: Spanky2Jacks ($110.28 in chips) 
Seat 5: p0pa4poker ($117.36 in chips) 
Seat 6: BGS013 ($108.16 in chips) 
michasia: posts small blind $0.50
ingbergas: posts big blind $1
*** HOLE CARDS ***
Spanky2Jacks: folds 
p0pa4poker: folds 
BGS013: folds 
numapu_33: raises $1.50 to $2.50
michasia: folds 
ingbergas: calls $1.50
*** FLOP *** [9s Js Qc]
ingbergas: checks 
numapu_33: bets $1.57
ingbergas: calls $1.57
*** TURN *** [9s Js Qc] [Kc]
ingbergas: checks 
numapu_33: bets $6.16
ingbergas: calls $6.16
*** RIVER *** [9s Js Qc Kc] [6d]
ingbergas: checks 
numapu_33: bets $14.93
ingbergas: calls $14.93
*** SHOW DOWN ***
numapu_33: shows [Ts Kh] (a straight, Nine to King)
ingbergas: shows [5h Th] (a straight, Nine to King)
ingbergas collected $24.16 from pot
numapu_33 collected $24.16 from pot
*** SUMMARY ***
Total pot $50.82 | Rake $2.50 
Board [9s Js Qc Kc 6d]
Seat 1: numapu_33 (button) showed [Ts Kh] and won ($24.16) with a straight, Nine to King
Seat 2: michasia (small blind) folded before Flop
Seat 3: ingbergas (big blind) showed [5h Th] and won ($24.16) with a straight, Nine to King
Seat 4: Spanky2Jacks folded before Flop (didn't bet)
Seat 5: p0pa4poker folded before Flop (didn't bet)
Seat 6: BGS013 folded before Flop (didn't bet)



PokerStars Hand #254508952660:  Hold'em No Limit ($0.50/$1.00 USD) - 2025/01/22 0:49:59 WET [2025/01/22 19:49:59 ET]
Table 'Kordula III' 6-max Seat #2 is the button
Seat 1: numapu_33 ($108.51 in chips) 
Seat 2: michasia ($115.85 in chips) 
Seat 3: ingbergas ($100 in chips) 
Seat 4: Spanky2Jacks ($110.28 in chips) 
Seat 5: p0pa4poker ($117.36 in chips) 
Seat 6: BGS013 ($108.16 in chips) 
ingbergas: posts small blind $0.50
Spanky2Jacks: posts big blind $1
*** HOLE CARDS ***
p0pa4poker: raises $1 to $2
BGS013: folds 
numapu_33: folds 
michasia: folds 
ingbergas: folds 
Spanky2Jacks: raises $4.50 to $6.50
p0pa4poker: folds 
Uncalled bet ($4.50) returned to Spanky2Jacks
Spanky2Jacks collected $4.50 from pot
*** SUMMARY ***
Total pot $4.50 | Rake $0 
Seat 1: numapu_33 folded before Flop (didn't bet)
Seat 2: michasia (button) folded before Flop (didn't bet)
Seat 3: ingbergas (small blind) folded before Flop
Seat 4: Spanky2Jacks (big blind) collected ($4.50)
Seat 5: p0pa4poker folded before Flop
Seat 6: BGS013 folded before Flop (didn't bet)



PokerStars Hand #254508962775:  Hold'em No Limit ($0.50/$1.00 USD) - 2025/01/22 0:50:56 WET [2025/01/22 19:50:56 ET]
Table 'Kordula III' 6-max Seat #3 is the button
Seat 1: numapu_33 ($108.51 in chips) 
Seat 2: michasia ($115.85 in chips) 
Seat 3: ingbergas ($100 in chips) 
Seat 4: Spanky2Jacks ($112.78 in chips) 
Seat 5: p0pa4poker ($115.36 in chips) 
Seat 6: BGS013 ($108.16 in chips) 
Spanky2Jacks: posts small blind $0.50
p0pa4poker: posts big blind $1
*** HOLE CARDS ***
BGS013: folds 
numapu_33: folds 
michasia: folds 
ingbergas: raises $1.40 to $2.40
Spanky2Jacks: folds 
p0pa4poker: calls $1.40
*** FLOP *** [5h 9d 8d]
p0pa4poker: checks 
ingbergas: bets $1.51
p0pa4poker: calls $1.51
*** TURN *** [5h 9d 8d] [Ts]
p0pa4poker: checks 
ingbergas: bets $5.93
p0pa4poker: calls $5.93
*** RIVER *** [5h 9d 8d Ts] [Jc]
p0pa4poker: checks 
ingbergas: checks 
*** SHOW DOWN ***
p0pa4poker: shows [Js 9s] (two pair, Jacks and Nines)
ingbergas: shows [Ah 7d] (a straight, Seven to Jack)
ingbergas collected $19.17 from pot
*** SUMMARY ***
Total pot $20.18 | Rake $1.01 
Board [5h 9d 8d Ts Jc]
Seat 1: numapu_33 folded before Flop (didn't bet)
Seat 2: michasia folded before Flop (didn't bet)
Seat 3: ingbergas (button) showed [Ah 7d] and won ($19.17) with a straight, Seven to Jack
Seat 4: Spanky2Jacks (small blind) folded before Flop
Seat 5: p0pa4poker (big blind) showed [Js 9s] and lost with two pair, Jacks and Nines
Seat 6: BGS013 folded before Flop (didn't bet)



PokerStars Hand #254508976588:  Hold'em No Limit ($0.50/$1.00 USD) - 2025/01/22 0:52:15 WET [2025/01/22 19:52:15 ET]
Table 'Kordula III' 6-max Seat #4 is the button
Seat 1: numapu_33 ($108.51 in chips) 
Seat 2: michasia ($115.85 in chips) 
Seat 3: ingbergas ($109.33 in chips) 
Seat 4: Spanky2Jacks ($112.28 in chips) 
Seat 5: p0pa4poker ($105.52 in chips) 
Seat 6: BGS013 ($108.16 in chips) 
p0pa4poker: posts small blind $0.50
BGS013: posts big blind $1
*** HOLE CARDS ***
numapu_33: folds 
michasia: folds 
ingbergas: folds 
Spanky2Jacks: folds 
p0pa4poker: folds 
Uncalled bet ($0.50) returned to BGS013
BGS013 collected $1 from pot
BGS013: doesn't show hand 
*** SUMMARY ***
Total pot $1 | Rake $0 
Seat 1: numapu_33 folded before Flop (didn't bet)
Seat 2: michasia folded before Flop (didn't bet)
Seat 3: ingbergas folded before Flop (didn't bet)
Seat 4: Spanky2Jacks (button) folded before Flop (didn't bet)
Seat 5: p0pa4poker (small blind) folded before Flop
Seat 6: BGS013 (big blind) collected ($1)



PokerStars Hand #254508979004:  Hold'em No Limit ($0.50/$1.00 USD) - 2025/01/22 0:52:29 WET [2025/01/22 19:52:29 ET]
Table 'Kordula III' 6-max Seat #5 is the button
Seat 1: numapu_33 ($108.51 in chips) 
Seat 2: michasia ($115.85 in chips) 
Seat 3: ingbergas ($109.33 in chips) 
Seat 4: Spanky2Jacks ($112.28 in chips) 
Seat 5: p0pa4poker ($105.02 in chips) 
Seat 6: BGS013 ($108.66 in chips) 
BGS013: posts small blind $0.50
numapu_33: posts big blind $1
*** HOLE CARDS ***
michasia: folds 
ingbergas: raises $1.20 to $2.20
Spanky2Jacks: folds 
p0pa4poker: folds 
BGS013: folds 
numapu_33: calls $1.20
*** FLOP *** [2s Qs 4s]
numapu_33: checks 
ingbergas: bets $1.40
numapu_33: calls $1.40
*** TURN *** [2s Qs 4s] [2d]
numapu_33: checks 
ingbergas: checks 
*** RIVER *** [2s Qs 4s 2d] [3c]
numapu_33: bets $5.49
ingbergas: folds 
Uncalled bet ($5.49) returned to numapu_33
numapu_33 collected $7.32 from pot
numapu_33: doesn't show hand 
*** SUMMARY ***
Total pot $7.70 | Rake $0.38 
Board [2s Qs 4s 2d 3c]
Seat 1: numapu_33 (big blind) collected ($7.32)
Seat 2: michasia folded before Flop (didn't bet)
Seat 3: ingbergas folded on the River
Seat 4: Spanky2Jacks folded before Flop (didn't bet)
Seat 5: p0pa4poker (button) folded before Flop (didn't bet)
Seat 6: BGS013 (small blind) folded before Flop



PokerStars Hand #254508989139:  Hold'em No Limit ($0.50/$1.00 USD) - 2025/01/22 0:53:26 WET [2025/01/22 19:53:26 ET]
Table 'Kordula III' 6-max Seat #6 is the button
Seat 1: numapu_33 ($112.23 in chips) 
Seat 2: michasia ($115.85 in chips) 
Seat 3: ingbergas ($105.73 in chips) 
Seat 4: Spanky2Jacks ($112.28 in chips) 
Seat 5: p0pa4poker ($105.02 in chips) 
Seat 6: BGS013 ($108.16 in chips) 
numapu_33: posts small blind $0.50
michasia: posts big blind $1
*** HOLE CARDS ***
ingbergas: folds 
Spanky2Jacks: calls $1
p0pa4poker: folds 
BGS013: raises $3.50 to $4.50
numapu_33: folds 
michasia: folds 
Spanky2Jacks: folds 
Uncalled bet ($3.50) returned to BGS013
BGS013 collected $3.50 from pot
BGS013: doesn't show hand 
*** SUMMARY ***
Total pot $3.50 | Rake $0 
Seat 1: numapu_33 (small blind) folded before Flop
Seat 2: michasia (big blind) folded before Flop
Seat 3: ingbergas folded before Flop (didn't bet)
Seat 4: Spanky2Jacks folded before Flop
Seat 5: p0pa4poker folded before Flop (didn't bet)
Seat 6: BGS013 (button) collected ($3.50)



PokerStars Hand #254508993594:  Hold'em No Limit ($0.50/$1.00 USD) - 2025/01/22 0:53:51 WET [2025/01/22 19:53:51 ET]
Table 'Kordula III' 6-max Seat #1 is the button
Seat 1: numapu_33 ($111.73 in chips) 
Seat 2: michasia ($114.85 in chips) 
Seat 3: ingbergas ($105.73 in chips) 
Seat 4: Spanky2Jacks ($111.28 in chips) 
Seat 5: p0pa4poker ($105.02 in chips) 
Seat 6: BGS013 ($110.66 in chips) 
michasia: posts small blind $0.50
ingbergas: posts big blind $1
*** HOLE CARDS ***
Spanky2Jacks: folds 
p0pa4poker: folds 
BGS013: folds 
numapu_33: folds 
michasia: raises $2 to $3
ingbergas: folds 
Uncalled bet ($2) returned to michasia
michasia collected $2 from pot
michasia: doesn't show hand 
*** SUMMARY ***
Total pot $2 | Rake $0 
Seat 1: numapu_33 (button) folded before Flop (didn't bet)
Seat 2: michasia (small blind) collected ($2)
Seat 3: ingbergas (big blind) folded before Flop
Seat 4: Spanky2Jacks folded before Flop (didn't bet)
Seat 5: p0pa4poker folded before Flop (didn't bet)
Seat 6: BGS013 folded before Flop (didn't bet)



PokerStars Hand #254508999753:  Hold'em No Limit ($0.50/$1.00 USD) - 2025/01/22 0:54:26 WET [2025/01/22 19:54:26 ET]
Table 'Kordula III' 6-max Seat #2 is the button
Seat 1: numapu_33 ($111.73 in chips) 
Seat 2: michasia ($115.85 in chips) 
Seat 3: ingbergas ($104.73 in chips) 
Seat 4: Spanky2Jacks ($111.28 in chips) 
Seat 5: p0pa4poker ($105.02 in chips) 
Seat 6: BGS013 ($110.66 in chips) 
ingbergas: posts small blind $0.50
Spanky2Jacks: posts big blind $1
*** HOLE CARDS ***
p0pa4poker: folds 
BGS013: raises $1 to $2
numapu_33: folds 
michasia: folds 
ingbergas: folds 
Spanky2Jacks: folds 
Uncalled bet ($1) returned to BGS013
BGS013 collected $2.50 from pot
BGS013: doesn't show hand 
*** SUMMARY ***
Total pot $2.50 | Rake $0 
Seat 1: numapu_33 folded before Flop (didn't bet)
Seat 2: michasia (button) folded before Flop (didn't bet)
Seat 3: ingbergas (small blind) folded before Flop
Seat 4: Spanky2Jacks (big blind) folded before Flop
Seat 5: p0pa4poker folded before Flop (didn't bet)
Seat 6: BGS013 collected ($2.50)



PokerStars Hand #254509002986:  Hold'em No Limit ($0.50/$1.00 USD) - 2025/01/22 0:54:44 WET [2025/01/22 19:54:44 ET]
Table 'Kordula III' 6-max Seat #3 is the button
Seat 1: numapu_33 ($111.73 in chips) 
Seat 2: michasia ($115.85 in chips) 
Seat 3: ingbergas ($104.23 in chips) 
Seat 4: Spanky2Jacks ($110.28 in chips) 
Seat 5: p0pa4poker ($105.02 in chips) 
Seat 6: BGS013 ($112.16 in chips) 
Spanky2Jacks: posts small blind $0.50
p0pa4poker: posts big blind $1
*** HOLE CARDS ***
BGS013: folds 
numapu_33: folds 
michasia: folds 
ingbergas: raises $1.40 to $2.40
Spanky2Jacks: folds 
p0pa4poker: folds 
Uncalled bet ($1.40) returned to ingbergas
ingbergas collected $2.50 from pot
ingbergas: doesn't show hand 
*** SUMMARY ***
Total pot $2.50 | Rake $0 
Seat 1: numapu_33 folded before Flop (didn't bet)
Seat 2: michasia folded before Flop (didn't bet)
Seat 3: ingbergas (button) collected ($2.50)
Seat 4: Spanky2Jacks (small blind) folded before Flop
Seat 5: p0pa4poker (big blind) folded before Flop
Seat 6: BGS013 folded before Flop (didn't bet)



PokerStars Hand #254509005928:  Hold'em No Limit ($0.50/$1.00 USD) - 2025/01/22 0:55:01 WET [2025/01/22 19:55:01 ET]
Table 'Kordula III' 6-max Seat #4 is the button
Seat 1: numapu_33 ($111.73 in chips) 
Seat 2: michasia ($115.85 in chips) 
Seat 3: ingbergas ($105.73 in chips) 
Seat 4: Spanky2Jacks ($109.78 in chips) 
Seat 5: p0pa4poker ($104.02 in chips) 
Seat 6: BGS013 ($112.16 in chips) 
p0pa4poker: posts small blind $0.50
BGS013: posts big blind $1
*** HOLE CARDS ***
numapu_33: folds 
michasia: folds 
ingbergas: raises $1.40 to $2.40
Spanky2Jacks: folds 
p0pa4poker: raises $9.60 to $12
BGS013: folds 
ingbergas: folds 
Uncalled bet ($9.60) returned to p0pa4poker
p0pa4poker collected $5.80 from pot
p0pa4poker: doesn't show hand 
*** SUMMARY ***
Total pot $5.80 | Rake $0 
Seat 1: numapu_33 folded before Flop (didn't bet)
Seat 2: michasia folded before Flop (didn't bet)
Seat 3: ingbergas folded before Flop
Seat 4: Spanky2Jacks (button) folded before Flop (didn't bet)
Seat 5: p0pa4poker (small blind) collected ($5.80)
Seat 6: BGS013 (big blind) folded before Flop



PokerStars Hand #254509009747:  Hold'em No Limit ($0.50/$1.00 USD) - 2025/01/22 0:55:24 WET [2025/01/22 19:55:24 ET]
Table 'Kordula III' 6-max Seat #5 is the button
Seat 1: numapu_33 ($111.73 in chips) 
Seat 2: michasia ($115.85 in chips) 
Seat 3: ingbergas ($103.33 in chips) 
Seat 4: Spanky2Jacks ($109.78 in chips) 
Seat 5: p0pa4poker ($107.42 in chips) 
Seat 6: BGS013 ($111.16 in chips) 
BGS013: posts small blind $0.50
numapu_33: posts big blind $1
*** HOLE CARDS ***
michasia: folds 
ingbergas: folds 
Spanky2Jacks: folds 
p0pa4poker: raises $1.50 to $2.50
BGS013: folds 
numapu_33: calls $1.50
*** FLOP *** [8s Qh 8d]
numapu_33: checks 
p0pa4poker: bets $1.72
numapu_33: calls $1.72
*** TURN *** [8s Qh 8d] [Jh]
numapu_33: checks 
p0pa4poker: checks 
*** RIVER *** [8s Qh 8d Jh] [2s]
numapu_33: bets $11.04
p0pa4poker: folds 
Uncalled bet ($11.04) returned to numapu_33
numapu_33 collected $8.49 from pot
numapu_33: doesn't show hand 
*** SUMMARY ***
Total pot $8.94 | Rake $0.45 
Board [8s Qh 8d Jh 2s]
Seat 1: numapu_33 (big blind) collected ($8.49)
Seat 2: michasia folded before Flop (didn't bet)
Seat 3: ingbergas folded before Flop (didn't bet)
Seat 4: Spanky2Jacks folded before Flop (didn't bet)
Seat 5: p0pa4poker (button) folded on the River
Seat 6: BGS013 (small blind) folded before Flop



PokerStars Hand #254509023312:  Hold'em No Limit ($0.50/$1.00 USD) - 2025/01/22 0:57:00 WET [2025/01/22 19:57:00 ET]
Table 'Kordula III' 6-max Seat #6 is the button
Seat 2: michasia ($115.85 in chips) is sitting out
Seat 1: numapu_33 ($116 in chips) 
Seat 3: ingbergas ($103.33 in chips) 
Seat 4: Spanky2Jacks ($109.78 in chips) 
Seat 5: p0pa4poker ($103.20 in chips) 
Seat 6: BGS013 ($110.66 in chips) 
numapu_33: posts small blind $0.50
michasia: is sitting out 
ingbergas: posts big blind $1
*** HOLE CARDS ***
michasia leaves the table
Spanky2Jacks: folds 
p0pa4poker: folds 
BGS013: folds 
numapu_33: raises $2 to $3
ingbergas: folds 
Uncalled bet ($2) returned to numapu_33
numapu_33 collected $2 from pot
numapu_33: doesn't show hand 
*** SUMMARY ***
Total pot $2 | Rake $0 
Seat 2: michasia
Seat 1: numapu_33 (small blind) collected ($2)
Seat 3: ingbergas (big blind) folded before Flop
Seat 4: Spanky2Jacks folded before Flop (didn't bet)
Seat 5: p0pa4poker folded before Flop (didn't bet)
Seat 6: BGS013 (button) folded before Flop (didn't bet)



PokerStars Hand #254509025322:  Hold'em No Limit ($0.50/$1.00 USD) - 2025/01/22 0:57:14 WET [2025/01/22 19:57:14 ET]
Table 'Kordula III' 6-max Seat #1 is the button
Seat 1: numapu_33 ($117 in chips) 
Seat 3: ingbergas ($102.33 in chips) 
Seat 4: Spanky2Jacks ($109.78 in chips) 
Seat 5: p0pa4poker ($103.20 in chips) 
Seat 6: BGS013 ($110.66 in chips) 
ingbergas: posts small blind $0.50
Spanky2Jacks: posts big blind $1
*** HOLE CARDS ***
p0pa4poker: folds 
BGS013: folds 
numapu_33: raises $1.50 to $2.50
ingbergas: folds 
socito joins the table at seat #2 
Spanky2Jacks: folds 
Uncalled bet ($1.50) returned to numapu_33
numapu_33 collected $2.50 from pot
numapu_33: doesn't show hand 
*** SUMMARY ***
Total pot $2.50 | Rake $0 
Seat 1: numapu_33 (button) collected ($2.50)
Seat 3: ingbergas (small blind) folded before Flop
Seat 4: Spanky2Jacks (big blind) folded before Flop
Seat 5: p0pa4poker folded before Flop (didn't bet)
Seat 6: BGS013 folded before Flop (didn't bet)



PokerStars Hand #254509114532:  Hold'em No Limit ($0.50/$1.00 USD) - 2025/01/22 1:06:31 WET [2025/01/22 20:06:31 ET]
Table 'Kordula III' 6-max Seat #4 is the button
Seat 4: SlowDrop ($109.27 in chips) 
Seat 5: LeaveItYeah ($104.40 in chips) 
SlowDrop: posts small blind $0.50
LeaveItYeah: posts big blind $1
*** HOLE CARDS ***
SlowDrop: folds 
Uncalled bet ($0.50) returned to LeaveItYeah
LeaveItYeah collected $1 from pot
LeaveItYeah: doesn't show hand 
*** SUMMARY ***
Total pot $1 | Rake $0 
Seat 4: SlowDrop (button) (small blind) folded before Flop
Seat 5: LeaveItYeah (big blind) collected ($1)



PokerStars Hand #254509116771:  Hold'em No Limit ($0.50/$1.00 USD) - 2025/01/22 1:06:44 WET [2025/01/22 20:06:44 ET]
Table 'Kordula III' 6-max Seat #5 is the button
Seat 4: SlowDrop ($108.77 in chips) 
Seat 5: LeaveItYeah ($104.90 in chips) 
LeaveItYeah: posts small blind $0.50
SlowDrop: posts big blind $1
*** HOLE CARDS ***
LeaveItYeah: folds 
Uncalled bet ($0.50) returned to SlowDrop
SlowDrop collected $1 from pot
SlowDrop: doesn't show hand 
*** SUMMARY ***
Total pot $1 | Rake $0 
Seat 4: SlowDrop (big blind) collected ($1)
Seat 5: LeaveItYeah (button) (small blind) folded before Flop



