PokerStars Hand #254503426142:  Hold'em No Limit ($0.50/$1.00 USD) - 2025/01/22 19:25:49 WET [2025/01/22 14:25:49 ET]
Table 'Medon IV' 6-max Seat #3 is the button
Seat 1: ImaPeppaPig ($120.30 in chips) 
Seat 2: reiyser ($103.91 in chips) 
Seat 3: Unipoker11 ($100 in chips) 
Seat 4: Ship4545 ($27.38 in chips) 
Seat 5: henri789 ($128.05 in chips) 
Seat 6: ptolejmus ($18.50 in chips) 
Ship4545: posts small blind $0.50
henri789: posts big blind $1
*** HOLE CARDS ***
ptolejmus: folds 
ImaPeppaPig: folds 
reiyser: folds 
Unipoker11: raises $1.50 to $2.50
Ship4545: raises $3.50 to $6
henri789: folds 
Unipoker11: folds 
Uncalled bet ($3.50) returned to Ship4545
Ship4545 collected $6 from pot
*** SUMMARY ***
Total pot $6 | Rake $0 
Seat 1: ImaPeppaPig folded before Flop (didn't bet)
Seat 2: reiyser folded before Flop (didn't bet)
Seat 3: Unipoker11 (button) folded before Flop
Seat 4: Ship4545 (small blind) collected ($6)
Seat 5: henri789 (big blind) folded before Flop
Seat 6: ptolejmus folded before Flop (didn't bet)



PokerStars Hand #254503432638:  Hold'em No Limit ($0.50/$1.00 USD) - 2025/01/22 19:26:12 WET [2025/01/22 14:26:12 ET]
Table 'Medon IV' 6-max Seat #4 is the button
Seat 1: ImaPeppaPig ($120.30 in chips) 
Seat 2: reiyser ($103.91 in chips) 
Seat 3: Unipoker11 ($100 in chips) 
Seat 4: Ship4545 ($30.88 in chips) 
Seat 5: henri789 ($127.05 in chips) 
Seat 6: ptolejmus ($18.50 in chips) 
henri789: posts small blind $0.50
ptolejmus: posts big blind $1
*** HOLE CARDS ***
ImaPeppaPig: folds 
reiyser: folds 
Unipoker11: folds 
Ship4545: folds 
henri789: raises $2 to $3
ptolejmus: folds 
Uncalled bet ($2) returned to henri789
henri789 collected $2 from pot
henri789: doesn't show hand 
*** SUMMARY ***
Total pot $2 | Rake $0 
Seat 1: ImaPeppaPig folded before Flop (didn't bet)
Seat 2: reiyser folded before Flop (didn't bet)
Seat 3: Unipoker11 folded before Flop (didn't bet)
Seat 4: Ship4545 (button) folded before Flop (didn't bet)
Seat 5: henri789 (small blind) collected ($2)
Seat 6: ptolejmus (big blind) folded before Flop



PokerStars Hand #254503440028:  Hold'em No Limit ($0.50/$1.00 USD) - 2025/01/22 19:26:39 WET [2025/01/22 14:26:39 ET]
Table 'Medon IV' 6-max Seat #5 is the button
Seat 1: ImaPeppaPig ($120.30 in chips) 
Seat 2: reiyser ($103.91 in chips) 
Seat 3: Unipoker11 ($100 in chips) 
Seat 4: Ship4545 ($30.88 in chips) 
Seat 5: henri789 ($128.05 in chips) 
Seat 6: ptolejmus ($17.50 in chips) 
ptolejmus: posts small blind $0.50
ImaPeppaPig: posts big blind $1
*** HOLE CARDS ***
reiyser: folds 
Unipoker11: raises $1 to $2
Ship4545: folds 
henri789: folds 
ptolejmus: folds 
ImaPeppaPig: calls $1
*** FLOP *** [3d Qc 6s]
ImaPeppaPig: checks 
Unipoker11: bets $1.07
ImaPeppaPig: folds 
Uncalled bet ($1.07) returned to Unipoker11
Unipoker11 collected $4.28 from pot
Unipoker11: doesn't show hand 
*** SUMMARY ***
Total pot $4.50 | Rake $0.22 
Board [3d Qc 6s]
Seat 1: ImaPeppaPig (big blind) folded on the Flop
Seat 2: reiyser folded before Flop (didn't bet)
Seat 3: Unipoker11 collected ($4.28)
Seat 4: Ship4545 folded before Flop (didn't bet)
Seat 5: henri789 (button) folded before Flop (didn't bet)
Seat 6: ptolejmus (small blind) folded before Flop



PokerStars Hand #254503450169:  Hold'em No Limit ($0.50/$1.00 USD) - 2025/01/22 19:27:14 WET [2025/01/22 14:27:14 ET]
Table 'Medon IV' 6-max Seat #6 is the button
Seat 1: ImaPeppaPig ($118.30 in chips) 
Seat 2: reiyser ($103.91 in chips) 
Seat 3: Unipoker11 ($102.28 in chips) 
Seat 4: Ship4545 ($30.88 in chips) 
Seat 5: henri789 ($128.05 in chips) 
Seat 6: ptolejmus ($17 in chips) 
ImaPeppaPig: posts small blind $0.50
reiyser: posts big blind $1
*** HOLE CARDS ***
Unipoker11: folds 
Ship4545: folds 
henri789: raises $1.20 to $2.20
ptolejmus: folds 
ImaPeppaPig: folds 
reiyser: folds 
Uncalled bet ($1.20) returned to henri789
henri789 collected $2.50 from pot
henri789: doesn't show hand 
*** SUMMARY ***
Total pot $2.50 | Rake $0 
Seat 1: ImaPeppaPig (small blind) folded before Flop
Seat 2: reiyser (big blind) folded before Flop
Seat 3: Unipoker11 folded before Flop (didn't bet)
Seat 4: Ship4545 folded before Flop (didn't bet)
Seat 5: henri789 collected ($2.50)
Seat 6: ptolejmus (button) folded before Flop (didn't bet)



PokerStars Hand #254503457487:  Hold'em No Limit ($0.50/$1.00 USD) - 2025/01/22 19:27:40 WET [2025/01/22 14:27:40 ET]
Table 'Medon IV' 6-max Seat #1 is the button
Seat 1: ImaPeppaPig ($117.80 in chips) 
Seat 2: reiyser ($102.91 in chips) 
Seat 3: Unipoker11 ($102.28 in chips) 
Seat 4: Ship4545 ($30.88 in chips) 
Seat 5: henri789 ($129.55 in chips) 
Seat 6: ptolejmus ($17 in chips) 
reiyser: posts small blind $0.50
Unipoker11: posts big blind $1
*** HOLE CARDS ***
Ship4545: calls $1
henri789: raises $3 to $4
ptolejmus: folds 
ImaPeppaPig: folds 
reiyser: folds 
Unipoker11: folds 
Ship4545: calls $3
*** FLOP *** [8h 9d 9c]
Ship4545: checks 
henri789: checks 
*** TURN *** [8h 9d 9c] [7c]
Ship4545: checks 
henri789: checks 
*** RIVER *** [8h 9d 9c 7c] [3c]
Ship4545: bets $4.51
henri789: calls $4.51
*** SHOW DOWN ***
Ship4545: shows [3h Kh] (two pair, Nines and Threes)
henri789: mucks hand 
Ship4545 collected $17.59 from pot
*** SUMMARY ***
Total pot $18.52 | Rake $0.93 
Board [8h 9d 9c 7c 3c]
Seat 1: ImaPeppaPig (button) folded before Flop (didn't bet)
Seat 2: reiyser (small blind) folded before Flop
Seat 3: Unipoker11 (big blind) folded before Flop
Seat 4: Ship4545 showed [3h Kh] and won ($17.59) with two pair, Nines and Threes
Seat 5: henri789 mucked
Seat 6: ptolejmus folded before Flop (didn't bet)



PokerStars Hand #254503475478:  Hold'em No Limit ($0.50/$1.00 USD) - 2025/01/22 19:28:44 WET [2025/01/22 14:28:44 ET]
Table 'Medon IV' 6-max Seat #2 is the button
Seat 1: ImaPeppaPig ($117.80 in chips) 
Seat 2: reiyser ($102.41 in chips) 
Seat 3: Unipoker11 ($101.28 in chips) 
Seat 4: Ship4545 ($39.96 in chips) 
Seat 5: henri789 ($121.04 in chips) 
Seat 6: ptolejmus ($17 in chips) 
Unipoker11: posts small blind $0.50
Ship4545: posts big blind $1
*** HOLE CARDS ***
henri789: folds 
ptolejmus: raises $1 to $2
ImaPeppaPig: folds 
reiyser: folds 
Unipoker11: folds 
Ship4545: folds 
Uncalled bet ($1) returned to ptolejmus
ptolejmus collected $2.50 from pot
*** SUMMARY ***
Total pot $2.50 | Rake $0 
Seat 1: ImaPeppaPig folded before Flop (didn't bet)
Seat 2: reiyser (button) folded before Flop (didn't bet)
Seat 3: Unipoker11 (small blind) folded before Flop
Seat 4: Ship4545 (big blind) folded before Flop
Seat 5: henri789 folded before Flop (didn't bet)
Seat 6: ptolejmus collected ($2.50)



PokerStars Hand #254503486481:  Hold'em No Limit ($0.50/$1.00 USD) - 2025/01/22 19:29:23 WET [2025/01/22 14:29:23 ET]
Table 'Medon IV' 6-max Seat #3 is the button
Seat 1: ImaPeppaPig ($117.80 in chips) 
Seat 2: reiyser ($102.41 in chips) 
Seat 3: Unipoker11 ($100.78 in chips) 
Seat 4: Ship4545 ($38.96 in chips) 
Seat 5: henri789 ($121.04 in chips) 
Seat 6: ptolejmus ($18.50 in chips) 
Ship4545: posts small blind $0.50
henri789: posts big blind $1
*** HOLE CARDS ***
ptolejmus: folds 
ImaPeppaPig: folds 
reiyser: raises $1.23 to $2.23
Unipoker11: folds 
Ship4545: folds 
henri789: folds 
Uncalled bet ($1.23) returned to reiyser
reiyser collected $2.50 from pot
reiyser: doesn't show hand 
*** SUMMARY ***
Total pot $2.50 | Rake $0 
Seat 1: ImaPeppaPig folded before Flop (didn't bet)
Seat 2: reiyser collected ($2.50)
Seat 3: Unipoker11 (button) folded before Flop (didn't bet)
Seat 4: Ship4545 (small blind) folded before Flop
Seat 5: henri789 (big blind) folded before Flop
Seat 6: ptolejmus folded before Flop (didn't bet)



PokerStars Hand #254503490748:  Hold'em No Limit ($0.50/$1.00 USD) - 2025/01/22 19:29:38 WET [2025/01/22 14:29:38 ET]
Table 'Medon IV' 6-max Seat #4 is the button
Seat 1: ImaPeppaPig ($117.80 in chips) 
Seat 2: reiyser ($103.91 in chips) 
Seat 3: Unipoker11 ($100.78 in chips) 
Seat 4: Ship4545 ($38.46 in chips) 
Seat 5: henri789 ($120.04 in chips) 
Seat 6: ptolejmus ($18.50 in chips) 
henri789: posts small blind $0.50
ptolejmus: posts big blind $1
*** HOLE CARDS ***
ImaPeppaPig: folds 
reiyser: folds 
Unipoker11: raises $1.30 to $2.30
Ship4545: folds 
henri789: folds 
ptolejmus: folds 
Uncalled bet ($1.30) returned to Unipoker11
Unipoker11 collected $2.50 from pot
Unipoker11: doesn't show hand 
*** SUMMARY ***
Total pot $2.50 | Rake $0 
Seat 1: ImaPeppaPig folded before Flop (didn't bet)
Seat 2: reiyser folded before Flop (didn't bet)
Seat 3: Unipoker11 collected ($2.50)
Seat 4: Ship4545 (button) folded before Flop (didn't bet)
Seat 5: henri789 (small blind) folded before Flop
Seat 6: ptolejmus (big blind) folded before Flop



PokerStars Hand #254503503270:  Hold'em No Limit ($0.50/$1.00 USD) - 2025/01/22 19:30:22 WET [2025/01/22 14:30:22 ET]
Table 'Medon IV' 6-max Seat #5 is the button
Seat 1: ImaPeppaPig ($117.80 in chips) 
Seat 2: reiyser ($103.91 in chips) 
Seat 3: Unipoker11 ($102.28 in chips) 
Seat 4: Ship4545 ($38.46 in chips) 
Seat 5: henri789 ($119.54 in chips) 
Seat 6: ptolejmus ($17.50 in chips) 
ptolejmus: posts small blind $0.50
ImaPeppaPig: posts big blind $1
*** HOLE CARDS ***
reiyser: folds 
Unipoker11: folds 
Ship4545: raises $2 to $3
henri789: folds 
ptolejmus: folds 
ImaPeppaPig: folds 
Uncalled bet ($2) returned to Ship4545
Ship4545 collected $2.50 from pot
*** SUMMARY ***
Total pot $2.50 | Rake $0 
Seat 1: ImaPeppaPig (big blind) folded before Flop
Seat 2: reiyser folded before Flop (didn't bet)
Seat 3: Unipoker11 folded before Flop (didn't bet)
Seat 4: Ship4545 collected ($2.50)
Seat 5: henri789 (button) folded before Flop (didn't bet)
Seat 6: ptolejmus (small blind) folded before Flop



PokerStars Hand #254503508654:  Hold'em No Limit ($0.50/$1.00 USD) - 2025/01/22 19:30:40 WET [2025/01/22 14:30:40 ET]
Table 'Medon IV' 6-max Seat #6 is the button
Seat 1: ImaPeppaPig ($116.80 in chips) 
Seat 2: reiyser ($103.91 in chips) 
Seat 3: Unipoker11 ($102.28 in chips) 
Seat 4: Ship4545 ($39.96 in chips) 
Seat 5: henri789 ($119.54 in chips) 
Seat 6: ptolejmus ($17 in chips) 
ImaPeppaPig: posts small blind $0.50
reiyser: posts big blind $1
*** HOLE CARDS ***
Unipoker11: folds 
Ship4545 has timed out
Ship4545: folds 
henri789: folds 
ptolejmus: raises $1 to $2
ImaPeppaPig: folds 
reiyser: calls $1
*** FLOP *** [6s 2d Jd]
reiyser: checks 
ptolejmus: checks 
*** TURN *** [6s 2d Jd] [Kh]
reiyser: checks 
ptolejmus: checks 
*** RIVER *** [6s 2d Jd Kh] [3h]
reiyser: checks 
ptolejmus: checks 
*** SHOW DOWN ***
reiyser: shows [Ts 8d] (high card King)
ptolejmus: shows [7s Ad] (high card Ace)
ptolejmus collected $4.28 from pot
*** SUMMARY ***
Total pot $4.50 | Rake $0.22 
Board [6s 2d Jd Kh 3h]
Seat 1: ImaPeppaPig (small blind) folded before Flop
Seat 2: reiyser (big blind) showed [Ts 8d] and lost with high card King
Seat 3: Unipoker11 folded before Flop (didn't bet)
Seat 4: Ship4545 folded before Flop (didn't bet)
Seat 5: henri789 folded before Flop (didn't bet)
Seat 6: ptolejmus (button) showed [7s Ad] and won ($4.28) with high card Ace



PokerStars Hand #254503536849:  Hold'em No Limit ($0.50/$1.00 USD) - 2025/01/22 19:32:20 WET [2025/01/22 14:32:20 ET]
Table 'Medon IV' 6-max Seat #1 is the button
Seat 1: ImaPeppaPig ($116.30 in chips) 
Seat 2: reiyser ($101.91 in chips) 
Seat 3: Unipoker11 ($102.28 in chips) 
Seat 4: Ship4545 ($39.96 in chips) 
Seat 5: henri789 ($119.54 in chips) 
Seat 6: ptolejmus ($19.28 in chips) 
reiyser: posts small blind $0.50
Unipoker11: posts big blind $1
*** HOLE CARDS ***
Ship4545: calls $1
henri789: folds 
ptolejmus: folds 
ImaPeppaPig: folds 
reiyser: folds 
Unipoker11: raises $4 to $5
Ship4545: calls $4
*** FLOP *** [4h Ad 2d]
Unipoker11: checks 
Ship4545: checks 
*** TURN *** [4h Ad 2d] [6s]
Unipoker11: checks 
Ship4545: bets $4.99
Unipoker11: calls $4.99
*** RIVER *** [4h Ad 2d 6s] [4d]
Unipoker11: checks 
Ship4545: bets $29.97 and is all-in
Unipoker11: calls $29.97
*** SHOW DOWN ***
Ship4545: shows [Qd Jh] (a pair of Fours)
Unipoker11: shows [As Ts] (two pair, Aces and Fours)
Unipoker11 collected $77.92 from pot
*** SUMMARY ***
Total pot $80.42 | Rake $2.50 
Board [4h Ad 2d 6s 4d]
Seat 1: ImaPeppaPig (button) folded before Flop (didn't bet)
Seat 2: reiyser (small blind) folded before Flop
Seat 3: Unipoker11 (big blind) showed [As Ts] and won ($77.92) with two pair, Aces and Fours
Seat 4: Ship4545 showed [Qd Jh] and lost with a pair of Fours
Seat 5: henri789 folded before Flop (didn't bet)
Seat 6: ptolejmus folded before Flop (didn't bet)



PokerStars Hand #254503558020:  Hold'em No Limit ($0.50/$1.00 USD) - 2025/01/22 19:33:34 WET [2025/01/22 14:33:34 ET]
Table 'Medon IV' 6-max Seat #2 is the button
Seat 4: Ship4545 ($0 in chips) is sitting out
Seat 1: ImaPeppaPig ($116.30 in chips) 
Seat 2: reiyser ($101.41 in chips) 
Seat 3: Unipoker11 ($140.24 in chips) 
Seat 5: henri789 ($119.54 in chips) 
Seat 6: ptolejmus ($19.28 in chips) 
Unipoker11: posts small blind $0.50
henri789: posts big blind $1
*** HOLE CARDS ***
Ship4545 leaves the table
ptolejmus: folds 
ImaPeppaPig: folds 
reiyser: raises $1.23 to $2.23
Unipoker11: folds 
henri789: calls $1.23
*** FLOP *** [5d Td Kh]
henri789: checks 
reiyser: checks 
*** TURN *** [5d Td Kh] [4h]
henri789: checks 
reiyser: checks 
*** RIVER *** [5d Td Kh 4h] [6c]
dreva01 joins the table at seat #4 
dreva01 is disconnected 
henri789: checks 
reiyser: checks 
*** SHOW DOWN ***
henri789: shows [6d As] (a pair of Sixes)
reiyser: mucks hand 
henri789 collected $4.71 from pot
*** SUMMARY ***
Total pot $4.96 | Rake $0.25 
Board [5d Td Kh 4h 6c]
Seat 4: Ship4545
Seat 1: ImaPeppaPig folded before Flop (didn't bet)
Seat 2: reiyser (button) mucked
Seat 3: Unipoker11 (small blind) folded before Flop
Seat 5: henri789 (big blind) showed [6d As] and won ($4.71) with a pair of Sixes
Seat 6: ptolejmus folded before Flop (didn't bet)



PokerStars Hand #254503583014:  Hold'em No Limit ($0.50/$1.00 USD) - 2025/01/22 19:35:02 WET [2025/01/22 14:35:02 ET]
Table 'Medon IV' 6-max Seat #3 is the button
Seat 4: dreva01 ($43.29 in chips) is sitting out
Seat 6: ptolejmus ($19.28 in chips) is sitting out
Seat 1: ImaPeppaPig ($116.30 in chips) 
Seat 2: reiyser ($100 in chips) 
Seat 3: Unipoker11 ($139.74 in chips) 
Seat 5: henri789 ($122.02 in chips) 
henri789: posts small blind $0.50
ptolejmus: is sitting out 
ImaPeppaPig: posts big blind $1
*** HOLE CARDS ***
reiyser: folds 
Unipoker11: folds 
henri789: folds 
Uncalled bet ($0.50) returned to ImaPeppaPig
ImaPeppaPig collected $1 from pot
ImaPeppaPig: doesn't show hand 
*** SUMMARY ***
Total pot $1 | Rake $0 
Seat 4: dreva01
Seat 6: ptolejmus
Seat 1: ImaPeppaPig (big blind) collected ($1)
Seat 2: reiyser folded before Flop (didn't bet)
Seat 3: Unipoker11 (button) folded before Flop (didn't bet)
Seat 5: henri789 (small blind) folded before Flop



PokerStars Hand #254503586957:  Hold'em No Limit ($0.50/$1.00 USD) - 2025/01/22 19:35:16 WET [2025/01/22 14:35:16 ET]
Table 'Medon IV' 6-max Seat #5 is the button
Seat 6: ptolejmus ($19.28 in chips) is sitting out
Seat 1: ImaPeppaPig ($116.80 in chips) 
Seat 2: reiyser ($100 in chips) 
Seat 3: Unipoker11 ($139.74 in chips) 
Seat 4: dreva01 ($43.29 in chips) 
Seat 5: henri789 ($121.52 in chips) 
ImaPeppaPig: posts small blind $0.50
reiyser: posts big blind $1
dreva01: posts big blind $1
*** HOLE CARDS ***
Unipoker11: folds 
dreva01: raises $2 to $3
henri789: folds 
ImaPeppaPig: folds 
reiyser: raises $7 to $10
dreva01: raises $33.29 to $43.29 and is all-in
reiyser: calls $33.29
*** FLOP *** [2s 6c 3s]
*** TURN *** [2s 6c 3s] [8d]
*** RIVER *** [2s 6c 3s 8d] [4c]
*** SHOW DOWN ***
reiyser: shows [Ac Ah] (a pair of Aces)
dreva01: shows [Ad Ts] (high card Ace)
reiyser collected $84.58 from pot
*** SUMMARY ***
Total pot $87.08 | Rake $2.50 
Board [2s 6c 3s 8d 4c]
Seat 6: ptolejmus
Seat 1: ImaPeppaPig (small blind) folded before Flop
Seat 2: reiyser (big blind) showed [Ac Ah] and won ($84.58) with a pair of Aces
Seat 3: Unipoker11 folded before Flop (didn't bet)
Seat 4: dreva01 showed [Ad Ts] and lost with high card Ace
Seat 5: henri789 (button) folded before Flop (didn't bet)



PokerStars Hand #254503599059:  Hold'em No Limit ($0.50/$1.00 USD) - 2025/01/22 19:35:59 WET [2025/01/22 14:35:59 ET]
Table 'Medon IV' 6-max Seat #1 is the button
Seat 4: dreva01 ($0 in chips) is sitting out
Seat 6: ptolejmus ($19.28 in chips) is sitting out
Seat 1: ImaPeppaPig ($116.30 in chips) 
Seat 2: reiyser ($141.29 in chips) 
Seat 3: Unipoker11 ($139.74 in chips) 
Seat 5: henri789 ($121.52 in chips) 
reiyser: posts small blind $0.50
Unipoker11: posts big blind $1
ptolejmus: sits out 
*** HOLE CARDS ***
henri789: folds 
dreva01 is disconnected 
ImaPeppaPig: folds 
reiyser: raises $1.80 to $2.80
ptolejmus leaves the table
Unipoker11: raises $6.20 to $9
reiyser: folds 
Uncalled bet ($6.20) returned to Unipoker11
Unipoker11 collected $5.60 from pot
Unipoker11: doesn't show hand 
*** SUMMARY ***
Total pot $5.60 | Rake $0 
Seat 4: dreva01
Seat 6: ptolejmus
Seat 1: ImaPeppaPig (button) folded before Flop (didn't bet)
Seat 2: reiyser (small blind) folded before Flop
Seat 3: Unipoker11 (big blind) collected ($5.60)
Seat 5: henri789 folded before Flop (didn't bet)



PokerStars Hand #254503607401:  Hold'em No Limit ($0.50/$1.00 USD) - 2025/01/22 19:36:27 WET [2025/01/22 14:36:27 ET]
Table 'Medon IV' 6-max Seat #2 is the button
Seat 4: dreva01 ($0 in chips) is sitting out
Seat 1: ImaPeppaPig ($116.30 in chips) 
Seat 2: reiyser ($138.49 in chips) 
Seat 3: Unipoker11 ($142.54 in chips) 
Seat 5: henri789 ($121.52 in chips) 
Unipoker11: posts small blind $0.50
henri789: posts big blind $1
*** HOLE CARDS ***
ImaPeppaPig: folds 
reiyser: folds 
Unipoker11: raises $2 to $3
henri789: folds 
Uncalled bet ($2) returned to Unipoker11
Unipoker11 collected $2 from pot
Unipoker11: doesn't show hand 
*** SUMMARY ***
Total pot $2 | Rake $0 
Seat 4: dreva01
Seat 1: ImaPeppaPig folded before Flop (didn't bet)
Seat 2: reiyser (button) folded before Flop (didn't bet)
Seat 3: Unipoker11 (small blind) collected ($2)
Seat 5: henri789 (big blind) folded before Flop



PokerStars Hand #254503614712:  Hold'em No Limit ($0.50/$1.00 USD) - 2025/01/22 19:36:53 WET [2025/01/22 14:36:53 ET]
Table 'Medon IV' 6-max Seat #3 is the button
Seat 4: dreva01 ($0 in chips) is sitting out
Seat 1: ImaPeppaPig ($116.30 in chips) 
Seat 2: reiyser ($138.49 in chips) 
Seat 3: Unipoker11 ($143.54 in chips) 
Seat 5: henri789 ($120.52 in chips) 
henri789: posts small blind $0.50
ImaPeppaPig: posts big blind $1
*** HOLE CARDS ***
reiyser: folds 
Unipoker11: folds 
henri789: raises $2 to $3
ImaPeppaPig: raises $6 to $9
henri789: folds 
Uncalled bet ($6) returned to ImaPeppaPig
ImaPeppaPig collected $6 from pot
ImaPeppaPig: doesn't show hand 
*** SUMMARY ***
Total pot $6 | Rake $0 
Seat 4: dreva01
Seat 1: ImaPeppaPig (big blind) collected ($6)
Seat 2: reiyser folded before Flop (didn't bet)
Seat 3: Unipoker11 (button) folded before Flop (didn't bet)
Seat 5: henri789 (small blind) folded before Flop



PokerStars Hand #254503623976:  Hold'em No Limit ($0.50/$1.00 USD) - 2025/01/22 19:37:25 WET [2025/01/22 14:37:25 ET]
Table 'Medon IV' 6-max Seat #5 is the button
Seat 4: dreva01 ($0 in chips) is sitting out
Seat 1: ImaPeppaPig ($119.30 in chips) 
Seat 2: reiyser ($138.49 in chips) 
Seat 3: Unipoker11 ($143.54 in chips) 
Seat 5: henri789 ($117.52 in chips) 
ImaPeppaPig: posts small blind $0.50
reiyser: posts big blind $1
*** HOLE CARDS ***
Unipoker11: raises $1.30 to $2.30
henri789: folds 
ImaPeppaPig: folds 
reiyser: calls $1.30
*** FLOP *** [Qc 4s Kd]
reiyser: checks 
Unipoker11: bets $1.21
reiyser: calls $1.21
*** TURN *** [Qc 4s Kd] [3c]
reiyser: checks 
Unipoker11: bets $10.71
reiyser: folds 
Uncalled bet ($10.71) returned to Unipoker11
Unipoker11 collected $7.14 from pot
Unipoker11: doesn't show hand 
*** SUMMARY ***
Total pot $7.52 | Rake $0.38 
Board [Qc 4s Kd 3c]
Seat 4: dreva01
Seat 1: ImaPeppaPig (small blind) folded before Flop
Seat 2: reiyser (big blind) folded on the Turn
Seat 3: Unipoker11 collected ($7.14)
Seat 5: henri789 (button) folded before Flop (didn't bet)



PokerStars Hand #254503638833:  Hold'em No Limit ($0.50/$1.00 USD) - 2025/01/22 19:38:17 WET [2025/01/22 14:38:17 ET]
Table 'Medon IV' 6-max Seat #1 is the button
Seat 4: dreva01 ($0 in chips) is sitting out
Seat 1: ImaPeppaPig ($118.80 in chips) 
Seat 2: reiyser ($134.98 in chips) 
Seat 3: Unipoker11 ($147.17 in chips) 
Seat 5: henri789 ($117.52 in chips) 
reiyser: posts small blind $0.50
Unipoker11: posts big blind $1
*** HOLE CARDS ***
henri789: raises $1.20 to $2.20
ImaPeppaPig: folds 
reiyser: folds 
Unipoker11: folds 
Uncalled bet ($1.20) returned to henri789
henri789 collected $2.50 from pot
henri789: doesn't show hand 
*** SUMMARY ***
Total pot $2.50 | Rake $0 
Seat 4: dreva01
Seat 1: ImaPeppaPig (button) folded before Flop (didn't bet)
Seat 2: reiyser (small blind) folded before Flop
Seat 3: Unipoker11 (big blind) folded before Flop
Seat 5: henri789 collected ($2.50)



PokerStars Hand #254503644686:  Hold'em No Limit ($0.50/$1.00 USD) - 2025/01/22 19:38:38 WET [2025/01/22 14:38:38 ET]
Table 'Medon IV' 6-max Seat #2 is the button
Seat 4: dreva01 ($0 in chips) is sitting out
Seat 5: henri789 ($119.02 in chips) is sitting out
Seat 1: ImaPeppaPig ($118.80 in chips) 
Seat 2: reiyser ($134.48 in chips) 
Seat 3: Unipoker11 ($146.17 in chips) 
Unipoker11: posts small blind $0.50
henri789: is sitting out 
ImaPeppaPig: posts big blind $1
*** HOLE CARDS ***
reiyser: raises $1.23 to $2.23
henri789 leaves the table
Unipoker11: raises $8.77 to $11
ImaPeppaPig: folds 
reiyser: calls $8.77
*** FLOP *** [6s 2s Qd]
Unipoker11: checks 
reiyser: checks 
*** TURN *** [6s 2s Qd] [2d]
Unipoker11: checks 
reiyser: checks 
*** RIVER *** [6s 2s Qd 2d] [9d]
Unipoker11: bets $7.26
reiyser: raises $18.99 to $26.25
Unipoker11: folds 
Uncalled bet ($18.99) returned to reiyser
reiyser collected $36.52 from pot
reiyser: doesn't show hand 
*** SUMMARY ***
Total pot $37.52 | Rake $1 
Board [6s 2s Qd 2d 9d]
Seat 4: dreva01
Seat 5: henri789
Seat 1: ImaPeppaPig (big blind) folded before Flop
Seat 2: reiyser (button) collected ($36.52)
Seat 3: Unipoker11 (small blind) folded on the River



PokerStars Hand #254503681292:  Hold'em No Limit ($0.50/$1.00 USD) - 2025/01/22 19:40:47 WET [2025/01/22 14:40:47 ET]
Table 'Medon IV' 6-max Seat #1 is the button
Seat 2: reiyser ($152.74 in chips) is sitting out
Seat 4: dreva01 ($0 in chips) is sitting out
Seat 1: ImaPeppaPig ($117.80 in chips) 
Seat 3: Unipoker11 ($127.91 in chips) 
ImaPeppaPig: posts small blind $0.50
reiyser: is sitting out 
Unipoker11: posts big blind $1
*** HOLE CARDS ***
reiyser leaves the table
ImaPeppaPig: raises $1.50 to $2.50
Unipoker11: folds 
Uncalled bet ($1.50) returned to ImaPeppaPig
ImaPeppaPig collected $2 from pot
ImaPeppaPig: doesn't show hand 
*** SUMMARY ***
Total pot $2 | Rake $0 
Seat 2: reiyser
Seat 4: dreva01
Seat 1: ImaPeppaPig (button) (small blind) collected ($2)
Seat 3: Unipoker11 (big blind) folded before Flop



PokerStars Hand #254503684254:  Hold'em No Limit ($0.50/$1.00 USD) - 2025/01/22 19:40:57 WET [2025/01/22 14:40:57 ET]
Table 'Medon IV' 6-max Seat #3 is the button
Seat 4: dreva01 ($0 in chips) is sitting out
Seat 1: ImaPeppaPig ($118.80 in chips) 
Seat 3: Unipoker11 ($126.91 in chips) 
Unipoker11: posts small blind $0.50
ImaPeppaPig: posts big blind $1
*** HOLE CARDS ***
Unipoker11: raises $1.50 to $2.50
ImaPeppaPig: folds 
Uncalled bet ($1.50) returned to Unipoker11
Unipoker11 collected $2 from pot
Unipoker11: doesn't show hand 
*** SUMMARY ***
Total pot $2 | Rake $0 
Seat 4: dreva01
Seat 1: ImaPeppaPig (big blind) folded before Flop
Seat 3: Unipoker11 (button) (small blind) collected ($2)



PokerStars Hand #254503686343:  Hold'em No Limit ($0.50/$1.00 USD) - 2025/01/22 19:41:05 WET [2025/01/22 14:41:05 ET]
Table 'Medon IV' 6-max Seat #1 is the button
Seat 4: dreva01 ($0 in chips) is sitting out
Seat 1: ImaPeppaPig ($117.80 in chips) 
Seat 3: Unipoker11 ($127.91 in chips) 
ImaPeppaPig: posts small blind $0.50
Unipoker11: posts big blind $1
*** HOLE CARDS ***
ImaPeppaPig: raises $1.50 to $2.50
Unipoker11: calls $1.50
*** FLOP *** [9d 5c Ah]
Unipoker11: checks 
ImaPeppaPig: bets $1.47
Unipoker11: calls $1.47
*** TURN *** [9d 5c Ah] [6s]
Unipoker11: checks 
ImaPeppaPig: checks 
*** RIVER *** [9d 5c Ah 6s] [As]
Unipoker11: bets $5.65
ImaPeppaPig: calls $5.65
*** SHOW DOWN ***
Unipoker11: shows [Ac 6d] (a full house, Aces full of Sixes)
ImaPeppaPig: mucks hand 
Unipoker11 collected $18.28 from pot
*** SUMMARY ***
Total pot $19.24 | Rake $0.96 
Board [9d 5c Ah 6s As]
Seat 4: dreva01
Seat 1: ImaPeppaPig (button) (small blind) mucked
Seat 3: Unipoker11 (big blind) showed [Ac 6d] and won ($18.28) with a full house, Aces full of Sixes



PokerStars Hand #254503704026:  Hold'em No Limit ($0.50/$1.00 USD) - 2025/01/22 19:42:07 WET [2025/01/22 14:42:07 ET]
Table 'Medon IV' 6-max Seat #3 is the button
Seat 4: dreva01 ($0 in chips) is sitting out
Seat 1: ImaPeppaPig ($108.18 in chips) 
Seat 3: Unipoker11 ($136.57 in chips) 
Unipoker11: posts small blind $0.50
ImaPeppaPig: posts big blind $1
*** HOLE CARDS ***
Unipoker11: raises $1.50 to $2.50
ImaPeppaPig: raises $9.50 to $12
Unipoker11: folds 
Uncalled bet ($9.50) returned to ImaPeppaPig
ImaPeppaPig collected $5 from pot
ImaPeppaPig: doesn't show hand 
*** SUMMARY ***
Total pot $5 | Rake $0 
Seat 4: dreva01
Seat 1: ImaPeppaPig (big blind) collected ($5)
Seat 3: Unipoker11 (button) (small blind) folded before Flop



PokerStars Hand #254503710637:  Hold'em No Limit ($0.50/$1.00 USD) - 2025/01/22 19:42:30 WET [2025/01/22 14:42:30 ET]
Table 'Medon IV' 6-max Seat #1 is the button
Seat 4: dreva01 ($0 in chips) is sitting out
Seat 1: ImaPeppaPig ($110.68 in chips) 
Seat 3: Unipoker11 ($134.07 in chips) 
ImaPeppaPig: posts small blind $0.50
Unipoker11: posts big blind $1
*** HOLE CARDS ***
ImaPeppaPig: folds 
Uncalled bet ($0.50) returned to Unipoker11
Unipoker11 collected $1 from pot
Unipoker11: doesn't show hand 
*** SUMMARY ***
Total pot $1 | Rake $0 
Seat 4: dreva01
Seat 1: ImaPeppaPig (button) (small blind) folded before Flop
Seat 3: Unipoker11 (big blind) collected ($1)



PokerStars Hand #254503712407:  Hold'em No Limit ($0.50/$1.00 USD) - 2025/01/22 19:42:36 WET [2025/01/22 14:42:36 ET]
Table 'Medon IV' 6-max Seat #3 is the button
Seat 4: dreva01 ($0 in chips) is sitting out
Seat 1: ImaPeppaPig ($110.18 in chips) 
Seat 3: Unipoker11 ($134.57 in chips) 
Unipoker11: posts small blind $0.50
ImaPeppaPig: posts big blind $1
*** HOLE CARDS ***
Unipoker11: folds 
Uncalled bet ($0.50) returned to ImaPeppaPig
ImaPeppaPig collected $1 from pot
ImaPeppaPig: doesn't show hand 
*** SUMMARY ***
Total pot $1 | Rake $0 
Seat 4: dreva01
Seat 1: ImaPeppaPig (big blind) collected ($1)
Seat 3: Unipoker11 (button) (small blind) folded before Flop



PokerStars Hand #254503714597:  Hold'em No Limit ($0.50/$1.00 USD) - 2025/01/22 19:42:44 WET [2025/01/22 14:42:44 ET]
Table 'Medon IV' 6-max Seat #1 is the button
Seat 4: dreva01 ($0 in chips) is sitting out
Seat 1: ImaPeppaPig ($110.68 in chips) 
Seat 3: Unipoker11 ($134.07 in chips) 
ImaPeppaPig: posts small blind $0.50
Unipoker11: posts big blind $1
*** HOLE CARDS ***
ImaPeppaPig: folds 
Uncalled bet ($0.50) returned to Unipoker11
Unipoker11 collected $1 from pot
Unipoker11: doesn't show hand 
*** SUMMARY ***
Total pot $1 | Rake $0 
Seat 4: dreva01
Seat 1: ImaPeppaPig (button) (small blind) folded before Flop
Seat 3: Unipoker11 (big blind) collected ($1)



PokerStars Hand #254503717469:  Hold'em No Limit ($0.50/$1.00 USD) - 2025/01/22 19:42:54 WET [2025/01/22 14:42:54 ET]
Table 'Medon IV' 6-max Seat #3 is the button
Seat 4: dreva01 ($0 in chips) is sitting out
Seat 1: ImaPeppaPig ($110.18 in chips) 
Seat 3: Unipoker11 ($134.57 in chips) 
Unipoker11: posts small blind $0.50
ImaPeppaPig: posts big blind $1
*** HOLE CARDS ***
Unipoker11: raises $1.50 to $2.50
ImaPeppaPig: folds 
Uncalled bet ($1.50) returned to Unipoker11
Unipoker11 collected $2 from pot
Unipoker11: doesn't show hand 
*** SUMMARY ***
Total pot $2 | Rake $0 
Seat 4: dreva01
Seat 1: ImaPeppaPig (big blind) folded before Flop
Seat 3: Unipoker11 (button) (small blind) collected ($2)



PokerStars Hand #254503088503:  Hold'em No Limit ($0.50/$1.00 USD) - 2025/01/22 19:05:44 WET [2025/01/22 14:05:44 ET]
Table 'Medon IV' 6-max Seat #3 is the button
Seat 5: Poker9803 ($101 in chips) is sitting out
Seat 6: Gfoer ($114.50 in chips) is sitting out
Seat 1: ImaPeppaPig ($100 in chips) 
Seat 2: reiyser ($100 in chips) 
Seat 3: Unipoker11 ($115.09 in chips) 
Seat 4: alexpipa27 ($18.96 in chips) 
alexpipa27: posts small blind $0.50
Poker9803: is sitting out 
Gfoer: is sitting out 
ImaPeppaPig: posts big blind $1
*** HOLE CARDS ***
Gfoer leaves the table
reiyser: folds 
Unipoker11: folds 
Poker9803 leaves the table
alexpipa27: calls $0.50
ptolejmus joins the table at seat #6 
ImaPeppaPig: raises $11 to $12
alexpipa27: folds 
Uncalled bet ($11) returned to ImaPeppaPig
ImaPeppaPig collected $2 from pot
ImaPeppaPig: doesn't show hand 
*** SUMMARY ***
Total pot $2 | Rake $0 
Seat 5: Poker9803
Seat 6: Gfoer
Seat 1: ImaPeppaPig (big blind) collected ($2)
Seat 2: reiyser folded before Flop (didn't bet)
Seat 3: Unipoker11 (button) folded before Flop (didn't bet)
Seat 4: alexpipa27 (small blind) folded before Flop



PokerStars Hand #254503094394:  Hold'em No Limit ($0.50/$1.00 USD) - 2025/01/22 19:06:05 WET [2025/01/22 14:06:05 ET]
Table 'Medon IV' 6-max Seat #4 is the button
Seat 6: ptolejmus ($10 in chips) is sitting out
Seat 1: ImaPeppaPig ($101 in chips) 
Seat 2: reiyser ($100 in chips) 
Seat 3: Unipoker11 ($115.09 in chips) 
Seat 4: alexpipa27 ($17.96 in chips) 
ImaPeppaPig: posts small blind $0.50
reiyser: posts big blind $1
*** HOLE CARDS ***
Unipoker11: folds 
henri789 joins the table at seat #5 
alexpipa27: folds 
ImaPeppaPig: raises $2 to $3
reiyser: raises $7 to $10
ImaPeppaPig: raises $13 to $23
reiyser: calls $13
*** FLOP *** [9s 9d 3c]
ImaPeppaPig: bets $23.40
reiyser: folds 
Uncalled bet ($23.40) returned to ImaPeppaPig
ImaPeppaPig collected $45 from pot
ImaPeppaPig: doesn't show hand 
*** SUMMARY ***
Total pot $46 | Rake $1 
Board [9s 9d 3c]
Seat 6: ptolejmus
Seat 1: ImaPeppaPig (small blind) collected ($45)
Seat 2: reiyser (big blind) folded on the Flop
Seat 3: Unipoker11 folded before Flop (didn't bet)
Seat 4: alexpipa27 (button) folded before Flop (didn't bet)



PokerStars Hand #254503108901:  Hold'em No Limit ($0.50/$1.00 USD) - 2025/01/22 19:06:57 WET [2025/01/22 14:06:57 ET]
Table 'Medon IV' 6-max Seat #1 is the button
Seat 5: henri789 ($100 in chips) is sitting out
Seat 6: ptolejmus ($10 in chips) is sitting out
Seat 1: ImaPeppaPig ($123 in chips) 
Seat 2: reiyser ($100 in chips) 
Seat 3: Unipoker11 ($115.09 in chips) 
Seat 4: alexpipa27 ($17.96 in chips) 
reiyser: posts small blind $0.50
Unipoker11: posts big blind $1
henri789: sits out 
ptolejmus: sits out 
*** HOLE CARDS ***
alexpipa27: folds 
ImaPeppaPig: folds 
reiyser: folds 
Uncalled bet ($0.50) returned to Unipoker11
Unipoker11 collected $1 from pot
Unipoker11: doesn't show hand 
*** SUMMARY ***
Total pot $1 | Rake $0 
Seat 5: henri789
Seat 6: ptolejmus
Seat 1: ImaPeppaPig (button) folded before Flop (didn't bet)
Seat 2: reiyser (small blind) folded before Flop
Seat 3: Unipoker11 (big blind) collected ($1)
Seat 4: alexpipa27 folded before Flop (didn't bet)



PokerStars Hand #254503111075:  Hold'em No Limit ($0.50/$1.00 USD) - 2025/01/22 19:07:05 WET [2025/01/22 14:07:05 ET]
Table 'Medon IV' 6-max Seat #2 is the button
Seat 5: henri789 ($100 in chips) is sitting out
Seat 6: ptolejmus ($10 in chips) is sitting out
Seat 1: ImaPeppaPig ($123 in chips) 
Seat 2: reiyser ($100 in chips) 
Seat 3: Unipoker11 ($115.59 in chips) 
Seat 4: alexpipa27 ($17.96 in chips) 
Unipoker11: posts small blind $0.50
alexpipa27: posts big blind $1
henri789: sits out 
ptolejmus: sits out 
*** HOLE CARDS ***
ImaPeppaPig: raises $1.50 to $2.50
reiyser: folds 
Unipoker11: folds 
alexpipa27: folds 
Uncalled bet ($1.50) returned to ImaPeppaPig
ImaPeppaPig collected $2.50 from pot
ImaPeppaPig: doesn't show hand 
*** SUMMARY ***
Total pot $2.50 | Rake $0 
Seat 5: henri789
Seat 6: ptolejmus
Seat 1: ImaPeppaPig collected ($2.50)
Seat 2: reiyser (button) folded before Flop (didn't bet)
Seat 3: Unipoker11 (small blind) folded before Flop
Seat 4: alexpipa27 (big blind) folded before Flop



PokerStars Hand #254503114334:  Hold'em No Limit ($0.50/$1.00 USD) - 2025/01/22 19:07:16 WET [2025/01/22 14:07:16 ET]
Table 'Medon IV' 6-max Seat #3 is the button
Seat 6: ptolejmus ($10 in chips) is sitting out
Seat 1: ImaPeppaPig ($124.50 in chips) 
Seat 2: reiyser ($100 in chips) 
Seat 3: Unipoker11 ($115.09 in chips) 
Seat 4: alexpipa27 ($16.96 in chips) 
Seat 5: henri789 ($100 in chips) 
alexpipa27: posts small blind $0.50
henri789: posts big blind $1
ptolejmus: sits out 
*** HOLE CARDS ***
ImaPeppaPig: folds 
reiyser: folds 
Unipoker11: folds 
alexpipa27: raises $1 to $2
henri789: calls $1
*** FLOP *** [9c 7d 8c]
alexpipa27: bets $2
henri789: raises $14 to $16
alexpipa27: folds 
Uncalled bet ($14) returned to henri789
henri789 collected $7.60 from pot
henri789: doesn't show hand 
*** SUMMARY ***
Total pot $8 | Rake $0.40 
Board [9c 7d 8c]
Seat 6: ptolejmus
Seat 1: ImaPeppaPig folded before Flop (didn't bet)
Seat 2: reiyser folded before Flop (didn't bet)
Seat 3: Unipoker11 (button) folded before Flop (didn't bet)
Seat 4: alexpipa27 (small blind) folded on the Flop
Seat 5: henri789 (big blind) collected ($7.60)



PokerStars Hand #254503122622:  Hold'em No Limit ($0.50/$1.00 USD) - 2025/01/22 19:07:46 WET [2025/01/22 14:07:46 ET]
Table 'Medon IV' 6-max Seat #4 is the button
Seat 1: ImaPeppaPig ($124.50 in chips) 
Seat 2: reiyser ($100 in chips) 
Seat 3: Unipoker11 ($115.09 in chips) 
Seat 4: alexpipa27 ($12.96 in chips) 
Seat 5: henri789 ($103.60 in chips) 
Seat 6: ptolejmus ($10 in chips) 
henri789: posts small blind $0.50
ptolejmus: posts big blind $1
*** HOLE CARDS ***
ImaPeppaPig: folds 
reiyser: folds 
Unipoker11: folds 
alexpipa27: folds 
henri789: raises $11 to $12
ptolejmus: calls $9 and is all-in
Uncalled bet ($2) returned to henri789
*** FLOP *** [5d Jc Js]
*** TURN *** [5d Jc Js] [Ks]
*** RIVER *** [5d Jc Js Ks] [5c]
*** SHOW DOWN ***
henri789: shows [As 7s] (two pair, Jacks and Fives)
ptolejmus: shows [Qh Kc] (two pair, Kings and Jacks)
ptolejmus collected $19 from pot
*** SUMMARY ***
Total pot $20 | Rake $1 
Board [5d Jc Js Ks 5c]
Seat 1: ImaPeppaPig folded before Flop (didn't bet)
Seat 2: reiyser folded before Flop (didn't bet)
Seat 3: Unipoker11 folded before Flop (didn't bet)
Seat 4: alexpipa27 (button) folded before Flop (didn't bet)
Seat 5: henri789 (small blind) showed [As 7s] and lost with two pair, Jacks and Fives
Seat 6: ptolejmus (big blind) showed [Qh Kc] and won ($19) with two pair, Kings and Jacks



PokerStars Hand #254503130867:  Hold'em No Limit ($0.50/$1.00 USD) - 2025/01/22 19:08:16 WET [2025/01/22 14:08:16 ET]
Table 'Medon IV' 6-max Seat #5 is the button
Seat 1: ImaPeppaPig ($124.50 in chips) 
Seat 2: reiyser ($100 in chips) 
Seat 3: Unipoker11 ($115.09 in chips) 
Seat 4: alexpipa27 ($12.96 in chips) 
Seat 5: henri789 ($100 in chips) 
Seat 6: ptolejmus ($19 in chips) 
ptolejmus: posts small blind $0.50
ImaPeppaPig: posts big blind $1
*** HOLE CARDS ***
reiyser: folds 
Unipoker11: folds 
alexpipa27: folds 
henri789: folds 
ptolejmus: raises $1 to $2
ImaPeppaPig: calls $1
*** FLOP *** [Jd 3d 5s]
ptolejmus: checks 
ImaPeppaPig: bets $3
ptolejmus: folds 
Uncalled bet ($3) returned to ImaPeppaPig
ImaPeppaPig collected $3.80 from pot
ImaPeppaPig: doesn't show hand 
*** SUMMARY ***
Total pot $4 | Rake $0.20 
Board [Jd 3d 5s]
Seat 1: ImaPeppaPig (big blind) collected ($3.80)
Seat 2: reiyser folded before Flop (didn't bet)
Seat 3: Unipoker11 folded before Flop (didn't bet)
Seat 4: alexpipa27 folded before Flop (didn't bet)
Seat 5: henri789 (button) folded before Flop (didn't bet)
Seat 6: ptolejmus (small blind) folded on the Flop



PokerStars Hand #254503145460:  Hold'em No Limit ($0.50/$1.00 USD) - 2025/01/22 19:09:08 WET [2025/01/22 14:09:08 ET]
Table 'Medon IV' 6-max Seat #6 is the button
Seat 1: ImaPeppaPig ($126.30 in chips) 
Seat 2: reiyser ($100 in chips) 
Seat 3: Unipoker11 ($115.09 in chips) 
Seat 4: alexpipa27 ($12.96 in chips) 
Seat 5: henri789 ($100 in chips) 
Seat 6: ptolejmus ($17 in chips) 
ImaPeppaPig: posts small blind $0.50
reiyser: posts big blind $1
*** HOLE CARDS ***
Unipoker11: folds 
alexpipa27: raises $11.96 to $12.96 and is all-in
henri789: folds 
ptolejmus: folds 
ImaPeppaPig: folds 
reiyser: folds 
Uncalled bet ($11.96) returned to alexpipa27
alexpipa27 collected $2.50 from pot
*** SUMMARY ***
Total pot $2.50 | Rake $0 
Seat 1: ImaPeppaPig (small blind) folded before Flop
Seat 2: reiyser (big blind) folded before Flop
Seat 3: Unipoker11 folded before Flop (didn't bet)
Seat 4: alexpipa27 collected ($2.50)
Seat 5: henri789 folded before Flop (didn't bet)
Seat 6: ptolejmus (button) folded before Flop (didn't bet)



PokerStars Hand #254503151552:  Hold'em No Limit ($0.50/$1.00 USD) - 2025/01/22 19:09:30 WET [2025/01/22 14:09:30 ET]
Table 'Medon IV' 6-max Seat #1 is the button
Seat 1: ImaPeppaPig ($125.80 in chips) 
Seat 2: reiyser ($100 in chips) 
Seat 3: Unipoker11 ($115.09 in chips) 
Seat 4: alexpipa27 ($14.46 in chips) 
Seat 5: henri789 ($100 in chips) 
Seat 6: ptolejmus ($17 in chips) 
reiyser: posts small blind $0.50
Unipoker11: posts big blind $1
*** HOLE CARDS ***
alexpipa27: folds 
henri789: folds 
ptolejmus: folds 
ImaPeppaPig: raises $1.50 to $2.50
reiyser: folds 
Unipoker11: folds 
Uncalled bet ($1.50) returned to ImaPeppaPig
ImaPeppaPig collected $2.50 from pot
ImaPeppaPig: doesn't show hand 
*** SUMMARY ***
Total pot $2.50 | Rake $0 
Seat 1: ImaPeppaPig (button) collected ($2.50)
Seat 2: reiyser (small blind) folded before Flop
Seat 3: Unipoker11 (big blind) folded before Flop
Seat 4: alexpipa27 folded before Flop (didn't bet)
Seat 5: henri789 folded before Flop (didn't bet)
Seat 6: ptolejmus folded before Flop (didn't bet)



PokerStars Hand #254503160295:  Hold'em No Limit ($0.50/$1.00 USD) - 2025/01/22 19:10:01 WET [2025/01/22 14:10:01 ET]
Table 'Medon IV' 6-max Seat #2 is the button
Seat 1: ImaPeppaPig ($127.30 in chips) 
Seat 2: reiyser ($100 in chips) 
Seat 3: Unipoker11 ($114.09 in chips) 
Seat 4: alexpipa27 ($14.46 in chips) 
Seat 5: henri789 ($100 in chips) 
Seat 6: ptolejmus ($17 in chips) 
Unipoker11: posts small blind $0.50
alexpipa27: posts big blind $1
*** HOLE CARDS ***
henri789: folds 
ptolejmus: folds 
ImaPeppaPig: folds 
reiyser: folds 
Unipoker11: folds 
Uncalled bet ($0.50) returned to alexpipa27
alexpipa27 collected $1 from pot
*** SUMMARY ***
Total pot $1 | Rake $0 
Seat 1: ImaPeppaPig folded before Flop (didn't bet)
Seat 2: reiyser (button) folded before Flop (didn't bet)
Seat 3: Unipoker11 (small blind) folded before Flop
Seat 4: alexpipa27 (big blind) collected ($1)
Seat 5: henri789 folded before Flop (didn't bet)
Seat 6: ptolejmus folded before Flop (didn't bet)



PokerStars Hand #254503166381:  Hold'em No Limit ($0.50/$1.00 USD) - 2025/01/22 19:10:23 WET [2025/01/22 14:10:23 ET]
Table 'Medon IV' 6-max Seat #3 is the button
Seat 1: ImaPeppaPig ($127.30 in chips) 
Seat 2: reiyser ($100 in chips) 
Seat 3: Unipoker11 ($113.59 in chips) 
Seat 4: alexpipa27 ($14.96 in chips) 
Seat 5: henri789 ($100 in chips) 
Seat 6: ptolejmus ($17 in chips) 
alexpipa27: posts small blind $0.50
henri789: posts big blind $1
*** HOLE CARDS ***
ptolejmus: folds 
ImaPeppaPig: folds 
reiyser: folds 
Unipoker11: raises $1.50 to $2.50
alexpipa27: raises $12.46 to $14.96 and is all-in
henri789: folds 
Unipoker11: folds 
Uncalled bet ($12.46) returned to alexpipa27
alexpipa27 collected $6 from pot
*** SUMMARY ***
Total pot $6 | Rake $0 
Seat 1: ImaPeppaPig folded before Flop (didn't bet)
Seat 2: reiyser folded before Flop (didn't bet)
Seat 3: Unipoker11 (button) folded before Flop
Seat 4: alexpipa27 (small blind) collected ($6)
Seat 5: henri789 (big blind) folded before Flop
Seat 6: ptolejmus folded before Flop (didn't bet)



PokerStars Hand #254503177405:  Hold'em No Limit ($0.50/$1.00 USD) - 2025/01/22 19:11:03 WET [2025/01/22 14:11:03 ET]
Table 'Medon IV' 6-max Seat #4 is the button
Seat 1: ImaPeppaPig ($127.30 in chips) 
Seat 2: reiyser ($100 in chips) 
Seat 3: Unipoker11 ($111.09 in chips) 
Seat 4: alexpipa27 ($18.46 in chips) 
Seat 5: henri789 ($100 in chips) 
Seat 6: ptolejmus ($17 in chips) 
henri789: posts small blind $0.50
ptolejmus: posts big blind $1
*** HOLE CARDS ***
ImaPeppaPig: folds 
reiyser: folds 
Unipoker11: raises $1.30 to $2.30
alexpipa27: folds 
henri789: raises $8.70 to $11
ptolejmus: folds 
Unipoker11: folds 
Uncalled bet ($8.70) returned to henri789
henri789 collected $5.60 from pot
henri789: doesn't show hand 
*** SUMMARY ***
Total pot $5.60 | Rake $0 
Seat 1: ImaPeppaPig folded before Flop (didn't bet)
Seat 2: reiyser folded before Flop (didn't bet)
Seat 3: Unipoker11 folded before Flop
Seat 4: alexpipa27 (button) folded before Flop (didn't bet)
Seat 5: henri789 (small blind) collected ($5.60)
Seat 6: ptolejmus (big blind) folded before Flop



PokerStars Hand #254503187570:  Hold'em No Limit ($0.50/$1.00 USD) - 2025/01/22 19:11:40 WET [2025/01/22 14:11:40 ET]
Table 'Medon IV' 6-max Seat #5 is the button
Seat 1: ImaPeppaPig ($127.30 in chips) 
Seat 2: reiyser ($100 in chips) 
Seat 3: Unipoker11 ($108.79 in chips) 
Seat 4: alexpipa27 ($18.46 in chips) 
Seat 5: henri789 ($103.30 in chips) 
Seat 6: ptolejmus ($16 in chips) 
ptolejmus: posts small blind $0.50
ImaPeppaPig: posts big blind $1
*** HOLE CARDS ***
reiyser: folds 
Unipoker11: folds 
alexpipa27: raises $17.46 to $18.46 and is all-in
henri789: folds 
ptolejmus: folds 
ImaPeppaPig: folds 
Uncalled bet ($17.46) returned to alexpipa27
alexpipa27 collected $2.50 from pot
*** SUMMARY ***
Total pot $2.50 | Rake $0 
Seat 1: ImaPeppaPig (big blind) folded before Flop
Seat 2: reiyser folded before Flop (didn't bet)
Seat 3: Unipoker11 folded before Flop (didn't bet)
Seat 4: alexpipa27 collected ($2.50)
Seat 5: henri789 (button) folded before Flop (didn't bet)
Seat 6: ptolejmus (small blind) folded before Flop



PokerStars Hand #254503192002:  Hold'em No Limit ($0.50/$1.00 USD) - 2025/01/22 19:11:56 WET [2025/01/22 14:11:56 ET]
Table 'Medon IV' 6-max Seat #6 is the button
Seat 1: ImaPeppaPig ($126.30 in chips) 
Seat 2: reiyser ($100 in chips) 
Seat 3: Unipoker11 ($108.79 in chips) 
Seat 4: alexpipa27 ($19.96 in chips) 
Seat 5: henri789 ($103.30 in chips) 
Seat 6: ptolejmus ($15.50 in chips) 
ImaPeppaPig: posts small blind $0.50
reiyser: posts big blind $1
*** HOLE CARDS ***
Unipoker11: folds 
alexpipa27: folds 
henri789: raises $1.20 to $2.20
ptolejmus: folds 
ImaPeppaPig: folds 
reiyser: folds 
Uncalled bet ($1.20) returned to henri789
henri789 collected $2.50 from pot
henri789: doesn't show hand 
*** SUMMARY ***
Total pot $2.50 | Rake $0 
Seat 1: ImaPeppaPig (small blind) folded before Flop
Seat 2: reiyser (big blind) folded before Flop
Seat 3: Unipoker11 folded before Flop (didn't bet)
Seat 4: alexpipa27 folded before Flop (didn't bet)
Seat 5: henri789 collected ($2.50)
Seat 6: ptolejmus (button) folded before Flop (didn't bet)



PokerStars Hand #254503199927:  Hold'em No Limit ($0.50/$1.00 USD) - 2025/01/22 19:12:24 WET [2025/01/22 14:12:24 ET]
Table 'Medon IV' 6-max Seat #1 is the button
Seat 1: ImaPeppaPig ($125.80 in chips) 
Seat 2: reiyser ($100 in chips) 
Seat 3: Unipoker11 ($108.79 in chips) 
Seat 4: alexpipa27 ($19.96 in chips) 
Seat 5: henri789 ($104.80 in chips) 
Seat 6: ptolejmus ($15.50 in chips) 
reiyser: posts small blind $0.50
Unipoker11: posts big blind $1
*** HOLE CARDS ***
alexpipa27: folds 
henri789: raises $1.20 to $2.20
ptolejmus: folds 
ImaPeppaPig: folds 
reiyser: folds 
Unipoker11: folds 
Uncalled bet ($1.20) returned to henri789
henri789 collected $2.50 from pot
henri789: doesn't show hand 
*** SUMMARY ***
Total pot $2.50 | Rake $0 
Seat 1: ImaPeppaPig (button) folded before Flop (didn't bet)
Seat 2: reiyser (small blind) folded before Flop
Seat 3: Unipoker11 (big blind) folded before Flop
Seat 4: alexpipa27 folded before Flop (didn't bet)
Seat 5: henri789 collected ($2.50)
Seat 6: ptolejmus folded before Flop (didn't bet)



PokerStars Hand #254503207530:  Hold'em No Limit ($0.50/$1.00 USD) - 2025/01/22 19:12:51 WET [2025/01/22 14:12:51 ET]
Table 'Medon IV' 6-max Seat #2 is the button
Seat 4: alexpipa27 ($19.96 in chips) is sitting out
Seat 1: ImaPeppaPig ($125.80 in chips) 
Seat 2: reiyser ($100 in chips) 
Seat 3: Unipoker11 ($107.79 in chips) 
Seat 5: henri789 ($106.30 in chips) 
Seat 6: ptolejmus ($15.50 in chips) 
Unipoker11: posts small blind $0.50
henri789: posts big blind $1
*** HOLE CARDS ***
ptolejmus: folds 
ImaPeppaPig: folds 
reiyser: folds 
Unipoker11: raises $2 to $3
henri789: calls $2
*** FLOP *** [6h 4d Js]
Unipoker11: bets $1.43
henri789: calls $1.43
*** TURN *** [6h 4d Js] [Ad]
Unipoker11: checks 
henri789: checks 
*** RIVER *** [6h 4d Js Ad] [4h]
Unipoker11: checks 
alexpipa27 leaves the table
henri789: bets $6.32
Unipoker11: folds 
Uncalled bet ($6.32) returned to henri789
henri789 collected $8.42 from pot
henri789: doesn't show hand 
*** SUMMARY ***
Total pot $8.86 | Rake $0.44 
Board [6h 4d Js Ad 4h]
Seat 4: alexpipa27
Seat 1: ImaPeppaPig folded before Flop (didn't bet)
Seat 2: reiyser (button) folded before Flop (didn't bet)
Seat 3: Unipoker11 (small blind) folded on the River
Seat 5: henri789 (big blind) collected ($8.42)
Seat 6: ptolejmus folded before Flop (didn't bet)



PokerStars Hand #254503235633:  Hold'em No Limit ($0.50/$1.00 USD) - 2025/01/22 19:14:32 WET [2025/01/22 14:14:32 ET]
Table 'Medon IV' 6-max Seat #3 is the button
Seat 1: ImaPeppaPig ($125.80 in chips) 
Seat 2: reiyser ($100 in chips) 
Seat 3: Unipoker11 ($103.36 in chips) 
Seat 5: henri789 ($110.29 in chips) 
Seat 6: ptolejmus ($15.50 in chips) 
henri789: posts small blind $0.50
ptolejmus: posts big blind $1
*** HOLE CARDS ***
ImaPeppaPig: folds 
reiyser: folds 
Unipoker11: folds 
henri789: folds 
Uncalled bet ($0.50) returned to ptolejmus
ptolejmus collected $1 from pot
*** SUMMARY ***
Total pot $1 | Rake $0 
Seat 1: ImaPeppaPig folded before Flop (didn't bet)
Seat 2: reiyser folded before Flop (didn't bet)
Seat 3: Unipoker11 (button) folded before Flop (didn't bet)
Seat 5: henri789 (small blind) folded before Flop
Seat 6: ptolejmus (big blind) collected ($1)



PokerStars Hand #254503238984:  Hold'em No Limit ($0.50/$1.00 USD) - 2025/01/22 19:14:44 WET [2025/01/22 14:14:44 ET]
Table 'Medon IV' 6-max Seat #5 is the button
Seat 1: ImaPeppaPig ($125.80 in chips) 
Seat 2: reiyser ($100 in chips) 
Seat 3: Unipoker11 ($103.36 in chips) 
Seat 5: henri789 ($109.79 in chips) 
Seat 6: ptolejmus ($16 in chips) 
ptolejmus: posts small blind $0.50
ImaPeppaPig: posts big blind $1
*** HOLE CARDS ***
reiyser: folds 
Unipoker11: folds 
henri789: raises $1.20 to $2.20
ptolejmus: folds 
ImaPeppaPig: folds 
Uncalled bet ($1.20) returned to henri789
henri789 collected $2.50 from pot
henri789: doesn't show hand 
*** SUMMARY ***
Total pot $2.50 | Rake $0 
Seat 1: ImaPeppaPig (big blind) folded before Flop
Seat 2: reiyser folded before Flop (didn't bet)
Seat 3: Unipoker11 folded before Flop (didn't bet)
Seat 5: henri789 (button) collected ($2.50)
Seat 6: ptolejmus (small blind) folded before Flop



PokerStars Hand #254503247042:  Hold'em No Limit ($0.50/$1.00 USD) - 2025/01/22 19:15:13 WET [2025/01/22 14:15:13 ET]
Table 'Medon IV' 6-max Seat #6 is the button
Seat 2: reiyser ($100 in chips) is sitting out
Seat 1: ImaPeppaPig ($124.80 in chips) 
Seat 3: Unipoker11 ($103.36 in chips) 
Seat 5: henri789 ($111.29 in chips) 
Seat 6: ptolejmus ($15.50 in chips) 
ImaPeppaPig: posts small blind $0.50
reiyser: is sitting out 
Unipoker11: posts big blind $1
*** HOLE CARDS ***
henri789: folds 
reiyser leaves the table
Urfa63x joins the table at seat #2 
Urfa63x is disconnected 
Ship4545 joins the table at seat #4 
ptolejmus: raises $1 to $2
Ship4545 is disconnected 
ImaPeppaPig: folds 
Unipoker11: folds 
Uncalled bet ($1) returned to ptolejmus
ptolejmus collected $2.50 from pot
*** SUMMARY ***
Total pot $2.50 | Rake $0 
Seat 2: reiyser
Seat 1: ImaPeppaPig (small blind) folded before Flop
Seat 3: Unipoker11 (big blind) folded before Flop
Seat 5: henri789 folded before Flop (didn't bet)
Seat 6: ptolejmus (button) collected ($2.50)



PokerStars Hand #254503252881:  Hold'em No Limit ($0.50/$1.00 USD) - 2025/01/22 19:15:33 WET [2025/01/22 14:15:33 ET]
Table 'Medon IV' 6-max Seat #1 is the button
Seat 2: Urfa63x ($10 in chips) is sitting out
Seat 1: ImaPeppaPig ($124.30 in chips) 
Seat 3: Unipoker11 ($102.36 in chips) 
Seat 4: Ship4545 ($16.40 in chips) 
Seat 5: henri789 ($111.29 in chips) 
Seat 6: ptolejmus ($17 in chips) 
Unipoker11: posts small blind $0.50
Ship4545: posts big blind $1
*** HOLE CARDS ***
henri789: folds 
ptolejmus: folds 
ImaPeppaPig: raises $1.50 to $2.50
Unipoker11: folds 
Ship4545: folds 
Uncalled bet ($1.50) returned to ImaPeppaPig
ImaPeppaPig collected $2.50 from pot
ImaPeppaPig: doesn't show hand 
*** SUMMARY ***
Total pot $2.50 | Rake $0 
Seat 2: Urfa63x
Seat 1: ImaPeppaPig (button) collected ($2.50)
Seat 3: Unipoker11 (small blind) folded before Flop
Seat 4: Ship4545 (big blind) folded before Flop
Seat 5: henri789 folded before Flop (didn't bet)
Seat 6: ptolejmus folded before Flop (didn't bet)



PokerStars Hand #254503259289:  Hold'em No Limit ($0.50/$1.00 USD) - 2025/01/22 19:15:56 WET [2025/01/22 14:15:56 ET]
Table 'Medon IV' 6-max Seat #3 is the button
Seat 1: ImaPeppaPig ($125.80 in chips) 
Seat 2: Urfa63x ($10 in chips) 
Seat 3: Unipoker11 ($101.86 in chips) 
Seat 4: Ship4545 ($15.40 in chips) 
Seat 5: henri789 ($111.29 in chips) 
Seat 6: ptolejmus ($17 in chips) 
Ship4545: posts small blind $0.50
henri789: posts big blind $1
Urfa63x: posts big blind $1
*** HOLE CARDS ***
ptolejmus: folds 
ImaPeppaPig: folds 
Urfa63x: checks 
Unipoker11: folds 
Ship4545: raises $3 to $4
henri789: folds 
Urfa63x: folds 
Uncalled bet ($3) returned to Ship4545
Ship4545 collected $3 from pot
Ship4545: doesn't show hand 
*** SUMMARY ***
Total pot $3 | Rake $0 
Seat 1: ImaPeppaPig folded before Flop (didn't bet)
Seat 2: Urfa63x folded before Flop (didn't bet)
Seat 3: Unipoker11 (button) folded before Flop (didn't bet)
Seat 4: Ship4545 (small blind) collected ($3)
Seat 5: henri789 (big blind) folded before Flop
Seat 6: ptolejmus folded before Flop (didn't bet)



PokerStars Hand #254503266589:  Hold'em No Limit ($0.50/$1.00 USD) - 2025/01/22 19:16:22 WET [2025/01/22 14:16:22 ET]
Table 'Medon IV' 6-max Seat #4 is the button
Seat 6: ptolejmus ($17 in chips) is sitting out
Seat 1: ImaPeppaPig ($125.80 in chips) 
Seat 2: Urfa63x ($9 in chips) 
Seat 3: Unipoker11 ($101.86 in chips) 
Seat 4: Ship4545 ($17.40 in chips) 
Seat 5: henri789 ($110.29 in chips) 
henri789: posts small blind $0.50
ptolejmus: is sitting out 
ImaPeppaPig: posts big blind $1
*** HOLE CARDS ***
Urfa63x: calls $1
Unipoker11: folds 
Ship4545: folds 
henri789: folds 
ImaPeppaPig: checks 
*** FLOP *** [4d 7d Jd]
ImaPeppaPig: checks 
Urfa63x: checks 
*** TURN *** [4d 7d Jd] [Kd]
ImaPeppaPig: checks 
Urfa63x: checks 
*** RIVER *** [4d 7d Jd Kd] [3c]
ImaPeppaPig: checks 
Urfa63x: checks 
*** SHOW DOWN ***
ImaPeppaPig: shows [Ac 2s] (high card Ace)
Urfa63x: shows [9s 9c] (a pair of Nines)
Urfa63x collected $2.35 from pot
*** SUMMARY ***
Total pot $2.50 | Rake $0.15 
Board [4d 7d Jd Kd 3c]
Seat 6: ptolejmus
Seat 1: ImaPeppaPig (big blind) showed [Ac 2s] and lost with high card Ace
Seat 2: Urfa63x showed [9s 9c] and won ($2.35) with a pair of Nines
Seat 3: Unipoker11 folded before Flop (didn't bet)
Seat 4: Ship4545 (button) folded before Flop (didn't bet)
Seat 5: henri789 (small blind) folded before Flop



PokerStars Hand #254503273547:  Hold'em No Limit ($0.50/$1.00 USD) - 2025/01/22 19:16:47 WET [2025/01/22 14:16:47 ET]
Table 'Medon IV' 6-max Seat #5 is the button
Seat 6: ptolejmus ($17 in chips) is sitting out
Seat 1: ImaPeppaPig ($124.80 in chips) 
Seat 2: Urfa63x ($10.35 in chips) 
Seat 3: Unipoker11 ($101.86 in chips) 
Seat 4: Ship4545 ($17.40 in chips) 
Seat 5: henri789 ($109.79 in chips) 
ImaPeppaPig: posts small blind $0.50
Urfa63x: posts big blind $1
*** HOLE CARDS ***
Unipoker11: folds 
Ship4545: folds 
henri789: raises $1.20 to $2.20
ImaPeppaPig: folds 
Urfa63x: calls $1.20
*** FLOP *** [Tc 4s Ts]
Urfa63x: checks 
henri789: bets $1
Urfa63x: calls $1
*** TURN *** [Tc 4s Ts] [Jd]
Urfa63x: checks 
henri789: bets $8.72
Urfa63x: folds 
Uncalled bet ($8.72) returned to henri789
henri789 collected $6.56 from pot
henri789: doesn't show hand 
*** SUMMARY ***
Total pot $6.90 | Rake $0.34 
Board [Tc 4s Ts Jd]
Seat 6: ptolejmus
Seat 1: ImaPeppaPig (small blind) folded before Flop
Seat 2: Urfa63x (big blind) folded on the Turn
Seat 3: Unipoker11 folded before Flop (didn't bet)
Seat 4: Ship4545 folded before Flop (didn't bet)
Seat 5: henri789 (button) collected ($6.56)



PokerStars Hand #254503285581:  Hold'em No Limit ($0.50/$1.00 USD) - 2025/01/22 19:17:30 WET [2025/01/22 14:17:30 ET]
Table 'Medon IV' 6-max Seat #1 is the button
Seat 6: ptolejmus ($17 in chips) is sitting out
Seat 1: ImaPeppaPig ($124.30 in chips) 
Seat 2: Urfa63x ($7.15 in chips) 
Seat 3: Unipoker11 ($101.86 in chips) 
Seat 4: Ship4545 ($17.40 in chips) 
Seat 5: henri789 ($113.15 in chips) 
Urfa63x: posts small blind $0.50
Unipoker11: posts big blind $1
ptolejmus: sits out 
*** HOLE CARDS ***
Ship4545: folds 
henri789: raises $1.20 to $2.20
ImaPeppaPig: folds 
Urfa63x: calls $1.70
Unipoker11: calls $1.20
*** FLOP *** [5s 4d 9s]
Urfa63x: checks 
Unipoker11: checks 
henri789: bets $3.07
Urfa63x: calls $3.07
Unipoker11: calls $3.07
*** TURN *** [5s 4d 9s] [Th]
Urfa63x: checks 
Unipoker11: checks 
henri789 is disconnected 
henri789 is connected 
henri789: bets $19.98
Urfa63x: calls $1.88 and is all-in
Unipoker11: folds 
Uncalled bet ($18.10) returned to henri789
*** RIVER *** [5s 4d 9s Th] [8h]
*** SHOW DOWN ***
Urfa63x: shows [Ks Ts] (a pair of Tens)
henri789: shows [Tc Td] (three of a kind, Tens)
henri789 collected $18.59 from pot
*** SUMMARY ***
Total pot $19.57 | Rake $0.98 
Board [5s 4d 9s Th 8h]
Seat 6: ptolejmus
Seat 1: ImaPeppaPig (button) folded before Flop (didn't bet)
Seat 2: Urfa63x (small blind) showed [Ks Ts] and lost with a pair of Tens
Seat 3: Unipoker11 (big blind) folded on the Turn
Seat 4: Ship4545 folded before Flop (didn't bet)
Seat 5: henri789 showed [Tc Td] and won ($18.59) with three of a kind, Tens



PokerStars Hand #254503320133:  Hold'em No Limit ($0.50/$1.00 USD) - 2025/01/22 19:19:33 WET [2025/01/22 14:19:33 ET]
Table 'Medon IV' 6-max Seat #3 is the button
Seat 2: Urfa63x ($0 in chips) is sitting out
Seat 6: ptolejmus ($17 in chips) is sitting out
Seat 1: ImaPeppaPig ($124.30 in chips) 
Seat 3: Unipoker11 ($100 in chips) 
Seat 4: Ship4545 ($17.40 in chips) 
Seat 5: henri789 ($124.59 in chips) 
Ship4545: posts small blind $0.50
henri789: posts big blind $1
ptolejmus: sits out 
*** HOLE CARDS ***
ImaPeppaPig: folds 
Unipoker11: raises $1.50 to $2.50
Ship4545: folds 
henri789: folds 
Uncalled bet ($1.50) returned to Unipoker11
Unipoker11 collected $2.50 from pot
Unipoker11: doesn't show hand 
*** SUMMARY ***
Total pot $2.50 | Rake $0 
Seat 2: Urfa63x
Seat 6: ptolejmus
Seat 1: ImaPeppaPig folded before Flop (didn't bet)
Seat 3: Unipoker11 (button) collected ($2.50)
Seat 4: Ship4545 (small blind) folded before Flop
Seat 5: henri789 (big blind) folded before Flop



PokerStars Hand #254503324579:  Hold'em No Limit ($0.50/$1.00 USD) - 2025/01/22 19:19:49 WET [2025/01/22 14:19:49 ET]
Table 'Medon IV' 6-max Seat #4 is the button
Seat 1: ImaPeppaPig ($124.30 in chips) 
Seat 2: Urfa63x ($10 in chips) 
Seat 3: Unipoker11 ($101.50 in chips) 
Seat 4: Ship4545 ($16.90 in chips) 
Seat 5: henri789 ($123.59 in chips) 
Seat 6: ptolejmus ($17 in chips) 
henri789: posts small blind $0.50
ptolejmus: posts big blind $1
*** HOLE CARDS ***
ImaPeppaPig: folds 
Urfa63x: calls $1
Unipoker11: folds 
Ship4545: raises $2 to $3
henri789: folds 
ptolejmus: folds 
Urfa63x: calls $2
*** FLOP *** [Ad 6h 9h]
Urfa63x: checks 
Ship4545: bets $3.56
Urfa63x: folds 
Uncalled bet ($3.56) returned to Ship4545
Ship4545 collected $7.12 from pot
Ship4545: doesn't show hand 
*** SUMMARY ***
Total pot $7.50 | Rake $0.38 
Board [Ad 6h 9h]
Seat 1: ImaPeppaPig folded before Flop (didn't bet)
Seat 2: Urfa63x folded on the Flop
Seat 3: Unipoker11 folded before Flop (didn't bet)
Seat 4: Ship4545 (button) collected ($7.12)
Seat 5: henri789 (small blind) folded before Flop
Seat 6: ptolejmus (big blind) folded before Flop



PokerStars Hand #254503336000:  Hold'em No Limit ($0.50/$1.00 USD) - 2025/01/22 19:20:29 WET [2025/01/22 14:20:29 ET]
Table 'Medon IV' 6-max Seat #5 is the button
Seat 1: ImaPeppaPig ($124.30 in chips) 
Seat 2: Urfa63x ($7 in chips) 
Seat 3: Unipoker11 ($101.50 in chips) 
Seat 4: Ship4545 ($21.02 in chips) 
Seat 5: henri789 ($123.09 in chips) 
Seat 6: ptolejmus ($16 in chips) 
ptolejmus: posts small blind $0.50
ImaPeppaPig: posts big blind $1
*** HOLE CARDS ***
Urfa63x: calls $1
Unipoker11: folds 
Ship4545: folds 
henri789: raises $11 to $12
ptolejmus: folds 
ImaPeppaPig: folds 
Urfa63x: folds 
Uncalled bet ($11) returned to henri789
henri789 collected $3.50 from pot
henri789: doesn't show hand 
*** SUMMARY ***
Total pot $3.50 | Rake $0 
Seat 1: ImaPeppaPig (big blind) folded before Flop
Seat 2: Urfa63x folded before Flop
Seat 3: Unipoker11 folded before Flop (didn't bet)
Seat 4: Ship4545 folded before Flop (didn't bet)
Seat 5: henri789 (button) collected ($3.50)
Seat 6: ptolejmus (small blind) folded before Flop



PokerStars Hand #254503345153:  Hold'em No Limit ($0.50/$1.00 USD) - 2025/01/22 19:21:01 WET [2025/01/22 14:21:01 ET]
Table 'Medon IV' 6-max Seat #6 is the button
Seat 1: ImaPeppaPig ($123.30 in chips) 
Seat 2: Urfa63x ($6 in chips) 
Seat 3: Unipoker11 ($101.50 in chips) 
Seat 4: Ship4545 ($21.02 in chips) 
Seat 5: henri789 ($125.59 in chips) 
Seat 6: ptolejmus ($15.50 in chips) 
ImaPeppaPig: posts small blind $0.50
Urfa63x: posts big blind $1
*** HOLE CARDS ***
Unipoker11: folds 
Ship4545: raises $2 to $3
henri789: folds 
ptolejmus: folds 
ImaPeppaPig: folds 
Urfa63x: calls $2
*** FLOP *** [8c Jc Kc]
Urfa63x: checks 
Ship4545: checks 
*** TURN *** [8c Jc Kc] [3c]
Urfa63x: checks 
Ship4545: bets $3.09
Urfa63x: calls $3 and is all-in
Uncalled bet ($0.09) returned to Ship4545
*** RIVER *** [8c Jc Kc 3c] [3d]
*** SHOW DOWN ***
Urfa63x: shows [Qc Td] (a flush, King high)
Ship4545: shows [7c Ac] (a flush, Ace high)
Ship4545 collected $11.88 from pot
*** SUMMARY ***
Total pot $12.50 | Rake $0.62 
Board [8c Jc Kc 3c 3d]
Seat 1: ImaPeppaPig (small blind) folded before Flop
Seat 2: Urfa63x (big blind) showed [Qc Td] and lost with a flush, King high
Seat 3: Unipoker11 folded before Flop (didn't bet)
Seat 4: Ship4545 showed [7c Ac] and won ($11.88) with a flush, Ace high
Seat 5: henri789 folded before Flop (didn't bet)
Seat 6: ptolejmus (button) folded before Flop (didn't bet)



PokerStars Hand #254503355316:  Hold'em No Limit ($0.50/$1.00 USD) - 2025/01/22 19:21:38 WET [2025/01/22 14:21:38 ET]
Table 'Medon IV' 6-max Seat #1 is the button
Seat 2: Urfa63x ($0 in chips) is sitting out
Seat 1: ImaPeppaPig ($122.80 in chips) 
Seat 3: Unipoker11 ($101.50 in chips) 
Seat 4: Ship4545 ($26.90 in chips) 
Seat 5: henri789 ($125.59 in chips) 
Seat 6: ptolejmus ($15.50 in chips) 
Unipoker11: posts small blind $0.50
Ship4545: posts big blind $1
*** HOLE CARDS ***
henri789: raises $1.20 to $2.20
ptolejmus: folds 
ImaPeppaPig: folds 
Urfa63x leaves the table
Unipoker11: folds 
reiyser joins the table at seat #2 
Ship4545: folds 
Uncalled bet ($1.20) returned to henri789
henri789 collected $2.50 from pot
henri789: doesn't show hand 
*** SUMMARY ***
Total pot $2.50 | Rake $0 
Seat 2: Urfa63x
Seat 1: ImaPeppaPig (button) folded before Flop (didn't bet)
Seat 3: Unipoker11 (small blind) folded before Flop
Seat 4: Ship4545 (big blind) folded before Flop
Seat 5: henri789 collected ($2.50)
Seat 6: ptolejmus folded before Flop (didn't bet)



PokerStars Hand #254503361518:  Hold'em No Limit ($0.50/$1.00 USD) - 2025/01/22 19:22:00 WET [2025/01/22 14:22:00 ET]
Table 'Medon IV' 6-max Seat #3 is the button
Seat 2: reiyser ($100 in chips) is sitting out
Seat 1: ImaPeppaPig ($122.80 in chips) 
Seat 3: Unipoker11 ($101 in chips) 
Seat 4: Ship4545 ($25.90 in chips) 
Seat 5: henri789 ($127.09 in chips) 
Seat 6: ptolejmus ($15.50 in chips) 
Ship4545: posts small blind $0.50
henri789: posts big blind $1
reiyser: sits out 
*** HOLE CARDS ***
ptolejmus: raises $1 to $2
ImaPeppaPig: folds 
Unipoker11: folds 
Ship4545: folds 
henri789: folds 
Uncalled bet ($1) returned to ptolejmus
ptolejmus collected $2.50 from pot
*** SUMMARY ***
Total pot $2.50 | Rake $0 
Seat 2: reiyser
Seat 1: ImaPeppaPig folded before Flop (didn't bet)
Seat 3: Unipoker11 (button) folded before Flop (didn't bet)
Seat 4: Ship4545 (small blind) folded before Flop
Seat 5: henri789 (big blind) folded before Flop
Seat 6: ptolejmus collected ($2.50)



PokerStars Hand #254503368181:  Hold'em No Limit ($0.50/$1.00 USD) - 2025/01/22 19:22:23 WET [2025/01/22 14:22:23 ET]
Table 'Medon IV' 6-max Seat #4 is the button
Seat 2: reiyser ($100 in chips) is sitting out
Seat 1: ImaPeppaPig ($122.80 in chips) 
Seat 3: Unipoker11 ($101 in chips) 
Seat 4: Ship4545 ($25.40 in chips) 
Seat 5: henri789 ($126.09 in chips) 
Seat 6: ptolejmus ($17 in chips) 
henri789: posts small blind $0.50
ptolejmus: posts big blind $1
reiyser: sits out 
*** HOLE CARDS ***
ImaPeppaPig: folds 
Unipoker11: folds 
Ship4545: folds 
henri789: folds 
Uncalled bet ($0.50) returned to ptolejmus
ptolejmus collected $1 from pot
*** SUMMARY ***
Total pot $1 | Rake $0 
Seat 2: reiyser
Seat 1: ImaPeppaPig folded before Flop (didn't bet)
Seat 3: Unipoker11 folded before Flop (didn't bet)
Seat 4: Ship4545 (button) folded before Flop (didn't bet)
Seat 5: henri789 (small blind) folded before Flop
Seat 6: ptolejmus (big blind) collected ($1)



PokerStars Hand #254503372104:  Hold'em No Limit ($0.50/$1.00 USD) - 2025/01/22 19:22:37 WET [2025/01/22 14:22:37 ET]
Table 'Medon IV' 6-max Seat #5 is the button
Seat 2: reiyser ($100 in chips) is sitting out
Seat 1: ImaPeppaPig ($122.80 in chips) 
Seat 3: Unipoker11 ($101 in chips) 
Seat 4: Ship4545 ($25.40 in chips) 
Seat 5: henri789 ($125.59 in chips) 
Seat 6: ptolejmus ($17.50 in chips) 
ptolejmus: posts small blind $0.50
ImaPeppaPig: posts big blind $1
reiyser: sits out 
*** HOLE CARDS ***
Unipoker11: raises $1 to $2
Ship4545: calls $2
henri789: folds 
ptolejmus: folds 
ImaPeppaPig: calls $1
*** FLOP *** [As 5s 2h]
ImaPeppaPig: checks 
Unipoker11: checks 
Ship4545: bets $2.09
ImaPeppaPig: folds 
Unipoker11: folds 
Uncalled bet ($2.09) returned to Ship4545
Ship4545 collected $6.18 from pot
Ship4545: doesn't show hand 
*** SUMMARY ***
Total pot $6.50 | Rake $0.32 
Board [As 5s 2h]
Seat 2: reiyser
Seat 1: ImaPeppaPig (big blind) folded on the Flop
Seat 3: Unipoker11 folded on the Flop
Seat 4: Ship4545 collected ($6.18)
Seat 5: henri789 (button) folded before Flop (didn't bet)
Seat 6: ptolejmus (small blind) folded before Flop



PokerStars Hand #254503385904:  Hold'em No Limit ($0.50/$1.00 USD) - 2025/01/22 19:23:26 WET [2025/01/22 14:23:26 ET]
Table 'Medon IV' 6-max Seat #6 is the button
Seat 1: ImaPeppaPig ($120.80 in chips) 
Seat 2: reiyser ($100 in chips) 
Seat 3: Unipoker11 ($100 in chips) 
Seat 4: Ship4545 ($29.58 in chips) 
Seat 5: henri789 ($125.59 in chips) 
Seat 6: ptolejmus ($17 in chips) 
ImaPeppaPig: posts small blind $0.50
reiyser: posts big blind $1
*** HOLE CARDS ***
Unipoker11: folds 
Ship4545: folds 
henri789: folds 
ptolejmus: raises $1 to $2
ImaPeppaPig: folds 
reiyser: folds 
Uncalled bet ($1) returned to ptolejmus
ptolejmus collected $2.50 from pot
*** SUMMARY ***
Total pot $2.50 | Rake $0 
Seat 1: ImaPeppaPig (small blind) folded before Flop
Seat 2: reiyser (big blind) folded before Flop
Seat 3: Unipoker11 folded before Flop (didn't bet)
Seat 4: Ship4545 folded before Flop (didn't bet)
Seat 5: henri789 folded before Flop (didn't bet)
Seat 6: ptolejmus (button) collected ($2.50)



PokerStars Hand #254503392910:  Hold'em No Limit ($0.50/$1.00 USD) - 2025/01/22 19:23:51 WET [2025/01/22 14:23:51 ET]
Table 'Medon IV' 6-max Seat #1 is the button
Seat 1: ImaPeppaPig ($120.30 in chips) 
Seat 2: reiyser ($100 in chips) 
Seat 3: Unipoker11 ($100 in chips) 
Seat 4: Ship4545 ($29.58 in chips) 
Seat 5: henri789 ($125.59 in chips) 
Seat 6: ptolejmus ($18.50 in chips) 
reiyser: posts small blind $0.50
Unipoker11: posts big blind $1
*** HOLE CARDS ***
Ship4545: folds 
henri789: folds 
ptolejmus: folds 
ImaPeppaPig: folds 
reiyser: raises $1.80 to $2.80
Unipoker11: calls $1.80
*** FLOP *** [4h Qs 8h]
reiyser: bets $1.54
Unipoker11: calls $1.54
*** TURN *** [4h Qs 8h] [3c]
reiyser: bets $10.89
Unipoker11: folds 
Uncalled bet ($10.89) returned to reiyser
reiyser collected $8.25 from pot
reiyser: doesn't show hand 
*** SUMMARY ***
Total pot $8.68 | Rake $0.43 
Board [4h Qs 8h 3c]
Seat 1: ImaPeppaPig (button) folded before Flop (didn't bet)
Seat 2: reiyser (small blind) collected ($8.25)
Seat 3: Unipoker11 (big blind) folded on the Turn
Seat 4: Ship4545 folded before Flop (didn't bet)
Seat 5: henri789 folded before Flop (didn't bet)
Seat 6: ptolejmus folded before Flop (didn't bet)



PokerStars Hand #254503415456:  Hold'em No Limit ($0.50/$1.00 USD) - 2025/01/22 19:25:11 WET [2025/01/22 14:25:11 ET]
Table 'Medon IV' 6-max Seat #2 is the button
Seat 1: ImaPeppaPig ($120.30 in chips) 
Seat 2: reiyser ($103.91 in chips) 
Seat 3: Unipoker11 ($100 in chips) 
Seat 4: Ship4545 ($29.58 in chips) 
Seat 5: henri789 ($125.59 in chips) 
Seat 6: ptolejmus ($18.50 in chips) 
Unipoker11: posts small blind $0.50
Ship4545: posts big blind $1
*** HOLE CARDS ***
henri789: raises $1.20 to $2.20
ptolejmus: folds 
ImaPeppaPig: folds 
reiyser: folds 
Unipoker11: folds 
Ship4545: calls $1.20
*** FLOP *** [9h 7d Ac]
Ship4545: checks 
henri789: bets $1.54
Ship4545: folds 
Uncalled bet ($1.54) returned to henri789
henri789 collected $4.66 from pot
henri789: doesn't show hand 
*** SUMMARY ***
Total pot $4.90 | Rake $0.24 
Board [9h 7d Ac]
Seat 1: ImaPeppaPig folded before Flop (didn't bet)
Seat 2: reiyser (button) folded before Flop (didn't bet)
Seat 3: Unipoker11 (small blind) folded before Flop
Seat 4: Ship4545 (big blind) folded on the Flop
Seat 5: henri789 collected ($4.66)
Seat 6: ptolejmus folded before Flop (didn't bet)



