PokerStars Hand #254505365323:  Hold'em No Limit ($0.50/$1.00 USD) - 2025/01/22 21:19:26 WET [2025/01/22 16:19:26 ET]
Table 'Niobe IV' 6-max Seat #2 is the button
Seat 2: tintin641 ($100 in chips) 
Seat 3: UnRRRReal ($100 in chips) 
Seat 6: Manifestorr ($102.93 in chips) 
UnRRRReal: posts small blind $0.50
Manifestorr: posts big blind $1
*** HOLE CARDS ***
tintin641: folds 
UnRRRReal: raises $2 to $3
Manifestorr: folds 
Uncalled bet ($2) returned to UnRRRReal
UnRRRReal collected $2 from pot
UnRRRReal: doesn't show hand 
*** SUMMARY ***
Total pot $2 | Rake $0 
Seat 2: tintin641 (button) folded before Flop (didn't bet)
Seat 3: UnRRRReal (small blind) collected ($2)
Seat 6: Manifestorr (big blind) folded before Flop



PokerStars Hand #254505368370:  Hold'em No Limit ($0.50/$1.00 USD) - 2025/01/22 21:19:36 WET [2025/01/22 16:19:36 ET]
Table 'Niobe IV' 6-max Seat #3 is the button
Seat 2: tintin641 ($100 in chips) 
Seat 3: UnRRRReal ($101 in chips) 
Seat 6: Manifestorr ($101.93 in chips) 
Manifestorr: posts small blind $0.50
tintin641: posts big blind $1
*** HOLE CARDS ***
UnRRRReal: raises $1.50 to $2.50
Manifestorr: folds 
Canvasking joins the table at seat #4 
Canvasking is disconnected 
app1e_j@ck joins the table at seat #5 
mr.Jckpot joins the table at seat #1 
tintin641: calls $1.50
*** FLOP *** [8c 4c 7s]
tintin641: checks 
Canvasking leaves the table
UnRRRReal: bets $3.92
tintin641: folds 
Uncalled bet ($3.92) returned to UnRRRReal
UnRRRReal collected $5.22 from pot
UnRRRReal: doesn't show hand 
*** SUMMARY ***
Total pot $5.50 | Rake $0.28 
Board [8c 4c 7s]
Seat 2: tintin641 (big blind) folded on the Flop
Seat 3: UnRRRReal (button) collected ($5.22)
Seat 6: Manifestorr (small blind) folded before Flop



PokerStars Hand #254505381712:  Hold'em No Limit ($0.50/$1.00 USD) - 2025/01/22 21:20:20 WET [2025/01/22 16:20:20 ET]
Table 'Niobe IV' 6-max Seat #6 is the button
Seat 1: mr.Jckpot ($100 in chips) is sitting out
Seat 5: app1e_j@ck ($100 in chips) is sitting out
Seat 2: tintin641 ($100 in chips) 
Seat 3: UnRRRReal ($103.72 in chips) 
Seat 6: Manifestorr ($101.43 in chips) 
tintin641: posts small blind $0.50
UnRRRReal: posts big blind $1
app1e_j@ck: sits out 
*** HOLE CARDS ***
Manifestorr: raises $1.20 to $2.20
tintin641: folds 
UnRRRReal: raises $9.80 to $12
Manifestorr: folds 
Uncalled bet ($9.80) returned to UnRRRReal
UnRRRReal collected $4.90 from pot
UnRRRReal: doesn't show hand 
*** SUMMARY ***
Total pot $4.90 | Rake $0 
Seat 1: mr.Jckpot
Seat 5: app1e_j@ck
Seat 2: tintin641 (small blind) folded before Flop
Seat 3: UnRRRReal (big blind) collected ($4.90)
Seat 6: Manifestorr (button) folded before Flop



PokerStars Hand #254505385421:  Hold'em No Limit ($0.50/$1.00 USD) - 2025/01/22 21:20:32 WET [2025/01/22 16:20:32 ET]
Table 'Niobe IV' 6-max Seat #2 is the button
Seat 1: mr.Jckpot ($100 in chips) is sitting out
Seat 2: tintin641 ($100 in chips) 
Seat 3: UnRRRReal ($106.42 in chips) 
Seat 5: app1e_j@ck ($100 in chips) 
Seat 6: Manifestorr ($100 in chips) 
UnRRRReal: posts small blind $0.50
app1e_j@ck: posts big blind $1
mr.Jckpot: sits out 
*** HOLE CARDS ***
Manifestorr: folds 
tintin641: folds 
UnRRRReal: folds 
Uncalled bet ($0.50) returned to app1e_j@ck
app1e_j@ck collected $1 from pot
app1e_j@ck: doesn't show hand 
*** SUMMARY ***
Total pot $1 | Rake $0 
Seat 1: mr.Jckpot
Seat 2: tintin641 (button) folded before Flop (didn't bet)
Seat 3: UnRRRReal (small blind) folded before Flop
Seat 5: app1e_j@ck (big blind) collected ($1)
Seat 6: Manifestorr folded before Flop (didn't bet)



PokerStars Hand #254505389539:  Hold'em No Limit ($0.50/$1.00 USD) - 2025/01/22 21:20:45 WET [2025/01/22 16:20:45 ET]
Table 'Niobe IV' 6-max Seat #3 is the button
Seat 1: mr.Jckpot ($100 in chips) is sitting out
Seat 2: tintin641 ($100 in chips) 
Seat 3: UnRRRReal ($105.92 in chips) 
Seat 5: app1e_j@ck ($100.50 in chips) 
Seat 6: Manifestorr ($100 in chips) 
app1e_j@ck: posts small blind $0.50
Manifestorr: posts big blind $1
mr.Jckpot: sits out 
*** HOLE CARDS ***
tintin641: raises $1.50 to $2.50
UnRRRReal: folds 
app1e_j@ck: folds 
Manifestorr: folds 
Uncalled bet ($1.50) returned to tintin641
tintin641 collected $2.50 from pot
tintin641: doesn't show hand 
*** SUMMARY ***
Total pot $2.50 | Rake $0 
Seat 1: mr.Jckpot
Seat 2: tintin641 collected ($2.50)
Seat 3: UnRRRReal (button) folded before Flop (didn't bet)
Seat 5: app1e_j@ck (small blind) folded before Flop
Seat 6: Manifestorr (big blind) folded before Flop



PokerStars Hand #254505394032:  Hold'em No Limit ($0.50/$1.00 USD) - 2025/01/22 21:21:00 WET [2025/01/22 16:21:00 ET]
Table 'Niobe IV' 6-max Seat #5 is the button
Seat 1: mr.Jckpot ($100 in chips) 
Seat 2: tintin641 ($101.50 in chips) 
Seat 3: UnRRRReal ($105.92 in chips) 
Seat 5: app1e_j@ck ($100 in chips) 
Seat 6: Manifestorr ($100 in chips) 
Manifestorr: posts small blind $0.50
mr.Jckpot: posts big blind $1
*** HOLE CARDS ***
tintin641: folds 
UnRRRReal: folds 
app1e_j@ck: folds 
Manifestorr: folds 
Uncalled bet ($0.50) returned to mr.Jckpot
mr.Jckpot collected $1 from pot
mr.Jckpot: doesn't show hand 
*** SUMMARY ***
Total pot $1 | Rake $0 
Seat 1: mr.Jckpot (big blind) collected ($1)
Seat 2: tintin641 folded before Flop (didn't bet)
Seat 3: UnRRRReal folded before Flop (didn't bet)
Seat 5: app1e_j@ck (button) folded before Flop (didn't bet)
Seat 6: Manifestorr (small blind) folded before Flop



PokerStars Hand #254505397415:  Hold'em No Limit ($0.50/$1.00 USD) - 2025/01/22 21:21:11 WET [2025/01/22 16:21:11 ET]
Table 'Niobe IV' 6-max Seat #6 is the button
Seat 1: mr.Jckpot ($100.50 in chips) 
Seat 2: tintin641 ($101.50 in chips) 
Seat 3: UnRRRReal ($105.92 in chips) 
Seat 5: app1e_j@ck ($100 in chips) 
Seat 6: Manifestorr ($100 in chips) 
mr.Jckpot: posts small blind $0.50
tintin641: posts big blind $1
*** HOLE CARDS ***
UnRRRReal: folds 
app1e_j@ck: raises $1.50 to $2.50
Manifestorr: folds 
mr.Jckpot: raises $9.50 to $12
tintin641: folds 
app1e_j@ck: folds 
Uncalled bet ($9.50) returned to mr.Jckpot
mr.Jckpot collected $6 from pot
mr.Jckpot: doesn't show hand 
*** SUMMARY ***
Total pot $6 | Rake $0 
Seat 1: mr.Jckpot (small blind) collected ($6)
Seat 2: tintin641 (big blind) folded before Flop
Seat 3: UnRRRReal folded before Flop (didn't bet)
Seat 5: app1e_j@ck folded before Flop
Seat 6: Manifestorr (button) folded before Flop (didn't bet)



PokerStars Hand #254505402258:  Hold'em No Limit ($0.50/$1.00 USD) - 2025/01/22 21:21:27 WET [2025/01/22 16:21:27 ET]
Table 'Niobe IV' 6-max Seat #1 is the button
Seat 1: mr.Jckpot ($104 in chips) 
Seat 2: tintin641 ($100.50 in chips) 
Seat 3: UnRRRReal ($105.92 in chips) 
Seat 5: app1e_j@ck ($100 in chips) 
Seat 6: Manifestorr ($100 in chips) 
tintin641: posts small blind $0.50
UnRRRReal: posts big blind $1
*** HOLE CARDS ***
app1e_j@ck: raises $1.50 to $2.50
Manifestorr: folds 
mr.Jckpot: folds 
tintin641: folds 
UnRRRReal: folds 
Uncalled bet ($1.50) returned to app1e_j@ck
app1e_j@ck collected $2.50 from pot
app1e_j@ck: doesn't show hand 
*** SUMMARY ***
Total pot $2.50 | Rake $0 
Seat 1: mr.Jckpot (button) folded before Flop (didn't bet)
Seat 2: tintin641 (small blind) folded before Flop
Seat 3: UnRRRReal (big blind) folded before Flop
Seat 5: app1e_j@ck collected ($2.50)
Seat 6: Manifestorr folded before Flop (didn't bet)



PokerStars Hand #254505407209:  Hold'em No Limit ($0.50/$1.00 USD) - 2025/01/22 21:21:44 WET [2025/01/22 16:21:44 ET]
Table 'Niobe IV' 6-max Seat #2 is the button
Seat 5: app1e_j@ck ($101.50 in chips) is sitting out
Seat 1: mr.Jckpot ($104 in chips) 
Seat 2: tintin641 ($100 in chips) 
Seat 3: UnRRRReal ($104.92 in chips) 
Seat 6: Manifestorr ($100 in chips) 
UnRRRReal: posts small blind $0.50
app1e_j@ck: is sitting out 
Manifestorr: posts big blind $1
*** HOLE CARDS ***
mr.Jckpot: folds 
app1e_j@ck leaves the table
tintin641: folds 
UnRRRReal: folds 
Uncalled bet ($0.50) returned to Manifestorr
Manifestorr collected $1 from pot
*** SUMMARY ***
Total pot $1 | Rake $0 
Seat 5: app1e_j@ck
Seat 1: mr.Jckpot folded before Flop (didn't bet)
Seat 2: tintin641 (button) folded before Flop (didn't bet)
Seat 3: UnRRRReal (small blind) folded before Flop
Seat 6: Manifestorr (big blind) collected ($1)



PokerStars Hand #254505410941:  Hold'em No Limit ($0.50/$1.00 USD) - 2025/01/22 21:21:56 WET [2025/01/22 16:21:56 ET]
Table 'Niobe IV' 6-max Seat #3 is the button
Seat 1: mr.Jckpot ($104 in chips) is sitting out
Seat 2: tintin641 ($100 in chips) 
Seat 3: UnRRRReal ($104.42 in chips) 
Seat 6: Manifestorr ($100.50 in chips) 
Manifestorr: posts small blind $0.50
mr.Jckpot: is sitting out 
tintin641: posts big blind $1
*** HOLE CARDS ***
RFBullyz joins the table at seat #4 
RFBullyz is disconnected 
UnRRRReal: folds 
Manifestorr: raises $2 to $3
Sadyhov V.V. joins the table at seat #5 
tintin641: folds 
Uncalled bet ($2) returned to Manifestorr
Manifestorr collected $2 from pot
*** SUMMARY ***
Total pot $2 | Rake $0 
Seat 1: mr.Jckpot
Seat 2: tintin641 (big blind) folded before Flop
Seat 3: UnRRRReal (button) folded before Flop (didn't bet)
Seat 6: Manifestorr (small blind) collected ($2)



PokerStars Hand #254505414593:  Hold'em No Limit ($0.50/$1.00 USD) - 2025/01/22 21:22:08 WET [2025/01/22 16:22:08 ET]
Table 'Niobe IV' 6-max Seat #6 is the button
Seat 1: mr.Jckpot ($104 in chips) is sitting out
Seat 4: RFBullyz ($100 in chips) is sitting out
Seat 5: Sadyhov V.V. ($100 in chips) is sitting out
Seat 2: tintin641 ($100 in chips) 
Seat 3: UnRRRReal ($104.42 in chips) 
Seat 6: Manifestorr ($101.50 in chips) 
tintin641: posts small blind $0.50
UnRRRReal: posts big blind $1
RFBullyz: sits out 
Sadyhov V.V.: sits out 
*** HOLE CARDS ***
Manifestorr: raises $1.20 to $2.20
tintin641: folds 
UnRRRReal: calls $1.20
*** FLOP *** [Qc Jd 4d]
UnRRRReal: checks 
Manifestorr: checks 
*** TURN *** [Qc Jd 4d] [8s]
UnRRRReal: checks 
Manifestorr: checks 
*** RIVER *** [Qc Jd 4d 8s] [9c]
UnRRRReal: bets $3.50
Manifestorr: folds 
Uncalled bet ($3.50) returned to UnRRRReal
UnRRRReal collected $4.66 from pot
UnRRRReal: doesn't show hand 
*** SUMMARY ***
Total pot $4.90 | Rake $0.24 
Board [Qc Jd 4d 8s 9c]
Seat 1: mr.Jckpot
Seat 4: RFBullyz
Seat 5: Sadyhov V.V.
Seat 2: tintin641 (small blind) folded before Flop
Seat 3: UnRRRReal (big blind) collected ($4.66)
Seat 6: Manifestorr (button) folded on the River



PokerStars Hand #254505424827:  Hold'em No Limit ($0.50/$1.00 USD) - 2025/01/22 21:22:42 WET [2025/01/22 16:22:42 ET]
Table 'Niobe IV' 6-max Seat #2 is the button
Seat 1: mr.Jckpot ($104 in chips) is sitting out
Seat 5: Sadyhov V.V. ($100 in chips) is sitting out
Seat 2: tintin641 ($100 in chips) 
Seat 3: UnRRRReal ($106.88 in chips) 
Seat 4: RFBullyz ($100 in chips) 
Seat 6: Manifestorr ($100 in chips) 
UnRRRReal: posts small blind $0.50
RFBullyz: posts big blind $1
Sadyhov V.V.: sits out 
mr.Jckpot: sits out 
*** HOLE CARDS ***
Manifestorr: raises $1.20 to $2.20
tintin641: folds 
UnRRRReal: folds 
RFBullyz: folds 
Uncalled bet ($1.20) returned to Manifestorr
Manifestorr collected $2.50 from pot
*** SUMMARY ***
Total pot $2.50 | Rake $0 
Seat 1: mr.Jckpot
Seat 5: Sadyhov V.V.
Seat 2: tintin641 (button) folded before Flop (didn't bet)
Seat 3: UnRRRReal (small blind) folded before Flop
Seat 4: RFBullyz (big blind) folded before Flop
Seat 6: Manifestorr collected ($2.50)



PokerStars Hand #254505430309:  Hold'em No Limit ($0.50/$1.00 USD) - 2025/01/22 21:23:00 WET [2025/01/22 16:23:00 ET]
Table 'Niobe IV' 6-max Seat #3 is the button
Seat 1: mr.Jckpot ($104 in chips) is sitting out
Seat 2: tintin641 ($100 in chips) 
Seat 3: UnRRRReal ($106.38 in chips) 
Seat 4: RFBullyz ($99 in chips) 
Seat 5: Sadyhov V.V. ($100 in chips) 
Seat 6: Manifestorr ($101.50 in chips) 
RFBullyz: posts small blind $0.50
Sadyhov V.V.: posts big blind $1
mr.Jckpot: sits out 
*** HOLE CARDS ***
Manifestorr: folds 
tintin641: raises $1.50 to $2.50
UnRRRReal: raises $5 to $7.50
RFBullyz: folds 
Sadyhov V.V.: folds 
tintin641: folds 
Uncalled bet ($5) returned to UnRRRReal
UnRRRReal collected $6.50 from pot
UnRRRReal: doesn't show hand 
*** SUMMARY ***
Total pot $6.50 | Rake $0 
Seat 1: mr.Jckpot
Seat 2: tintin641 folded before Flop
Seat 3: UnRRRReal (button) collected ($6.50)
Seat 4: RFBullyz (small blind) folded before Flop
Seat 5: Sadyhov V.V. (big blind) folded before Flop
Seat 6: Manifestorr folded before Flop (didn't bet)



PokerStars Hand #254505436692:  Hold'em No Limit ($0.50/$1.00 USD) - 2025/01/22 21:23:21 WET [2025/01/22 16:23:21 ET]
Table 'Niobe IV' 6-max Seat #4 is the button
Seat 1: mr.Jckpot ($104 in chips) is sitting out
Seat 2: tintin641 ($100 in chips) 
Seat 3: UnRRRReal ($110.38 in chips) 
Seat 4: RFBullyz ($98.50 in chips) 
Seat 5: Sadyhov V.V. ($100 in chips) 
Seat 6: Manifestorr ($101.50 in chips) 
Sadyhov V.V.: posts small blind $0.50
Manifestorr: posts big blind $1
mr.Jckpot: sits out 
*** HOLE CARDS ***
tintin641: folds 
UnRRRReal: raises $1.50 to $2.50
RFBullyz: folds 
Sadyhov V.V.: folds 
Manifestorr: raises $9.50 to $12
UnRRRReal: folds 
Uncalled bet ($9.50) returned to Manifestorr
Manifestorr collected $5.50 from pot
*** SUMMARY ***
Total pot $5.50 | Rake $0 
Seat 1: mr.Jckpot
Seat 2: tintin641 folded before Flop (didn't bet)
Seat 3: UnRRRReal folded before Flop
Seat 4: RFBullyz (button) folded before Flop (didn't bet)
Seat 5: Sadyhov V.V. (small blind) folded before Flop
Seat 6: Manifestorr (big blind) collected ($5.50)



PokerStars Hand #254505446981:  Hold'em No Limit ($0.50/$1.00 USD) - 2025/01/22 21:23:55 WET [2025/01/22 16:23:55 ET]
Table 'Niobe IV' 6-max Seat #5 is the button
Seat 1: mr.Jckpot ($104 in chips) 
Seat 2: tintin641 ($100 in chips) 
Seat 3: UnRRRReal ($107.88 in chips) 
Seat 4: RFBullyz ($98.50 in chips) 
Seat 5: Sadyhov V.V. ($100 in chips) 
Seat 6: Manifestorr ($104.50 in chips) 
Manifestorr: posts small blind $0.50
mr.Jckpot: posts big blind $1
*** HOLE CARDS ***
tintin641: folds 
UnRRRReal: folds 
RFBullyz: folds 
Sadyhov V.V.: raises $1.50 to $2.50
Manifestorr: folds 
mr.Jckpot: folds 
Uncalled bet ($1.50) returned to Sadyhov V.V.
Sadyhov V.V. collected $2.50 from pot
Sadyhov V.V.: doesn't show hand 
*** SUMMARY ***
Total pot $2.50 | Rake $0 
Seat 1: mr.Jckpot (big blind) folded before Flop
Seat 2: tintin641 folded before Flop (didn't bet)
Seat 3: UnRRRReal folded before Flop (didn't bet)
Seat 4: RFBullyz folded before Flop (didn't bet)
Seat 5: Sadyhov V.V. (button) collected ($2.50)
Seat 6: Manifestorr (small blind) folded before Flop



PokerStars Hand #254505452236:  Hold'em No Limit ($0.50/$1.00 USD) - 2025/01/22 21:24:13 WET [2025/01/22 16:24:13 ET]
Table 'Niobe IV' 6-max Seat #6 is the button
Seat 1: mr.Jckpot ($103 in chips) 
Seat 2: tintin641 ($100 in chips) 
Seat 3: UnRRRReal ($107.88 in chips) 
Seat 4: RFBullyz ($98.50 in chips) 
Seat 5: Sadyhov V.V. ($101.50 in chips) 
Seat 6: Manifestorr ($104 in chips) 
mr.Jckpot: posts small blind $0.50
tintin641: posts big blind $1
*** HOLE CARDS ***
UnRRRReal: folds 
RFBullyz: raises $2.50 to $3.50
Sadyhov V.V.: folds 
Manifestorr: folds 
mr.Jckpot: folds 
tintin641: folds 
Uncalled bet ($2.50) returned to RFBullyz
RFBullyz collected $2.50 from pot
*** SUMMARY ***
Total pot $2.50 | Rake $0 
Seat 1: mr.Jckpot (small blind) folded before Flop
Seat 2: tintin641 (big blind) folded before Flop
Seat 3: UnRRRReal folded before Flop (didn't bet)
Seat 4: RFBullyz collected ($2.50)
Seat 5: Sadyhov V.V. folded before Flop (didn't bet)
Seat 6: Manifestorr (button) folded before Flop (didn't bet)



PokerStars Hand #254505459048:  Hold'em No Limit ($0.50/$1.00 USD) - 2025/01/22 21:24:35 WET [2025/01/22 16:24:35 ET]
Table 'Niobe IV' 6-max Seat #1 is the button
Seat 1: mr.Jckpot ($102.50 in chips) 
Seat 2: tintin641 ($100 in chips) 
Seat 3: UnRRRReal ($107.88 in chips) 
Seat 4: RFBullyz ($100 in chips) 
Seat 5: Sadyhov V.V. ($101.50 in chips) 
Seat 6: Manifestorr ($104 in chips) 
tintin641: posts small blind $0.50
UnRRRReal: posts big blind $1
*** HOLE CARDS ***
RFBullyz: folds 
Sadyhov V.V.: folds 
Manifestorr: folds 
mr.Jckpot: folds 
tintin641: folds 
Uncalled bet ($0.50) returned to UnRRRReal
UnRRRReal collected $1 from pot
UnRRRReal: doesn't show hand 
*** SUMMARY ***
Total pot $1 | Rake $0 
Seat 1: mr.Jckpot (button) folded before Flop (didn't bet)
Seat 2: tintin641 (small blind) folded before Flop
Seat 3: UnRRRReal (big blind) collected ($1)
Seat 4: RFBullyz folded before Flop (didn't bet)
Seat 5: Sadyhov V.V. folded before Flop (didn't bet)
Seat 6: Manifestorr folded before Flop (didn't bet)



PokerStars Hand #254505462899:  Hold'em No Limit ($0.50/$1.00 USD) - 2025/01/22 21:24:48 WET [2025/01/22 16:24:48 ET]
Table 'Niobe IV' 6-max Seat #2 is the button
Seat 1: mr.Jckpot ($102.50 in chips) 
Seat 2: tintin641 ($100 in chips) 
Seat 3: UnRRRReal ($108.38 in chips) 
Seat 4: RFBullyz ($100 in chips) 
Seat 5: Sadyhov V.V. ($101.50 in chips) 
Seat 6: Manifestorr ($104 in chips) 
UnRRRReal: posts small blind $0.50
RFBullyz: posts big blind $1
*** HOLE CARDS ***
Sadyhov V.V.: folds 
Manifestorr: raises $1.20 to $2.20
mr.Jckpot: folds 
tintin641: folds 
UnRRRReal: folds 
RFBullyz: calls $1.20
*** FLOP *** [4c 6c 3d]
RFBullyz: checks 
Manifestorr: bets $3.50
RFBullyz: calls $3.50
*** TURN *** [4c 6c 3d] [2c]
RFBullyz: checks 
Manifestorr: checks 
*** RIVER *** [4c 6c 3d 2c] [Qh]
RFBullyz: checks 
Manifestorr: bets $3.73
RFBullyz: calls $3.73
*** SHOW DOWN ***
Manifestorr: shows [9c 9d] (a pair of Nines)
RFBullyz: mucks hand 
Manifestorr collected $18.39 from pot
*** SUMMARY ***
Total pot $19.36 | Rake $0.97 
Board [4c 6c 3d 2c Qh]
Seat 1: mr.Jckpot folded before Flop (didn't bet)
Seat 2: tintin641 (button) folded before Flop (didn't bet)
Seat 3: UnRRRReal (small blind) folded before Flop
Seat 4: RFBullyz (big blind) mucked
Seat 5: Sadyhov V.V. folded before Flop (didn't bet)
Seat 6: Manifestorr showed [9c 9d] and won ($18.39) with a pair of Nines



PokerStars Hand #254505975014:  Hold'em No Limit ($0.50/$1.00 USD) - 2025/01/22 21:25:28 WET [2025/01/22 16:25:28 ET]
Table 'Niobe IV' 6-max Seat #3 is the button
Seat 1: mr.Jckpot ($102.50 in chips) 
Seat 2: tintin641 ($100 in chips) 
Seat 3: UnRRRReal ($107.88 in chips) 
Seat 4: RFBullyz ($90.57 in chips) 
Seat 5: Sadyhov V.V. ($101.50 in chips) 
Seat 6: Manifestorr ($112.96 in chips) 
RFBullyz: posts small blind $0.50
Sadyhov V.V.: posts big blind $1
*** HOLE CARDS ***
Manifestorr: folds 
mr.Jckpot: folds 
tintin641: folds 
UnRRRReal: raises $1.50 to $2.50
RFBullyz: folds 
Sadyhov V.V.: calls $1.50
*** FLOP *** [6h Jc 8h]
Sadyhov V.V.: checks 
UnRRRReal: checks 
*** TURN *** [6h Jc 8h] [Ts]
Sadyhov V.V.: bets $1.72
UnRRRReal: raises $6.50 to $8.22
Sadyhov V.V.: folds 
Uncalled bet ($6.50) returned to UnRRRReal
UnRRRReal collected $8.49 from pot
UnRRRReal: doesn't show hand 
*** SUMMARY ***
Total pot $8.94 | Rake $0.45 
Board [6h Jc 8h Ts]
Seat 1: mr.Jckpot folded before Flop (didn't bet)
Seat 2: tintin641 folded before Flop (didn't bet)
Seat 3: UnRRRReal (button) collected ($8.49)
Seat 4: RFBullyz (small blind) folded before Flop
Seat 5: Sadyhov V.V. (big blind) folded on the Turn
Seat 6: Manifestorr folded before Flop (didn't bet)



PokerStars Hand #254506192494:  Hold'em No Limit ($0.50/$1.00 USD) - 2025/01/22 21:37:44 WET [2025/01/22 16:37:44 ET]
Table 'Niobe IV' 6-max Seat #5 is the button
Seat 1: mr.Jckpot ($132.78 in chips) 
Seat 2: Joker007r ($120.39 in chips) 
Seat 3: UnRRRReal ($104.62 in chips) 
Seat 4: RFBullyz ($67.96 in chips) 
Seat 5: Sadyhov V.V. ($100 in chips) 
Seat 6: Manifestorr ($105.72 in chips) 
Manifestorr: posts small blind $0.50
mr.Jckpot: posts big blind $1
*** HOLE CARDS ***
Joker007r: raises $1.38 to $2.38
UnRRRReal: folds 
RFBullyz: calls $2.38
Sadyhov V.V.: folds 
Manifestorr: folds 
mr.Jckpot: folds 
*** FLOP *** [5d As Kd]
Joker007r: bets $3.97
RFBullyz: folds 
Uncalled bet ($3.97) returned to Joker007r
Joker007r collected $5.95 from pot
Joker007r: doesn't show hand 
*** SUMMARY ***
Total pot $6.26 | Rake $0.31 
Board [5d As Kd]
Seat 1: mr.Jckpot (big blind) folded before Flop
Seat 2: Joker007r collected ($5.95)
Seat 3: UnRRRReal folded before Flop (didn't bet)
Seat 4: RFBullyz folded on the Flop
Seat 5: Sadyhov V.V. (button) folded before Flop (didn't bet)
Seat 6: Manifestorr (small blind) folded before Flop



PokerStars Hand #254506198427:  Hold'em No Limit ($0.50/$1.00 USD) - 2025/01/22 21:38:04 WET [2025/01/22 16:38:04 ET]
Table 'Niobe IV' 6-max Seat #6 is the button
Seat 1: mr.Jckpot ($131.78 in chips) 
Seat 2: Joker007r ($123.96 in chips) 
Seat 3: UnRRRReal ($104.62 in chips) 
Seat 4: RFBullyz ($65.58 in chips) 
Seat 5: Sadyhov V.V. ($100 in chips) 
Seat 6: Manifestorr ($105.22 in chips) 
mr.Jckpot: posts small blind $0.50
Joker007r: posts big blind $1
*** HOLE CARDS ***
UnRRRReal: folds 
RFBullyz: calls $1
Sadyhov V.V.: folds 
Manifestorr: folds 
mr.Jckpot: folds 
Joker007r: checks 
*** FLOP *** [Ah 4h Jd]
Joker007r: checks 
RFBullyz: bets $1
Joker007r: folds 
Uncalled bet ($1) returned to RFBullyz
RFBullyz collected $2.38 from pot
*** SUMMARY ***
Total pot $2.50 | Rake $0.12 
Board [Ah 4h Jd]
Seat 1: mr.Jckpot (small blind) folded before Flop
Seat 2: Joker007r (big blind) folded on the Flop
Seat 3: UnRRRReal folded before Flop (didn't bet)
Seat 4: RFBullyz collected ($2.38)
Seat 5: Sadyhov V.V. folded before Flop (didn't bet)
Seat 6: Manifestorr (button) folded before Flop (didn't bet)



PokerStars Hand #254506205185:  Hold'em No Limit ($0.50/$1.00 USD) - 2025/01/22 21:38:28 WET [2025/01/22 16:38:28 ET]
Table 'Niobe IV' 6-max Seat #1 is the button
Seat 1: mr.Jckpot ($131.28 in chips) 
Seat 2: Joker007r ($122.96 in chips) 
Seat 3: UnRRRReal ($104.62 in chips) 
Seat 4: RFBullyz ($66.96 in chips) 
Seat 5: Sadyhov V.V. ($100 in chips) 
Seat 6: Manifestorr ($105.22 in chips) 
Joker007r: posts small blind $0.50
UnRRRReal: posts big blind $1
*** HOLE CARDS ***
RFBullyz: folds 
Sadyhov V.V.: folds 
Manifestorr: folds 
mr.Jckpot: folds 
Joker007r: raises $2 to $3
UnRRRReal: folds 
Uncalled bet ($2) returned to Joker007r
Joker007r collected $2 from pot
Joker007r: doesn't show hand 
*** SUMMARY ***
Total pot $2 | Rake $0 
Seat 1: mr.Jckpot (button) folded before Flop (didn't bet)
Seat 2: Joker007r (small blind) collected ($2)
Seat 3: UnRRRReal (big blind) folded before Flop
Seat 4: RFBullyz folded before Flop (didn't bet)
Seat 5: Sadyhov V.V. folded before Flop (didn't bet)
Seat 6: Manifestorr folded before Flop (didn't bet)



PokerStars Hand #254506208427:  Hold'em No Limit ($0.50/$1.00 USD) - 2025/01/22 21:38:39 WET [2025/01/22 16:38:39 ET]
Table 'Niobe IV' 6-max Seat #2 is the button
Seat 1: mr.Jckpot ($131.28 in chips) 
Seat 2: Joker007r ($123.96 in chips) 
Seat 3: UnRRRReal ($103.62 in chips) 
Seat 4: RFBullyz ($66.96 in chips) 
Seat 5: Sadyhov V.V. ($100 in chips) 
Seat 6: Manifestorr ($105.22 in chips) 
UnRRRReal: posts small blind $0.50
RFBullyz: posts big blind $1
*** HOLE CARDS ***
Sadyhov V.V.: folds 
Manifestorr: folds 
mr.Jckpot: folds 
Joker007r: folds 
UnRRRReal: folds 
Uncalled bet ($0.50) returned to RFBullyz
RFBullyz collected $1 from pot
*** SUMMARY ***
Total pot $1 | Rake $0 
Seat 1: mr.Jckpot folded before Flop (didn't bet)
Seat 2: Joker007r (button) folded before Flop (didn't bet)
Seat 3: UnRRRReal (small blind) folded before Flop
Seat 4: RFBullyz (big blind) collected ($1)
Seat 5: Sadyhov V.V. folded before Flop (didn't bet)
Seat 6: Manifestorr folded before Flop (didn't bet)



PokerStars Hand #254506211199:  Hold'em No Limit ($0.50/$1.00 USD) - 2025/01/22 21:38:49 WET [2025/01/22 16:38:49 ET]
Table 'Niobe IV' 6-max Seat #3 is the button
Seat 1: mr.Jckpot ($131.28 in chips) 
Seat 2: Joker007r ($123.96 in chips) 
Seat 3: UnRRRReal ($103.12 in chips) 
Seat 4: RFBullyz ($67.46 in chips) 
Seat 5: Sadyhov V.V. ($100 in chips) 
Seat 6: Manifestorr ($105.22 in chips) 
RFBullyz: posts small blind $0.50
Sadyhov V.V.: posts big blind $1
*** HOLE CARDS ***
Manifestorr: folds 
mr.Jckpot: folds 
Joker007r: folds 
UnRRRReal: folds 
RFBullyz: folds 
Uncalled bet ($0.50) returned to Sadyhov V.V.
Sadyhov V.V. collected $1 from pot
Sadyhov V.V.: doesn't show hand 
*** SUMMARY ***
Total pot $1 | Rake $0 
Seat 1: mr.Jckpot folded before Flop (didn't bet)
Seat 2: Joker007r folded before Flop (didn't bet)
Seat 3: UnRRRReal (button) folded before Flop (didn't bet)
Seat 4: RFBullyz (small blind) folded before Flop
Seat 5: Sadyhov V.V. (big blind) collected ($1)
Seat 6: Manifestorr folded before Flop (didn't bet)



PokerStars Hand #254506215332:  Hold'em No Limit ($0.50/$1.00 USD) - 2025/01/22 21:39:03 WET [2025/01/22 16:39:03 ET]
Table 'Niobe IV' 6-max Seat #4 is the button
Seat 1: mr.Jckpot ($131.28 in chips) 
Seat 2: Joker007r ($123.96 in chips) 
Seat 3: UnRRRReal ($103.12 in chips) 
Seat 4: RFBullyz ($66.96 in chips) 
Seat 5: Sadyhov V.V. ($100.50 in chips) 
Seat 6: Manifestorr ($105.22 in chips) 
Sadyhov V.V.: posts small blind $0.50
Manifestorr: posts big blind $1
*** HOLE CARDS ***
mr.Jckpot: raises $1.50 to $2.50
Joker007r: folds 
UnRRRReal: folds 
RFBullyz: calls $2.50
Sadyhov V.V.: folds 
Manifestorr: folds 
*** FLOP *** [Ks 4s 2d]
mr.Jckpot: checks 
RFBullyz: bets $3
mr.Jckpot: folds 
Uncalled bet ($3) returned to RFBullyz
RFBullyz collected $6.18 from pot
*** SUMMARY ***
Total pot $6.50 | Rake $0.32 
Board [Ks 4s 2d]
Seat 1: mr.Jckpot folded on the Flop
Seat 2: Joker007r folded before Flop (didn't bet)
Seat 3: UnRRRReal folded before Flop (didn't bet)
Seat 4: RFBullyz (button) collected ($6.18)
Seat 5: Sadyhov V.V. (small blind) folded before Flop
Seat 6: Manifestorr (big blind) folded before Flop



PokerStars Hand #254506224650:  Hold'em No Limit ($0.50/$1.00 USD) - 2025/01/22 21:39:35 WET [2025/01/22 16:39:35 ET]
Table 'Niobe IV' 6-max Seat #5 is the button
Seat 1: mr.Jckpot ($128.78 in chips) 
Seat 2: Joker007r ($123.96 in chips) 
Seat 3: UnRRRReal ($103.12 in chips) 
Seat 4: RFBullyz ($70.64 in chips) 
Seat 5: Sadyhov V.V. ($100 in chips) 
Seat 6: Manifestorr ($104.22 in chips) 
Manifestorr: posts small blind $0.50
mr.Jckpot: posts big blind $1
*** HOLE CARDS ***
Joker007r: folds 
UnRRRReal: raises $1.50 to $2.50
RFBullyz: calls $2.50
Sadyhov V.V.: calls $2.50
Manifestorr: folds 
mr.Jckpot: folds 
*** FLOP *** [5h Kd Qh]
UnRRRReal: bets $2.82
RFBullyz: calls $2.82
Sadyhov V.V.: calls $2.82
*** TURN *** [5h Kd Qh] [8s]
UnRRRReal: bets $12.44
RFBullyz: folds 
Sadyhov V.V.: calls $12.44
*** RIVER *** [5h Kd Qh 8s] [6s]
UnRRRReal: bets $30.17
Sadyhov V.V.: folds 
Uncalled bet ($30.17) returned to UnRRRReal
UnRRRReal collected $40.22 from pot
UnRRRReal: doesn't show hand 
*** SUMMARY ***
Total pot $42.34 | Rake $2.12 
Board [5h Kd Qh 8s 6s]
Seat 1: mr.Jckpot (big blind) folded before Flop
Seat 2: Joker007r folded before Flop (didn't bet)
Seat 3: UnRRRReal collected ($40.22)
Seat 4: RFBullyz folded on the Turn
Seat 5: Sadyhov V.V. (button) folded on the River
Seat 6: Manifestorr (small blind) folded before Flop



PokerStars Hand #254506237537:  Hold'em No Limit ($0.50/$1.00 USD) - 2025/01/22 21:40:20 WET [2025/01/22 16:40:20 ET]
Table 'Niobe IV' 6-max Seat #6 is the button
Seat 1: mr.Jckpot ($127.78 in chips) 
Seat 2: Joker007r ($123.96 in chips) 
Seat 3: UnRRRReal ($125.58 in chips) 
Seat 4: RFBullyz ($65.32 in chips) 
Seat 5: Sadyhov V.V. ($100 in chips) 
Seat 6: Manifestorr ($103.72 in chips) 
mr.Jckpot: posts small blind $0.50
Joker007r: posts big blind $1
*** HOLE CARDS ***
UnRRRReal: folds 
RFBullyz: folds 
Sadyhov V.V.: raises $1.50 to $2.50
Manifestorr: folds 
mr.Jckpot: folds 
Joker007r: folds 
Uncalled bet ($1.50) returned to Sadyhov V.V.
Sadyhov V.V. collected $2.50 from pot
Sadyhov V.V.: doesn't show hand 
*** SUMMARY ***
Total pot $2.50 | Rake $0 
Seat 1: mr.Jckpot (small blind) folded before Flop
Seat 2: Joker007r (big blind) folded before Flop
Seat 3: UnRRRReal folded before Flop (didn't bet)
Seat 4: RFBullyz folded before Flop (didn't bet)
Seat 5: Sadyhov V.V. collected ($2.50)
Seat 6: Manifestorr (button) folded before Flop (didn't bet)



PokerStars Hand #254506243459:  Hold'em No Limit ($0.50/$1.00 USD) - 2025/01/22 21:40:40 WET [2025/01/22 16:40:40 ET]
Table 'Niobe IV' 6-max Seat #1 is the button
Seat 1: mr.Jckpot ($127.28 in chips) 
Seat 2: Joker007r ($122.96 in chips) 
Seat 3: UnRRRReal ($125.58 in chips) 
Seat 4: RFBullyz ($65.32 in chips) 
Seat 5: Sadyhov V.V. ($101.50 in chips) 
Seat 6: Manifestorr ($103.72 in chips) 
Joker007r: posts small blind $0.50
UnRRRReal: posts big blind $1
*** HOLE CARDS ***
RFBullyz: folds 
Sadyhov V.V.: raises $1.50 to $2.50
Manifestorr: folds 
mr.Jckpot: raises $5 to $7.50
Joker007r: folds 
UnRRRReal: folds 
Sadyhov V.V.: raises $12.50 to $20
mr.Jckpot: calls $12.50
*** FLOP *** [Kh Jh Ac]
Sadyhov V.V.: checks 
mr.Jckpot: bets $13.01
Sadyhov V.V.: calls $13.01
*** TURN *** [Kh Jh Ac] [5c]
Sadyhov V.V.: checks 
mr.Jckpot: bets $40.50
Sadyhov V.V.: folds 
Uncalled bet ($40.50) returned to mr.Jckpot
mr.Jckpot collected $65.02 from pot
mr.Jckpot: doesn't show hand 
*** SUMMARY ***
Total pot $67.52 | Rake $2.50 
Board [Kh Jh Ac 5c]
Seat 1: mr.Jckpot (button) collected ($65.02)
Seat 2: Joker007r (small blind) folded before Flop
Seat 3: UnRRRReal (big blind) folded before Flop
Seat 4: RFBullyz folded before Flop (didn't bet)
Seat 5: Sadyhov V.V. folded on the Turn
Seat 6: Manifestorr folded before Flop (didn't bet)



PokerStars Hand #254506258621:  Hold'em No Limit ($0.50/$1.00 USD) - 2025/01/22 21:41:32 WET [2025/01/22 16:41:32 ET]
Table 'Niobe IV' 6-max Seat #2 is the button
Seat 1: mr.Jckpot ($159.29 in chips) 
Seat 2: Joker007r ($122.46 in chips) 
Seat 3: UnRRRReal ($124.58 in chips) 
Seat 4: RFBullyz ($65.32 in chips) 
Seat 5: Sadyhov V.V. ($100 in chips) 
Seat 6: Manifestorr ($103.72 in chips) 
UnRRRReal: posts small blind $0.50
RFBullyz: posts big blind $1
*** HOLE CARDS ***
Sadyhov V.V.: folds 
Manifestorr: folds 
mr.Jckpot: raises $1.50 to $2.50
Joker007r: raises $5 to $7.50
UnRRRReal: folds 
RFBullyz: folds 
mr.Jckpot: raises $13 to $20.50
Joker007r: folds 
Uncalled bet ($13) returned to mr.Jckpot
mr.Jckpot collected $16.50 from pot
mr.Jckpot: doesn't show hand 
*** SUMMARY ***
Total pot $16.50 | Rake $0 
Seat 1: mr.Jckpot collected ($16.50)
Seat 2: Joker007r (button) folded before Flop
Seat 3: UnRRRReal (small blind) folded before Flop
Seat 4: RFBullyz (big blind) folded before Flop
Seat 5: Sadyhov V.V. folded before Flop (didn't bet)
Seat 6: Manifestorr folded before Flop (didn't bet)



PokerStars Hand #254506268881:  Hold'em No Limit ($0.50/$1.00 USD) - 2025/01/22 21:42:08 WET [2025/01/22 16:42:08 ET]
Table 'Niobe IV' 6-max Seat #3 is the button
Seat 1: mr.Jckpot ($168.29 in chips) 
Seat 2: Joker007r ($114.96 in chips) 
Seat 3: UnRRRReal ($124.08 in chips) 
Seat 4: RFBullyz ($64.32 in chips) 
Seat 5: Sadyhov V.V. ($100 in chips) 
Seat 6: Manifestorr ($103.72 in chips) 
RFBullyz: posts small blind $0.50
Sadyhov V.V.: posts big blind $1
*** HOLE CARDS ***
Manifestorr: folds 
mr.Jckpot: folds 
Joker007r: folds 
UnRRRReal: folds 
RFBullyz: raises $1 to $2
Sadyhov V.V.: calls $1
*** FLOP *** [9s 3c Qs]
RFBullyz: bets $2.90
Sadyhov V.V.: raises $7.39 to $10.29
RFBullyz: calls $7.39
*** TURN *** [9s 3c Qs] [Ac]
RFBullyz: checks 
Sadyhov V.V.: bets $17.98
RFBullyz: calls $17.98
*** RIVER *** [9s 3c Qs Ac] [Kc]
RFBullyz: bets $34.05 and is all-in
Sadyhov V.V.: folds 
Uncalled bet ($34.05) returned to RFBullyz
RFBullyz collected $58.04 from pot
*** SUMMARY ***
Total pot $60.54 | Rake $2.50 
Board [9s 3c Qs Ac Kc]
Seat 1: mr.Jckpot folded before Flop (didn't bet)
Seat 2: Joker007r folded before Flop (didn't bet)
Seat 3: UnRRRReal (button) folded before Flop (didn't bet)
Seat 4: RFBullyz (small blind) collected ($58.04)
Seat 5: Sadyhov V.V. (big blind) folded on the River
Seat 6: Manifestorr folded before Flop (didn't bet)



PokerStars Hand #254506287753:  Hold'em No Limit ($0.50/$1.00 USD) - 2025/01/22 21:43:14 WET [2025/01/22 16:43:14 ET]
Table 'Niobe IV' 6-max Seat #4 is the button
Seat 1: mr.Jckpot ($168.29 in chips) 
Seat 2: Joker007r ($114.96 in chips) 
Seat 3: UnRRRReal ($124.08 in chips) 
Seat 4: RFBullyz ($92.09 in chips) 
Seat 5: Sadyhov V.V. ($100 in chips) 
Seat 6: Manifestorr ($103.72 in chips) 
Sadyhov V.V.: posts small blind $0.50
Manifestorr: posts big blind $1
*** HOLE CARDS ***
mr.Jckpot: folds 
Joker007r: folds 
UnRRRReal: folds 
RFBullyz: folds 
Sadyhov V.V.: folds 
Uncalled bet ($0.50) returned to Manifestorr
Manifestorr collected $1 from pot
*** SUMMARY ***
Total pot $1 | Rake $0 
Seat 1: mr.Jckpot folded before Flop (didn't bet)
Seat 2: Joker007r folded before Flop (didn't bet)
Seat 3: UnRRRReal folded before Flop (didn't bet)
Seat 4: RFBullyz (button) folded before Flop (didn't bet)
Seat 5: Sadyhov V.V. (small blind) folded before Flop
Seat 6: Manifestorr (big blind) collected ($1)



PokerStars Hand #254506290573:  Hold'em No Limit ($0.50/$1.00 USD) - 2025/01/22 21:43:24 WET [2025/01/22 16:43:24 ET]
Table 'Niobe IV' 6-max Seat #5 is the button
Seat 1: mr.Jckpot ($168.29 in chips) 
Seat 2: Joker007r ($114.96 in chips) 
Seat 3: UnRRRReal ($124.08 in chips) 
Seat 4: RFBullyz ($92.09 in chips) 
Seat 5: Sadyhov V.V. ($100 in chips) 
Seat 6: Manifestorr ($104.22 in chips) 
Manifestorr: posts small blind $0.50
mr.Jckpot: posts big blind $1
*** HOLE CARDS ***
Joker007r: folds 
UnRRRReal: folds 
RFBullyz: folds 
Sadyhov V.V.: folds 
Manifestorr: raises $2 to $3
mr.Jckpot: folds 
Uncalled bet ($2) returned to Manifestorr
Manifestorr collected $2 from pot
*** SUMMARY ***
Total pot $2 | Rake $0 
Seat 1: mr.Jckpot (big blind) folded before Flop
Seat 2: Joker007r folded before Flop (didn't bet)
Seat 3: UnRRRReal folded before Flop (didn't bet)
Seat 4: RFBullyz folded before Flop (didn't bet)
Seat 5: Sadyhov V.V. (button) folded before Flop (didn't bet)
Seat 6: Manifestorr (small blind) collected ($2)



PokerStars Hand #254506298897:  Hold'em No Limit ($0.50/$1.00 USD) - 2025/01/22 21:43:53 WET [2025/01/22 16:43:53 ET]
Table 'Niobe IV' 6-max Seat #6 is the button
Seat 1: mr.Jckpot ($167.29 in chips) 
Seat 2: Joker007r ($114.96 in chips) 
Seat 3: UnRRRReal ($124.08 in chips) 
Seat 4: RFBullyz ($92.09 in chips) 
Seat 5: Sadyhov V.V. ($100 in chips) 
Seat 6: Manifestorr ($105.22 in chips) 
mr.Jckpot: posts small blind $0.50
Joker007r: posts big blind $1
*** HOLE CARDS ***
UnRRRReal: raises $1.50 to $2.50
RFBullyz: folds 
Sadyhov V.V.: folds 
Manifestorr: folds 
mr.Jckpot: folds 
Joker007r: folds 
Uncalled bet ($1.50) returned to UnRRRReal
UnRRRReal collected $2.50 from pot
UnRRRReal: doesn't show hand 
*** SUMMARY ***
Total pot $2.50 | Rake $0 
Seat 1: mr.Jckpot (small blind) folded before Flop
Seat 2: Joker007r (big blind) folded before Flop
Seat 3: UnRRRReal collected ($2.50)
Seat 4: RFBullyz folded before Flop (didn't bet)
Seat 5: Sadyhov V.V. folded before Flop (didn't bet)
Seat 6: Manifestorr (button) folded before Flop (didn't bet)



PokerStars Hand #254506302214:  Hold'em No Limit ($0.50/$1.00 USD) - 2025/01/22 21:44:04 WET [2025/01/22 16:44:04 ET]
Table 'Niobe IV' 6-max Seat #1 is the button
Seat 1: mr.Jckpot ($166.79 in chips) 
Seat 2: Joker007r ($113.96 in chips) 
Seat 3: UnRRRReal ($125.58 in chips) 
Seat 4: RFBullyz ($92.09 in chips) 
Seat 5: Sadyhov V.V. ($100 in chips) 
Seat 6: Manifestorr ($105.22 in chips) 
Joker007r: posts small blind $0.50
UnRRRReal: posts big blind $1
*** HOLE CARDS ***
RFBullyz: folds 
Sadyhov V.V.: raises $1.50 to $2.50
Manifestorr: folds 
mr.Jckpot: folds 
Joker007r: folds 
UnRRRReal: folds 
Uncalled bet ($1.50) returned to Sadyhov V.V.
Sadyhov V.V. collected $2.50 from pot
Sadyhov V.V.: doesn't show hand 
*** SUMMARY ***
Total pot $2.50 | Rake $0 
Seat 1: mr.Jckpot (button) folded before Flop (didn't bet)
Seat 2: Joker007r (small blind) folded before Flop
Seat 3: UnRRRReal (big blind) folded before Flop
Seat 4: RFBullyz folded before Flop (didn't bet)
Seat 5: Sadyhov V.V. collected ($2.50)
Seat 6: Manifestorr folded before Flop (didn't bet)



PokerStars Hand #254506305170:  Hold'em No Limit ($0.50/$1.00 USD) - 2025/01/22 21:44:15 WET [2025/01/22 16:44:15 ET]
Table 'Niobe IV' 6-max Seat #2 is the button
Seat 1: mr.Jckpot ($166.79 in chips) 
Seat 2: Joker007r ($113.46 in chips) 
Seat 3: UnRRRReal ($124.58 in chips) 
Seat 4: RFBullyz ($92.09 in chips) 
Seat 5: Sadyhov V.V. ($101.50 in chips) 
Seat 6: Manifestorr ($105.22 in chips) 
UnRRRReal: posts small blind $0.50
RFBullyz: posts big blind $1
*** HOLE CARDS ***
Sadyhov V.V.: folds 
Manifestorr: folds 
mr.Jckpot: folds 
Joker007r: raises $1.50 to $2.50
UnRRRReal: folds 
RFBullyz: calls $1.50
*** FLOP *** [8d 3c 7s]
RFBullyz: checks 
Joker007r: checks 
*** TURN *** [8d 3c 7s] [9h]
RFBullyz: bets $2
Joker007r: calls $2
*** RIVER *** [8d 3c 7s 9h] [Tc]
RFBullyz: bets $4.51
Joker007r: raises $13.17 to $17.68
RFBullyz: calls $13.17
*** SHOW DOWN ***
Joker007r: shows [Ac 5s] (high card Ace)
RFBullyz: shows [4c Jc] (a straight, Seven to Jack)
RFBullyz collected $42.62 from pot
*** SUMMARY ***
Total pot $44.86 | Rake $2.24 
Board [8d 3c 7s 9h Tc]
Seat 1: mr.Jckpot folded before Flop (didn't bet)
Seat 2: Joker007r (button) showed [Ac 5s] and lost with high card Ace
Seat 3: UnRRRReal (small blind) folded before Flop
Seat 4: RFBullyz (big blind) showed [4c Jc] and won ($42.62) with a straight, Seven to Jack
Seat 5: Sadyhov V.V. folded before Flop (didn't bet)
Seat 6: Manifestorr folded before Flop (didn't bet)



PokerStars Hand #254506323716:  Hold'em No Limit ($0.50/$1.00 USD) - 2025/01/22 21:45:19 WET [2025/01/22 16:45:19 ET]
Table 'Niobe IV' 6-max Seat #3 is the button
Seat 1: mr.Jckpot ($166.79 in chips) 
Seat 2: Joker007r ($100 in chips) 
Seat 3: UnRRRReal ($124.08 in chips) 
Seat 4: RFBullyz ($112.53 in chips) 
Seat 5: Sadyhov V.V. ($101.50 in chips) 
Seat 6: Manifestorr ($105.22 in chips) 
RFBullyz: posts small blind $0.50
Sadyhov V.V.: posts big blind $1
*** HOLE CARDS ***
Manifestorr: raises $1.20 to $2.20
mr.Jckpot: folds 
Joker007r: calls $2.20
UnRRRReal: folds 
RFBullyz: folds 
Sadyhov V.V.: raises $10.80 to $13
Manifestorr: folds 
Joker007r: raises $18 to $31
Sadyhov V.V.: folds 
Uncalled bet ($18) returned to Joker007r
Joker007r collected $28.70 from pot
Joker007r: doesn't show hand 
*** SUMMARY ***
Total pot $28.70 | Rake $0 
Seat 1: mr.Jckpot folded before Flop (didn't bet)
Seat 2: Joker007r collected ($28.70)
Seat 3: UnRRRReal (button) folded before Flop (didn't bet)
Seat 4: RFBullyz (small blind) folded before Flop
Seat 5: Sadyhov V.V. (big blind) folded before Flop
Seat 6: Manifestorr folded before Flop



PokerStars Hand #254506347840:  Hold'em No Limit ($0.50/$1.00 USD) - 2025/01/22 21:46:44 WET [2025/01/22 16:46:44 ET]
Table 'Niobe IV' 6-max Seat #4 is the button
Seat 6: Manifestorr ($103.02 in chips) is sitting out
Seat 1: mr.Jckpot ($166.79 in chips) 
Seat 2: Joker007r ($115.70 in chips) 
Seat 3: UnRRRReal ($124.08 in chips) 
Seat 4: RFBullyz ($112.03 in chips) 
Seat 5: Sadyhov V.V. ($100 in chips) 
Sadyhov V.V.: posts small blind $0.50
Manifestorr: is sitting out 
mr.Jckpot: posts big blind $1
*** HOLE CARDS ***
Joker007r: folds 
UnRRRReal: folds 
RFBullyz: folds 
Manifestorr leaves the table
p0pa4poker joins the table at seat #6 
Sadyhov V.V.: calls $0.50
mr.Jckpot: checks 
*** FLOP *** [3d 9c Ac]
Sadyhov V.V.: bets $1
mr.Jckpot: folds 
Uncalled bet ($1) returned to Sadyhov V.V.
Sadyhov V.V. collected $1.90 from pot
Sadyhov V.V.: doesn't show hand 
*** SUMMARY ***
Total pot $2 | Rake $0.10 
Board [3d 9c Ac]
Seat 6: Manifestorr
Seat 1: mr.Jckpot (big blind) folded on the Flop
Seat 2: Joker007r folded before Flop (didn't bet)
Seat 3: UnRRRReal folded before Flop (didn't bet)
Seat 4: RFBullyz (button) folded before Flop (didn't bet)
Seat 5: Sadyhov V.V. (small blind) collected ($1.90)



PokerStars Hand #254506355068:  Hold'em No Limit ($0.50/$1.00 USD) - 2025/01/22 21:47:09 WET [2025/01/22 16:47:09 ET]
Table 'Niobe IV' 6-max Seat #5 is the button
Seat 6: p0pa4poker ($100 in chips) is sitting out
Seat 1: mr.Jckpot ($165.79 in chips) 
Seat 2: Joker007r ($115.70 in chips) 
Seat 3: UnRRRReal ($124.08 in chips) 
Seat 4: RFBullyz ($112.03 in chips) 
Seat 5: Sadyhov V.V. ($100.90 in chips) 
mr.Jckpot: posts small blind $0.50
Joker007r: posts big blind $1
*** HOLE CARDS ***
UnRRRReal: folds 
RFBullyz: folds 
Sadyhov V.V.: folds 
mr.Jckpot: raises $2 to $3
Joker007r: folds 
Uncalled bet ($2) returned to mr.Jckpot
mr.Jckpot collected $2 from pot
mr.Jckpot: doesn't show hand 
*** SUMMARY ***
Total pot $2 | Rake $0 
Seat 6: p0pa4poker
Seat 1: mr.Jckpot (small blind) collected ($2)
Seat 2: Joker007r (big blind) folded before Flop
Seat 3: UnRRRReal folded before Flop (didn't bet)
Seat 4: RFBullyz folded before Flop (didn't bet)
Seat 5: Sadyhov V.V. (button) folded before Flop (didn't bet)



PokerStars Hand #254506358413:  Hold'em No Limit ($0.50/$1.00 USD) - 2025/01/22 21:47:21 WET [2025/01/22 16:47:21 ET]
Table 'Niobe IV' 6-max Seat #1 is the button
Seat 6: p0pa4poker ($100 in chips) is sitting out
Seat 1: mr.Jckpot ($166.79 in chips) 
Seat 2: Joker007r ($114.70 in chips) 
Seat 3: UnRRRReal ($124.08 in chips) 
Seat 4: RFBullyz ($112.03 in chips) 
Seat 5: Sadyhov V.V. ($100.90 in chips) 
Joker007r: posts small blind $0.50
UnRRRReal: posts big blind $1
p0pa4poker: sits out 
*** HOLE CARDS ***
RFBullyz: folds 
Sadyhov V.V.: folds 
mr.Jckpot: folds 
Joker007r: raises $2 to $3
UnRRRReal: calls $2
*** FLOP *** [Jc 4h As]
Joker007r: bets $9.01
UnRRRReal: folds 
Uncalled bet ($9.01) returned to Joker007r
Joker007r collected $5.70 from pot
Joker007r: doesn't show hand 
*** SUMMARY ***
Total pot $6 | Rake $0.30 
Board [Jc 4h As]
Seat 6: p0pa4poker
Seat 1: mr.Jckpot (button) folded before Flop (didn't bet)
Seat 2: Joker007r (small blind) collected ($5.70)
Seat 3: UnRRRReal (big blind) folded on the Flop
Seat 4: RFBullyz folded before Flop (didn't bet)
Seat 5: Sadyhov V.V. folded before Flop (didn't bet)



PokerStars Hand #254506364845:  Hold'em No Limit ($0.50/$1.00 USD) - 2025/01/22 21:47:43 WET [2025/01/22 16:47:43 ET]
Table 'Niobe IV' 6-max Seat #2 is the button
Seat 6: p0pa4poker ($100 in chips) is sitting out
Seat 1: mr.Jckpot ($166.79 in chips) 
Seat 2: Joker007r ($117.40 in chips) 
Seat 3: UnRRRReal ($121.08 in chips) 
Seat 4: RFBullyz ($112.03 in chips) 
Seat 5: Sadyhov V.V. ($100.90 in chips) 
UnRRRReal: posts small blind $0.50
RFBullyz: posts big blind $1
p0pa4poker: sits out 
*** HOLE CARDS ***
Sadyhov V.V.: raises $1.50 to $2.50
mr.Jckpot: folds 
Joker007r: folds 
UnRRRReal: folds 
RFBullyz: calls $1.50
*** FLOP *** [Td 4c Ac]
RFBullyz: checks 
Sadyhov V.V.: bets $2.87
RFBullyz: folds 
Uncalled bet ($2.87) returned to Sadyhov V.V.
Sadyhov V.V. collected $5.22 from pot
Sadyhov V.V.: doesn't show hand 
*** SUMMARY ***
Total pot $5.50 | Rake $0.28 
Board [Td 4c Ac]
Seat 6: p0pa4poker
Seat 1: mr.Jckpot folded before Flop (didn't bet)
Seat 2: Joker007r (button) folded before Flop (didn't bet)
Seat 3: UnRRRReal (small blind) folded before Flop
Seat 4: RFBullyz (big blind) folded on the Flop
Seat 5: Sadyhov V.V. collected ($5.22)



PokerStars Hand #254506375439:  Hold'em No Limit ($0.50/$1.00 USD) - 2025/01/22 21:48:21 WET [2025/01/22 16:48:21 ET]
Table 'Niobe IV' 6-max Seat #3 is the button
Seat 6: p0pa4poker ($100 in chips) is sitting out
Seat 1: mr.Jckpot ($166.79 in chips) 
Seat 2: Joker007r ($117.40 in chips) 
Seat 3: UnRRRReal ($120.58 in chips) 
Seat 4: RFBullyz ($109.53 in chips) 
Seat 5: Sadyhov V.V. ($103.62 in chips) 
RFBullyz: posts small blind $0.50
Sadyhov V.V.: posts big blind $1
p0pa4poker: sits out 
*** HOLE CARDS ***
mr.Jckpot: raises $1.50 to $2.50
Joker007r: folds 
UnRRRReal: folds 
RFBullyz: raises $5.50 to $8
Sadyhov V.V.: folds 
mr.Jckpot: calls $5.50
*** FLOP *** [5s 5d 6c]
RFBullyz: checks 
mr.Jckpot: bets $5.33
RFBullyz: calls $5.33
*** TURN *** [5s 5d 6c] [Qh]
RFBullyz: checks 
mr.Jckpot: checks 
*** RIVER *** [5s 5d 6c Qh] [7s]
RFBullyz: checks 
mr.Jckpot: checks 
*** SHOW DOWN ***
RFBullyz: shows [Kh Ad] (a pair of Fives)
mr.Jckpot: shows [9s 9c] (two pair, Nines and Fives)
mr.Jckpot collected $26.28 from pot
*** SUMMARY ***
Total pot $27.66 | Rake $1.38 
Board [5s 5d 6c Qh 7s]
Seat 6: p0pa4poker
Seat 1: mr.Jckpot showed [9s 9c] and won ($26.28) with two pair, Nines and Fives
Seat 2: Joker007r folded before Flop (didn't bet)
Seat 3: UnRRRReal (button) folded before Flop (didn't bet)
Seat 4: RFBullyz (small blind) showed [Kh Ad] and lost with a pair of Fives
Seat 5: Sadyhov V.V. (big blind) folded before Flop



PokerStars Hand #254506387291:  Hold'em No Limit ($0.50/$1.00 USD) - 2025/01/22 21:49:02 WET [2025/01/22 16:49:02 ET]
Table 'Niobe IV' 6-max Seat #4 is the button
Seat 1: mr.Jckpot ($179.74 in chips) 
Seat 2: Joker007r ($117.40 in chips) 
Seat 3: UnRRRReal ($120.58 in chips) 
Seat 4: RFBullyz ($96.20 in chips) 
Seat 5: Sadyhov V.V. ($102.62 in chips) 
Seat 6: p0pa4poker ($100 in chips) 
Sadyhov V.V.: posts small blind $0.50
p0pa4poker: posts big blind $1
*** HOLE CARDS ***
mr.Jckpot: folds 
Joker007r: folds 
UnRRRReal: folds 
RFBullyz: raises $2.50 to $3.50
Sadyhov V.V.: folds 
p0pa4poker: calls $2.50
*** FLOP *** [Jh 3d Qs]
p0pa4poker: checks 
RFBullyz: bets $3.56
p0pa4poker: calls $3.56
*** TURN *** [Jh 3d Qs] [7d]
p0pa4poker: checks 
RFBullyz: bets $8.95
p0pa4poker: folds 
Uncalled bet ($8.95) returned to RFBullyz
RFBullyz collected $13.89 from pot
*** SUMMARY ***
Total pot $14.62 | Rake $0.73 
Board [Jh 3d Qs 7d]
Seat 1: mr.Jckpot folded before Flop (didn't bet)
Seat 2: Joker007r folded before Flop (didn't bet)
Seat 3: UnRRRReal folded before Flop (didn't bet)
Seat 4: RFBullyz (button) collected ($13.89)
Seat 5: Sadyhov V.V. (small blind) folded before Flop
Seat 6: p0pa4poker (big blind) folded on the Turn



PokerStars Hand #254506403468:  Hold'em No Limit ($0.50/$1.00 USD) - 2025/01/22 21:49:59 WET [2025/01/22 16:49:59 ET]
Table 'Niobe IV' 6-max Seat #5 is the button
Seat 1: mr.Jckpot ($179.74 in chips) 
Seat 2: Joker007r ($117.40 in chips) 
Seat 3: UnRRRReal ($120.58 in chips) 
Seat 4: RFBullyz ($103.03 in chips) 
Seat 5: Sadyhov V.V. ($102.12 in chips) 
Seat 6: p0pa4poker ($100 in chips) 
p0pa4poker: posts small blind $0.50
mr.Jckpot: posts big blind $1
*** HOLE CARDS ***
Joker007r: folds 
UnRRRReal: folds 
RFBullyz: raises $3 to $4
Sadyhov V.V.: folds 
p0pa4poker: folds 
mr.Jckpot: folds 
Uncalled bet ($3) returned to RFBullyz
RFBullyz collected $2.50 from pot
*** SUMMARY ***
Total pot $2.50 | Rake $0 
Seat 1: mr.Jckpot (big blind) folded before Flop
Seat 2: Joker007r folded before Flop (didn't bet)
Seat 3: UnRRRReal folded before Flop (didn't bet)
Seat 4: RFBullyz collected ($2.50)
Seat 5: Sadyhov V.V. (button) folded before Flop (didn't bet)
Seat 6: p0pa4poker (small blind) folded before Flop



PokerStars Hand #254506407720:  Hold'em No Limit ($0.50/$1.00 USD) - 2025/01/22 21:50:14 WET [2025/01/22 16:50:14 ET]
Table 'Niobe IV' 6-max Seat #6 is the button
Seat 1: mr.Jckpot ($178.74 in chips) 
Seat 2: Joker007r ($117.40 in chips) 
Seat 3: UnRRRReal ($120.58 in chips) 
Seat 4: RFBullyz ($104.53 in chips) 
Seat 5: Sadyhov V.V. ($102.12 in chips) 
Seat 6: p0pa4poker ($99.50 in chips) 
mr.Jckpot: posts small blind $0.50
Joker007r: posts big blind $1
*** HOLE CARDS ***
UnRRRReal: folds 
RFBullyz: folds 
Sadyhov V.V.: folds 
p0pa4poker: folds 
mr.Jckpot: raises $2 to $3
Joker007r: folds 
Uncalled bet ($2) returned to mr.Jckpot
mr.Jckpot collected $2 from pot
mr.Jckpot: doesn't show hand 
*** SUMMARY ***
Total pot $2 | Rake $0 
Seat 1: mr.Jckpot (small blind) collected ($2)
Seat 2: Joker007r (big blind) folded before Flop
Seat 3: UnRRRReal folded before Flop (didn't bet)
Seat 4: RFBullyz folded before Flop (didn't bet)
Seat 5: Sadyhov V.V. folded before Flop (didn't bet)
Seat 6: p0pa4poker (button) folded before Flop (didn't bet)



PokerStars Hand #254506410950:  Hold'em No Limit ($0.50/$1.00 USD) - 2025/01/22 21:50:26 WET [2025/01/22 16:50:26 ET]
Table 'Niobe IV' 6-max Seat #1 is the button
Seat 1: mr.Jckpot ($179.74 in chips) 
Seat 2: Joker007r ($116.40 in chips) 
Seat 3: UnRRRReal ($120.58 in chips) 
Seat 4: RFBullyz ($104.53 in chips) 
Seat 5: Sadyhov V.V. ($102.12 in chips) 
Seat 6: p0pa4poker ($99.50 in chips) 
Joker007r: posts small blind $0.50
UnRRRReal: posts big blind $1
*** HOLE CARDS ***
RFBullyz: raises $2 to $3
Sadyhov V.V.: folds 
p0pa4poker: folds 
mr.Jckpot: folds 
Joker007r: folds 
UnRRRReal: calls $2
*** FLOP *** [Ah Ad 9s]
UnRRRReal: checks 
RFBullyz: bets $3.09
UnRRRReal: raises $12.91 to $16
RFBullyz: folds 
Uncalled bet ($12.91) returned to UnRRRReal
UnRRRReal collected $12.05 from pot
UnRRRReal: doesn't show hand 
*** SUMMARY ***
Total pot $12.68 | Rake $0.63 
Board [Ah Ad 9s]
Seat 1: mr.Jckpot (button) folded before Flop (didn't bet)
Seat 2: Joker007r (small blind) folded before Flop
Seat 3: UnRRRReal (big blind) collected ($12.05)
Seat 4: RFBullyz folded on the Flop
Seat 5: Sadyhov V.V. folded before Flop (didn't bet)
Seat 6: p0pa4poker folded before Flop (didn't bet)



PokerStars Hand #254506427820:  Hold'em No Limit ($0.50/$1.00 USD) - 2025/01/22 21:51:26 WET [2025/01/22 16:51:26 ET]
Table 'Niobe IV' 6-max Seat #2 is the button
Seat 1: mr.Jckpot ($179.74 in chips) 
Seat 2: Joker007r ($115.90 in chips) 
Seat 3: UnRRRReal ($126.54 in chips) 
Seat 4: RFBullyz ($98.44 in chips) 
Seat 5: Sadyhov V.V. ($102.12 in chips) 
Seat 6: p0pa4poker ($99.50 in chips) 
UnRRRReal: posts small blind $0.50
RFBullyz: posts big blind $1
*** HOLE CARDS ***
Sadyhov V.V.: folds 
p0pa4poker: folds 
mr.Jckpot: folds 
Joker007r: folds 
UnRRRReal: raises $2 to $3
RFBullyz: calls $2
*** FLOP *** [Th As 4c]
UnRRRReal: bets $1.88
RFBullyz: calls $1.88
*** TURN *** [Th As 4c] [9d]
UnRRRReal: checks 
RFBullyz: checks 
*** RIVER *** [Th As 4c 9d] [5h]
UnRRRReal: checks 
RFBullyz: checks 
*** SHOW DOWN ***
UnRRRReal: shows [Kd 8d] (high card Ace)
RFBullyz: shows [6h 9h] (a pair of Nines)
RFBullyz collected $9.27 from pot
*** SUMMARY ***
Total pot $9.76 | Rake $0.49 
Board [Th As 4c 9d 5h]
Seat 1: mr.Jckpot folded before Flop (didn't bet)
Seat 2: Joker007r (button) folded before Flop (didn't bet)
Seat 3: UnRRRReal (small blind) showed [Kd 8d] and lost with high card Ace
Seat 4: RFBullyz (big blind) showed [6h 9h] and won ($9.27) with a pair of Nines
Seat 5: Sadyhov V.V. folded before Flop (didn't bet)
Seat 6: p0pa4poker folded before Flop (didn't bet)



PokerStars Hand #254506441040:  Hold'em No Limit ($0.50/$1.00 USD) - 2025/01/22 21:52:14 WET [2025/01/22 16:52:14 ET]
Table 'Niobe IV' 6-max Seat #3 is the button
Seat 1: mr.Jckpot ($179.74 in chips) 
Seat 2: Joker007r ($115.90 in chips) 
Seat 3: UnRRRReal ($121.66 in chips) 
Seat 4: RFBullyz ($102.83 in chips) 
Seat 5: Sadyhov V.V. ($102.12 in chips) 
Seat 6: p0pa4poker ($99.50 in chips) 
RFBullyz: posts small blind $0.50
Sadyhov V.V.: posts big blind $1
*** HOLE CARDS ***
p0pa4poker: raises $2 to $3
mr.Jckpot: folds 
Joker007r: folds 
UnRRRReal: folds 
RFBullyz: folds 
Sadyhov V.V.: folds 
Uncalled bet ($2) returned to p0pa4poker
p0pa4poker collected $2.50 from pot
p0pa4poker: doesn't show hand 
*** SUMMARY ***
Total pot $2.50 | Rake $0 
Seat 1: mr.Jckpot folded before Flop (didn't bet)
Seat 2: Joker007r folded before Flop (didn't bet)
Seat 3: UnRRRReal (button) folded before Flop (didn't bet)
Seat 4: RFBullyz (small blind) folded before Flop
Seat 5: Sadyhov V.V. (big blind) folded before Flop
Seat 6: p0pa4poker collected ($2.50)



PokerStars Hand #254506445869:  Hold'em No Limit ($0.50/$1.00 USD) - 2025/01/22 21:52:31 WET [2025/01/22 16:52:31 ET]
Table 'Niobe IV' 6-max Seat #4 is the button
Seat 1: mr.Jckpot ($179.74 in chips) 
Seat 2: Joker007r ($115.90 in chips) 
Seat 3: UnRRRReal ($121.66 in chips) 
Seat 4: RFBullyz ($102.33 in chips) 
Seat 5: Sadyhov V.V. ($101.12 in chips) 
Seat 6: p0pa4poker ($101 in chips) 
Sadyhov V.V.: posts small blind $0.50
p0pa4poker: posts big blind $1
*** HOLE CARDS ***
mr.Jckpot: folds 
Joker007r: raises $2 to $3
UnRRRReal: folds 
RFBullyz: folds 
Sadyhov V.V.: folds 
p0pa4poker: folds 
Uncalled bet ($2) returned to Joker007r
Joker007r collected $2.50 from pot
Joker007r: doesn't show hand 
*** SUMMARY ***
Total pot $2.50 | Rake $0 
Seat 1: mr.Jckpot folded before Flop (didn't bet)
Seat 2: Joker007r collected ($2.50)
Seat 3: UnRRRReal folded before Flop (didn't bet)
Seat 4: RFBullyz (button) folded before Flop (didn't bet)
Seat 5: Sadyhov V.V. (small blind) folded before Flop
Seat 6: p0pa4poker (big blind) folded before Flop



PokerStars Hand #254506168740:  Hold'em No Limit ($0.50/$1.00 USD) - 2025/01/22 21:36:22 WET [2025/01/22 16:36:22 ET]
Table 'Niobe IV' 6-max Seat #1 is the button
Seat 1: mr.Jckpot ($132.78 in chips) 
Seat 2: Joker007r ($120.89 in chips) 
Seat 3: UnRRRReal ($100 in chips) 
Seat 4: RFBullyz ($70.96 in chips) 
Seat 5: Sadyhov V.V. ($100 in chips) 
Seat 6: Manifestorr ($103.72 in chips) 
Joker007r: posts small blind $0.50
UnRRRReal: posts big blind $1
*** HOLE CARDS ***
RFBullyz: folds 
Sadyhov V.V.: folds 
Manifestorr: raises $1.20 to $2.20
mr.Jckpot: folds 
Joker007r: folds 
UnRRRReal: folds 
Uncalled bet ($1.20) returned to Manifestorr
Manifestorr collected $2.50 from pot
*** SUMMARY ***
Total pot $2.50 | Rake $0 
Seat 1: mr.Jckpot (button) folded before Flop (didn't bet)
Seat 2: Joker007r (small blind) folded before Flop
Seat 3: UnRRRReal (big blind) folded before Flop
Seat 4: RFBullyz folded before Flop (didn't bet)
Seat 5: Sadyhov V.V. folded before Flop (didn't bet)
Seat 6: Manifestorr collected ($2.50)



PokerStars Hand #254506172567:  Hold'em No Limit ($0.50/$1.00 USD) - 2025/01/22 21:36:35 WET [2025/01/22 16:36:35 ET]
Table 'Niobe IV' 6-max Seat #2 is the button
Seat 1: mr.Jckpot ($132.78 in chips) 
Seat 2: Joker007r ($120.39 in chips) 
Seat 3: UnRRRReal ($100 in chips) 
Seat 4: RFBullyz ($70.96 in chips) 
Seat 5: Sadyhov V.V. ($100 in chips) 
Seat 6: Manifestorr ($105.22 in chips) 
UnRRRReal: posts small blind $0.50
RFBullyz: posts big blind $1
*** HOLE CARDS ***
Sadyhov V.V.: raises $1.50 to $2.50
Manifestorr: folds 
mr.Jckpot: folds 
Joker007r: folds 
UnRRRReal: calls $2
RFBullyz: calls $1.50
*** FLOP *** [Jd 7s 8c]
UnRRRReal: checks 
RFBullyz: checks 
Sadyhov V.V.: checks 
*** TURN *** [Jd 7s 8c] [8d]
UnRRRReal: bets $5.34
RFBullyz: folds 
Sadyhov V.V.: folds 
Uncalled bet ($5.34) returned to UnRRRReal
UnRRRReal collected $7.12 from pot
UnRRRReal: doesn't show hand 
*** SUMMARY ***
Total pot $7.50 | Rake $0.38 
Board [Jd 7s 8c 8d]
Seat 1: mr.Jckpot folded before Flop (didn't bet)
Seat 2: Joker007r (button) folded before Flop (didn't bet)
Seat 3: UnRRRReal (small blind) collected ($7.12)
Seat 4: RFBullyz (big blind) folded on the Turn
Seat 5: Sadyhov V.V. folded on the Turn
Seat 6: Manifestorr folded before Flop (didn't bet)



PokerStars Hand #254506183870:  Hold'em No Limit ($0.50/$1.00 USD) - 2025/01/22 21:37:14 WET [2025/01/22 16:37:14 ET]
Table 'Niobe IV' 6-max Seat #3 is the button
Seat 1: mr.Jckpot ($132.78 in chips) 
Seat 2: Joker007r ($120.39 in chips) 
Seat 3: UnRRRReal ($104.62 in chips) 
Seat 4: RFBullyz ($68.46 in chips) 
Seat 5: Sadyhov V.V. ($100 in chips) 
Seat 6: Manifestorr ($105.22 in chips) 
RFBullyz: posts small blind $0.50
Sadyhov V.V.: posts big blind $1
*** HOLE CARDS ***
Manifestorr: folds 
mr.Jckpot: folds 
Joker007r: folds 
UnRRRReal: folds 
RFBullyz: folds 
Uncalled bet ($0.50) returned to Sadyhov V.V.
Sadyhov V.V. collected $1 from pot
Sadyhov V.V.: doesn't show hand 
*** SUMMARY ***
Total pot $1 | Rake $0 
Seat 1: mr.Jckpot folded before Flop (didn't bet)
Seat 2: Joker007r folded before Flop (didn't bet)
Seat 3: UnRRRReal (button) folded before Flop (didn't bet)
Seat 4: RFBullyz (small blind) folded before Flop
Seat 5: Sadyhov V.V. (big blind) collected ($1)
Seat 6: Manifestorr folded before Flop (didn't bet)



PokerStars Hand #254506189741:  Hold'em No Limit ($0.50/$1.00 USD) - 2025/01/22 21:37:34 WET [2025/01/22 16:37:34 ET]
Table 'Niobe IV' 6-max Seat #4 is the button
Seat 1: mr.Jckpot ($132.78 in chips) 
Seat 2: Joker007r ($120.39 in chips) 
Seat 3: UnRRRReal ($104.62 in chips) 
Seat 4: RFBullyz ($67.96 in chips) 
Seat 5: Sadyhov V.V. ($100.50 in chips) 
Seat 6: Manifestorr ($105.22 in chips) 
Sadyhov V.V.: posts small blind $0.50
Manifestorr: posts big blind $1
*** HOLE CARDS ***
mr.Jckpot: folds 
Joker007r: folds 
UnRRRReal: folds 
RFBullyz: folds 
Sadyhov V.V.: folds 
Uncalled bet ($0.50) returned to Manifestorr
Manifestorr collected $1 from pot
*** SUMMARY ***
Total pot $1 | Rake $0 
Seat 1: mr.Jckpot folded before Flop (didn't bet)
Seat 2: Joker007r folded before Flop (didn't bet)
Seat 3: UnRRRReal folded before Flop (didn't bet)
Seat 4: RFBullyz (button) folded before Flop (didn't bet)
Seat 5: Sadyhov V.V. (small blind) folded before Flop
Seat 6: Manifestorr (big blind) collected ($1)



PokerStars Hand #254506451305:  Hold'em No Limit ($0.50/$1.00 USD) - 2025/01/22 21:52:51 WET [2025/01/22 16:52:51 ET]
Table 'Niobe IV' 6-max Seat #5 is the button
Seat 1: mr.Jckpot ($179.74 in chips) 
Seat 2: Joker007r ($117.40 in chips) 
Seat 3: UnRRRReal ($121.66 in chips) 
Seat 4: RFBullyz ($102.33 in chips) 
Seat 5: Sadyhov V.V. ($100.62 in chips) 
Seat 6: p0pa4poker ($100 in chips) 
p0pa4poker: posts small blind $0.50
mr.Jckpot: posts big blind $1
*** HOLE CARDS ***
Joker007r: raises $2 to $3
UnRRRReal: folds 
RFBullyz: folds 
Sadyhov V.V.: folds 
p0pa4poker: raises $9 to $12
mr.Jckpot: folds 
Joker007r: folds 
Uncalled bet ($9) returned to p0pa4poker
p0pa4poker collected $7 from pot
p0pa4poker: doesn't show hand 
*** SUMMARY ***
Total pot $7 | Rake $0 
Seat 1: mr.Jckpot (big blind) folded before Flop
Seat 2: Joker007r folded before Flop
Seat 3: UnRRRReal folded before Flop (didn't bet)
Seat 4: RFBullyz folded before Flop (didn't bet)
Seat 5: Sadyhov V.V. (button) folded before Flop (didn't bet)
Seat 6: p0pa4poker (small blind) collected ($7)



PokerStars Hand #254506458475:  Hold'em No Limit ($0.50/$1.00 USD) - 2025/01/22 21:53:16 WET [2025/01/22 16:53:16 ET]
Table 'Niobe IV' 6-max Seat #6 is the button
Seat 1: mr.Jckpot ($178.74 in chips) 
Seat 2: Joker007r ($114.40 in chips) 
Seat 3: UnRRRReal ($121.66 in chips) 
Seat 4: RFBullyz ($102.33 in chips) 
Seat 5: Sadyhov V.V. ($100.62 in chips) 
Seat 6: p0pa4poker ($104 in chips) 
mr.Jckpot: posts small blind $0.50
Joker007r: posts big blind $1
*** HOLE CARDS ***
UnRRRReal: folds 
RFBullyz: folds 
Sadyhov V.V.: folds 
p0pa4poker: folds 
mr.Jckpot: raises $2 to $3
Joker007r: folds 
Uncalled bet ($2) returned to mr.Jckpot
mr.Jckpot collected $2 from pot
mr.Jckpot: doesn't show hand 
*** SUMMARY ***
Total pot $2 | Rake $0 
Seat 1: mr.Jckpot (small blind) collected ($2)
Seat 2: Joker007r (big blind) folded before Flop
Seat 3: UnRRRReal folded before Flop (didn't bet)
Seat 4: RFBullyz folded before Flop (didn't bet)
Seat 5: Sadyhov V.V. folded before Flop (didn't bet)
Seat 6: p0pa4poker (button) folded before Flop (didn't bet)



PokerStars Hand #254506461713:  Hold'em No Limit ($0.50/$1.00 USD) - 2025/01/22 21:53:28 WET [2025/01/22 16:53:28 ET]
Table 'Niobe IV' 6-max Seat #1 is the button
Seat 1: mr.Jckpot ($179.74 in chips) 
Seat 2: Joker007r ($113.40 in chips) 
Seat 3: UnRRRReal ($121.66 in chips) 
Seat 4: RFBullyz ($102.33 in chips) 
Seat 5: Sadyhov V.V. ($100.62 in chips) 
Seat 6: p0pa4poker ($104 in chips) 
Joker007r: posts small blind $0.50
UnRRRReal: posts big blind $1
*** HOLE CARDS ***
RFBullyz: folds 
Sadyhov V.V.: folds 
p0pa4poker: raises $1.30 to $2.30
mr.Jckpot: folds 
Joker007r: folds 
UnRRRReal: folds 
Uncalled bet ($1.30) returned to p0pa4poker
p0pa4poker collected $2.50 from pot
p0pa4poker: doesn't show hand 
*** SUMMARY ***
Total pot $2.50 | Rake $0 
Seat 1: mr.Jckpot (button) folded before Flop (didn't bet)
Seat 2: Joker007r (small blind) folded before Flop
Seat 3: UnRRRReal (big blind) folded before Flop
Seat 4: RFBullyz folded before Flop (didn't bet)
Seat 5: Sadyhov V.V. folded before Flop (didn't bet)
Seat 6: p0pa4poker collected ($2.50)



PokerStars Hand #254506465642:  Hold'em No Limit ($0.50/$1.00 USD) - 2025/01/22 21:53:42 WET [2025/01/22 16:53:42 ET]
Table 'Niobe IV' 6-max Seat #2 is the button
Seat 1: mr.Jckpot ($179.74 in chips) 
Seat 2: Joker007r ($112.90 in chips) 
Seat 3: UnRRRReal ($120.66 in chips) 
Seat 4: RFBullyz ($102.33 in chips) 
Seat 5: Sadyhov V.V. ($100.62 in chips) 
Seat 6: p0pa4poker ($105.50 in chips) 
UnRRRReal: posts small blind $0.50
RFBullyz: posts big blind $1
*** HOLE CARDS ***
Sadyhov V.V.: folds 
p0pa4poker: folds 
mr.Jckpot: folds 
Joker007r: raises $1.50 to $2.50
UnRRRReal: folds 
RFBullyz: calls $1.50
*** FLOP *** [3c Kd Ah]
RFBullyz: checks 
Joker007r: bets $3.48
RFBullyz: calls $3.48
*** TURN *** [3c Kd Ah] [Qh]
RFBullyz: checks 
Joker007r: bets $18.71
RFBullyz: folds 
Uncalled bet ($18.71) returned to Joker007r
Joker007r collected $11.84 from pot
Joker007r: doesn't show hand 
*** SUMMARY ***
Total pot $12.46 | Rake $0.62 
Board [3c Kd Ah Qh]
Seat 1: mr.Jckpot folded before Flop (didn't bet)
Seat 2: Joker007r (button) collected ($11.84)
Seat 3: UnRRRReal (small blind) folded before Flop
Seat 4: RFBullyz (big blind) folded on the Turn
Seat 5: Sadyhov V.V. folded before Flop (didn't bet)
Seat 6: p0pa4poker folded before Flop (didn't bet)



PokerStars Hand #254506476313:  Hold'em No Limit ($0.50/$1.00 USD) - 2025/01/22 21:54:21 WET [2025/01/22 16:54:21 ET]
Table 'Niobe IV' 6-max Seat #3 is the button
Seat 1: mr.Jckpot ($179.74 in chips) 
Seat 2: Joker007r ($118.76 in chips) 
Seat 3: UnRRRReal ($120.16 in chips) 
Seat 4: RFBullyz ($96.35 in chips) 
Seat 5: Sadyhov V.V. ($100.62 in chips) 
Seat 6: p0pa4poker ($105.50 in chips) 
RFBullyz: posts small blind $0.50
Sadyhov V.V.: posts big blind $1
*** HOLE CARDS ***
p0pa4poker: folds 
mr.Jckpot: folds 
Joker007r: folds 
UnRRRReal: folds 
RFBullyz: raises $2 to $3
Sadyhov V.V.: folds 
Uncalled bet ($2) returned to RFBullyz
RFBullyz collected $2 from pot
*** SUMMARY ***
Total pot $2 | Rake $0 
Seat 1: mr.Jckpot folded before Flop (didn't bet)
Seat 2: Joker007r folded before Flop (didn't bet)
Seat 3: UnRRRReal (button) folded before Flop (didn't bet)
Seat 4: RFBullyz (small blind) collected ($2)
Seat 5: Sadyhov V.V. (big blind) folded before Flop
Seat 6: p0pa4poker folded before Flop (didn't bet)



PokerStars Hand #254506479897:  Hold'em No Limit ($0.50/$1.00 USD) - 2025/01/22 21:54:34 WET [2025/01/22 16:54:34 ET]
Table 'Niobe IV' 6-max Seat #4 is the button
Seat 1: mr.Jckpot ($179.74 in chips) 
Seat 2: Joker007r ($118.76 in chips) 
Seat 3: UnRRRReal ($120.16 in chips) 
Seat 4: RFBullyz ($97.35 in chips) 
Seat 5: Sadyhov V.V. ($100 in chips) 
Seat 6: p0pa4poker ($105.50 in chips) 
Sadyhov V.V.: posts small blind $0.50
p0pa4poker: posts big blind $1
*** HOLE CARDS ***
mr.Jckpot: folds 
Joker007r: folds 
UnRRRReal: folds 
RFBullyz: folds 
Sadyhov V.V.: folds 
Uncalled bet ($0.50) returned to p0pa4poker
p0pa4poker collected $1 from pot
p0pa4poker: doesn't show hand 
*** SUMMARY ***
Total pot $1 | Rake $0 
Seat 1: mr.Jckpot folded before Flop (didn't bet)
Seat 2: Joker007r folded before Flop (didn't bet)
Seat 3: UnRRRReal folded before Flop (didn't bet)
Seat 4: RFBullyz (button) folded before Flop (didn't bet)
Seat 5: Sadyhov V.V. (small blind) folded before Flop
Seat 6: p0pa4poker (big blind) collected ($1)



PokerStars Hand #254506482545:  Hold'em No Limit ($0.50/$1.00 USD) - 2025/01/22 21:54:43 WET [2025/01/22 16:54:43 ET]
Table 'Niobe IV' 6-max Seat #5 is the button
Seat 1: mr.Jckpot ($179.74 in chips) 
Seat 2: Joker007r ($118.76 in chips) 
Seat 3: UnRRRReal ($120.16 in chips) 
Seat 4: RFBullyz ($97.35 in chips) 
Seat 5: Sadyhov V.V. ($100 in chips) 
Seat 6: p0pa4poker ($106 in chips) 
p0pa4poker: posts small blind $0.50
mr.Jckpot: posts big blind $1
*** HOLE CARDS ***
Joker007r: folds 
UnRRRReal: folds 
RFBullyz: folds 
Sadyhov V.V.: folds 
p0pa4poker: folds 
Uncalled bet ($0.50) returned to mr.Jckpot
mr.Jckpot collected $1 from pot
mr.Jckpot: doesn't show hand 
*** SUMMARY ***
Total pot $1 | Rake $0 
Seat 1: mr.Jckpot (big blind) collected ($1)
Seat 2: Joker007r folded before Flop (didn't bet)
Seat 3: UnRRRReal folded before Flop (didn't bet)
Seat 4: RFBullyz folded before Flop (didn't bet)
Seat 5: Sadyhov V.V. (button) folded before Flop (didn't bet)
Seat 6: p0pa4poker (small blind) folded before Flop



PokerStars Hand #254506487884:  Hold'em No Limit ($0.50/$1.00 USD) - 2025/01/22 21:55:03 WET [2025/01/22 16:55:03 ET]
Table 'Niobe IV' 6-max Seat #6 is the button
Seat 1: mr.Jckpot ($180.24 in chips) 
Seat 2: Joker007r ($118.76 in chips) 
Seat 3: UnRRRReal ($120.16 in chips) 
Seat 4: RFBullyz ($97.35 in chips) 
Seat 5: Sadyhov V.V. ($100 in chips) 
Seat 6: p0pa4poker ($105.50 in chips) 
mr.Jckpot: posts small blind $0.50
Joker007r: posts big blind $1
*** HOLE CARDS ***
UnRRRReal: folds 
RFBullyz: folds 
Sadyhov V.V.: folds 
p0pa4poker: raises $1.50 to $2.50
mr.Jckpot: folds 
Joker007r: calls $1.50
*** FLOP *** [Tc Ks Kh]
Joker007r: checks 
p0pa4poker: bets $1.72
Joker007r: raises $6.32 to $8.04
p0pa4poker: calls $6.32
*** TURN *** [Tc Ks Kh] [7h]
Joker007r: checks 
p0pa4poker: checks 
*** RIVER *** [Tc Ks Kh 7h] [5d]
Joker007r: checks 
p0pa4poker: bets $29
Joker007r: calls $29
*** SHOW DOWN ***
p0pa4poker: shows [Kd Jh] (three of a kind, Kings)
Joker007r: mucks hand 
p0pa4poker collected $77.08 from pot
*** SUMMARY ***
Total pot $79.58 | Rake $2.50 
Board [Tc Ks Kh 7h 5d]
Seat 1: mr.Jckpot (small blind) folded before Flop
Seat 2: Joker007r (big blind) mucked
Seat 3: UnRRRReal folded before Flop (didn't bet)
Seat 4: RFBullyz folded before Flop (didn't bet)
Seat 5: Sadyhov V.V. folded before Flop (didn't bet)
Seat 6: p0pa4poker (button) showed [Kd Jh] and won ($77.08) with three of a kind, Kings



PokerStars Hand #254506514178:  Hold'em No Limit ($0.50/$1.00 USD) - 2025/01/22 21:57:08 WET [2025/01/22 16:57:08 ET]
Table 'Niobe IV' 6-max Seat #1 is the button
Seat 1: mr.Jckpot ($179.74 in chips) 
Seat 2: Joker007r ($100 in chips) 
Seat 3: UnRRRReal ($120.16 in chips) 
Seat 4: RFBullyz ($97.35 in chips) 
Seat 5: Sadyhov V.V. ($100 in chips) 
Seat 6: p0pa4poker ($143.04 in chips) 
Joker007r: posts small blind $0.50
UnRRRReal: posts big blind $1
*** HOLE CARDS ***
RFBullyz: folds 
Sadyhov V.V.: folds 
p0pa4poker: raises $1.30 to $2.30
mr.Jckpot: raises $5.20 to $7.50
Joker007r: folds 
UnRRRReal: folds 
p0pa4poker: folds 
Uncalled bet ($5.20) returned to mr.Jckpot
mr.Jckpot collected $6.10 from pot
mr.Jckpot: doesn't show hand 
*** SUMMARY ***
Total pot $6.10 | Rake $0 
Seat 1: mr.Jckpot (button) collected ($6.10)
Seat 2: Joker007r (small blind) folded before Flop
Seat 3: UnRRRReal (big blind) folded before Flop
Seat 4: RFBullyz folded before Flop (didn't bet)
Seat 5: Sadyhov V.V. folded before Flop (didn't bet)
Seat 6: p0pa4poker folded before Flop



PokerStars Hand #254506521811:  Hold'em No Limit ($0.50/$1.00 USD) - 2025/01/22 21:57:46 WET [2025/01/22 16:57:46 ET]
Table 'Niobe IV' 6-max Seat #2 is the button
Seat 1: mr.Jckpot ($183.54 in chips) 
Seat 2: Joker007r ($100 in chips) 
Seat 3: UnRRRReal ($119.16 in chips) 
Seat 4: RFBullyz ($97.35 in chips) 
Seat 5: Sadyhov V.V. ($100 in chips) 
Seat 6: p0pa4poker ($140.74 in chips) 
UnRRRReal: posts small blind $0.50
RFBullyz: posts big blind $1
*** HOLE CARDS ***
Sadyhov V.V.: folds 
p0pa4poker: folds 
mr.Jckpot: folds 
Joker007r: raises $2 to $3
UnRRRReal: folds 
RFBullyz: folds 
Uncalled bet ($2) returned to Joker007r
Joker007r collected $2.50 from pot
Joker007r: doesn't show hand 
*** SUMMARY ***
Total pot $2.50 | Rake $0 
Seat 1: mr.Jckpot folded before Flop (didn't bet)
Seat 2: Joker007r (button) collected ($2.50)
Seat 3: UnRRRReal (small blind) folded before Flop
Seat 4: RFBullyz (big blind) folded before Flop
Seat 5: Sadyhov V.V. folded before Flop (didn't bet)
Seat 6: p0pa4poker folded before Flop (didn't bet)



PokerStars Hand #254506526529:  Hold'em No Limit ($0.50/$1.00 USD) - 2025/01/22 21:58:09 WET [2025/01/22 16:58:09 ET]
Table 'Niobe IV' 6-max Seat #3 is the button
Seat 1: mr.Jckpot ($183.54 in chips) 
Seat 2: Joker007r ($101.50 in chips) 
Seat 3: UnRRRReal ($118.66 in chips) 
Seat 4: RFBullyz ($96.35 in chips) 
Seat 5: Sadyhov V.V. ($100 in chips) 
Seat 6: p0pa4poker ($140.74 in chips) 
RFBullyz: posts small blind $0.50
Sadyhov V.V.: posts big blind $1
*** HOLE CARDS ***
p0pa4poker: folds 
mr.Jckpot: folds 
Joker007r: folds 
UnRRRReal: folds 
RFBullyz: folds 
Uncalled bet ($0.50) returned to Sadyhov V.V.
Sadyhov V.V. collected $1 from pot
Sadyhov V.V.: doesn't show hand 
*** SUMMARY ***
Total pot $1 | Rake $0 
Seat 1: mr.Jckpot folded before Flop (didn't bet)
Seat 2: Joker007r folded before Flop (didn't bet)
Seat 3: UnRRRReal (button) folded before Flop (didn't bet)
Seat 4: RFBullyz (small blind) folded before Flop
Seat 5: Sadyhov V.V. (big blind) collected ($1)
Seat 6: p0pa4poker folded before Flop (didn't bet)



PokerStars Hand #254506530635:  Hold'em No Limit ($0.50/$1.00 USD) - 2025/01/22 21:58:29 WET [2025/01/22 16:58:29 ET]
Table 'Niobe IV' 6-max Seat #4 is the button
Seat 1: mr.Jckpot ($183.54 in chips) 
Seat 2: Joker007r ($101.50 in chips) 
Seat 3: UnRRRReal ($118.66 in chips) 
Seat 4: RFBullyz ($95.85 in chips) 
Seat 5: Sadyhov V.V. ($100.50 in chips) 
Seat 6: p0pa4poker ($140.74 in chips) 
Sadyhov V.V.: posts small blind $0.50
p0pa4poker: posts big blind $1
*** HOLE CARDS ***
mr.Jckpot: folds 
Joker007r: folds 
UnRRRReal: folds 
RFBullyz: folds 
Sadyhov V.V.: folds 
Uncalled bet ($0.50) returned to p0pa4poker
p0pa4poker collected $1 from pot
p0pa4poker: doesn't show hand 
*** SUMMARY ***
Total pot $1 | Rake $0 
Seat 1: mr.Jckpot folded before Flop (didn't bet)
Seat 2: Joker007r folded before Flop (didn't bet)
Seat 3: UnRRRReal folded before Flop (didn't bet)
Seat 4: RFBullyz (button) folded before Flop (didn't bet)
Seat 5: Sadyhov V.V. (small blind) folded before Flop
Seat 6: p0pa4poker (big blind) collected ($1)



PokerStars Hand #254506532742:  Hold'em No Limit ($0.50/$1.00 USD) - 2025/01/22 21:58:39 WET [2025/01/22 16:58:39 ET]
Table 'Niobe IV' 6-max Seat #5 is the button
Seat 1: mr.Jckpot ($183.54 in chips) 
Seat 2: Joker007r ($101.50 in chips) 
Seat 3: UnRRRReal ($118.66 in chips) 
Seat 4: RFBullyz ($95.85 in chips) 
Seat 5: Sadyhov V.V. ($100 in chips) 
Seat 6: p0pa4poker ($141.24 in chips) 
p0pa4poker: posts small blind $0.50
mr.Jckpot: posts big blind $1
*** HOLE CARDS ***
Joker007r: folds 
UnRRRReal: folds 
RFBullyz: folds 
Sadyhov V.V.: raises $1.50 to $2.50
p0pa4poker: raises $9.50 to $12
mr.Jckpot: folds 
Sadyhov V.V.: folds 
Uncalled bet ($9.50) returned to p0pa4poker
p0pa4poker collected $6 from pot
p0pa4poker: doesn't show hand 
*** SUMMARY ***
Total pot $6 | Rake $0 
Seat 1: mr.Jckpot (big blind) folded before Flop
Seat 2: Joker007r folded before Flop (didn't bet)
Seat 3: UnRRRReal folded before Flop (didn't bet)
Seat 4: RFBullyz folded before Flop (didn't bet)
Seat 5: Sadyhov V.V. (button) folded before Flop
Seat 6: p0pa4poker (small blind) collected ($6)



PokerStars Hand #254506541293:  Hold'em No Limit ($0.50/$1.00 USD) - 2025/01/22 21:59:21 WET [2025/01/22 16:59:21 ET]
Table 'Niobe IV' 6-max Seat #6 is the button
Seat 1: mr.Jckpot ($182.54 in chips) 
Seat 2: Joker007r ($101.50 in chips) 
Seat 3: UnRRRReal ($118.66 in chips) 
Seat 4: RFBullyz ($95.85 in chips) 
Seat 5: Sadyhov V.V. ($100 in chips) 
Seat 6: p0pa4poker ($144.74 in chips) 
mr.Jckpot: posts small blind $0.50
Joker007r: posts big blind $1
*** HOLE CARDS ***
UnRRRReal: folds 
RFBullyz: folds 
Sadyhov V.V.: raises $1.50 to $2.50
p0pa4poker: folds 
mr.Jckpot: folds 
Joker007r: folds 
Uncalled bet ($1.50) returned to Sadyhov V.V.
Sadyhov V.V. collected $2.50 from pot
Sadyhov V.V.: doesn't show hand 
*** SUMMARY ***
Total pot $2.50 | Rake $0 
Seat 1: mr.Jckpot (small blind) folded before Flop
Seat 2: Joker007r (big blind) folded before Flop
Seat 3: UnRRRReal folded before Flop (didn't bet)
Seat 4: RFBullyz folded before Flop (didn't bet)
Seat 5: Sadyhov V.V. collected ($2.50)
Seat 6: p0pa4poker (button) folded before Flop (didn't bet)



PokerStars Hand #254506544145:  Hold'em No Limit ($0.50/$1.00 USD) - 2025/01/22 21:59:35 WET [2025/01/22 16:59:35 ET]
Table 'Niobe IV' 6-max Seat #1 is the button
Seat 1: mr.Jckpot ($182.04 in chips) 
Seat 2: Joker007r ($100.50 in chips) 
Seat 3: UnRRRReal ($118.66 in chips) 
Seat 4: RFBullyz ($95.85 in chips) 
Seat 5: Sadyhov V.V. ($101.50 in chips) 
Seat 6: p0pa4poker ($144.74 in chips) 
Joker007r: posts small blind $0.50
UnRRRReal: posts big blind $1
*** HOLE CARDS ***
RFBullyz: folds 
Sadyhov V.V.: folds 
p0pa4poker: folds 
mr.Jckpot: folds 
Joker007r: raises $2 to $3
UnRRRReal: folds 
Uncalled bet ($2) returned to Joker007r
Joker007r collected $2 from pot
Joker007r: doesn't show hand 
*** SUMMARY ***
Total pot $2 | Rake $0 
Seat 1: mr.Jckpot (button) folded before Flop (didn't bet)
Seat 2: Joker007r (small blind) collected ($2)
Seat 3: UnRRRReal (big blind) folded before Flop
Seat 4: RFBullyz folded before Flop (didn't bet)
Seat 5: Sadyhov V.V. folded before Flop (didn't bet)
Seat 6: p0pa4poker folded before Flop (didn't bet)



PokerStars Hand #254506546653:  Hold'em No Limit ($0.50/$1.00 USD) - 2025/01/22 21:59:47 WET [2025/01/22 16:59:47 ET]
Table 'Niobe IV' 6-max Seat #2 is the button
Seat 1: mr.Jckpot ($182.04 in chips) 
Seat 2: Joker007r ($101.50 in chips) 
Seat 3: UnRRRReal ($117.66 in chips) 
Seat 4: RFBullyz ($95.85 in chips) 
Seat 5: Sadyhov V.V. ($101.50 in chips) 
Seat 6: p0pa4poker ($144.74 in chips) 
UnRRRReal: posts small blind $0.50
RFBullyz: posts big blind $1
*** HOLE CARDS ***
Sadyhov V.V.: folds 
p0pa4poker: folds 
mr.Jckpot: folds 
Joker007r: raises $1.50 to $2.50
UnRRRReal: folds 
RFBullyz: calls $1.50
*** FLOP *** [3s 7s 5c]
RFBullyz: checks 
Joker007r: bets $1.72
RFBullyz: calls $1.72
*** TURN *** [3s 7s 5c] [Ah]
RFBullyz: checks 
Joker007r: bets $13.41
RFBullyz: folds 
Uncalled bet ($13.41) returned to Joker007r
Joker007r collected $8.49 from pot
Joker007r: doesn't show hand 
*** SUMMARY ***
Total pot $8.94 | Rake $0.45 
Board [3s 7s 5c Ah]
Seat 1: mr.Jckpot folded before Flop (didn't bet)
Seat 2: Joker007r (button) collected ($8.49)
Seat 3: UnRRRReal (small blind) folded before Flop
Seat 4: RFBullyz (big blind) folded on the Turn
Seat 5: Sadyhov V.V. folded before Flop (didn't bet)
Seat 6: p0pa4poker folded before Flop (didn't bet)



PokerStars Hand #254506553834:  Hold'em No Limit ($0.50/$1.00 USD) - 2025/01/22 22:00:21 WET [2025/01/22 17:00:21 ET]
Table 'Niobe IV' 6-max Seat #3 is the button
Seat 1: mr.Jckpot ($182.04 in chips) 
Seat 2: Joker007r ($105.77 in chips) 
Seat 3: UnRRRReal ($117.16 in chips) 
Seat 4: RFBullyz ($91.63 in chips) 
Seat 5: Sadyhov V.V. ($101.50 in chips) 
Seat 6: p0pa4poker ($144.74 in chips) 
RFBullyz: posts small blind $0.50
Sadyhov V.V.: posts big blind $1
*** HOLE CARDS ***
p0pa4poker: folds 
mr.Jckpot: folds 
Joker007r: raises $1.50 to $2.50
UnRRRReal: folds 
RFBullyz: folds 
Sadyhov V.V.: folds 
Uncalled bet ($1.50) returned to Joker007r
Joker007r collected $2.50 from pot
Joker007r: doesn't show hand 
*** SUMMARY ***
Total pot $2.50 | Rake $0 
Seat 1: mr.Jckpot folded before Flop (didn't bet)
Seat 2: Joker007r collected ($2.50)
Seat 3: UnRRRReal (button) folded before Flop (didn't bet)
Seat 4: RFBullyz (small blind) folded before Flop
Seat 5: Sadyhov V.V. (big blind) folded before Flop
Seat 6: p0pa4poker folded before Flop (didn't bet)



PokerStars Hand #254506556061:  Hold'em No Limit ($0.50/$1.00 USD) - 2025/01/22 22:00:32 WET [2025/01/22 17:00:32 ET]
Table 'Niobe IV' 6-max Seat #4 is the button
Seat 1: mr.Jckpot ($182.04 in chips) 
Seat 2: Joker007r ($107.27 in chips) 
Seat 3: UnRRRReal ($117.16 in chips) 
Seat 4: RFBullyz ($91.13 in chips) 
Seat 5: Sadyhov V.V. ($100.50 in chips) 
Seat 6: p0pa4poker ($144.74 in chips) 
Sadyhov V.V.: posts small blind $0.50
p0pa4poker: posts big blind $1
*** HOLE CARDS ***
mr.Jckpot: folds 
Joker007r: folds 
UnRRRReal: folds 
RFBullyz: folds 
Sadyhov V.V.: folds 
Uncalled bet ($0.50) returned to p0pa4poker
p0pa4poker collected $1 from pot
p0pa4poker: doesn't show hand 
*** SUMMARY ***
Total pot $1 | Rake $0 
Seat 1: mr.Jckpot folded before Flop (didn't bet)
Seat 2: Joker007r folded before Flop (didn't bet)
Seat 3: UnRRRReal folded before Flop (didn't bet)
Seat 4: RFBullyz (button) folded before Flop (didn't bet)
Seat 5: Sadyhov V.V. (small blind) folded before Flop
Seat 6: p0pa4poker (big blind) collected ($1)



PokerStars Hand #254506558006:  Hold'em No Limit ($0.50/$1.00 USD) - 2025/01/22 22:00:41 WET [2025/01/22 17:00:41 ET]
Table 'Niobe IV' 6-max Seat #5 is the button
Seat 1: mr.Jckpot ($182.04 in chips) 
Seat 2: Joker007r ($107.27 in chips) 
Seat 3: UnRRRReal ($117.16 in chips) 
Seat 4: RFBullyz ($91.13 in chips) 
Seat 5: Sadyhov V.V. ($100 in chips) 
Seat 6: p0pa4poker ($145.24 in chips) 
p0pa4poker: posts small blind $0.50
mr.Jckpot: posts big blind $1
*** HOLE CARDS ***
Joker007r: folds 
UnRRRReal: raises $1.50 to $2.50
RFBullyz: calls $2.50
Sadyhov V.V.: folds 
p0pa4poker: folds 
mr.Jckpot: folds 
*** FLOP *** [7d 4s 4h]
UnRRRReal: checks 
RFBullyz: bets $3.09
UnRRRReal: calls $3.09
*** TURN *** [7d 4s 4h] [2s]
UnRRRReal: checks 
RFBullyz: bets $7
UnRRRReal: folds 
Uncalled bet ($7) returned to RFBullyz
RFBullyz collected $12.05 from pot
*** SUMMARY ***
Total pot $12.68 | Rake $0.63 
Board [7d 4s 4h 2s]
Seat 1: mr.Jckpot (big blind) folded before Flop
Seat 2: Joker007r folded before Flop (didn't bet)
Seat 3: UnRRRReal folded on the Turn
Seat 4: RFBullyz collected ($12.05)
Seat 5: Sadyhov V.V. (button) folded before Flop (didn't bet)
Seat 6: p0pa4poker (small blind) folded before Flop



PokerStars Hand #254506569088:  Hold'em No Limit ($0.50/$1.00 USD) - 2025/01/22 22:01:28 WET [2025/01/22 17:01:28 ET]
Table 'Niobe IV' 6-max Seat #6 is the button
Seat 1: mr.Jckpot ($181.04 in chips) 
Seat 2: Joker007r ($107.27 in chips) 
Seat 3: UnRRRReal ($111.57 in chips) 
Seat 4: RFBullyz ($97.59 in chips) 
Seat 5: Sadyhov V.V. ($100 in chips) 
Seat 6: p0pa4poker ($144.74 in chips) 
mr.Jckpot: posts small blind $0.50
Joker007r: posts big blind $1
*** HOLE CARDS ***
UnRRRReal: raises $1.50 to $2.50
RFBullyz: calls $2.50
Sadyhov V.V.: folds 
p0pa4poker: folds 
mr.Jckpot: folds 
Joker007r: folds 
*** FLOP *** [5s 9h 9c]
UnRRRReal: checks 
RFBullyz: checks 
*** TURN *** [5s 9h 9c] [6c]
UnRRRReal: bets $4.64
RFBullyz: raises $4.64 to $9.28
UnRRRReal: calls $4.64
*** RIVER *** [5s 9h 9c 6c] [Js]
UnRRRReal: checks 
RFBullyz: bets $11.91
UnRRRReal: folds 
Uncalled bet ($11.91) returned to RFBullyz
RFBullyz collected $23.81 from pot
*** SUMMARY ***
Total pot $25.06 | Rake $1.25 
Board [5s 9h 9c 6c Js]
Seat 1: mr.Jckpot (small blind) folded before Flop
Seat 2: Joker007r (big blind) folded before Flop
Seat 3: UnRRRReal folded on the River
Seat 4: RFBullyz collected ($23.81)
Seat 5: Sadyhov V.V. folded before Flop (didn't bet)
Seat 6: p0pa4poker (button) folded before Flop (didn't bet)



PokerStars Hand #254506581643:  Hold'em No Limit ($0.50/$1.00 USD) - 2025/01/22 22:02:14 WET [2025/01/22 17:02:14 ET]
Table 'Niobe IV' 6-max Seat #1 is the button
Seat 1: mr.Jckpot ($180.54 in chips) 
Seat 2: Joker007r ($106.27 in chips) 
Seat 3: UnRRRReal ($100 in chips) 
Seat 4: RFBullyz ($109.62 in chips) 
Seat 5: Sadyhov V.V. ($100 in chips) 
Seat 6: p0pa4poker ($144.74 in chips) 
Joker007r: posts small blind $0.50
UnRRRReal: posts big blind $1
*** HOLE CARDS ***
RFBullyz: folds 
Sadyhov V.V.: folds 
p0pa4poker: folds 
mr.Jckpot: folds 
Joker007r: raises $2 to $3
UnRRRReal: calls $2
*** FLOP *** [2h 4d Jc]
Joker007r: bets $9.01
UnRRRReal: folds 
Uncalled bet ($9.01) returned to Joker007r
Joker007r collected $5.70 from pot
Joker007r: doesn't show hand 
*** SUMMARY ***
Total pot $6 | Rake $0.30 
Board [2h 4d Jc]
Seat 1: mr.Jckpot (button) folded before Flop (didn't bet)
Seat 2: Joker007r (small blind) collected ($5.70)
Seat 3: UnRRRReal (big blind) folded on the Flop
Seat 4: RFBullyz folded before Flop (didn't bet)
Seat 5: Sadyhov V.V. folded before Flop (didn't bet)
Seat 6: p0pa4poker folded before Flop (didn't bet)



PokerStars Hand #254506587010:  Hold'em No Limit ($0.50/$1.00 USD) - 2025/01/22 22:02:34 WET [2025/01/22 17:02:34 ET]
Table 'Niobe IV' 6-max Seat #2 is the button
Seat 1: mr.Jckpot ($180.54 in chips) 
Seat 2: Joker007r ($108.97 in chips) 
Seat 3: UnRRRReal ($100 in chips) 
Seat 4: RFBullyz ($109.62 in chips) 
Seat 5: Sadyhov V.V. ($100 in chips) 
Seat 6: p0pa4poker ($144.74 in chips) 
UnRRRReal: posts small blind $0.50
RFBullyz: posts big blind $1
*** HOLE CARDS ***
Sadyhov V.V.: folds 
p0pa4poker: folds 
mr.Jckpot: folds 
Joker007r: raises $1.50 to $2.50
UnRRRReal: raises $9.50 to $12
RFBullyz: folds 
Joker007r: folds 
Uncalled bet ($9.50) returned to UnRRRReal
UnRRRReal collected $6 from pot
UnRRRReal: doesn't show hand 
*** SUMMARY ***
Total pot $6 | Rake $0 
Seat 1: mr.Jckpot folded before Flop (didn't bet)
Seat 2: Joker007r (button) folded before Flop
Seat 3: UnRRRReal (small blind) collected ($6)
Seat 4: RFBullyz (big blind) folded before Flop
Seat 5: Sadyhov V.V. folded before Flop (didn't bet)
Seat 6: p0pa4poker folded before Flop (didn't bet)



PokerStars Hand #254506595794:  Hold'em No Limit ($0.50/$1.00 USD) - 2025/01/22 22:03:06 WET [2025/01/22 17:03:06 ET]
Table 'Niobe IV' 6-max Seat #3 is the button
Seat 1: mr.Jckpot ($180.54 in chips) 
Seat 2: Joker007r ($106.47 in chips) 
Seat 3: UnRRRReal ($103.50 in chips) 
Seat 4: RFBullyz ($108.62 in chips) 
Seat 5: Sadyhov V.V. ($100 in chips) 
Seat 6: p0pa4poker ($144.74 in chips) 
RFBullyz: posts small blind $0.50
Sadyhov V.V.: posts big blind $1
*** HOLE CARDS ***
p0pa4poker: folds 
mr.Jckpot: folds 
Joker007r: raises $1.50 to $2.50
UnRRRReal: folds 
RFBullyz: calls $2
Sadyhov V.V.: calls $1.50
*** FLOP *** [Ad 8d Kc]
RFBullyz: checks 
Sadyhov V.V.: checks 
Joker007r: bets $5.20
RFBullyz: folds 
Sadyhov V.V.: folds 
Uncalled bet ($5.20) returned to Joker007r
Joker007r collected $7.12 from pot
Joker007r: doesn't show hand 
*** SUMMARY ***
Total pot $7.50 | Rake $0.38 
Board [Ad 8d Kc]
Seat 1: mr.Jckpot folded before Flop (didn't bet)
Seat 2: Joker007r collected ($7.12)
Seat 3: UnRRRReal (button) folded before Flop (didn't bet)
Seat 4: RFBullyz (small blind) folded on the Flop
Seat 5: Sadyhov V.V. (big blind) folded on the Flop
Seat 6: p0pa4poker folded before Flop (didn't bet)



PokerStars Hand #254506614859:  Hold'em No Limit ($0.50/$1.00 USD) - 2025/01/22 22:04:15 WET [2025/01/22 17:04:15 ET]
Table 'Niobe IV' 6-max Seat #4 is the button
Seat 1: mr.Jckpot ($180.54 in chips) 
Seat 2: Joker007r ($111.09 in chips) 
Seat 3: UnRRRReal ($103.50 in chips) 
Seat 4: RFBullyz ($106.12 in chips) 
Seat 5: Sadyhov V.V. ($100 in chips) 
Seat 6: p0pa4poker ($144.74 in chips) 
Sadyhov V.V.: posts small blind $0.50
p0pa4poker: posts big blind $1
*** HOLE CARDS ***
mr.Jckpot: folds 
Joker007r: raises $2 to $3
UnRRRReal: folds 
RFBullyz: calls $3
Sadyhov V.V.: folds 
p0pa4poker: raises $10 to $13
Joker007r: calls $10
RFBullyz: calls $10
*** FLOP *** [Jc Qd As]
p0pa4poker: bets $9.76
Joker007r: folds 
RFBullyz: calls $9.76
*** TURN *** [Jc Qd As] [7c]
p0pa4poker: bets $19.50
RFBullyz: folds 
Uncalled bet ($19.50) returned to p0pa4poker
p0pa4poker collected $56.52 from pot
p0pa4poker: doesn't show hand 
*** SUMMARY ***
Total pot $59.02 | Rake $2.50 
Board [Jc Qd As 7c]
Seat 1: mr.Jckpot folded before Flop (didn't bet)
Seat 2: Joker007r folded on the Flop
Seat 3: UnRRRReal folded before Flop (didn't bet)
Seat 4: RFBullyz (button) folded on the Turn
Seat 5: Sadyhov V.V. (small blind) folded before Flop
Seat 6: p0pa4poker (big blind) collected ($56.52)



PokerStars Hand #254506640401:  Hold'em No Limit ($0.50/$1.00 USD) - 2025/01/22 22:05:47 WET [2025/01/22 17:05:47 ET]
Table 'Niobe IV' 6-max Seat #5 is the button
Seat 1: mr.Jckpot ($180.54 in chips) 
Seat 2: Joker007r ($100 in chips) 
Seat 3: UnRRRReal ($103.50 in chips) 
Seat 4: RFBullyz ($83.36 in chips) 
Seat 5: Sadyhov V.V. ($100 in chips) 
Seat 6: p0pa4poker ($178.50 in chips) 
p0pa4poker: posts small blind $0.50
mr.Jckpot: posts big blind $1
*** HOLE CARDS ***
Joker007r: raises $2 to $3
UnRRRReal: folds 
RFBullyz: folds 
Sadyhov V.V.: folds 
p0pa4poker: folds 
mr.Jckpot: folds 
Uncalled bet ($2) returned to Joker007r
Joker007r collected $2.50 from pot
Joker007r: doesn't show hand 
*** SUMMARY ***
Total pot $2.50 | Rake $0 
Seat 1: mr.Jckpot (big blind) folded before Flop
Seat 2: Joker007r collected ($2.50)
Seat 3: UnRRRReal folded before Flop (didn't bet)
Seat 4: RFBullyz folded before Flop (didn't bet)
Seat 5: Sadyhov V.V. (button) folded before Flop (didn't bet)
Seat 6: p0pa4poker (small blind) folded before Flop



PokerStars Hand #254506643967:  Hold'em No Limit ($0.50/$1.00 USD) - 2025/01/22 22:05:59 WET [2025/01/22 17:05:59 ET]
Table 'Niobe IV' 6-max Seat #6 is the button
Seat 1: mr.Jckpot ($179.54 in chips) 
Seat 2: Joker007r ($101.50 in chips) 
Seat 3: UnRRRReal ($103.50 in chips) 
Seat 4: RFBullyz ($83.36 in chips) 
Seat 5: Sadyhov V.V. ($100 in chips) 
Seat 6: p0pa4poker ($178 in chips) 
mr.Jckpot: posts small blind $0.50
Joker007r: posts big blind $1
*** HOLE CARDS ***
UnRRRReal: folds 
RFBullyz: folds 
RFBullyz leaves the table
Sadyhov V.V.: raises $1.50 to $2.50
p0pa4poker: folds 
mr.Jckpot: folds 
Joker007r: folds 
Uncalled bet ($1.50) returned to Sadyhov V.V.
Sadyhov V.V. collected $2.50 from pot
Sadyhov V.V.: doesn't show hand 
*** SUMMARY ***
Total pot $2.50 | Rake $0 
Seat 1: mr.Jckpot (small blind) folded before Flop
Seat 2: Joker007r (big blind) folded before Flop
Seat 3: UnRRRReal folded before Flop (didn't bet)
Seat 4: RFBullyz folded before Flop (didn't bet)
Seat 5: Sadyhov V.V. collected ($2.50)
Seat 6: p0pa4poker (button) folded before Flop (didn't bet)



PokerStars Hand #254506647500:  Hold'em No Limit ($0.50/$1.00 USD) - 2025/01/22 22:06:12 WET [2025/01/22 17:06:12 ET]
Table 'Niobe IV' 6-max Seat #1 is the button
Seat 1: mr.Jckpot ($179.04 in chips) 
Seat 2: Joker007r ($100.50 in chips) 
Seat 3: UnRRRReal ($103.50 in chips) 
Seat 5: Sadyhov V.V. ($101.50 in chips) 
Seat 6: p0pa4poker ($178 in chips) 
Joker007r: posts small blind $0.50
UnRRRReal: posts big blind $1
*** HOLE CARDS ***
BumHuntKing joins the table at seat #4 
Sadyhov V.V.: raises $1.50 to $2.50
p0pa4poker: folds 
mr.Jckpot: folds 
Joker007r: folds 
UnRRRReal: folds 
Uncalled bet ($1.50) returned to Sadyhov V.V.
Sadyhov V.V. collected $2.50 from pot
Sadyhov V.V.: doesn't show hand 
*** SUMMARY ***
Total pot $2.50 | Rake $0 
Seat 1: mr.Jckpot (button) folded before Flop (didn't bet)
Seat 2: Joker007r (small blind) folded before Flop
Seat 3: UnRRRReal (big blind) folded before Flop
Seat 5: Sadyhov V.V. collected ($2.50)
Seat 6: p0pa4poker folded before Flop (didn't bet)



PokerStars Hand #254506653483:  Hold'em No Limit ($0.50/$1.00 USD) - 2025/01/22 22:06:33 WET [2025/01/22 17:06:33 ET]
Table 'Niobe IV' 6-max Seat #2 is the button
Seat 1: mr.Jckpot ($179.04 in chips) 
Seat 2: Joker007r ($100 in chips) 
Seat 3: UnRRRReal ($102.50 in chips) 
Seat 4: BumHuntKing ($100 in chips) 
Seat 5: Sadyhov V.V. ($103 in chips) 
Seat 6: p0pa4poker ($178 in chips) 
UnRRRReal: posts small blind $0.50
BumHuntKing: posts big blind $1
*** HOLE CARDS ***
Sadyhov V.V.: folds 
p0pa4poker: raises $1 to $2
mr.Jckpot: raises $5 to $7
Joker007r: folds 
UnRRRReal: folds 
BumHuntKing: folds 
p0pa4poker: folds 
Uncalled bet ($5) returned to mr.Jckpot
mr.Jckpot collected $5.50 from pot
mr.Jckpot: doesn't show hand 
*** SUMMARY ***
Total pot $5.50 | Rake $0 
Seat 1: mr.Jckpot collected ($5.50)
Seat 2: Joker007r (button) folded before Flop (didn't bet)
Seat 3: UnRRRReal (small blind) folded before Flop
Seat 4: BumHuntKing (big blind) folded before Flop
Seat 5: Sadyhov V.V. folded before Flop (didn't bet)
Seat 6: p0pa4poker folded before Flop



PokerStars Hand #254506660873:  Hold'em No Limit ($0.50/$1.00 USD) - 2025/01/22 22:06:59 WET [2025/01/22 17:06:59 ET]
Table 'Niobe IV' 6-max Seat #3 is the button
Seat 5: Sadyhov V.V. ($103 in chips) is sitting out
Seat 1: mr.Jckpot ($182.54 in chips) 
Seat 2: Joker007r ($100 in chips) 
Seat 3: UnRRRReal ($102 in chips) 
Seat 4: BumHuntKing ($100 in chips) 
Seat 6: p0pa4poker ($176 in chips) 
BumHuntKing: posts small blind $0.50
Sadyhov V.V.: is sitting out 
p0pa4poker: posts big blind $1
*** HOLE CARDS ***
mr.Jckpot: folds 
Joker007r: folds 
Sadyhov V.V. leaves the table
UnRRRReal: folds 
BumHuntKing: raises $2 to $3
Mr_Dick666 joins the table at seat #5 
p0pa4poker: calls $2
*** FLOP *** [Js Th 7d]
BumHuntKing: bets $1.43
p0pa4poker: calls $1.43
*** TURN *** [Js Th 7d] [6c]
BumHuntKing: checks 
p0pa4poker: checks 
*** RIVER *** [Js Th 7d 6c] [Qh]
BumHuntKing: bets $95.57 and is all-in
p0pa4poker: folds 
Uncalled bet ($95.57) returned to BumHuntKing
BumHuntKing collected $8.42 from pot
BumHuntKing: doesn't show hand 
*** SUMMARY ***
Total pot $8.86 | Rake $0.44 
Board [Js Th 7d 6c Qh]
Seat 5: Sadyhov V.V.
Seat 1: mr.Jckpot folded before Flop (didn't bet)
Seat 2: Joker007r folded before Flop (didn't bet)
Seat 3: UnRRRReal (button) folded before Flop (didn't bet)
Seat 4: BumHuntKing (small blind) collected ($8.42)
Seat 6: p0pa4poker (big blind) folded on the River



PokerStars Hand #254506680277:  Hold'em No Limit ($0.50/$1.00 USD) - 2025/01/22 22:08:08 WET [2025/01/22 17:08:08 ET]
Table 'Niobe IV' 6-max Seat #4 is the button
Seat 1: mr.Jckpot ($182.54 in chips) is sitting out
Seat 2: Joker007r ($100 in chips) is sitting out
Seat 5: Mr_Dick666 ($100 in chips) is sitting out
Seat 3: UnRRRReal ($102 in chips) 
Seat 4: BumHuntKing ($103.99 in chips) 
Seat 6: p0pa4poker ($171.57 in chips) 
p0pa4poker: posts small blind $0.50
mr.Jckpot: is sitting out 
Joker007r: is sitting out 
UnRRRReal: posts big blind $1
*** HOLE CARDS ***
mr.Jckpot leaves the table
Joker007r leaves the table
BumHuntKing: raises $1.50 to $2.50
p0pa4poker: folds 
UnRRRReal: folds 
Uncalled bet ($1.50) returned to BumHuntKing
BumHuntKing collected $2.50 from pot
BumHuntKing: doesn't show hand 
*** SUMMARY ***
Total pot $2.50 | Rake $0 
Seat 1: mr.Jckpot
Seat 2: Joker007r
Seat 5: Mr_Dick666
Seat 3: UnRRRReal (big blind) folded before Flop
Seat 4: BumHuntKing (button) collected ($2.50)
Seat 6: p0pa4poker (small blind) folded before Flop



PokerStars Hand #254506684207:  Hold'em No Limit ($0.50/$1.00 USD) - 2025/01/22 22:08:21 WET [2025/01/22 17:08:21 ET]
Table 'Niobe IV' 6-max Seat #6 is the button
Seat 5: Mr_Dick666 ($100 in chips) is sitting out
Seat 3: UnRRRReal ($101 in chips) 
Seat 4: BumHuntKing ($105.49 in chips) 
Seat 6: p0pa4poker ($171.07 in chips) 
UnRRRReal: posts small blind $0.50
BumHuntKing: posts big blind $1
Mr_Dick666: sits out 
*** HOLE CARDS ***
p0pa4poker: raises $1.50 to $2.50
UnRRRReal: folds 
BumHuntKing: folds 
Uncalled bet ($1.50) returned to p0pa4poker
p0pa4poker collected $2.50 from pot
p0pa4poker: doesn't show hand 
tukeiron joins the table at seat #2 
*** SUMMARY ***
Total pot $2.50 | Rake $0 
Seat 5: Mr_Dick666
Seat 3: UnRRRReal (small blind) folded before Flop
Seat 4: BumHuntKing (big blind) folded before Flop
Seat 6: p0pa4poker (button) collected ($2.50)



PokerStars Hand #254506687305:  Hold'em No Limit ($0.50/$1.00 USD) - 2025/01/22 22:08:32 WET [2025/01/22 17:08:32 ET]
Table 'Niobe IV' 6-max Seat #3 is the button
Seat 2: tukeiron ($100 in chips) is sitting out
Seat 3: UnRRRReal ($100.50 in chips) 
Seat 4: BumHuntKing ($104.49 in chips) 
Seat 5: Mr_Dick666 ($100 in chips) 
Seat 6: p0pa4poker ($172.57 in chips) 
BumHuntKing: posts small blind $0.50
Mr_Dick666: posts big blind $1
tukeiron: sits out 
*** HOLE CARDS ***
p0pa4poker: raises $1.30 to $2.30
UnRRRReal: folds 
BumHuntKing: folds 
Mr_Dick666: calls $1.30
*** FLOP *** [Kd Kh Td]
Mr_Dick666: checks 
p0pa4poker: bets $1.60
Mr_Dick666: raises $8.90 to $10.50
p0pa4poker: calls $8.90
*** TURN *** [Kd Kh Td] [7c]
Mr_Dick666: checks 
p0pa4poker: bets $12.55
Mr_Dick666: folds 
Uncalled bet ($12.55) returned to p0pa4poker
Mr_Dick666 leaves the table
p0pa4poker collected $25.10 from pot
p0pa4poker: doesn't show hand 
*** SUMMARY ***
Total pot $26.10 | Rake $1 
Board [Kd Kh Td 7c]
Seat 2: tukeiron
Seat 3: UnRRRReal (button) folded before Flop (didn't bet)
Seat 4: BumHuntKing (small blind) folded before Flop
Seat 5: Mr_Dick666 (big blind) folded on the Turn
Seat 6: p0pa4poker collected ($25.10)



PokerStars Hand #254506700803:  Hold'em No Limit ($0.50/$1.00 USD) - 2025/01/22 22:09:19 WET [2025/01/22 17:09:19 ET]
Table 'Niobe IV' 6-max Seat #4 is the button
Seat 2: tukeiron ($100 in chips) 
Seat 3: UnRRRReal ($100.50 in chips) 
Seat 4: BumHuntKing ($103.99 in chips) 
Seat 6: p0pa4poker ($184.87 in chips) 
p0pa4poker: posts small blind $0.50
tukeiron: posts big blind $1
*** HOLE CARDS ***
UnRRRReal: raises $1.50 to $2.50
BumHuntKing: folds 
p0pa4poker: folds 
tukeiron: calls $1.50
*** FLOP *** [As 2s 5h]
raiseinthedarkk joins the table at seat #5 
tukeiron: checks 
vadjkeee joins the table at seat #1 
UnRRRReal: bets $1.72
tukeiron: calls $1.72
*** TURN *** [As 2s 5h] [8d]
tukeiron: checks 
UnRRRReal: bets $6.37
tukeiron: calls $6.37
*** RIVER *** [As 2s 5h 8d] [Ks]
tukeiron: checks 
UnRRRReal: checks 
*** SHOW DOWN ***
tukeiron: shows [7c Ac] (a pair of Aces)
UnRRRReal: mucks hand 
tukeiron collected $20.68 from pot
*** SUMMARY ***
Total pot $21.68 | Rake $1 
Board [As 2s 5h 8d Ks]
Seat 2: tukeiron (big blind) showed [7c Ac] and won ($20.68) with a pair of Aces
Seat 3: UnRRRReal mucked
Seat 4: BumHuntKing (button) folded before Flop (didn't bet)
Seat 6: p0pa4poker (small blind) folded before Flop



PokerStars Hand #254506717881:  Hold'em No Limit ($0.50/$1.00 USD) - 2025/01/22 22:10:19 WET [2025/01/22 17:10:19 ET]
Table 'Niobe IV' 6-max Seat #6 is the button
Seat 1: vadjkeee ($100 in chips) is sitting out
Seat 5: raiseinthedarkk ($100 in chips) is sitting out
Seat 2: tukeiron ($110.09 in chips) 
Seat 3: UnRRRReal ($100 in chips) 
Seat 4: BumHuntKing ($103.99 in chips) 
Seat 6: p0pa4poker ($184.37 in chips) 
tukeiron: posts small blind $0.50
UnRRRReal: posts big blind $1
raiseinthedarkk: sits out 
*** HOLE CARDS ***
BumHuntKing: folds 
p0pa4poker: raises $1.50 to $2.50
tukeiron: raises $9 to $11.50
UnRRRReal: folds 
p0pa4poker: folds 
Uncalled bet ($9) returned to tukeiron
UnRRRReal leaves the table
tukeiron collected $6 from pot
*** SUMMARY ***
Total pot $6 | Rake $0 
Seat 1: vadjkeee
Seat 5: raiseinthedarkk
Seat 2: tukeiron (small blind) collected ($6)
Seat 3: UnRRRReal (big blind) folded before Flop
Seat 4: BumHuntKing folded before Flop (didn't bet)
Seat 6: p0pa4poker (button) folded before Flop



PokerStars Hand #254506727071:  Hold'em No Limit ($0.50/$1.00 USD) - 2025/01/22 22:10:52 WET [2025/01/22 17:10:52 ET]
Table 'Niobe IV' 6-max Seat #2 is the button
Seat 1: vadjkeee ($100 in chips) is sitting out
Seat 2: tukeiron ($113.59 in chips) 
Seat 4: BumHuntKing ($103.99 in chips) 
Seat 5: raiseinthedarkk ($100 in chips) 
Seat 6: p0pa4poker ($181.87 in chips) 
BumHuntKing: posts small blind $0.50
raiseinthedarkk: posts big blind $1
vadjkeee: sits out 
*** HOLE CARDS ***
p0pa4poker: folds 
tukeiron: folds 
BumHuntKing: folds 
Uncalled bet ($0.50) returned to raiseinthedarkk
raiseinthedarkk collected $1 from pot
raiseinthedarkk: doesn't show hand 
*** SUMMARY ***
Total pot $1 | Rake $0 
Seat 1: vadjkeee
Seat 2: tukeiron (button) folded before Flop (didn't bet)
Seat 4: BumHuntKing (small blind) folded before Flop
Seat 5: raiseinthedarkk (big blind) collected ($1)
Seat 6: p0pa4poker folded before Flop (didn't bet)



PokerStars Hand #254506732553:  Hold'em No Limit ($0.50/$1.00 USD) - 2025/01/22 22:11:11 WET [2025/01/22 17:11:11 ET]
Table 'Niobe IV' 6-max Seat #4 is the button
Seat 1: vadjkeee ($100 in chips) is sitting out
Seat 2: tukeiron ($113.59 in chips) 
Seat 4: BumHuntKing ($103.49 in chips) 
Seat 5: raiseinthedarkk ($100.50 in chips) 
Seat 6: p0pa4poker ($181.87 in chips) 
raiseinthedarkk: posts small blind $0.50
p0pa4poker: posts big blind $1
vadjkeee: sits out 
*** HOLE CARDS ***
tukeiron: raises $1.50 to $2.50
BumHuntKing: folds 
raiseinthedarkk: folds 
p0pa4poker: folds 
Uncalled bet ($1.50) returned to tukeiron
tukeiron collected $2.50 from pot
*** SUMMARY ***
Total pot $2.50 | Rake $0 
Seat 1: vadjkeee
Seat 2: tukeiron collected ($2.50)
Seat 4: BumHuntKing (button) folded before Flop (didn't bet)
Seat 5: raiseinthedarkk (small blind) folded before Flop
Seat 6: p0pa4poker (big blind) folded before Flop



PokerStars Hand #254506735796:  Hold'em No Limit ($0.50/$1.00 USD) - 2025/01/22 22:11:22 WET [2025/01/22 17:11:22 ET]
Table 'Niobe IV' 6-max Seat #5 is the button
Seat 1: vadjkeee ($100 in chips) 
Seat 2: tukeiron ($115.09 in chips) 
Seat 4: BumHuntKing ($103.49 in chips) 
Seat 5: raiseinthedarkk ($100 in chips) 
Seat 6: p0pa4poker ($180.87 in chips) 
p0pa4poker: posts small blind $0.50
vadjkeee: posts big blind $1
*** HOLE CARDS ***
tukeiron: folds 
tukeiron leaves the table
BumHuntKing: raises $1.20 to $2.20
raiseinthedarkk: raises $4.80 to $7
p0pa4poker: folds 
vadjkeee: folds 
BumHuntKing: raises $12 to $19
raiseinthedarkk: raises $81 to $100 and is all-in
BumHuntKing: folds 
Uncalled bet ($81) returned to raiseinthedarkk
raiseinthedarkk collected $39.50 from pot
raiseinthedarkk: doesn't show hand 
Stickinnes88 joins the table at seat #2 
*** SUMMARY ***
Total pot $39.50 | Rake $0 
Seat 1: vadjkeee (big blind) folded before Flop
Seat 2: tukeiron folded before Flop (didn't bet)
Seat 4: BumHuntKing folded before Flop
Seat 5: raiseinthedarkk (button) collected ($39.50)
Seat 6: p0pa4poker (small blind) folded before Flop



PokerStars Hand #254506750237:  Hold'em No Limit ($0.50/$1.00 USD) - 2025/01/22 22:12:13 WET [2025/01/22 17:12:13 ET]
Table 'Niobe IV' 6-max Seat #6 is the button
Seat 1: vadjkeee ($100 in chips) 
Seat 2: Stickinnes88 ($100 in chips) 
Seat 4: BumHuntKing ($100 in chips) 
Seat 5: raiseinthedarkk ($120.50 in chips) 
Seat 6: p0pa4poker ($180.37 in chips) 
vadjkeee: posts small blind $0.50
Stickinnes88: posts big blind $1
*** HOLE CARDS ***
BumHuntKing: folds 
raiseinthedarkk: folds 
Manifestorr joins the table at seat #3 
p0pa4poker: raises $1.50 to $2.50
vadjkeee: raises $9.50 to $12
Stickinnes88: folds 
p0pa4poker: folds 
Uncalled bet ($9.50) returned to vadjkeee
vadjkeee collected $6 from pot
vadjkeee: doesn't show hand 
Stickinnes88 leaves the table
*** SUMMARY ***
Total pot $6 | Rake $0 
Seat 1: vadjkeee (small blind) collected ($6)
Seat 2: Stickinnes88 (big blind) folded before Flop
Seat 4: BumHuntKing folded before Flop (didn't bet)
Seat 5: raiseinthedarkk folded before Flop (didn't bet)
Seat 6: p0pa4poker (button) folded before Flop



PokerStars Hand #254506756392:  Hold'em No Limit ($0.50/$1.00 USD) - 2025/01/22 22:12:35 WET [2025/01/22 17:12:35 ET]
Table 'Niobe IV' 6-max Seat #1 is the button
Seat 3: Manifestorr ($103.02 in chips) is sitting out
Seat 1: vadjkeee ($103.50 in chips) 
Seat 4: BumHuntKing ($100 in chips) 
Seat 5: raiseinthedarkk ($120.50 in chips) 
Seat 6: p0pa4poker ($177.87 in chips) 
BumHuntKing: posts small blind $0.50
raiseinthedarkk: posts big blind $1
*** HOLE CARDS ***
p0pa4poker: folds 
vadjkeee: raises $1.50 to $2.50
BumHuntKing: folds 
raiseinthedarkk: raises $10 to $12.50
vadjkeee: calls $10
*** FLOP *** [Qh 5s 7d]
raiseinthedarkk: bets $12.50
vadjkeee: calls $12.50
*** TURN *** [Qh 5s 7d] [8c]
raiseinthedarkk has timed out
raiseinthedarkk: checks 
vadjkeee: bets $26
raiseinthedarkk: folds 
Uncalled bet ($26) returned to vadjkeee
vadjkeee collected $49.50 from pot
vadjkeee: doesn't show hand 
*** SUMMARY ***
Total pot $50.50 | Rake $1 
Board [Qh 5s 7d 8c]
Seat 3: Manifestorr
Seat 1: vadjkeee (button) collected ($49.50)
Seat 4: BumHuntKing (small blind) folded before Flop
Seat 5: raiseinthedarkk (big blind) folded on the Turn
Seat 6: p0pa4poker folded before Flop (didn't bet)



PokerStars Hand #254506779913:  Hold'em No Limit ($0.50/$1.00 USD) - 2025/01/22 22:13:58 WET [2025/01/22 17:13:58 ET]
Table 'Niobe IV' 6-max Seat #4 is the button
Seat 3: Manifestorr ($103.02 in chips) is sitting out
Seat 1: vadjkeee ($128 in chips) 
Seat 4: BumHuntKing ($100 in chips) 
Seat 5: raiseinthedarkk ($100 in chips) 
Seat 6: p0pa4poker ($177.87 in chips) 
raiseinthedarkk: posts small blind $0.50
p0pa4poker: posts big blind $1
Manifestorr: sits out 
*** HOLE CARDS ***
vadjkeee: folds 
BumHuntKing: folds 
vadjkeee leaves the table
Calabazaking joins the table at seat #2 
raiseinthedarkk: folds 
Uncalled bet ($0.50) returned to p0pa4poker
p0pa4poker collected $1 from pot
p0pa4poker: doesn't show hand 
*** SUMMARY ***
Total pot $1 | Rake $0 
Seat 3: Manifestorr
Seat 1: vadjkeee folded before Flop (didn't bet)
Seat 4: BumHuntKing (button) folded before Flop (didn't bet)
Seat 5: raiseinthedarkk (small blind) folded before Flop
Seat 6: p0pa4poker (big blind) collected ($1)



PokerStars Hand #254506783297:  Hold'em No Limit ($0.50/$1.00 USD) - 2025/01/22 22:14:10 WET [2025/01/22 17:14:10 ET]
Table 'Niobe IV' 6-max Seat #5 is the button
Seat 3: Manifestorr ($103.02 in chips) is sitting out
Seat 2: Calabazaking ($100 in chips) 
Seat 4: BumHuntKing ($100 in chips) 
Seat 5: raiseinthedarkk ($100 in chips) 
Seat 6: p0pa4poker ($178.37 in chips) 
p0pa4poker: posts small blind $0.50
Calabazaking: posts big blind $1
Manifestorr: sits out 
*** HOLE CARDS ***
BumHuntKing: raises $1.20 to $2.20
raiseinthedarkk: folds 
p0pa4poker: raises $9.30 to $11.50
Calabazaking: folds 
BumHuntKing: folds 
Uncalled bet ($9.30) returned to p0pa4poker
p0pa4poker collected $5.40 from pot
p0pa4poker: doesn't show hand 
*** SUMMARY ***
Total pot $5.40 | Rake $0 
Seat 3: Manifestorr
Seat 2: Calabazaking (big blind) folded before Flop
Seat 4: BumHuntKing folded before Flop
Seat 5: raiseinthedarkk (button) folded before Flop (didn't bet)
Seat 6: p0pa4poker (small blind) collected ($5.40)



PokerStars Hand #254506791246:  Hold'em No Limit ($0.50/$1.00 USD) - 2025/01/22 22:14:38 WET [2025/01/22 17:14:38 ET]
Table 'Niobe IV' 6-max Seat #6 is the button
Seat 2: Calabazaking ($100 in chips) 
Seat 3: Manifestorr ($103.02 in chips) 
Seat 4: BumHuntKing ($100 in chips) 
Seat 5: raiseinthedarkk ($100 in chips) 
Seat 6: p0pa4poker ($181.57 in chips) 
Calabazaking: posts small blind $0.50
Manifestorr: posts big blind $1
*** HOLE CARDS ***
BumHuntKing: folds 
raiseinthedarkk: folds 
vezis3 joins the table at seat #1 
p0pa4poker: folds 
Calabazaking: folds 
Uncalled bet ($0.50) returned to Manifestorr
Manifestorr collected $1 from pot
*** SUMMARY ***
Total pot $1 | Rake $0 
Seat 2: Calabazaking (small blind) folded before Flop
Seat 3: Manifestorr (big blind) collected ($1)
Seat 4: BumHuntKing folded before Flop (didn't bet)
Seat 5: raiseinthedarkk folded before Flop (didn't bet)
Seat 6: p0pa4poker (button) folded before Flop (didn't bet)



PokerStars Hand #254506795992:  Hold'em No Limit ($0.50/$1.00 USD) - 2025/01/22 22:14:55 WET [2025/01/22 17:14:55 ET]
Table 'Niobe IV' 6-max Seat #2 is the button
Seat 1: vezis3 ($100 in chips) is sitting out
Seat 2: Calabazaking ($100 in chips) 
Seat 3: Manifestorr ($103.52 in chips) 
Seat 4: BumHuntKing ($100 in chips) 
Seat 5: raiseinthedarkk ($100 in chips) 
Seat 6: p0pa4poker ($181.57 in chips) 
Manifestorr: posts small blind $0.50
BumHuntKing: posts big blind $1
vezis3: sits out 
*** HOLE CARDS ***
raiseinthedarkk: raises $1.20 to $2.20
p0pa4poker: folds 
Calabazaking: folds 
Manifestorr: folds 
BumHuntKing: calls $1.20
*** FLOP *** [7c 8s Ad]
BumHuntKing: checks 
raiseinthedarkk: bets $3.08
BumHuntKing: calls $3.08
*** TURN *** [7c 8s Ad] [3d]
BumHuntKing: checks 
raiseinthedarkk: bets $18.50
BumHuntKing: folds 
Uncalled bet ($18.50) returned to raiseinthedarkk
raiseinthedarkk collected $10.51 from pot
raiseinthedarkk: doesn't show hand 
*** SUMMARY ***
Total pot $11.06 | Rake $0.55 
Board [7c 8s Ad 3d]
Seat 1: vezis3
Seat 2: Calabazaking (button) folded before Flop (didn't bet)
Seat 3: Manifestorr (small blind) folded before Flop
Seat 4: BumHuntKing (big blind) folded on the Turn
Seat 5: raiseinthedarkk collected ($10.51)
Seat 6: p0pa4poker folded before Flop (didn't bet)



PokerStars Hand #254506810352:  Hold'em No Limit ($0.50/$1.00 USD) - 2025/01/22 22:15:45 WET [2025/01/22 17:15:45 ET]
Table 'Niobe IV' 6-max Seat #3 is the button
Seat 1: vezis3 ($100 in chips) is sitting out
Seat 2: Calabazaking ($100 in chips) 
Seat 3: Manifestorr ($103.02 in chips) 
Seat 4: BumHuntKing ($100 in chips) 
Seat 5: raiseinthedarkk ($105.23 in chips) 
Seat 6: p0pa4poker ($181.57 in chips) 
BumHuntKing: posts small blind $0.50
raiseinthedarkk: posts big blind $1
vezis3: sits out 
*** HOLE CARDS ***
p0pa4poker: folds 
Calabazaking: raises $1.50 to $2.50
Manifestorr: folds 
BumHuntKing: folds 
raiseinthedarkk: folds 
Uncalled bet ($1.50) returned to Calabazaking
Calabazaking collected $2.50 from pot
*** SUMMARY ***
Total pot $2.50 | Rake $0 
Seat 1: vezis3
Seat 2: Calabazaking collected ($2.50)
Seat 3: Manifestorr (button) folded before Flop (didn't bet)
Seat 4: BumHuntKing (small blind) folded before Flop
Seat 5: raiseinthedarkk (big blind) folded before Flop
Seat 6: p0pa4poker folded before Flop (didn't bet)



PokerStars Hand #254506816190:  Hold'em No Limit ($0.50/$1.00 USD) - 2025/01/22 22:16:06 WET [2025/01/22 17:16:06 ET]
Table 'Niobe IV' 6-max Seat #4 is the button
Seat 1: vezis3 ($100 in chips) is sitting out
Seat 2: Calabazaking ($101.50 in chips) 
Seat 3: Manifestorr ($103.02 in chips) 
Seat 4: BumHuntKing ($100 in chips) 
Seat 5: raiseinthedarkk ($104.23 in chips) 
Seat 6: p0pa4poker ($181.57 in chips) 
raiseinthedarkk: posts small blind $0.50
p0pa4poker: posts big blind $1
vezis3: sits out 
*** HOLE CARDS ***
Calabazaking: folds 
Manifestorr: raises $1.20 to $2.20
BumHuntKing: folds 
raiseinthedarkk: raises $8.80 to $11
p0pa4poker: folds 
Manifestorr: raises $12 to $23
raiseinthedarkk: calls $12
*** FLOP *** [Kc Jd 9d]
raiseinthedarkk: checks 
Manifestorr: bets $15.23
raiseinthedarkk: folds 
Uncalled bet ($15.23) returned to Manifestorr
Manifestorr collected $44.65 from pot
*** SUMMARY ***
Total pot $47 | Rake $2.35 
Board [Kc Jd 9d]
Seat 1: vezis3
Seat 2: Calabazaking folded before Flop (didn't bet)
Seat 3: Manifestorr collected ($44.65)
Seat 4: BumHuntKing (button) folded before Flop (didn't bet)
Seat 5: raiseinthedarkk (small blind) folded on the Flop
Seat 6: p0pa4poker (big blind) folded before Flop



PokerStars Hand #254506828974:  Hold'em No Limit ($0.50/$1.00 USD) - 2025/01/22 22:16:51 WET [2025/01/22 17:16:51 ET]
Table 'Niobe IV' 6-max Seat #5 is the button
Seat 1: vezis3 ($100 in chips) 
Seat 2: Calabazaking ($101.50 in chips) 
Seat 3: Manifestorr ($124.67 in chips) 
Seat 4: BumHuntKing ($100 in chips) 
Seat 5: raiseinthedarkk ($100 in chips) 
Seat 6: p0pa4poker ($180.57 in chips) 
p0pa4poker: posts small blind $0.50
vezis3: posts big blind $1
*** HOLE CARDS ***
Calabazaking: folds 
Manifestorr: folds 
BumHuntKing: raises $1.20 to $2.20
raiseinthedarkk: folds 
p0pa4poker: folds 
vezis3: folds 
Uncalled bet ($1.20) returned to BumHuntKing
BumHuntKing collected $2.50 from pot
BumHuntKing: doesn't show hand 
*** SUMMARY ***
Total pot $2.50 | Rake $0 
Seat 1: vezis3 (big blind) folded before Flop
Seat 2: Calabazaking folded before Flop (didn't bet)
Seat 3: Manifestorr folded before Flop (didn't bet)
Seat 4: BumHuntKing collected ($2.50)
Seat 5: raiseinthedarkk (button) folded before Flop (didn't bet)
Seat 6: p0pa4poker (small blind) folded before Flop



PokerStars Hand #254506833853:  Hold'em No Limit ($0.50/$1.00 USD) - 2025/01/22 22:17:08 WET [2025/01/22 17:17:08 ET]
Table 'Niobe IV' 6-max Seat #6 is the button
Seat 1: vezis3 ($100 in chips) 
Seat 2: Calabazaking ($101.50 in chips) 
Seat 3: Manifestorr ($124.67 in chips) 
Seat 4: BumHuntKing ($101.50 in chips) 
Seat 5: raiseinthedarkk ($100 in chips) 
Seat 6: p0pa4poker ($180.07 in chips) 
vezis3: posts small blind $0.50
Calabazaking: posts big blind $1
*** HOLE CARDS ***
Manifestorr: folds 
BumHuntKing: folds 
raiseinthedarkk: folds 
p0pa4poker: folds 
vezis3: folds 
Uncalled bet ($0.50) returned to Calabazaking
Calabazaking collected $1 from pot
*** SUMMARY ***
Total pot $1 | Rake $0 
Seat 1: vezis3 (small blind) folded before Flop
Seat 2: Calabazaking (big blind) collected ($1)
Seat 3: Manifestorr folded before Flop (didn't bet)
Seat 4: BumHuntKing folded before Flop (didn't bet)
Seat 5: raiseinthedarkk folded before Flop (didn't bet)
Seat 6: p0pa4poker (button) folded before Flop (didn't bet)



PokerStars Hand #254506840741:  Hold'em No Limit ($0.50/$1.00 USD) - 2025/01/22 22:17:32 WET [2025/01/22 17:17:32 ET]
Table 'Niobe IV' 6-max Seat #1 is the button
Seat 3: Manifestorr ($124.67 in chips) is sitting out
Seat 1: vezis3 ($100 in chips) 
Seat 2: Calabazaking ($102 in chips) 
Seat 4: BumHuntKing ($101.50 in chips) 
Seat 5: raiseinthedarkk ($100 in chips) 
Seat 6: p0pa4poker ($180.07 in chips) 
Calabazaking: posts small blind $0.50
Manifestorr: is sitting out 
BumHuntKing: posts big blind $1
*** HOLE CARDS ***
Manifestorr leaves the table
raiseinthedarkk: folds 
p0pa4poker: folds 
vezis3: folds 
Calabazaking: raises $2 to $3
BumHuntKing: folds 
Uncalled bet ($2) returned to Calabazaking
Calabazaking collected $2 from pot
*** SUMMARY ***
Total pot $2 | Rake $0 
Seat 3: Manifestorr
Seat 1: vezis3 (button) folded before Flop (didn't bet)
Seat 2: Calabazaking (small blind) collected ($2)
Seat 4: BumHuntKing (big blind) folded before Flop
Seat 5: raiseinthedarkk folded before Flop (didn't bet)
Seat 6: p0pa4poker folded before Flop (didn't bet)



PokerStars Hand #254506845823:  Hold'em No Limit ($0.50/$1.00 USD) - 2025/01/22 22:17:50 WET [2025/01/22 17:17:50 ET]
Table 'Niobe IV' 6-max Seat #2 is the button
Seat 1: vezis3 ($100 in chips) 
Seat 2: Calabazaking ($103 in chips) 
Seat 4: BumHuntKing ($100.50 in chips) 
Seat 5: raiseinthedarkk ($100 in chips) 
Seat 6: p0pa4poker ($180.07 in chips) 
BumHuntKing: posts small blind $0.50
raiseinthedarkk: posts big blind $1
*** HOLE CARDS ***
p0pa4poker: folds 
vezis3: folds 
Calabazaking: raises $1.50 to $2.50
BumHuntKing: folds 
raiseinthedarkk: folds 
Uncalled bet ($1.50) returned to Calabazaking
Calabazaking collected $2.50 from pot
*** SUMMARY ***
Total pot $2.50 | Rake $0 
Seat 1: vezis3 folded before Flop (didn't bet)
Seat 2: Calabazaking (button) collected ($2.50)
Seat 4: BumHuntKing (small blind) folded before Flop
Seat 5: raiseinthedarkk (big blind) folded before Flop
Seat 6: p0pa4poker folded before Flop (didn't bet)



PokerStars Hand #254506853308:  Hold'em No Limit ($0.50/$1.00 USD) - 2025/01/22 22:18:17 WET [2025/01/22 17:18:17 ET]
Table 'Niobe IV' 6-max Seat #4 is the button
Seat 1: vezis3 ($100 in chips) 
Seat 2: Calabazaking ($104.50 in chips) 
Seat 4: BumHuntKing ($100 in chips) 
Seat 5: raiseinthedarkk ($100 in chips) 
Seat 6: p0pa4poker ($180.07 in chips) 
raiseinthedarkk: posts small blind $0.50
p0pa4poker: posts big blind $1
*** HOLE CARDS ***
vezis3: folds 
Calabazaking: folds 
BumHuntKing: folds 
raiseinthedarkk: folds 
Uncalled bet ($0.50) returned to p0pa4poker
p0pa4poker collected $1 from pot
p0pa4poker: doesn't show hand 
*** SUMMARY ***
Total pot $1 | Rake $0 
Seat 1: vezis3 folded before Flop (didn't bet)
Seat 2: Calabazaking folded before Flop (didn't bet)
Seat 4: BumHuntKing (button) folded before Flop (didn't bet)
Seat 5: raiseinthedarkk (small blind) folded before Flop
Seat 6: p0pa4poker (big blind) collected ($1)



PokerStars Hand #254506858393:  Hold'em No Limit ($0.50/$1.00 USD) - 2025/01/22 22:18:35 WET [2025/01/22 17:18:35 ET]
Table 'Niobe IV' 6-max Seat #5 is the button
Seat 1: vezis3 ($100 in chips) 
Seat 2: Calabazaking ($104.50 in chips) 
Seat 4: BumHuntKing ($100 in chips) 
Seat 5: raiseinthedarkk ($100 in chips) 
Seat 6: p0pa4poker ($180.57 in chips) 
p0pa4poker: posts small blind $0.50
vezis3: posts big blind $1
*** HOLE CARDS ***
Calabazaking: folds 
BumHuntKing: raises $1.20 to $2.20
raiseinthedarkk: raises $4.80 to $7
p0pa4poker: folds 
vezis3: folds 
BumHuntKing: raises $12 to $19
raiseinthedarkk: calls $12
*** FLOP *** [Ad Qd 2c]
BumHuntKing: bets $9.38
raiseinthedarkk: folds 
Uncalled bet ($9.38) returned to BumHuntKing
BumHuntKing collected $37.52 from pot
BumHuntKing: doesn't show hand 
*** SUMMARY ***
Total pot $39.50 | Rake $1.98 
Board [Ad Qd 2c]
Seat 1: vezis3 (big blind) folded before Flop
Seat 2: Calabazaking folded before Flop (didn't bet)
Seat 4: BumHuntKing collected ($37.52)
Seat 5: raiseinthedarkk (button) folded on the Flop
Seat 6: p0pa4poker (small blind) folded before Flop



PokerStars Hand #254506869445:  Hold'em No Limit ($0.50/$1.00 USD) - 2025/01/22 22:19:14 WET [2025/01/22 17:19:14 ET]
Table 'Niobe IV' 6-max Seat #6 is the button
Seat 1: vezis3 ($100 in chips) 
Seat 2: Calabazaking ($104.50 in chips) 
Seat 4: BumHuntKing ($118.52 in chips) 
Seat 5: raiseinthedarkk ($100 in chips) 
Seat 6: p0pa4poker ($180.07 in chips) 
vezis3: posts small blind $0.50
Calabazaking: posts big blind $1
*** HOLE CARDS ***
BumHuntKing: folds 
raiseinthedarkk: folds 
p0pa4poker: raises $1.50 to $2.50
vezis3: folds 
Calabazaking: raises $9 to $11.50
p0pa4poker: calls $9
*** FLOP *** [7s 9c Th]
Calabazaking: bets $7.37
p0pa4poker: raises $12.23 to $19.60
Calabazaking: calls $12.23
*** TURN *** [7s 9c Th] [Kd]
Calabazaking: checks 
p0pa4poker: bets $28.10
Calabazaking: calls $28.10
*** RIVER *** [7s 9c Th Kd] [Kh]
Calabazaking: checks 
p0pa4poker: checks 
*** SHOW DOWN ***
Calabazaking: shows [Ad Js] (a pair of Kings)
p0pa4poker: shows [Ah Jd] (a pair of Kings)
Calabazaking collected $58.20 from pot
p0pa4poker collected $58.20 from pot
*** SUMMARY ***
Total pot $118.90 | Rake $2.50 
Board [7s 9c Th Kd Kh]
Seat 1: vezis3 (small blind) folded before Flop
Seat 2: Calabazaking (big blind) showed [Ad Js] and won ($58.20) with a pair of Kings
Seat 4: BumHuntKing folded before Flop (didn't bet)
Seat 5: raiseinthedarkk folded before Flop (didn't bet)
Seat 6: p0pa4poker (button) showed [Ah Jd] and won ($58.20) with a pair of Kings



PokerStars Hand #254506895089:  Hold'em No Limit ($0.50/$1.00 USD) - 2025/01/22 22:20:46 WET [2025/01/22 17:20:46 ET]
Table 'Niobe IV' 6-max Seat #1 is the button
Seat 1: vezis3 ($100 in chips) 
Seat 2: Calabazaking ($103.50 in chips) 
Seat 4: BumHuntKing ($118.52 in chips) 
Seat 5: raiseinthedarkk ($100 in chips) 
Seat 6: p0pa4poker ($179.07 in chips) 
Calabazaking: posts small blind $0.50
BumHuntKing: posts big blind $1
*** HOLE CARDS ***
raiseinthedarkk: raises $1.20 to $2.20
p0pa4poker: folds 
vezis3: folds 
Calabazaking: folds 
BumHuntKing: folds 
Uncalled bet ($1.20) returned to raiseinthedarkk
raiseinthedarkk collected $2.50 from pot
raiseinthedarkk: doesn't show hand 
*** SUMMARY ***
Total pot $2.50 | Rake $0 
Seat 1: vezis3 (button) folded before Flop (didn't bet)
Seat 2: Calabazaking (small blind) folded before Flop
Seat 4: BumHuntKing (big blind) folded before Flop
Seat 5: raiseinthedarkk collected ($2.50)
Seat 6: p0pa4poker folded before Flop (didn't bet)



PokerStars Hand #254506898506:  Hold'em No Limit ($0.50/$1.00 USD) - 2025/01/22 22:20:59 WET [2025/01/22 17:20:59 ET]
Table 'Niobe IV' 6-max Seat #2 is the button
Seat 1: vezis3 ($100 in chips) 
Seat 2: Calabazaking ($103 in chips) 
Seat 4: BumHuntKing ($117.52 in chips) 
Seat 5: raiseinthedarkk ($101.50 in chips) 
Seat 6: p0pa4poker ($179.07 in chips) 
BumHuntKing: posts small blind $0.50
raiseinthedarkk: posts big blind $1
*** HOLE CARDS ***
p0pa4poker: folds 
vezis3: folds 
Calabazaking: folds 
BumHuntKing: folds 
Uncalled bet ($0.50) returned to raiseinthedarkk
raiseinthedarkk collected $1 from pot
raiseinthedarkk: doesn't show hand 
*** SUMMARY ***
Total pot $1 | Rake $0 
Seat 1: vezis3 folded before Flop (didn't bet)
Seat 2: Calabazaking (button) folded before Flop (didn't bet)
Seat 4: BumHuntKing (small blind) folded before Flop
Seat 5: raiseinthedarkk (big blind) collected ($1)
Seat 6: p0pa4poker folded before Flop (didn't bet)



PokerStars Hand #254506901191:  Hold'em No Limit ($0.50/$1.00 USD) - 2025/01/22 22:21:08 WET [2025/01/22 17:21:08 ET]
Table 'Niobe IV' 6-max Seat #4 is the button
Seat 1: vezis3 ($100 in chips) 
Seat 2: Calabazaking ($103 in chips) 
Seat 4: BumHuntKing ($117.02 in chips) 
Seat 5: raiseinthedarkk ($102 in chips) 
Seat 6: p0pa4poker ($179.07 in chips) 
raiseinthedarkk: posts small blind $0.50
p0pa4poker: posts big blind $1
*** HOLE CARDS ***
vezis3: folds 
Calabazaking: folds 
BumHuntKing: raises $1.50 to $2.50
raiseinthedarkk: folds 
p0pa4poker: folds 
Uncalled bet ($1.50) returned to BumHuntKing
BumHuntKing collected $2.50 from pot
BumHuntKing: doesn't show hand 
*** SUMMARY ***
Total pot $2.50 | Rake $0 
Seat 1: vezis3 folded before Flop (didn't bet)
Seat 2: Calabazaking folded before Flop (didn't bet)
Seat 4: BumHuntKing (button) collected ($2.50)
Seat 5: raiseinthedarkk (small blind) folded before Flop
Seat 6: p0pa4poker (big blind) folded before Flop



PokerStars Hand #254506904687:  Hold'em No Limit ($0.50/$1.00 USD) - 2025/01/22 22:21:21 WET [2025/01/22 17:21:21 ET]
Table 'Niobe IV' 6-max Seat #5 is the button
Seat 1: vezis3 ($100 in chips) 
Seat 2: Calabazaking ($103 in chips) 
Seat 4: BumHuntKing ($118.52 in chips) 
Seat 5: raiseinthedarkk ($101.50 in chips) 
Seat 6: p0pa4poker ($178.07 in chips) 
p0pa4poker: posts small blind $0.50
vezis3: posts big blind $1
*** HOLE CARDS ***
Calabazaking: folds 
BumHuntKing: raises $1.20 to $2.20
raiseinthedarkk: folds 
p0pa4poker: folds 
vezis3: calls $1.20
*** FLOP *** [9c 3s 7h]
vezis3: checks 
BumHuntKing: checks 
*** TURN *** [9c 3s 7h] [2d]
vezis3: checks 
BumHuntKing: bets $3.50
vezis3: folds 
Uncalled bet ($3.50) returned to BumHuntKing
BumHuntKing collected $4.66 from pot
BumHuntKing: doesn't show hand 
*** SUMMARY ***
Total pot $4.90 | Rake $0.24 
Board [9c 3s 7h 2d]
Seat 1: vezis3 (big blind) folded on the Turn
Seat 2: Calabazaking folded before Flop (didn't bet)
Seat 4: BumHuntKing collected ($4.66)
Seat 5: raiseinthedarkk (button) folded before Flop (didn't bet)
Seat 6: p0pa4poker (small blind) folded before Flop



PokerStars Hand #254506917401:  Hold'em No Limit ($0.50/$1.00 USD) - 2025/01/22 22:22:06 WET [2025/01/22 17:22:06 ET]
Table 'Niobe IV' 6-max Seat #6 is the button
Seat 1: vezis3 ($100 in chips) 
Seat 2: Calabazaking ($103 in chips) 
Seat 4: BumHuntKing ($120.98 in chips) 
Seat 5: raiseinthedarkk ($101.50 in chips) 
Seat 6: p0pa4poker ($177.57 in chips) 
vezis3: posts small blind $0.50
Calabazaking: posts big blind $1
*** HOLE CARDS ***
BumHuntKing: raises $1.20 to $2.20
raiseinthedarkk: folds 
p0pa4poker: folds 
vezis3: folds 
Calabazaking: folds 
Uncalled bet ($1.20) returned to BumHuntKing
BumHuntKing collected $2.50 from pot
BumHuntKing: doesn't show hand 
*** SUMMARY ***
Total pot $2.50 | Rake $0 
Seat 1: vezis3 (small blind) folded before Flop
Seat 2: Calabazaking (big blind) folded before Flop
Seat 4: BumHuntKing collected ($2.50)
Seat 5: raiseinthedarkk folded before Flop (didn't bet)
Seat 6: p0pa4poker (button) folded before Flop (didn't bet)



PokerStars Hand #254506924041:  Hold'em No Limit ($0.50/$1.00 USD) - 2025/01/22 22:22:30 WET [2025/01/22 17:22:30 ET]
Table 'Niobe IV' 6-max Seat #1 is the button
Seat 1: vezis3 ($100 in chips) 
Seat 2: Calabazaking ($102 in chips) 
Seat 4: BumHuntKing ($122.48 in chips) 
Seat 5: raiseinthedarkk ($101.50 in chips) 
Seat 6: p0pa4poker ($177.57 in chips) 
Calabazaking: posts small blind $0.50
BumHuntKing: posts big blind $1
*** HOLE CARDS ***
raiseinthedarkk: folds 
p0pa4poker: folds 
vezis3: folds 
Calabazaking: raises $2 to $3
BumHuntKing: raises $6 to $9
Calabazaking: folds 
Uncalled bet ($6) returned to BumHuntKing
BumHuntKing collected $6 from pot
BumHuntKing: doesn't show hand 
*** SUMMARY ***
Total pot $6 | Rake $0 
Seat 1: vezis3 (button) folded before Flop (didn't bet)
Seat 2: Calabazaking (small blind) folded before Flop
Seat 4: BumHuntKing (big blind) collected ($6)
Seat 5: raiseinthedarkk folded before Flop (didn't bet)
Seat 6: p0pa4poker folded before Flop (didn't bet)



PokerStars Hand #254506931120:  Hold'em No Limit ($0.50/$1.00 USD) - 2025/01/22 22:22:55 WET [2025/01/22 17:22:55 ET]
Table 'Niobe IV' 6-max Seat #2 is the button
Seat 1: vezis3 ($100 in chips) 
Seat 2: Calabazaking ($100 in chips) 
Seat 4: BumHuntKing ($125.48 in chips) 
Seat 5: raiseinthedarkk ($101.50 in chips) 
Seat 6: p0pa4poker ($177.57 in chips) 
BumHuntKing: posts small blind $0.50
raiseinthedarkk: posts big blind $1
*** HOLE CARDS ***
p0pa4poker: raises $1 to $2
vezis3: folds 
Calabazaking: folds 
BumHuntKing: folds 
raiseinthedarkk: folds 
Uncalled bet ($1) returned to p0pa4poker
p0pa4poker collected $2.50 from pot
p0pa4poker: doesn't show hand 
*** SUMMARY ***
Total pot $2.50 | Rake $0 
Seat 1: vezis3 folded before Flop (didn't bet)
Seat 2: Calabazaking (button) folded before Flop (didn't bet)
Seat 4: BumHuntKing (small blind) folded before Flop
Seat 5: raiseinthedarkk (big blind) folded before Flop
Seat 6: p0pa4poker collected ($2.50)



PokerStars Hand #254506936222:  Hold'em No Limit ($0.50/$1.00 USD) - 2025/01/22 22:23:14 WET [2025/01/22 17:23:14 ET]
Table 'Niobe IV' 6-max Seat #4 is the button
Seat 1: vezis3 ($100 in chips) 
Seat 2: Calabazaking ($100 in chips) 
Seat 4: BumHuntKing ($124.98 in chips) 
Seat 5: raiseinthedarkk ($100.50 in chips) 
Seat 6: p0pa4poker ($179.07 in chips) 
raiseinthedarkk: posts small blind $0.50
p0pa4poker: posts big blind $1
*** HOLE CARDS ***
vezis3: folds 
Calabazaking: raises $1.50 to $2.50
BumHuntKing: folds 
raiseinthedarkk: folds 
p0pa4poker: folds 
Uncalled bet ($1.50) returned to Calabazaking
Calabazaking collected $2.50 from pot
*** SUMMARY ***
Total pot $2.50 | Rake $0 
Seat 1: vezis3 folded before Flop (didn't bet)
Seat 2: Calabazaking collected ($2.50)
Seat 4: BumHuntKing (button) folded before Flop (didn't bet)
Seat 5: raiseinthedarkk (small blind) folded before Flop
Seat 6: p0pa4poker (big blind) folded before Flop



PokerStars Hand #254506941846:  Hold'em No Limit ($0.50/$1.00 USD) - 2025/01/22 22:23:34 WET [2025/01/22 17:23:34 ET]
Table 'Niobe IV' 6-max Seat #5 is the button
Seat 1: vezis3 ($100 in chips) 
Seat 2: Calabazaking ($101.50 in chips) 
Seat 4: BumHuntKing ($124.98 in chips) 
Seat 5: raiseinthedarkk ($100 in chips) 
Seat 6: p0pa4poker ($178.07 in chips) 
p0pa4poker: posts small blind $0.50
vezis3: posts big blind $1
*** HOLE CARDS ***
Calabazaking: folds 
BumHuntKing: raises $1.20 to $2.20
raiseinthedarkk: folds 
p0pa4poker: folds 
vezis3: calls $1.20
*** FLOP *** [Qc Kd 4s]
vezis3: checks 
BumHuntKing: bets $1.54
vezis3: folds 
Uncalled bet ($1.54) returned to BumHuntKing
BumHuntKing collected $4.66 from pot
BumHuntKing: doesn't show hand 
*** SUMMARY ***
Total pot $4.90 | Rake $0.24 
Board [Qc Kd 4s]
Seat 1: vezis3 (big blind) folded on the Flop
Seat 2: Calabazaking folded before Flop (didn't bet)
Seat 4: BumHuntKing collected ($4.66)
Seat 5: raiseinthedarkk (button) folded before Flop (didn't bet)
Seat 6: p0pa4poker (small blind) folded before Flop



PokerStars Hand #254506947399:  Hold'em No Limit ($0.50/$1.00 USD) - 2025/01/22 22:23:54 WET [2025/01/22 17:23:54 ET]
Table 'Niobe IV' 6-max Seat #6 is the button
Seat 1: vezis3 ($100 in chips) 
Seat 2: Calabazaking ($101.50 in chips) 
Seat 4: BumHuntKing ($127.44 in chips) 
Seat 5: raiseinthedarkk ($100 in chips) 
Seat 6: p0pa4poker ($177.57 in chips) 
vezis3: posts small blind $0.50
Calabazaking: posts big blind $1
*** HOLE CARDS ***
BumHuntKing: folds 
raiseinthedarkk: folds 
PostmanPat3 joins the table at seat #3 
PostmanPat3 is disconnected 
p0pa4poker: raises $1.50 to $2.50
vezis3: folds 
Calabazaking: calls $1.50
*** FLOP *** [4c 2c 3c]
Calabazaking: checks 
p0pa4poker: checks 
*** TURN *** [4c 2c 3c] [8d]
Calabazaking: bets $2.87
p0pa4poker: calls $2.87
*** RIVER *** [4c 2c 3c 8d] [Ts]
Calabazaking: checks 
p0pa4poker: bets $3.52
Calabazaking: raises $13.25 to $16.77
p0pa4poker: calls $13.25
*** SHOW DOWN ***
Calabazaking: shows [4s 5s] (a pair of Fours)
p0pa4poker: shows [9d 8h] (a pair of Eights)
p0pa4poker collected $42.54 from pot
*** SUMMARY ***
Total pot $44.78 | Rake $2.24 
Board [4c 2c 3c 8d Ts]
Seat 1: vezis3 (small blind) folded before Flop
Seat 2: Calabazaking (big blind) showed [4s 5s] and lost with a pair of Fours
Seat 4: BumHuntKing folded before Flop (didn't bet)
Seat 5: raiseinthedarkk folded before Flop (didn't bet)
Seat 6: p0pa4poker (button) showed [9d 8h] and won ($42.54) with a pair of Eights



PokerStars Hand #254506973640:  Hold'em No Limit ($0.50/$1.00 USD) - 2025/01/22 22:25:27 WET [2025/01/22 17:25:27 ET]
Table 'Niobe IV' 6-max Seat #1 is the button
Seat 1: vezis3 ($100 in chips) 
Seat 2: Calabazaking ($100 in chips) 
Seat 3: PostmanPat3 ($59.74 in chips) 
Seat 4: BumHuntKing ($127.44 in chips) 
Seat 5: raiseinthedarkk ($100 in chips) 
Seat 6: p0pa4poker ($197.97 in chips) 
Calabazaking: posts small blind $0.50
PostmanPat3: posts big blind $1
*** HOLE CARDS ***
BumHuntKing: folds 
raiseinthedarkk: raises $1.20 to $2.20
p0pa4poker: folds 
vezis3: folds 
Calabazaking: folds 
PostmanPat3: calls $1.20
*** FLOP *** [5s 2h 7c]
PostmanPat3: bets $4
raiseinthedarkk: folds 
Uncalled bet ($4) returned to PostmanPat3
PostmanPat3 collected $4.66 from pot
*** SUMMARY ***
Total pot $4.90 | Rake $0.24 
Board [5s 2h 7c]
Seat 1: vezis3 (button) folded before Flop (didn't bet)
Seat 2: Calabazaking (small blind) folded before Flop
Seat 3: PostmanPat3 (big blind) collected ($4.66)
Seat 4: BumHuntKing folded before Flop (didn't bet)
Seat 5: raiseinthedarkk folded on the Flop
Seat 6: p0pa4poker folded before Flop (didn't bet)



PokerStars Hand #254506981167:  Hold'em No Limit ($0.50/$1.00 USD) - 2025/01/22 22:25:54 WET [2025/01/22 17:25:54 ET]
Table 'Niobe IV' 6-max Seat #2 is the button
Seat 1: vezis3 ($100 in chips) 
Seat 2: Calabazaking ($100 in chips) 
Seat 3: PostmanPat3 ($62.20 in chips) 
Seat 4: BumHuntKing ($127.44 in chips) 
Seat 5: raiseinthedarkk ($100 in chips) 
Seat 6: p0pa4poker ($197.97 in chips) 
PostmanPat3: posts small blind $0.50
BumHuntKing: posts big blind $1
*** HOLE CARDS ***
raiseinthedarkk: raises $1.20 to $2.20
p0pa4poker: folds 
vezis3: raises $5.80 to $8
Calabazaking: folds 
PostmanPat3: folds 
BumHuntKing: folds 
raiseinthedarkk: folds 
Uncalled bet ($5.80) returned to vezis3
vezis3 collected $5.90 from pot
vezis3: doesn't show hand 
*** SUMMARY ***
Total pot $5.90 | Rake $0 
Seat 1: vezis3 collected ($5.90)
Seat 2: Calabazaking (button) folded before Flop (didn't bet)
Seat 3: PostmanPat3 (small blind) folded before Flop
Seat 4: BumHuntKing (big blind) folded before Flop
Seat 5: raiseinthedarkk folded before Flop
Seat 6: p0pa4poker folded before Flop (didn't bet)



PokerStars Hand #254506989242:  Hold'em No Limit ($0.50/$1.00 USD) - 2025/01/22 22:26:23 WET [2025/01/22 17:26:23 ET]
Table 'Niobe IV' 6-max Seat #3 is the button
Seat 1: vezis3 ($103.70 in chips) 
Seat 2: Calabazaking ($100 in chips) 
Seat 3: PostmanPat3 ($61.70 in chips) 
Seat 4: BumHuntKing ($126.44 in chips) 
Seat 5: raiseinthedarkk ($100 in chips) 
Seat 6: p0pa4poker ($197.97 in chips) 
BumHuntKing: posts small blind $0.50
raiseinthedarkk: posts big blind $1
*** HOLE CARDS ***
p0pa4poker: folds 
vezis3: folds 
Calabazaking: folds 
PostmanPat3: folds 
BumHuntKing: folds 
Uncalled bet ($0.50) returned to raiseinthedarkk
raiseinthedarkk collected $1 from pot
raiseinthedarkk: doesn't show hand 
*** SUMMARY ***
Total pot $1 | Rake $0 
Seat 1: vezis3 folded before Flop (didn't bet)
Seat 2: Calabazaking folded before Flop (didn't bet)
Seat 3: PostmanPat3 (button) folded before Flop (didn't bet)
Seat 4: BumHuntKing (small blind) folded before Flop
Seat 5: raiseinthedarkk (big blind) collected ($1)
Seat 6: p0pa4poker folded before Flop (didn't bet)



PokerStars Hand #254506992973:  Hold'em No Limit ($0.50/$1.00 USD) - 2025/01/22 22:26:36 WET [2025/01/22 17:26:36 ET]
Table 'Niobe IV' 6-max Seat #4 is the button
Seat 1: vezis3 ($103.70 in chips) 
Seat 2: Calabazaking ($100 in chips) 
Seat 3: PostmanPat3 ($61.70 in chips) 
Seat 4: BumHuntKing ($125.94 in chips) 
Seat 5: raiseinthedarkk ($100.50 in chips) 
Seat 6: p0pa4poker ($197.97 in chips) 
raiseinthedarkk: posts small blind $0.50
p0pa4poker: posts big blind $1
*** HOLE CARDS ***
vezis3: folds 
Calabazaking: folds 
PostmanPat3: raises $3 to $4
BumHuntKing: folds 
raiseinthedarkk: folds 
p0pa4poker: calls $3
*** FLOP *** [As 9h Ac]
p0pa4poker: checks 
PostmanPat3: bets $7
p0pa4poker: folds 
Uncalled bet ($7) returned to PostmanPat3
PostmanPat3 collected $8.08 from pot
*** SUMMARY ***
Total pot $8.50 | Rake $0.42 
Board [As 9h Ac]
Seat 1: vezis3 folded before Flop (didn't bet)
Seat 2: Calabazaking folded before Flop (didn't bet)
Seat 3: PostmanPat3 collected ($8.08)
Seat 4: BumHuntKing (button) folded before Flop (didn't bet)
Seat 5: raiseinthedarkk (small blind) folded before Flop
Seat 6: p0pa4poker (big blind) folded on the Flop



PokerStars Hand #254507005544:  Hold'em No Limit ($0.50/$1.00 USD) - 2025/01/22 22:27:21 WET [2025/01/22 17:27:21 ET]
Table 'Niobe IV' 6-max Seat #5 is the button
Seat 1: vezis3 ($103.70 in chips) 
Seat 2: Calabazaking ($100 in chips) 
Seat 3: PostmanPat3 ($65.78 in chips) 
Seat 4: BumHuntKing ($125.94 in chips) 
Seat 5: raiseinthedarkk ($100 in chips) 
Seat 6: p0pa4poker ($193.97 in chips) 
p0pa4poker: posts small blind $0.50
vezis3: posts big blind $1
*** HOLE CARDS ***
Calabazaking: folds 
PostmanPat3: raises $1 to $2
BumHuntKing: folds 
raiseinthedarkk: folds 
p0pa4poker: raises $6 to $8
vezis3: folds 
PostmanPat3: raises $6 to $14
p0pa4poker: folds 
Uncalled bet ($6) returned to PostmanPat3
PostmanPat3 collected $17 from pot
*** SUMMARY ***
Total pot $17 | Rake $0 
Seat 1: vezis3 (big blind) folded before Flop
Seat 2: Calabazaking folded before Flop (didn't bet)
Seat 3: PostmanPat3 collected ($17)
Seat 4: BumHuntKing folded before Flop (didn't bet)
Seat 5: raiseinthedarkk (button) folded before Flop (didn't bet)
Seat 6: p0pa4poker (small blind) folded before Flop



PokerStars Hand #254507013988:  Hold'em No Limit ($0.50/$1.00 USD) - 2025/01/22 22:27:51 WET [2025/01/22 17:27:51 ET]
Table 'Niobe IV' 6-max Seat #6 is the button
Seat 1: vezis3 ($102.70 in chips) 
Seat 2: Calabazaking ($100 in chips) 
Seat 3: PostmanPat3 ($74.78 in chips) 
Seat 4: BumHuntKing ($125.94 in chips) 
Seat 5: raiseinthedarkk ($100 in chips) 
Seat 6: p0pa4poker ($185.97 in chips) 
vezis3: posts small blind $0.50
Calabazaking: posts big blind $1
*** HOLE CARDS ***
PostmanPat3: raises $1 to $2
BumHuntKing: folds 
raiseinthedarkk: folds 
p0pa4poker: raises $4 to $6
vezis3: raises $14 to $20
Calabazaking: folds 
PostmanPat3: folds 
p0pa4poker: folds 
Uncalled bet ($14) returned to vezis3
vezis3 collected $15 from pot
vezis3: doesn't show hand 
*** SUMMARY ***
Total pot $15 | Rake $0 
Seat 1: vezis3 (small blind) collected ($15)
Seat 2: Calabazaking (big blind) folded before Flop
Seat 3: PostmanPat3 folded before Flop
Seat 4: BumHuntKing folded before Flop (didn't bet)
Seat 5: raiseinthedarkk folded before Flop (didn't bet)
Seat 6: p0pa4poker (button) folded before Flop



PokerStars Hand #254507024452:  Hold'em No Limit ($0.50/$1.00 USD) - 2025/01/22 22:28:28 WET [2025/01/22 17:28:28 ET]
Table 'Niobe IV' 6-max Seat #1 is the button
Seat 1: vezis3 ($111.70 in chips) 
Seat 2: Calabazaking ($100 in chips) 
Seat 3: PostmanPat3 ($72.78 in chips) 
Seat 4: BumHuntKing ($125.94 in chips) 
Seat 5: raiseinthedarkk ($100 in chips) 
Seat 6: p0pa4poker ($179.97 in chips) 
Calabazaking: posts small blind $0.50
PostmanPat3: posts big blind $1
*** HOLE CARDS ***
BumHuntKing: folds 
raiseinthedarkk: folds 
p0pa4poker: folds 
vezis3: folds 
Calabazaking: raises $2 to $3
PostmanPat3: folds 
Uncalled bet ($2) returned to Calabazaking
Calabazaking collected $2 from pot
*** SUMMARY ***
Total pot $2 | Rake $0 
Seat 1: vezis3 (button) folded before Flop (didn't bet)
Seat 2: Calabazaking (small blind) collected ($2)
Seat 3: PostmanPat3 (big blind) folded before Flop
Seat 4: BumHuntKing folded before Flop (didn't bet)
Seat 5: raiseinthedarkk folded before Flop (didn't bet)
Seat 6: p0pa4poker folded before Flop (didn't bet)



PokerStars Hand #254507030101:  Hold'em No Limit ($0.50/$1.00 USD) - 2025/01/22 22:28:48 WET [2025/01/22 17:28:48 ET]
Table 'Niobe IV' 6-max Seat #2 is the button
Seat 1: vezis3 ($111.70 in chips) 
Seat 2: Calabazaking ($101 in chips) 
Seat 3: PostmanPat3 ($71.78 in chips) 
Seat 4: BumHuntKing ($125.94 in chips) 
Seat 5: raiseinthedarkk ($100 in chips) 
Seat 6: p0pa4poker ($179.97 in chips) 
PostmanPat3: posts small blind $0.50
BumHuntKing: posts big blind $1
*** HOLE CARDS ***
raiseinthedarkk: folds 
p0pa4poker: folds 
vezis3: raises $1.40 to $2.40
Calabazaking: folds 
PostmanPat3: folds 
BumHuntKing: raises $10.10 to $12.50
vezis3: folds 
Uncalled bet ($10.10) returned to BumHuntKing
BumHuntKing collected $5.30 from pot
BumHuntKing: doesn't show hand 
*** SUMMARY ***
Total pot $5.30 | Rake $0 
Seat 1: vezis3 folded before Flop
Seat 2: Calabazaking (button) folded before Flop (didn't bet)
Seat 3: PostmanPat3 (small blind) folded before Flop
Seat 4: BumHuntKing (big blind) collected ($5.30)
Seat 5: raiseinthedarkk folded before Flop (didn't bet)
Seat 6: p0pa4poker folded before Flop (didn't bet)



PokerStars Hand #254507038163:  Hold'em No Limit ($0.50/$1.00 USD) - 2025/01/22 22:29:17 WET [2025/01/22 17:29:17 ET]
Table 'Niobe IV' 6-max Seat #3 is the button
Seat 1: vezis3 ($109.30 in chips) 
Seat 2: Calabazaking ($101 in chips) 
Seat 3: PostmanPat3 ($71.28 in chips) 
Seat 4: BumHuntKing ($128.84 in chips) 
Seat 5: raiseinthedarkk ($100 in chips) 
Seat 6: p0pa4poker ($179.97 in chips) 
BumHuntKing: posts small blind $0.50
raiseinthedarkk: posts big blind $1
*** HOLE CARDS ***
p0pa4poker: folds 
vezis3: raises $1 to $2
Calabazaking: folds 
PostmanPat3: folds 
BumHuntKing: folds 
raiseinthedarkk: calls $1
*** FLOP *** [Ts Ac 9s]
raiseinthedarkk: checks 
vezis3: bets $1.41
raiseinthedarkk: calls $1.41
*** TURN *** [Ts Ac 9s] [Kc]
raiseinthedarkk: checks 
vezis3: bets $7.65
raiseinthedarkk: folds 
Uncalled bet ($7.65) returned to vezis3
vezis3 collected $6.95 from pot
vezis3: doesn't show hand 
*** SUMMARY ***
Total pot $7.32 | Rake $0.37 
Board [Ts Ac 9s Kc]
Seat 1: vezis3 collected ($6.95)
Seat 2: Calabazaking folded before Flop (didn't bet)
Seat 3: PostmanPat3 (button) folded before Flop (didn't bet)
Seat 4: BumHuntKing (small blind) folded before Flop
Seat 5: raiseinthedarkk (big blind) folded on the Turn
Seat 6: p0pa4poker folded before Flop (didn't bet)



PokerStars Hand #254507053951:  Hold'em No Limit ($0.50/$1.00 USD) - 2025/01/22 22:30:14 WET [2025/01/22 17:30:14 ET]
Table 'Niobe IV' 6-max Seat #4 is the button
Seat 1: vezis3 ($112.84 in chips) 
Seat 2: Calabazaking ($101 in chips) 
Seat 3: PostmanPat3 ($71.28 in chips) 
Seat 4: BumHuntKing ($128.34 in chips) 
Seat 5: raiseinthedarkk ($100 in chips) 
Seat 6: p0pa4poker ($179.97 in chips) 
raiseinthedarkk: posts small blind $0.50
p0pa4poker: posts big blind $1
*** HOLE CARDS ***
vezis3: raises $1 to $2
Calabazaking: folds 
PostmanPat3: calls $2
BumHuntKing: folds 
raiseinthedarkk: folds 
p0pa4poker: calls $1
*** FLOP *** [3s 6h 5d]
p0pa4poker: checks 
vezis3: checks 
PostmanPat3: bets $5
p0pa4poker: folds 
vezis3: calls $5
*** TURN *** [3s 6h 5d] [Qh]
vezis3: checks 
PostmanPat3: bets $12
vezis3: calls $12
*** RIVER *** [3s 6h 5d Qh] [6d]
vezis3: checks 
PostmanPat3: bets $24
vezis3: raises $69.84 to $93.84 and is all-in
PostmanPat3: calls $28.28 and is all-in
Uncalled bet ($41.56) returned to vezis3
*** SHOW DOWN ***
vezis3: shows [Qc Qd] (a full house, Queens full of Sixes)
PostmanPat3: shows [7s 6s] (three of a kind, Sixes)
vezis3 collected $142.56 from pot
*** SUMMARY ***
Total pot $145.06 | Rake $2.50 
Board [3s 6h 5d Qh 6d]
Seat 1: vezis3 showed [Qc Qd] and won ($142.56) with a full house, Queens full of Sixes
Seat 2: Calabazaking folded before Flop (didn't bet)
Seat 3: PostmanPat3 showed [7s 6s] and lost with three of a kind, Sixes
Seat 4: BumHuntKing (button) folded before Flop (didn't bet)
Seat 5: raiseinthedarkk (small blind) folded before Flop
Seat 6: p0pa4poker (big blind) folded on the Flop



PokerStars Hand #254507076396:  Hold'em No Limit ($0.50/$1.00 USD) - 2025/01/22 22:31:35 WET [2025/01/22 17:31:35 ET]
Table 'Niobe IV' 6-max Seat #5 is the button
Seat 3: PostmanPat3 ($0 in chips) is sitting out
Seat 1: vezis3 ($184.12 in chips) 
Seat 2: Calabazaking ($101 in chips) 
Seat 4: BumHuntKing ($128.34 in chips) 
Seat 5: raiseinthedarkk ($100 in chips) 
Seat 6: p0pa4poker ($177.97 in chips) 
p0pa4poker: posts small blind $0.50
vezis3: posts big blind $1
*** HOLE CARDS ***
Calabazaking: folds 
BumHuntKing: raises $1.20 to $2.20
raiseinthedarkk: folds 
p0pa4poker: folds 
vezis3: folds 
Uncalled bet ($1.20) returned to BumHuntKing
BumHuntKing collected $2.50 from pot
BumHuntKing: doesn't show hand 
*** SUMMARY ***
Total pot $2.50 | Rake $0 
Seat 3: PostmanPat3
Seat 1: vezis3 (big blind) folded before Flop
Seat 2: Calabazaking folded before Flop (didn't bet)
Seat 4: BumHuntKing collected ($2.50)
Seat 5: raiseinthedarkk (button) folded before Flop (didn't bet)
Seat 6: p0pa4poker (small blind) folded before Flop



PokerStars Hand #254507081652:  Hold'em No Limit ($0.50/$1.00 USD) - 2025/01/22 22:31:54 WET [2025/01/22 17:31:54 ET]
Table 'Niobe IV' 6-max Seat #6 is the button
Seat 3: PostmanPat3 ($0 in chips) is sitting out
Seat 1: vezis3 ($183.12 in chips) 
Seat 2: Calabazaking ($101 in chips) 
Seat 4: BumHuntKing ($129.84 in chips) 
Seat 5: raiseinthedarkk ($100 in chips) 
Seat 6: p0pa4poker ($177.47 in chips) 
vezis3: posts small blind $0.50
Calabazaking: posts big blind $1
*** HOLE CARDS ***
BumHuntKing: folds 
PostmanPat3 leaves the table
raiseinthedarkk: raises $1.20 to $2.20
p0pa4poker: folds 
vezis3: folds 
Calabazaking: folds 
Uncalled bet ($1.20) returned to raiseinthedarkk
raiseinthedarkk collected $2.50 from pot
raiseinthedarkk: doesn't show hand 
*** SUMMARY ***
Total pot $2.50 | Rake $0 
Seat 3: PostmanPat3
Seat 1: vezis3 (small blind) folded before Flop
Seat 2: Calabazaking (big blind) folded before Flop
Seat 4: BumHuntKing folded before Flop (didn't bet)
Seat 5: raiseinthedarkk collected ($2.50)
Seat 6: p0pa4poker (button) folded before Flop (didn't bet)



PokerStars Hand #254507087673:  Hold'em No Limit ($0.50/$1.00 USD) - 2025/01/22 22:32:16 WET [2025/01/22 17:32:16 ET]
Table 'Niobe IV' 6-max Seat #1 is the button
Seat 1: vezis3 ($182.62 in chips) 
Seat 2: Calabazaking ($100 in chips) 
Seat 4: BumHuntKing ($129.84 in chips) 
Seat 5: raiseinthedarkk ($101.50 in chips) 
Seat 6: p0pa4poker ($177.47 in chips) 
Calabazaking: posts small blind $0.50
BumHuntKing: posts big blind $1
*** HOLE CARDS ***
raiseinthedarkk: folds 
p0pa4poker: folds 
vezis3: folds 
Calabazaking: raises $2 to $3
BumHuntKing: raises $6 to $9
Mr_Dick666 joins the table at seat #3 
Calabazaking: folds 
Uncalled bet ($6) returned to BumHuntKing
BumHuntKing collected $6 from pot
BumHuntKing: doesn't show hand 
*** SUMMARY ***
Total pot $6 | Rake $0 
Seat 1: vezis3 (button) folded before Flop (didn't bet)
Seat 2: Calabazaking (small blind) folded before Flop
Seat 4: BumHuntKing (big blind) collected ($6)
Seat 5: raiseinthedarkk folded before Flop (didn't bet)
Seat 6: p0pa4poker folded before Flop (didn't bet)



PokerStars Hand #254507093205:  Hold'em No Limit ($0.50/$1.00 USD) - 2025/01/22 22:32:36 WET [2025/01/22 17:32:36 ET]
Table 'Niobe IV' 6-max Seat #2 is the button
Seat 3: Mr_Dick666 ($100 in chips) is sitting out
Seat 5: raiseinthedarkk ($101.50 in chips) is sitting out
Seat 1: vezis3 ($182.62 in chips) 
Seat 2: Calabazaking ($100 in chips) 
Seat 4: BumHuntKing ($132.84 in chips) 
Seat 6: p0pa4poker ($177.47 in chips) 
BumHuntKing: posts small blind $0.50
raiseinthedarkk: is sitting out 
p0pa4poker: posts big blind $1
*** HOLE CARDS ***
vezis3: folds 
raiseinthedarkk leaves the table
Calabazaking: folds 
BumHuntKing: raises $2 to $3
p0pa4poker: folds 
Uncalled bet ($2) returned to BumHuntKing
BumHuntKing collected $2 from pot
BumHuntKing: doesn't show hand 
*** SUMMARY ***
Total pot $2 | Rake $0 
Seat 3: Mr_Dick666
Seat 5: raiseinthedarkk
Seat 1: vezis3 folded before Flop (didn't bet)
Seat 2: Calabazaking (button) folded before Flop (didn't bet)
Seat 4: BumHuntKing (small blind) collected ($2)
Seat 6: p0pa4poker (big blind) folded before Flop



PokerStars Hand #254507098171:  Hold'em No Limit ($0.50/$1.00 USD) - 2025/01/22 22:32:54 WET [2025/01/22 17:32:54 ET]
Table 'Niobe IV' 6-max Seat #6 is the button
Seat 3: Mr_Dick666 ($100 in chips) is sitting out
Seat 1: vezis3 ($182.62 in chips) 
Seat 2: Calabazaking ($100 in chips) 
Seat 6: p0pa4poker ($176.47 in chips) 
vezis3: posts small blind $0.50
Calabazaking: posts big blind $1
Mr_Dick666: sits out 
*** HOLE CARDS ***
p0pa4poker: raises $1.50 to $2.50
vezis3: folds 
Calabazaking: raises $9 to $11.50
p0pa4poker: folds 
Uncalled bet ($9) returned to Calabazaking
Calabazaking collected $5.50 from pot
*** SUMMARY ***
Total pot $5.50 | Rake $0 
Seat 3: Mr_Dick666
Seat 1: vezis3 (small blind) folded before Flop
Seat 2: Calabazaking (big blind) collected ($5.50)
Seat 6: p0pa4poker (button) folded before Flop



PokerStars Hand #254507103660:  Hold'em No Limit ($0.50/$1.00 USD) - 2025/01/22 22:33:14 WET [2025/01/22 17:33:14 ET]
Table 'Niobe IV' 6-max Seat #1 is the button
Seat 1: vezis3 ($182.12 in chips) 
Seat 2: Calabazaking ($103 in chips) 
Seat 3: Mr_Dick666 ($100 in chips) 
Seat 6: p0pa4poker ($173.97 in chips) 
Calabazaking: posts small blind $0.50
Mr_Dick666: posts big blind $1
*** HOLE CARDS ***
p0pa4poker: folds 
vezis3: raises $1.40 to $2.40
Calabazaking: folds 
Mr_Dick666: calls $1.40
*** FLOP *** [4d Ad 8c]
Mr_Dick666: checks 
vezis3: bets $1.66
Mr_Dick666: raises $4.60 to $6.26
vezis3: folds 
Uncalled bet ($4.60) returned to Mr_Dick666
Mr_Dick666 collected $8.19 from pot
Mr_Dick666: doesn't show hand 
*** SUMMARY ***
Total pot $8.62 | Rake $0.43 
Board [4d Ad 8c]
Seat 1: vezis3 (button) folded on the Flop
Seat 2: Calabazaking (small blind) folded before Flop
Seat 3: Mr_Dick666 (big blind) collected ($8.19)
Seat 6: p0pa4poker folded before Flop (didn't bet)



PokerStars Hand #254507119505:  Hold'em No Limit ($0.50/$1.00 USD) - 2025/01/22 22:34:13 WET [2025/01/22 17:34:13 ET]
Table 'Niobe IV' 6-max Seat #2 is the button
Seat 1: vezis3 ($178.06 in chips) 
Seat 2: Calabazaking ($102.50 in chips) 
Seat 3: Mr_Dick666 ($104.13 in chips) 
Seat 6: p0pa4poker ($173.97 in chips) 
Mr_Dick666: posts small blind $0.50
p0pa4poker: posts big blind $1
*** HOLE CARDS ***
vezis3: folds 
Calabazaking: raises $1.50 to $2.50
Mr_Dick666: raises $9.50 to $12
p0pa4poker: folds 
Calabazaking: calls $9.50
*** FLOP *** [2c 4d Qs]
Mr_Dick666: bets $12
Calabazaking: calls $12
*** TURN *** [2c 4d Qs] [7h]
Mr_Dick666: bets $24
Calabazaking: folds 
Uncalled bet ($24) returned to Mr_Dick666
Mr_Dick666 collected $48 from pot
Mr_Dick666: doesn't show hand 
*** SUMMARY ***
Total pot $49 | Rake $1 
Board [2c 4d Qs 7h]
Seat 1: vezis3 folded before Flop (didn't bet)
Seat 2: Calabazaking (button) folded on the Turn
Seat 3: Mr_Dick666 (small blind) collected ($48)
Seat 6: p0pa4poker (big blind) folded before Flop



PokerStars Hand #254507133620:  Hold'em No Limit ($0.50/$1.00 USD) - 2025/01/22 22:35:05 WET [2025/01/22 17:35:05 ET]
Table 'Niobe IV' 6-max Seat #3 is the button
Seat 1: vezis3 ($178.06 in chips) is sitting out
Seat 2: Calabazaking ($100 in chips) 
Seat 3: Mr_Dick666 ($128.13 in chips) 
Seat 6: p0pa4poker ($172.97 in chips) 
p0pa4poker: posts small blind $0.50
vezis3: is sitting out 
Calabazaking: posts big blind $1
*** HOLE CARDS ***
Mr_Dick666: raises $1.50 to $2.50
vezis3 leaves the table
p0pa4poker: folds 
Calabazaking: calls $1.50
*** FLOP *** [5h 5s Ad]
Calabazaking: checks 
Mr_Dick666: checks 
*** TURN *** [5h 5s Ad] [Js]
Calabazaking: checks 
Mr_Dick666: checks 
*** RIVER *** [5h 5s Ad Js] [Th]
Calabazaking: bets $7.83
Mr_Dick666: folds 
Uncalled bet ($7.83) returned to Calabazaking
Calabazaking collected $5.22 from pot
*** SUMMARY ***
Total pot $5.50 | Rake $0.28 
Board [5h 5s Ad Js Th]
Seat 1: vezis3
Seat 2: Calabazaking (big blind) collected ($5.22)
Seat 3: Mr_Dick666 (button) folded on the River
Seat 6: p0pa4poker (small blind) folded before Flop



PokerStars Hand #254507146168:  Hold'em No Limit ($0.50/$1.00 USD) - 2025/01/22 22:35:52 WET [2025/01/22 17:35:52 ET]
Table 'Niobe IV' 6-max Seat #2 is the button
Seat 3: Mr_Dick666 ($125.63 in chips) is sitting out
Seat 2: Calabazaking ($102.72 in chips) 
Seat 6: p0pa4poker ($172.47 in chips) 
Calabazaking: posts small blind $0.50
Mr_Dick666: is sitting out 
p0pa4poker: posts big blind $1
*** HOLE CARDS ***
Calabazaking: calls $0.50
p0pa4poker: raises $3 to $4
Mr_Dick666 leaves the table
Calabazaking: folds 
Uncalled bet ($3) returned to p0pa4poker
p0pa4poker collected $2 from pot
p0pa4poker: doesn't show hand 
*** SUMMARY ***
Total pot $2 | Rake $0 
Seat 3: Mr_Dick666
Seat 2: Calabazaking (button) (small blind) folded before Flop
Seat 6: p0pa4poker (big blind) collected ($2)



PokerStars Hand #254507149728:  Hold'em No Limit ($0.50/$1.00 USD) - 2025/01/22 22:36:05 WET [2025/01/22 17:36:05 ET]
Table 'Niobe IV' 6-max Seat #6 is the button
Seat 2: Calabazaking ($101.72 in chips) 
Seat 6: p0pa4poker ($173.47 in chips) 
p0pa4poker: posts small blind $0.50
Calabazaking: posts big blind $1
*** HOLE CARDS ***
p0pa4poker: raises $1.50 to $2.50
Calabazaking: calls $1.50
*** FLOP *** [Td Qh Tc]
Unipoker11 joins the table at seat #3 
Calabazaking: checks 
p0pa4poker: checks 
*** TURN *** [Td Qh Tc] [6s]
Calabazaking: checks 
Unipoker11 leaves the table
p0pa4poker: bets $3.66
Calabazaking: folds 
Uncalled bet ($3.66) returned to p0pa4poker
p0pa4poker collected $4.75 from pot
p0pa4poker: doesn't show hand 
*** SUMMARY ***
Total pot $5 | Rake $0.25 
Board [Td Qh Tc 6s]
Seat 2: Calabazaking (big blind) folded on the Turn
Seat 6: p0pa4poker (button) (small blind) collected ($4.75)



