PokerStars Hand #254499381472:  Hold'em No Limit ($0.50/$1.00 USD) - 2025/01/22 15:18:47 WET [2025/01/22 10:18:47 ET]
Table 'Roberbauxa IV' 6-max Seat #3 is the button
Seat 4: poker_soul11 ($100 in chips) is sitting out
Seat 1: PayTaxOrDie ($100 in chips) 
Seat 3: joaquin612 ($100 in chips) 
joaquin612: posts small blind $0.50
PayTaxOrDie: posts big blind $1
*** HOLE CARDS ***
poker_soul11 leaves the table
joaquin612: folds 
Uncalled bet ($0.50) returned to PayTaxOrDie
PayTaxOrDie collected $1 from pot
PayTaxOrDie: doesn't show hand 
*** SUMMARY ***
Total pot $1 | Rake $0 
Seat 4: poker_soul11
Seat 1: PayTaxOrDie (big blind) collected ($1)
Seat 3: joaquin612 (button) (small blind) folded before Flop



PokerStars Hand #254499382980:  Hold'em No Limit ($0.50/$1.00 USD) - 2025/01/22 15:18:54 WET [2025/01/22 10:18:54 ET]
Table 'Roberbauxa IV' 6-max Seat #1 is the button
Seat 1: PayTaxOrDie ($100.50 in chips) 
Seat 3: joaquin612 ($100 in chips) 
PayTaxOrDie: posts small blind $0.50
joaquin612: posts big blind $1
*** HOLE CARDS ***
poker_soul11 joins the table at seat #5 
PayTaxOrDie: folds 
Uncalled bet ($0.50) returned to joaquin612
joaquin612 collected $1 from pot
joaquin612: doesn't show hand 
*** SUMMARY ***
Total pot $1 | Rake $0 
Seat 1: PayTaxOrDie (button) (small blind) folded before Flop
Seat 3: joaquin612 (big blind) collected ($1)



PokerStars Hand #254499385628:  Hold'em No Limit ($0.50/$1.00 USD) - 2025/01/22 15:19:07 WET [2025/01/22 10:19:07 ET]
Table 'Roberbauxa IV' 6-max Seat #1 is the button
Seat 1: PayTaxOrDie ($100 in chips) 
Seat 3: joaquin612 ($100.50 in chips) 
Seat 5: poker_soul11 ($100 in chips) 
joaquin612: posts small blind $0.50
poker_soul11: posts big blind $1
*** HOLE CARDS ***
PayTaxOrDie: folds 
joaquin612: calls $0.50
poker_soul11: checks 
*** FLOP *** [3s Kh Ts]
joaquin612: bets $1.05
poker_soul11: calls $1.05
*** TURN *** [3s Kh Ts] [Td]
elcutez joins the table at seat #2 
elcutez is disconnected 
Gfoer joins the table at seat #4 
Evelexy1 joins the table at seat #6 
joaquin612: bets $3
poker_soul11: raises $4.95 to $7.95
joaquin612: folds 
Uncalled bet ($4.95) returned to poker_soul11
poker_soul11 collected $9.60 from pot
poker_soul11: doesn't show hand 
*** SUMMARY ***
Total pot $10.10 | Rake $0.50 
Board [3s Kh Ts Td]
Seat 1: PayTaxOrDie (button) folded before Flop (didn't bet)
Seat 3: joaquin612 (small blind) folded on the Turn
Seat 5: poker_soul11 (big blind) collected ($9.60)



PokerStars Hand #254499392894:  Hold'em No Limit ($0.50/$1.00 USD) - 2025/01/22 15:19:43 WET [2025/01/22 10:19:43 ET]
Table 'Roberbauxa IV' 6-max Seat #3 is the button
Seat 4: Gfoer ($100 in chips) is sitting out
Seat 1: PayTaxOrDie ($100 in chips) 
Seat 2: elcutez ($100 in chips) 
Seat 3: joaquin612 ($100 in chips) 
Seat 5: poker_soul11 ($104.55 in chips) 
Seat 6: Evelexy1 ($100 in chips) 
poker_soul11: posts small blind $0.50
Evelexy1: posts big blind $1
elcutez: posts big blind $1
*** HOLE CARDS ***
PayTaxOrDie: folds 
elcutez: checks 
joaquin612: folds 
poker_soul11: calls $0.50
Evelexy1: checks 
*** FLOP *** [Kd 6c 9h]
poker_soul11: checks 
Evelexy1: checks 
elcutez: checks 
*** TURN *** [Kd 6c 9h] [Th]
poker_soul11: checks 
Evelexy1: checks 
elcutez: checks 
*** RIVER *** [Kd 6c 9h Th] [Kh]
poker_soul11: checks 
Evelexy1: checks 
elcutez: checks 
*** SHOW DOWN ***
poker_soul11: shows [3c 3h] (two pair, Kings and Threes)
Evelexy1: mucks hand 
elcutez: mucks hand 
poker_soul11 collected $2.85 from pot
*** SUMMARY ***
Total pot $3 | Rake $0.15 
Board [Kd 6c 9h Th Kh]
Seat 4: Gfoer
Seat 1: PayTaxOrDie folded before Flop (didn't bet)
Seat 2: elcutez mucked
Seat 3: joaquin612 (button) folded before Flop (didn't bet)
Seat 5: poker_soul11 (small blind) showed [3c 3h] and won ($2.85) with two pair, Kings and Threes
Seat 6: Evelexy1 (big blind) mucked



PokerStars Hand #254499402634:  Hold'em No Limit ($0.50/$1.00 USD) - 2025/01/22 15:20:30 WET [2025/01/22 10:20:30 ET]
Table 'Roberbauxa IV' 6-max Seat #5 is the button
Seat 4: Gfoer ($100 in chips) is sitting out
Seat 1: PayTaxOrDie ($100 in chips) 
Seat 2: elcutez ($99 in chips) 
Seat 3: joaquin612 ($100 in chips) 
Seat 5: poker_soul11 ($106.40 in chips) 
Seat 6: Evelexy1 ($100 in chips) 
Evelexy1: posts small blind $0.50
PayTaxOrDie: posts big blind $1
Gfoer: sits out 
*** HOLE CARDS ***
elcutez: folds 
joaquin612: folds 
poker_soul11: folds 
Evelexy1: folds 
Uncalled bet ($0.50) returned to PayTaxOrDie
PayTaxOrDie collected $1 from pot
PayTaxOrDie: doesn't show hand 
*** SUMMARY ***
Total pot $1 | Rake $0 
Seat 4: Gfoer
Seat 1: PayTaxOrDie (big blind) collected ($1)
Seat 2: elcutez folded before Flop (didn't bet)
Seat 3: joaquin612 folded before Flop (didn't bet)
Seat 5: poker_soul11 (button) folded before Flop (didn't bet)
Seat 6: Evelexy1 (small blind) folded before Flop



PokerStars Hand #254499405404:  Hold'em No Limit ($0.50/$1.00 USD) - 2025/01/22 15:20:44 WET [2025/01/22 10:20:44 ET]
Table 'Roberbauxa IV' 6-max Seat #6 is the button
Seat 4: Gfoer ($100 in chips) is sitting out
Seat 1: PayTaxOrDie ($100.50 in chips) 
Seat 2: elcutez ($99 in chips) 
Seat 3: joaquin612 ($100 in chips) 
Seat 5: poker_soul11 ($106.40 in chips) 
Seat 6: Evelexy1 ($100 in chips) 
PayTaxOrDie: posts small blind $0.50
elcutez: posts big blind $1
Gfoer: sits out 
*** HOLE CARDS ***
joaquin612: folds 
poker_soul11: folds 
Evelexy1: raises $1.50 to $2.50
PayTaxOrDie: folds 
elcutez: folds 
Uncalled bet ($1.50) returned to Evelexy1
Evelexy1 collected $2.50 from pot
Evelexy1: doesn't show hand 
*** SUMMARY ***
Total pot $2.50 | Rake $0 
Seat 4: Gfoer
Seat 1: PayTaxOrDie (small blind) folded before Flop
Seat 2: elcutez (big blind) folded before Flop
Seat 3: joaquin612 folded before Flop (didn't bet)
Seat 5: poker_soul11 folded before Flop (didn't bet)
Seat 6: Evelexy1 (button) collected ($2.50)



PokerStars Hand #254499408196:  Hold'em No Limit ($0.50/$1.00 USD) - 2025/01/22 15:20:57 WET [2025/01/22 10:20:57 ET]
Table 'Roberbauxa IV' 6-max Seat #1 is the button
Seat 4: Gfoer ($100 in chips) is sitting out
Seat 1: PayTaxOrDie ($100 in chips) 
Seat 2: elcutez ($98 in chips) 
Seat 3: joaquin612 ($100 in chips) 
Seat 5: poker_soul11 ($106.40 in chips) 
Seat 6: Evelexy1 ($101.50 in chips) 
elcutez: posts small blind $0.50
joaquin612: posts big blind $1
Gfoer: sits out 
*** HOLE CARDS ***
poker_soul11: folds 
Evelexy1: folds 
PayTaxOrDie: folds 
elcutez: folds 
Uncalled bet ($0.50) returned to joaquin612
joaquin612 collected $1 from pot
joaquin612: doesn't show hand 
*** SUMMARY ***
Total pot $1 | Rake $0 
Seat 4: Gfoer
Seat 1: PayTaxOrDie (button) folded before Flop (didn't bet)
Seat 2: elcutez (small blind) folded before Flop
Seat 3: joaquin612 (big blind) collected ($1)
Seat 5: poker_soul11 folded before Flop (didn't bet)
Seat 6: Evelexy1 folded before Flop (didn't bet)



PokerStars Hand #254499410040:  Hold'em No Limit ($0.50/$1.00 USD) - 2025/01/22 15:21:06 WET [2025/01/22 10:21:06 ET]
Table 'Roberbauxa IV' 6-max Seat #2 is the button
Seat 1: PayTaxOrDie ($100 in chips) 
Seat 2: elcutez ($97.50 in chips) 
Seat 3: joaquin612 ($100.50 in chips) 
Seat 4: Gfoer ($100 in chips) 
Seat 5: poker_soul11 ($106.40 in chips) 
Seat 6: Evelexy1 ($101.50 in chips) 
joaquin612: posts small blind $0.50
Gfoer: posts big blind $1
*** HOLE CARDS ***
poker_soul11: folds 
Evelexy1: folds 
PayTaxOrDie: folds 
elcutez: folds 
joaquin612: raises $2 to $3
Gfoer: folds 
Uncalled bet ($2) returned to joaquin612
joaquin612 collected $2 from pot
joaquin612: doesn't show hand 
*** SUMMARY ***
Total pot $2 | Rake $0 
Seat 1: PayTaxOrDie folded before Flop (didn't bet)
Seat 2: elcutez (button) folded before Flop (didn't bet)
Seat 3: joaquin612 (small blind) collected ($2)
Seat 4: Gfoer (big blind) folded before Flop
Seat 5: poker_soul11 folded before Flop (didn't bet)
Seat 6: Evelexy1 folded before Flop (didn't bet)



PokerStars Hand #254499412781:  Hold'em No Limit ($0.50/$1.00 USD) - 2025/01/22 15:21:19 WET [2025/01/22 10:21:19 ET]
Table 'Roberbauxa IV' 6-max Seat #3 is the button
Seat 1: PayTaxOrDie ($100 in chips) 
Seat 2: elcutez ($97.50 in chips) 
Seat 3: joaquin612 ($101.50 in chips) 
Seat 4: Gfoer ($100 in chips) 
Seat 5: poker_soul11 ($106.40 in chips) 
Seat 6: Evelexy1 ($101.50 in chips) 
Gfoer: posts small blind $0.50
poker_soul11: posts big blind $1
*** HOLE CARDS ***
Evelexy1: folds 
PayTaxOrDie: folds 
elcutez: folds 
joaquin612: folds 
Gfoer: folds 
Uncalled bet ($0.50) returned to poker_soul11
poker_soul11 collected $1 from pot
poker_soul11: doesn't show hand 
*** SUMMARY ***
Total pot $1 | Rake $0 
Seat 1: PayTaxOrDie folded before Flop (didn't bet)
Seat 2: elcutez folded before Flop (didn't bet)
Seat 3: joaquin612 (button) folded before Flop (didn't bet)
Seat 4: Gfoer (small blind) folded before Flop
Seat 5: poker_soul11 (big blind) collected ($1)
Seat 6: Evelexy1 folded before Flop (didn't bet)



PokerStars Hand #254499416107:  Hold'em No Limit ($0.50/$1.00 USD) - 2025/01/22 15:21:35 WET [2025/01/22 10:21:35 ET]
Table 'Roberbauxa IV' 6-max Seat #4 is the button
Seat 1: PayTaxOrDie ($100 in chips) 
Seat 2: elcutez ($97.50 in chips) 
Seat 3: joaquin612 ($101.50 in chips) 
Seat 4: Gfoer ($100 in chips) 
Seat 5: poker_soul11 ($106.90 in chips) 
Seat 6: Evelexy1 ($101.50 in chips) 
poker_soul11: posts small blind $0.50
Evelexy1: posts big blind $1
*** HOLE CARDS ***
PayTaxOrDie: folds 
elcutez: folds 
joaquin612: folds 
Gfoer: raises $1 to $2
poker_soul11: folds 
Evelexy1: folds 
Uncalled bet ($1) returned to Gfoer
Gfoer collected $2.50 from pot
Gfoer: doesn't show hand 
*** SUMMARY ***
Total pot $2.50 | Rake $0 
Seat 1: PayTaxOrDie folded before Flop (didn't bet)
Seat 2: elcutez folded before Flop (didn't bet)
Seat 3: joaquin612 folded before Flop (didn't bet)
Seat 4: Gfoer (button) collected ($2.50)
Seat 5: poker_soul11 (small blind) folded before Flop
Seat 6: Evelexy1 (big blind) folded before Flop



PokerStars Hand #254499418761:  Hold'em No Limit ($0.50/$1.00 USD) - 2025/01/22 15:21:48 WET [2025/01/22 10:21:48 ET]
Table 'Roberbauxa IV' 6-max Seat #5 is the button
Seat 1: PayTaxOrDie ($100 in chips) 
Seat 2: elcutez ($97.50 in chips) 
Seat 3: joaquin612 ($101.50 in chips) 
Seat 4: Gfoer ($101.50 in chips) 
Seat 5: poker_soul11 ($106.40 in chips) 
Seat 6: Evelexy1 ($100.50 in chips) 
Evelexy1: posts small blind $0.50
PayTaxOrDie: posts big blind $1
*** HOLE CARDS ***
elcutez: folds 
joaquin612: folds 
Gfoer: folds 
poker_soul11: folds 
Evelexy1: raises $1.50 to $2.50
PayTaxOrDie: folds 
Uncalled bet ($1.50) returned to Evelexy1
Evelexy1 collected $2 from pot
Evelexy1: doesn't show hand 
*** SUMMARY ***
Total pot $2 | Rake $0 
Seat 1: PayTaxOrDie (big blind) folded before Flop
Seat 2: elcutez folded before Flop (didn't bet)
Seat 3: joaquin612 folded before Flop (didn't bet)
Seat 4: Gfoer folded before Flop (didn't bet)
Seat 5: poker_soul11 (button) folded before Flop (didn't bet)
Seat 6: Evelexy1 (small blind) collected ($2)



PokerStars Hand #254499424219:  Hold'em No Limit ($0.50/$1.00 USD) - 2025/01/22 15:22:14 WET [2025/01/22 10:22:14 ET]
Table 'Roberbauxa IV' 6-max Seat #6 is the button
Seat 1: PayTaxOrDie ($100 in chips) 
Seat 2: elcutez ($97.50 in chips) 
Seat 3: joaquin612 ($101.50 in chips) 
Seat 4: Gfoer ($101.50 in chips) 
Seat 5: poker_soul11 ($106.40 in chips) 
Seat 6: Evelexy1 ($101.50 in chips) 
PayTaxOrDie: posts small blind $0.50
elcutez: posts big blind $1
*** HOLE CARDS ***
joaquin612: folds 
Gfoer: folds 
poker_soul11: raises $1.20 to $2.20
Evelexy1: folds 
PayTaxOrDie: raises $9.80 to $12
elcutez: folds 
poker_soul11: calls $9.80
*** FLOP *** [5c 7c Jd]
PayTaxOrDie: bets $15.68
poker_soul11: folds 
Uncalled bet ($15.68) returned to PayTaxOrDie
PayTaxOrDie collected $23.75 from pot
PayTaxOrDie: doesn't show hand 
*** SUMMARY ***
Total pot $25 | Rake $1.25 
Board [5c 7c Jd]
Seat 1: PayTaxOrDie (small blind) collected ($23.75)
Seat 2: elcutez (big blind) folded before Flop
Seat 3: joaquin612 folded before Flop (didn't bet)
Seat 4: Gfoer folded before Flop (didn't bet)
Seat 5: poker_soul11 folded on the Flop
Seat 6: Evelexy1 (button) folded before Flop (didn't bet)



PokerStars Hand #254499435647:  Hold'em No Limit ($0.50/$1.00 USD) - 2025/01/22 15:23:09 WET [2025/01/22 10:23:09 ET]
Table 'Roberbauxa IV' 6-max Seat #1 is the button
Seat 1: PayTaxOrDie ($111.75 in chips) 
Seat 2: elcutez ($96.50 in chips) 
Seat 3: joaquin612 ($101.50 in chips) 
Seat 4: Gfoer ($101.50 in chips) 
Seat 5: poker_soul11 ($100 in chips) 
Seat 6: Evelexy1 ($101.50 in chips) 
elcutez: posts small blind $0.50
joaquin612: posts big blind $1
*** HOLE CARDS ***
Gfoer: folds 
poker_soul11: raises $1.20 to $2.20
Evelexy1: folds 
PayTaxOrDie: folds 
elcutez: folds 
joaquin612: calls $1.20
*** FLOP *** [7d 2d 5d]
joaquin612: checks 
poker_soul11: bets $1.17
joaquin612: raises $8.33 to $9.50
poker_soul11: folds 
Uncalled bet ($8.33) returned to joaquin612
joaquin612 collected $6.88 from pot
joaquin612: doesn't show hand 
*** SUMMARY ***
Total pot $7.24 | Rake $0.36 
Board [7d 2d 5d]
Seat 1: PayTaxOrDie (button) folded before Flop (didn't bet)
Seat 2: elcutez (small blind) folded before Flop
Seat 3: joaquin612 (big blind) collected ($6.88)
Seat 4: Gfoer folded before Flop (didn't bet)
Seat 5: poker_soul11 folded on the Flop
Seat 6: Evelexy1 folded before Flop (didn't bet)



PokerStars Hand #254499443189:  Hold'em No Limit ($0.50/$1.00 USD) - 2025/01/22 15:23:45 WET [2025/01/22 10:23:45 ET]
Table 'Roberbauxa IV' 6-max Seat #2 is the button
Seat 1: PayTaxOrDie ($111.75 in chips) 
Seat 2: elcutez ($96 in chips) 
Seat 3: joaquin612 ($105.01 in chips) 
Seat 4: Gfoer ($101.50 in chips) 
Seat 5: poker_soul11 ($100 in chips) 
Seat 6: Evelexy1 ($101.50 in chips) 
joaquin612: posts small blind $0.50
Gfoer: posts big blind $1
*** HOLE CARDS ***
poker_soul11: folds 
Evelexy1: folds 
PayTaxOrDie: folds 
elcutez: raises $2 to $3
joaquin612: folds 
Gfoer: folds 
Uncalled bet ($2) returned to elcutez
elcutez collected $2.50 from pot
*** SUMMARY ***
Total pot $2.50 | Rake $0 
Seat 1: PayTaxOrDie folded before Flop (didn't bet)
Seat 2: elcutez (button) collected ($2.50)
Seat 3: joaquin612 (small blind) folded before Flop
Seat 4: Gfoer (big blind) folded before Flop
Seat 5: poker_soul11 folded before Flop (didn't bet)
Seat 6: Evelexy1 folded before Flop (didn't bet)



PokerStars Hand #254499446310:  Hold'em No Limit ($0.50/$1.00 USD) - 2025/01/22 15:24:00 WET [2025/01/22 10:24:00 ET]
Table 'Roberbauxa IV' 6-max Seat #3 is the button
Seat 1: PayTaxOrDie ($111.75 in chips) 
Seat 2: elcutez ($97.50 in chips) 
Seat 3: joaquin612 ($104.51 in chips) 
Seat 4: Gfoer ($100.50 in chips) 
Seat 5: poker_soul11 ($100 in chips) 
Seat 6: Evelexy1 ($101.50 in chips) 
Gfoer: posts small blind $0.50
poker_soul11: posts big blind $1
*** HOLE CARDS ***
Evelexy1: folds 
PayTaxOrDie: folds 
elcutez: folds 
joaquin612: folds 
Gfoer: folds 
Uncalled bet ($0.50) returned to poker_soul11
poker_soul11 collected $1 from pot
poker_soul11: doesn't show hand 
*** SUMMARY ***
Total pot $1 | Rake $0 
Seat 1: PayTaxOrDie folded before Flop (didn't bet)
Seat 2: elcutez folded before Flop (didn't bet)
Seat 3: joaquin612 (button) folded before Flop (didn't bet)
Seat 4: Gfoer (small blind) folded before Flop
Seat 5: poker_soul11 (big blind) collected ($1)
Seat 6: Evelexy1 folded before Flop (didn't bet)



PokerStars Hand #254499448975:  Hold'em No Limit ($0.50/$1.00 USD) - 2025/01/22 15:24:12 WET [2025/01/22 10:24:12 ET]
Table 'Roberbauxa IV' 6-max Seat #4 is the button
Seat 1: PayTaxOrDie ($111.75 in chips) 
Seat 2: elcutez ($97.50 in chips) 
Seat 3: joaquin612 ($104.51 in chips) 
Seat 4: Gfoer ($100 in chips) 
Seat 5: poker_soul11 ($100.50 in chips) 
Seat 6: Evelexy1 ($101.50 in chips) 
poker_soul11: posts small blind $0.50
Evelexy1: posts big blind $1
*** HOLE CARDS ***
PayTaxOrDie: folds 
elcutez: folds 
joaquin612: folds 
Gfoer: raises $1 to $2
poker_soul11: folds 
Evelexy1: folds 
Uncalled bet ($1) returned to Gfoer
Gfoer collected $2.50 from pot
Gfoer: doesn't show hand 
*** SUMMARY ***
Total pot $2.50 | Rake $0 
Seat 1: PayTaxOrDie folded before Flop (didn't bet)
Seat 2: elcutez folded before Flop (didn't bet)
Seat 3: joaquin612 folded before Flop (didn't bet)
Seat 4: Gfoer (button) collected ($2.50)
Seat 5: poker_soul11 (small blind) folded before Flop
Seat 6: Evelexy1 (big blind) folded before Flop



PokerStars Hand #254499451597:  Hold'em No Limit ($0.50/$1.00 USD) - 2025/01/22 15:24:25 WET [2025/01/22 10:24:25 ET]
Table 'Roberbauxa IV' 6-max Seat #5 is the button
Seat 1: PayTaxOrDie ($111.75 in chips) 
Seat 2: elcutez ($97.50 in chips) 
Seat 3: joaquin612 ($104.51 in chips) 
Seat 4: Gfoer ($101.50 in chips) 
Seat 5: poker_soul11 ($100 in chips) 
Seat 6: Evelexy1 ($100.50 in chips) 
Evelexy1: posts small blind $0.50
PayTaxOrDie: posts big blind $1
*** HOLE CARDS ***
elcutez: folds 
joaquin612: folds 
Gfoer: folds 
poker_soul11: raises $1.20 to $2.20
Evelexy1: raises $8.44 to $10.64
PayTaxOrDie: folds 
poker_soul11: folds 
Uncalled bet ($8.44) returned to Evelexy1
Evelexy1 collected $5.40 from pot
Evelexy1: doesn't show hand 
*** SUMMARY ***
Total pot $5.40 | Rake $0 
Seat 1: PayTaxOrDie (big blind) folded before Flop
Seat 2: elcutez folded before Flop (didn't bet)
Seat 3: joaquin612 folded before Flop (didn't bet)
Seat 4: Gfoer folded before Flop (didn't bet)
Seat 5: poker_soul11 (button) folded before Flop
Seat 6: Evelexy1 (small blind) collected ($5.40)



PokerStars Hand #254499454804:  Hold'em No Limit ($0.50/$1.00 USD) - 2025/01/22 15:24:41 WET [2025/01/22 10:24:41 ET]
Table 'Roberbauxa IV' 6-max Seat #6 is the button
Seat 1: PayTaxOrDie ($110.75 in chips) 
Seat 2: elcutez ($97.50 in chips) 
Seat 3: joaquin612 ($104.51 in chips) 
Seat 4: Gfoer ($101.50 in chips) 
Seat 5: poker_soul11 ($100 in chips) 
Seat 6: Evelexy1 ($103.70 in chips) 
PayTaxOrDie: posts small blind $0.50
elcutez: posts big blind $1
*** HOLE CARDS ***
joaquin612: folds 
Gfoer: folds 
joaquin612 leaves the table
poker_soul11: raises $1.20 to $2.20
Evelexy1: folds 
PayTaxOrDie: folds 
elcutez: folds 
Uncalled bet ($1.20) returned to poker_soul11
poker_soul11 collected $2.50 from pot
poker_soul11: doesn't show hand 
PayTaxOrDie leaves the table
*** SUMMARY ***
Total pot $2.50 | Rake $0 
Seat 1: PayTaxOrDie (small blind) folded before Flop
Seat 2: elcutez (big blind) folded before Flop
Seat 3: joaquin612 folded before Flop (didn't bet)
Seat 4: Gfoer folded before Flop (didn't bet)
Seat 5: poker_soul11 collected ($2.50)
Seat 6: Evelexy1 (button) folded before Flop (didn't bet)



PokerStars Hand #254499457612:  Hold'em No Limit ($0.50/$1.00 USD) - 2025/01/22 15:24:54 WET [2025/01/22 10:24:54 ET]
Table 'Roberbauxa IV' 6-max Seat #2 is the button
Seat 2: elcutez ($96.50 in chips) 
Seat 4: Gfoer ($101.50 in chips) 
Seat 5: poker_soul11 ($101.50 in chips) 
Seat 6: Evelexy1 ($103.70 in chips) 
Gfoer: posts small blind $0.50
poker_soul11: posts big blind $1
*** HOLE CARDS ***
Evelexy1: raises $1.50 to $2.50
elcutez: raises $6 to $8.50
Gfoer: folds 
poker_soul11: folds 
Evelexy1: calls $6
*** FLOP *** [Js 3d 3h]
Evelexy1: checks 
elcutez: bets $9.50
Evelexy1: folds 
Uncalled bet ($9.50) returned to elcutez
elcutez collected $17.58 from pot
*** SUMMARY ***
Total pot $18.50 | Rake $0.92 
Board [Js 3d 3h]
Seat 2: elcutez (button) collected ($17.58)
Seat 4: Gfoer (small blind) folded before Flop
Seat 5: poker_soul11 (big blind) folded before Flop
Seat 6: Evelexy1 folded on the Flop



PokerStars Hand #254499464398:  Hold'em No Limit ($0.50/$1.00 USD) - 2025/01/22 15:25:26 WET [2025/01/22 10:25:26 ET]
Table 'Roberbauxa IV' 6-max Seat #4 is the button
Seat 2: elcutez ($105.58 in chips) 
Seat 4: Gfoer ($101 in chips) 
Seat 5: poker_soul11 ($100.50 in chips) 
Evelexy1 leaves the table
poker_soul11: posts small blind $0.50
elcutez: posts big blind $1
*** HOLE CARDS ***
Gfoer: folds 
poker_soul11: folds 
Uncalled bet ($0.50) returned to elcutez
elcutez collected $1 from pot
*** SUMMARY ***
Total pot $1 | Rake $0 
Seat 2: elcutez (big blind) collected ($1)
Seat 4: Gfoer (button) folded before Flop (didn't bet)
Seat 5: poker_soul11 (small blind) folded before Flop



PokerStars Hand #254499466031:  Hold'em No Limit ($0.50/$1.00 USD) - 2025/01/22 15:25:34 WET [2025/01/22 10:25:34 ET]
Table 'Roberbauxa IV' 6-max Seat #2 is the button
Seat 4: Gfoer ($101 in chips) is sitting out
Seat 2: elcutez ($106.08 in chips) 
Seat 5: poker_soul11 ($100 in chips) 
elcutez: posts small blind $0.50
Gfoer: is sitting out 
poker_soul11: posts big blind $1
*** HOLE CARDS ***
Gfoer leaves the table
elcutez: raises $2 to $3
poker_soul11: folds 
Uncalled bet ($2) returned to elcutez
elcutez collected $2 from pot
*** SUMMARY ***
Total pot $2 | Rake $0 
Seat 4: Gfoer
Seat 2: elcutez (button) (small blind) collected ($2)
Seat 5: poker_soul11 (big blind) folded before Flop



PokerStars Hand #254499468208:  Hold'em No Limit ($0.50/$1.00 USD) - 2025/01/22 15:25:45 WET [2025/01/22 10:25:45 ET]
Table 'Roberbauxa IV' 6-max Seat #5 is the button
Seat 2: elcutez ($107.08 in chips) 
Seat 5: poker_soul11 ($100 in chips) 
poker_soul11: posts small blind $0.50
elcutez: posts big blind $1
*** HOLE CARDS ***
poker_soul11: folds 
Uncalled bet ($0.50) returned to elcutez
elcutez collected $1 from pot
*** SUMMARY ***
Total pot $1 | Rake $0 
Seat 2: elcutez (big blind) collected ($1)
Seat 5: poker_soul11 (button) (small blind) folded before Flop



PokerStars Hand #254499470705:  Hold'em No Limit ($0.50/$1.00 USD) - 2025/01/22 15:25:57 WET [2025/01/22 10:25:57 ET]
Table 'Roberbauxa IV' 6-max Seat #2 is the button
Seat 2: elcutez ($107.58 in chips) 
Seat 5: poker_soul11 ($100 in chips) 
elcutez: posts small blind $0.50
poker_soul11: posts big blind $1
*** HOLE CARDS ***
elcutez: folds 
Uncalled bet ($0.50) returned to poker_soul11
poker_soul11 collected $1 from pot
poker_soul11: doesn't show hand 
*** SUMMARY ***
Total pot $1 | Rake $0 
Seat 2: elcutez (button) (small blind) folded before Flop
Seat 5: poker_soul11 (big blind) collected ($1)



PokerStars Hand #254499472045:  Hold'em No Limit ($0.50/$1.00 USD) - 2025/01/22 15:26:03 WET [2025/01/22 10:26:03 ET]
Table 'Roberbauxa IV' 6-max Seat #5 is the button
Seat 2: elcutez ($107.08 in chips) 
Seat 5: poker_soul11 ($100.50 in chips) 
poker_soul11: posts small blind $0.50
elcutez: posts big blind $1
*** HOLE CARDS ***
poker_soul11: folds 
Uncalled bet ($0.50) returned to elcutez
elcutez collected $1 from pot
*** SUMMARY ***
Total pot $1 | Rake $0 
Seat 2: elcutez (big blind) collected ($1)
Seat 5: poker_soul11 (button) (small blind) folded before Flop



PokerStars Hand #254499476096:  Hold'em No Limit ($0.50/$1.00 USD) - 2025/01/22 15:26:22 WET [2025/01/22 10:26:22 ET]
Table 'Roberbauxa IV' 6-max Seat #2 is the button
Seat 2: elcutez ($107.58 in chips) 
Seat 5: poker_soul11 ($100 in chips) 
elcutez: posts small blind $0.50
poker_soul11: posts big blind $1
*** HOLE CARDS ***
elcutez: folds 
Uncalled bet ($0.50) returned to poker_soul11
poker_soul11 collected $1 from pot
poker_soul11: doesn't show hand 
*** SUMMARY ***
Total pot $1 | Rake $0 
Seat 2: elcutez (button) (small blind) folded before Flop
Seat 5: poker_soul11 (big blind) collected ($1)



PokerStars Hand #254499477434:  Hold'em No Limit ($0.50/$1.00 USD) - 2025/01/22 15:26:29 WET [2025/01/22 10:26:29 ET]
Table 'Roberbauxa IV' 6-max Seat #5 is the button
Seat 2: elcutez ($107.08 in chips) 
Seat 5: poker_soul11 ($100.50 in chips) 
poker_soul11: posts small blind $0.50
elcutez: posts big blind $1
*** HOLE CARDS ***
poker_soul11: folds 
Uncalled bet ($0.50) returned to elcutez
elcutez collected $1 from pot
*** SUMMARY ***
Total pot $1 | Rake $0 
Seat 2: elcutez (big blind) collected ($1)
Seat 5: poker_soul11 (button) (small blind) folded before Flop



