PokerStars Hand #254501765189:  Hold'em No Limit ($0.50/$1.00 USD) - 2025/01/22 17:40:24 WET [2025/01/22 12:40:24 ET]
Table 'Hamal IV' 6-max Seat #4 is the button
Seat 1: Cositorto ($100 in chips) is sitting out
Seat 2: z00mba ($100 in chips) is sitting out
Seat 3: whlzor ($100 in chips) is sitting out
Seat 4: Supermegopro ($102.77 in chips) 
Seat 5: owen988 ($97.50 in chips) 
Seat 6: sta$igk ($106.84 in chips) 
owen988: posts small blind $0.50
sta$igk: posts big blind $1
Cositorto: sits out 
z00mba: sits out 
whlzor: sits out 
*** HOLE CARDS ***
Supermegopro: folds 
owen988: folds 
Uncalled bet ($0.50) returned to sta$igk
sta$igk collected $1 from pot
sta$igk: doesn't show hand 
*** SUMMARY ***
Total pot $1 | Rake $0 
Seat 1: Cositorto
Seat 2: z00mba
Seat 3: whlzor
Seat 4: Supermegopro (button) folded before Flop (didn't bet)
Seat 5: owen988 (small blind) folded before Flop
Seat 6: sta$igk (big blind) collected ($1)



PokerStars Hand #254501766856:  Hold'em No Limit ($0.50/$1.00 USD) - 2025/01/22 17:40:31 WET [2025/01/22 12:40:31 ET]
Table 'Hamal IV' 6-max Seat #5 is the button
Seat 2: z00mba ($100 in chips) is sitting out
Seat 3: whlzor ($100 in chips) is sitting out
Seat 1: Cositorto ($100 in chips) 
Seat 4: Supermegopro ($102.77 in chips) 
Seat 5: owen988 ($97 in chips) 
Seat 6: sta$igk ($107.34 in chips) 
sta$igk: posts small blind $0.50
Cositorto: posts big blind $1
z00mba: sits out 
whlzor: sits out 
*** HOLE CARDS ***
Supermegopro: folds 
owen988: folds 
sta$igk: raises $2 to $3
Cositorto: folds 
Uncalled bet ($2) returned to sta$igk
sta$igk collected $2 from pot
sta$igk: doesn't show hand 
*** SUMMARY ***
Total pot $2 | Rake $0 
Seat 2: z00mba
Seat 3: whlzor
Seat 1: Cositorto (big blind) folded before Flop
Seat 4: Supermegopro folded before Flop (didn't bet)
Seat 5: owen988 (button) folded before Flop (didn't bet)
Seat 6: sta$igk (small blind) collected ($2)



PokerStars Hand #254501769416:  Hold'em No Limit ($0.50/$1.00 USD) - 2025/01/22 17:40:41 WET [2025/01/22 12:40:41 ET]
Table 'Hamal IV' 6-max Seat #6 is the button
Seat 3: whlzor ($100 in chips) is sitting out
Seat 1: Cositorto ($100 in chips) 
Seat 2: z00mba ($100 in chips) 
Seat 4: Supermegopro ($102.77 in chips) 
Seat 5: owen988 ($97 in chips) 
Seat 6: sta$igk ($108.34 in chips) 
Cositorto: posts small blind $0.50
z00mba: posts big blind $1
whlzor: sits out 
*** HOLE CARDS ***
Supermegopro: folds 
owen988: calls $1
sta$igk: folds 
Cositorto: raises $2.50 to $3.50
z00mba: folds 
owen988: calls $2.50
*** FLOP *** [5h 3c 6h]
Cositorto: bets $2.05
owen988: folds 
Uncalled bet ($2.05) returned to Cositorto
Cositorto collected $7.60 from pot
Cositorto: doesn't show hand 
*** SUMMARY ***
Total pot $8 | Rake $0.40 
Board [5h 3c 6h]
Seat 3: whlzor
Seat 1: Cositorto (small blind) collected ($7.60)
Seat 2: z00mba (big blind) folded before Flop
Seat 4: Supermegopro folded before Flop (didn't bet)
Seat 5: owen988 folded on the Flop
Seat 6: sta$igk (button) folded before Flop (didn't bet)



PokerStars Hand #254501777219:  Hold'em No Limit ($0.50/$1.00 USD) - 2025/01/22 17:41:11 WET [2025/01/22 12:41:11 ET]
Table 'Hamal IV' 6-max Seat #1 is the button
Seat 1: Cositorto ($104.10 in chips) 
Seat 2: z00mba ($100 in chips) 
Seat 3: whlzor ($100 in chips) 
Seat 4: Supermegopro ($102.77 in chips) 
Seat 5: owen988 ($93.50 in chips) 
Seat 6: sta$igk ($108.34 in chips) 
z00mba: posts small blind $0.50
whlzor: posts big blind $1
*** HOLE CARDS ***
Supermegopro: raises $1.50 to $2.50
owen988: calls $2.50
sta$igk: folds 
Cositorto: calls $2.50
z00mba: folds 
whlzor: folds 
*** FLOP *** [3s 7s Jh]
Supermegopro: checks 
owen988: bets $4.28
Cositorto: folds 
Supermegopro: folds 
Uncalled bet ($4.28) returned to owen988
owen988 collected $8.55 from pot
*** SUMMARY ***
Total pot $9 | Rake $0.45 
Board [3s 7s Jh]
Seat 1: Cositorto (button) folded on the Flop
Seat 2: z00mba (small blind) folded before Flop
Seat 3: whlzor (big blind) folded before Flop
Seat 4: Supermegopro folded on the Flop
Seat 5: owen988 collected ($8.55)
Seat 6: sta$igk folded before Flop (didn't bet)



PokerStars Hand #254501787072:  Hold'em No Limit ($0.50/$1.00 USD) - 2025/01/22 17:41:50 WET [2025/01/22 12:41:50 ET]
Table 'Hamal IV' 6-max Seat #2 is the button
Seat 1: Cositorto ($101.60 in chips) 
Seat 2: z00mba ($100 in chips) 
Seat 3: whlzor ($100 in chips) 
Seat 4: Supermegopro ($100.27 in chips) 
Seat 5: owen988 ($99.55 in chips) 
Seat 6: sta$igk ($108.34 in chips) 
whlzor: posts small blind $0.50
Supermegopro: posts big blind $1
*** HOLE CARDS ***
owen988: calls $1
sta$igk: folds 
Cositorto: folds 
z00mba: folds 
whlzor: calls $0.50
Supermegopro: checks 
*** FLOP *** [3c 9d 8d]
whlzor: bets $2.20
Supermegopro: folds 
owen988: raises $3.63 to $5.83
whlzor: raises $11.47 to $17.30
owen988: raises $37.45 to $54.75
whlzor: raises $44.25 to $99 and is all-in
owen988: calls $43.80 and is all-in
Uncalled bet ($0.45) returned to whlzor
*** TURN *** [3c 9d 8d] [Jc]
*** RIVER *** [3c 9d 8d Jc] [7h]
*** SHOW DOWN ***
whlzor: shows [3d 3h] (three of a kind, Threes)
owen988: shows [3s 8s] (two pair, Eights and Threes)
whlzor collected $197.60 from pot
*** SUMMARY ***
Total pot $200.10 | Rake $2.50 
Board [3c 9d 8d Jc 7h]
Seat 1: Cositorto folded before Flop (didn't bet)
Seat 2: z00mba (button) folded before Flop (didn't bet)
Seat 3: whlzor (small blind) showed [3d 3h] and won ($197.60) with three of a kind, Threes
Seat 4: Supermegopro (big blind) folded on the Flop
Seat 5: owen988 showed [3s 8s] and lost with two pair, Eights and Threes
Seat 6: sta$igk folded before Flop (didn't bet)



PokerStars Hand #254501804294:  Hold'em No Limit ($0.50/$1.00 USD) - 2025/01/22 17:42:58 WET [2025/01/22 12:42:58 ET]
Table 'Hamal IV' 6-max Seat #3 is the button
Seat 5: owen988 ($0 in chips) is sitting out
Seat 1: Cositorto ($101.60 in chips) 
Seat 2: z00mba ($100 in chips) 
Seat 3: whlzor ($198.05 in chips) 
Seat 4: Supermegopro ($100 in chips) 
Seat 6: sta$igk ($108.34 in chips) 
Supermegopro: posts small blind $0.50
sta$igk: posts big blind $1
*** HOLE CARDS ***
Cositorto: raises $1 to $2
z00mba: folds 
whlzor: folds 
Supermegopro: folds 
sta$igk: folds 
Uncalled bet ($1) returned to Cositorto
Cositorto collected $2.50 from pot
Cositorto: doesn't show hand 
*** SUMMARY ***
Total pot $2.50 | Rake $0 
Seat 5: owen988
Seat 1: Cositorto collected ($2.50)
Seat 2: z00mba folded before Flop (didn't bet)
Seat 3: whlzor (button) folded before Flop (didn't bet)
Seat 4: Supermegopro (small blind) folded before Flop
Seat 6: sta$igk (big blind) folded before Flop



PokerStars Hand #254501807263:  Hold'em No Limit ($0.50/$1.00 USD) - 2025/01/22 17:43:10 WET [2025/01/22 12:43:10 ET]
Table 'Hamal IV' 6-max Seat #4 is the button
Seat 5: owen988 ($99.24 in chips) is sitting out
Seat 1: Cositorto ($103.10 in chips) 
Seat 2: z00mba ($100 in chips) 
Seat 3: whlzor ($198.05 in chips) 
Seat 4: Supermegopro ($100 in chips) 
Seat 6: sta$igk ($107.34 in chips) 
sta$igk: posts small blind $0.50
Cositorto: posts big blind $1
*** HOLE CARDS ***
z00mba: folds 
whlzor: folds 
Supermegopro: raises $1.50 to $2.50
sta$igk: folds 
Cositorto: folds 
Uncalled bet ($1.50) returned to Supermegopro
Supermegopro collected $2.50 from pot
Supermegopro: doesn't show hand 
*** SUMMARY ***
Total pot $2.50 | Rake $0 
Seat 5: owen988
Seat 1: Cositorto (big blind) folded before Flop
Seat 2: z00mba folded before Flop (didn't bet)
Seat 3: whlzor folded before Flop (didn't bet)
Seat 4: Supermegopro (button) collected ($2.50)
Seat 6: sta$igk (small blind) folded before Flop



PokerStars Hand #254501812328:  Hold'em No Limit ($0.50/$1.00 USD) - 2025/01/22 17:43:30 WET [2025/01/22 12:43:30 ET]
Table 'Hamal IV' 6-max Seat #6 is the button
Seat 1: Cositorto ($102.10 in chips) 
Seat 2: z00mba ($100 in chips) 
Seat 3: whlzor ($198.05 in chips) 
Seat 4: Supermegopro ($101.50 in chips) 
Seat 5: owen988 ($99.24 in chips) 
Seat 6: sta$igk ($106.84 in chips) 
Cositorto: posts small blind $0.50
z00mba: posts big blind $1
owen988: posts small & big blinds $1.50
*** HOLE CARDS ***
whlzor: folds 
Supermegopro: folds 
owen988: checks 
sta$igk: raises $3 to $4
Cositorto: raises $10 to $14
z00mba: folds 
owen988: folds 
sta$igk: folds 
Uncalled bet ($10) returned to Cositorto
Cositorto collected $10.50 from pot
Cositorto: doesn't show hand 
*** SUMMARY ***
Total pot $10.50 | Rake $0 
Seat 1: Cositorto (small blind) collected ($10.50)
Seat 2: z00mba (big blind) folded before Flop
Seat 3: whlzor folded before Flop (didn't bet)
Seat 4: Supermegopro folded before Flop (didn't bet)
Seat 5: owen988 folded before Flop (didn't bet)
Seat 6: sta$igk (button) folded before Flop



PokerStars Hand #254501819084:  Hold'em No Limit ($0.50/$1.00 USD) - 2025/01/22 17:43:57 WET [2025/01/22 12:43:57 ET]
Table 'Hamal IV' 6-max Seat #1 is the button
Seat 3: whlzor ($198.05 in chips) is sitting out
Seat 1: Cositorto ($108.60 in chips) 
Seat 2: z00mba ($100 in chips) 
Seat 4: Supermegopro ($101.50 in chips) 
Seat 5: owen988 ($97.74 in chips) 
Seat 6: sta$igk ($102.84 in chips) 
z00mba: posts small blind $0.50
whlzor: is sitting out 
Supermegopro: posts big blind $1
*** HOLE CARDS ***
owen988: folds 
sta$igk: folds 
whlzor leaves the table
Cositorto: raises $1.50 to $2.50
z00mba: raises $9 to $11.50
AlexPinsk1 joins the table at seat #3 
Supermegopro: folds 
Cositorto: calls $9
*** FLOP *** [As 6d 7h]
z00mba: bets $7.30
Cositorto: folds 
Uncalled bet ($7.30) returned to z00mba
z00mba collected $22.80 from pot
z00mba: doesn't show hand 
*** SUMMARY ***
Total pot $24 | Rake $1.20 
Board [As 6d 7h]
Seat 3: whlzor
Seat 1: Cositorto (button) folded on the Flop
Seat 2: z00mba (small blind) collected ($22.80)
Seat 4: Supermegopro (big blind) folded before Flop
Seat 5: owen988 folded before Flop (didn't bet)
Seat 6: sta$igk folded before Flop (didn't bet)



PokerStars Hand #254501826072:  Hold'em No Limit ($0.50/$1.00 USD) - 2025/01/22 17:44:24 WET [2025/01/22 12:44:24 ET]
Table 'Hamal IV' 6-max Seat #2 is the button
Seat 3: AlexPinsk1 ($100 in chips) is sitting out
Seat 1: Cositorto ($100 in chips) 
Seat 2: z00mba ($111.30 in chips) 
Seat 4: Supermegopro ($100.50 in chips) 
Seat 5: owen988 ($97.74 in chips) 
Seat 6: sta$igk ($102.84 in chips) 
Supermegopro: posts small blind $0.50
owen988: posts big blind $1
*** HOLE CARDS ***
sta$igk: raises $1.50 to $2.50
Cositorto: folds 
z00mba: calls $2.50
Supermegopro: calls $2
owen988: calls $1.50
*** FLOP *** [Qs Kd 4d]
Supermegopro: checks 
owen988: bets $2
sta$igk: raises $10.13 to $12.13
z00mba: folds 
Supermegopro: folds 
owen988: calls $10.13
*** TURN *** [Qs Kd 4d] [Ah]
owen988: checks 
sta$igk: bets $21.81
owen988: raises $61.30 to $83.11 and is all-in
sta$igk: calls $61.30
*** RIVER *** [Qs Kd 4d Ah] [Ad]
*** SHOW DOWN ***
owen988: shows [Td Js] (a straight, Ten to Ace)
sta$igk: shows [Qh Qd] (a full house, Queens full of Aces)
sta$igk collected $197.98 from pot
*** SUMMARY ***
Total pot $200.48 | Rake $2.50 
Board [Qs Kd 4d Ah Ad]
Seat 3: AlexPinsk1
Seat 1: Cositorto folded before Flop (didn't bet)
Seat 2: z00mba (button) folded on the Flop
Seat 4: Supermegopro (small blind) folded on the Flop
Seat 5: owen988 (big blind) showed [Td Js] and lost with a straight, Ten to Ace
Seat 6: sta$igk showed [Qh Qd] and won ($197.98) with a full house, Queens full of Aces



PokerStars Hand #254501846629:  Hold'em No Limit ($0.50/$1.00 USD) - 2025/01/22 17:45:45 WET [2025/01/22 12:45:45 ET]
Table 'Hamal IV' 6-max Seat #4 is the button
Seat 3: AlexPinsk1 ($100 in chips) is sitting out
Seat 5: owen988 ($0 in chips) is sitting out
Seat 1: Cositorto ($100 in chips) 
Seat 2: z00mba ($108.80 in chips) 
Seat 4: Supermegopro ($100 in chips) 
Seat 6: sta$igk ($203.08 in chips) 
sta$igk: posts small blind $0.50
Cositorto: posts big blind $1
AlexPinsk1: sits out 
*** HOLE CARDS ***
z00mba: folds 
Supermegopro: raises $1.50 to $2.50
sta$igk: folds 
Cositorto: calls $1.50
*** FLOP *** [8h Kh 4s]
owen988 is disconnected 
Cositorto: checks 
Supermegopro: checks 
*** TURN *** [8h Kh 4s] [6d]
Cositorto: bets $4.59
Supermegopro: calls $4.59
*** RIVER *** [8h Kh 4s 6d] [Td]
Cositorto: bets $20.93
Supermegopro: calls $20.93
*** SHOW DOWN ***
Cositorto: shows [Ac 3c] (high card Ace)
Supermegopro: shows [9d Kc] (a pair of Kings)
Supermegopro collected $55.54 from pot
*** SUMMARY ***
Total pot $56.54 | Rake $1 
Board [8h Kh 4s 6d Td]
Seat 3: AlexPinsk1
Seat 5: owen988
Seat 1: Cositorto (big blind) showed [Ac 3c] and lost with high card Ace
Seat 2: z00mba folded before Flop (didn't bet)
Seat 4: Supermegopro (button) showed [9d Kc] and won ($55.54) with a pair of Kings
Seat 6: sta$igk (small blind) folded before Flop



PokerStars Hand #254501860463:  Hold'em No Limit ($0.50/$1.00 USD) - 2025/01/22 17:46:40 WET [2025/01/22 12:46:40 ET]
Table 'Hamal IV' 6-max Seat #6 is the button
Seat 5: owen988 ($0 in chips) is sitting out
Seat 2: z00mba ($108.80 in chips) 
Seat 3: AlexPinsk1 ($100 in chips) 
Seat 4: Supermegopro ($127.52 in chips) 
Seat 6: sta$igk ($202.58 in chips) 
z00mba: posts small blind $0.50
AlexPinsk1: posts big blind $1
*** HOLE CARDS ***
Supermegopro: raises $1.50 to $2.50
sta$igk: folds 
z00mba: folds 
AlexPinsk1: folds 
Uncalled bet ($1.50) returned to Supermegopro
BoyLoc0 joins the table at seat #1 
Supermegopro collected $2.50 from pot
Supermegopro: doesn't show hand 
*** SUMMARY ***
Total pot $2.50 | Rake $0 
Seat 5: owen988
Seat 2: z00mba (small blind) folded before Flop
Seat 3: AlexPinsk1 (big blind) folded before Flop
Seat 4: Supermegopro collected ($2.50)
Seat 6: sta$igk (button) folded before Flop (didn't bet)



PokerStars Hand #254501863242:  Hold'em No Limit ($0.50/$1.00 USD) - 2025/01/22 17:46:50 WET [2025/01/22 12:46:50 ET]
Table 'Hamal IV' 6-max Seat #2 is the button
Seat 4: Supermegopro ($129.02 in chips) is sitting out
Seat 5: owen988 ($0 in chips) is sitting out
Seat 6: sta$igk ($202.58 in chips) is sitting out
Seat 1: BoyLoc0 ($100 in chips) 
Seat 2: z00mba ($108.30 in chips) 
Seat 3: AlexPinsk1 ($100 in chips) 
AlexPinsk1: posts small blind $0.50
Supermegopro: is sitting out 
sta$igk: is sitting out 
owen988 is disconnected 
BoyLoc0: posts big blind $1
*** HOLE CARDS ***
Supermegopro leaves the table
z00mba: folds 
AlexPinsk1: raises $2 to $3
sta$igk leaves the table
BoyLoc0: calls $2
*** FLOP *** [4d 6s 7d]
blistein joins the table at seat #4 
AlexPinsk1: checks 
BoyLoc0: checks 
*** TURN *** [4d 6s 7d] [2h]
AlexPinsk1: bets $8.50
BoyLoc0: folds 
Uncalled bet ($8.50) returned to AlexPinsk1
AlexPinsk1 collected $5.70 from pot
AlexPinsk1: doesn't show hand 
*** SUMMARY ***
Total pot $6 | Rake $0.30 
Board [4d 6s 7d 2h]
Seat 4: Supermegopro
Seat 5: owen988
Seat 6: sta$igk
Seat 1: BoyLoc0 (big blind) folded on the Turn
Seat 2: z00mba (button) folded before Flop (didn't bet)
Seat 3: AlexPinsk1 (small blind) collected ($5.70)



PokerStars Hand #254501875800:  Hold'em No Limit ($0.50/$1.00 USD) - 2025/01/22 17:47:40 WET [2025/01/22 12:47:40 ET]
Table 'Hamal IV' 6-max Seat #3 is the button
Seat 4: blistein ($100 in chips) is sitting out
Seat 5: owen988 ($0 in chips) is sitting out
Seat 1: BoyLoc0 ($100 in chips) 
Seat 2: z00mba ($108.30 in chips) 
Seat 3: AlexPinsk1 ($102.70 in chips) 
BoyLoc0: posts small blind $0.50
z00mba: posts big blind $1
*** HOLE CARDS ***
AlexPinsk1: raises $1.50 to $2.50
BoyLoc0: raises $7.50 to $10
z00mba: folds 
AlexPinsk1: folds 
Uncalled bet ($7.50) returned to BoyLoc0
BoyLoc0 collected $6 from pot
BoyLoc0: doesn't show hand 
*** SUMMARY ***
Total pot $6 | Rake $0 
Seat 4: blistein
Seat 5: owen988
Seat 1: BoyLoc0 (small blind) collected ($6)
Seat 2: z00mba (big blind) folded before Flop
Seat 3: AlexPinsk1 (button) folded before Flop



PokerStars Hand #254501881210:  Hold'em No Limit ($0.50/$1.00 USD) - 2025/01/22 17:48:01 WET [2025/01/22 12:48:01 ET]
Table 'Hamal IV' 6-max Seat #1 is the button
Seat 3: AlexPinsk1 ($100.20 in chips) is sitting out
Seat 5: owen988 ($0 in chips) is sitting out
Seat 1: BoyLoc0 ($103.50 in chips) 
Seat 2: z00mba ($107.30 in chips) 
Seat 4: blistein ($100 in chips) 
z00mba: posts small blind $0.50
AlexPinsk1: is sitting out 
blistein: posts big blind $1
*** HOLE CARDS ***
AlexPinsk1 leaves the table
BoyLoc0: raises $1.50 to $2.50
z00mba: folds 
blistein: raises $10.50 to $13
BoyLoc0: folds 
Uncalled bet ($10.50) returned to blistein
blistein collected $5.50 from pot
blistein: doesn't show hand 
*** SUMMARY ***
Total pot $5.50 | Rake $0 
Seat 3: AlexPinsk1
Seat 5: owen988
Seat 1: BoyLoc0 (button) folded before Flop
Seat 2: z00mba (small blind) folded before Flop
Seat 4: blistein (big blind) collected ($5.50)



PokerStars Hand #254501888341:  Hold'em No Limit ($0.50/$1.00 USD) - 2025/01/22 17:48:29 WET [2025/01/22 12:48:29 ET]
Table 'Hamal IV' 6-max Seat #2 is the button
Seat 5: owen988 ($0 in chips) is sitting out
Seat 1: BoyLoc0 ($101 in chips) 
Seat 2: z00mba ($106.80 in chips) 
Seat 4: blistein ($103 in chips) 
blistein: posts small blind $0.50
BoyLoc0: posts big blind $1
*** HOLE CARDS ***
z00mba: raises $1.50 to $2.50
blistein: folds 
BoyLoc0: folds 
Uncalled bet ($1.50) returned to z00mba
z00mba collected $2.50 from pot
z00mba: doesn't show hand 
*** SUMMARY ***
Total pot $2.50 | Rake $0 
Seat 5: owen988
Seat 1: BoyLoc0 (big blind) folded before Flop
Seat 2: z00mba (button) collected ($2.50)
Seat 4: blistein (small blind) folded before Flop



PokerStars Hand #254501906356:  Hold'em No Limit ($0.50/$1.00 USD) - 2025/01/22 17:49:39 WET [2025/01/22 12:49:39 ET]
Table 'Hamal IV' 6-max Seat #4 is the button
Seat 2: z00mba ($108.30 in chips) is sitting out
Seat 5: owen988 ($0 in chips) is sitting out
Seat 1: BoyLoc0 ($100 in chips) 
Seat 4: Maximysss85 ($100 in chips) 
Maximysss85: posts small blind $0.50
BoyLoc0: posts big blind $1
*** HOLE CARDS ***
Maximysss85: raises $1.50 to $2.50
BoyLoc0: raises $8.50 to $11
Maximysss85: folds 
Uncalled bet ($8.50) returned to BoyLoc0
BoyLoc0 collected $5 from pot
BoyLoc0: doesn't show hand 
*** SUMMARY ***
Total pot $5 | Rake $0 
Seat 2: z00mba
Seat 5: owen988
Seat 1: BoyLoc0 (big blind) collected ($5)
Seat 4: Maximysss85 (button) (small blind) folded before Flop



PokerStars Hand #254501909275:  Hold'em No Limit ($0.50/$1.00 USD) - 2025/01/22 17:49:50 WET [2025/01/22 12:49:50 ET]
Table 'Hamal IV' 6-max Seat #1 is the button
Seat 2: z00mba ($108.30 in chips) is sitting out
Seat 5: owen988 ($0 in chips) is sitting out
Seat 1: BoyLoc0 ($102.50 in chips) 
Seat 4: Maximysss85 ($100 in chips) 
BoyLoc0: posts small blind $0.50
Maximysss85: posts big blind $1
*** HOLE CARDS ***
BoyLoc0: raises $1.50 to $2.50
Maximysss85: calls $1.50
*** FLOP *** [2s 7h 2d]
Maximysss85: checks 
BoyLoc0: bets $1.57
Maximysss85: calls $1.57
*** TURN *** [2s 7h 2d] [5c]
Maximysss85: checks 
BoyLoc0: bets $11.60
Maximysss85: folds 
Uncalled bet ($11.60) returned to BoyLoc0
BoyLoc0 collected $7.73 from pot
BoyLoc0: doesn't show hand 
*** SUMMARY ***
Total pot $8.14 | Rake $0.41 
Board [2s 7h 2d 5c]
Seat 2: z00mba
Seat 5: owen988
Seat 1: BoyLoc0 (button) (small blind) collected ($7.73)
Seat 4: Maximysss85 (big blind) folded on the Turn



PokerStars Hand #254501916461:  Hold'em No Limit ($0.50/$1.00 USD) - 2025/01/22 17:50:18 WET [2025/01/22 12:50:18 ET]
Table 'Hamal IV' 6-max Seat #4 is the button
Seat 2: z00mba ($108.30 in chips) is sitting out
Seat 5: owen988 ($0 in chips) is sitting out
Seat 1: BoyLoc0 ($106.16 in chips) 
Seat 4: Maximysss85 ($100 in chips) 
Maximysss85: posts small blind $0.50
BoyLoc0: posts big blind $1
*** HOLE CARDS ***
Maximysss85: raises $1.50 to $2.50
BoyLoc0: calls $1.50
*** FLOP *** [Kh Qd Ad]
BoyLoc0: checks 
Maximysss85: bets $1.19
BoyLoc0: calls $1.19
*** TURN *** [Kh Qd Ad] [Jd]
BoyLoc0: checks 
Maximysss85: checks 
*** RIVER *** [Kh Qd Ad Jd] [2d]
BoyLoc0: checks 
Maximysss85: checks 
*** SHOW DOWN ***
BoyLoc0: shows [As 2h] (two pair, Aces and Deuces)
Maximysss85: mucks hand 
BoyLoc0 collected $7.01 from pot
*** SUMMARY ***
Total pot $7.38 | Rake $0.37 
Board [Kh Qd Ad Jd 2d]
Seat 2: z00mba
Seat 5: owen988
Seat 1: BoyLoc0 (big blind) showed [As 2h] and won ($7.01) with two pair, Aces and Deuces
Seat 4: Maximysss85 (button) (small blind) mucked



