PokerStars Hand #254508057689:  Hold'em No Limit ($0.50/$1.00 USD) - 2025/01/22 23:36:34 WET [2025/01/22 18:36:34 ET]
Table 'Smiley IV' 6-max Seat #6 is the button
Seat 1: michasia ($100 in chips) 
Seat 2: yzuk ($132.24 in chips) 
Seat 3: easy_sarcasm ($101.50 in chips) 
Seat 4: Luan777Poker ($35.69 in chips) 
Seat 5: Espada Fish ($100 in chips) 
Seat 6: Neznaz2020 ($99.08 in chips) 
michasia: posts small blind $0.50
yzuk: posts big blind $1
*** HOLE CARDS ***
easy_sarcasm: folds 
Luan777Poker: folds 
Espada Fish: folds 
Neznaz2020: folds 
michasia: folds 
Uncalled bet ($0.50) returned to yzuk
yzuk collected $1 from pot
yzuk: doesn't show hand 
*** SUMMARY ***
Total pot $1 | Rake $0 
Seat 1: michasia (small blind) folded before Flop
Seat 2: yzuk (big blind) collected ($1)
Seat 3: easy_sarcasm folded before Flop (didn't bet)
Seat 4: Luan777Poker folded before Flop (didn't bet)
Seat 5: Espada Fish folded before Flop (didn't bet)
Seat 6: Neznaz2020 (button) folded before Flop (didn't bet)



PokerStars Hand #254508060481:  Hold'em No Limit ($0.50/$1.00 USD) - 2025/01/22 23:36:45 WET [2025/01/22 18:36:45 ET]
Table 'Smiley IV' 6-max Seat #1 is the button
Seat 1: michasia ($100 in chips) 
Seat 2: yzuk ($132.74 in chips) 
Seat 3: easy_sarcasm ($101.50 in chips) 
Seat 4: Luan777Poker ($35.69 in chips) 
Seat 5: Espada Fish ($100 in chips) 
Seat 6: Neznaz2020 ($99.08 in chips) 
yzuk: posts small blind $0.50
easy_sarcasm: posts big blind $1
*** HOLE CARDS ***
Luan777Poker: folds 
Espada Fish: folds 
Neznaz2020: folds 
michasia: raises $1.80 to $2.80
yzuk: folds 
easy_sarcasm: folds 
Uncalled bet ($1.80) returned to michasia
michasia collected $2.50 from pot
michasia: doesn't show hand 
*** SUMMARY ***
Total pot $2.50 | Rake $0 
Seat 1: michasia (button) collected ($2.50)
Seat 2: yzuk (small blind) folded before Flop
Seat 3: easy_sarcasm (big blind) folded before Flop
Seat 4: Luan777Poker folded before Flop (didn't bet)
Seat 5: Espada Fish folded before Flop (didn't bet)
Seat 6: Neznaz2020 folded before Flop (didn't bet)



PokerStars Hand #254508064288:  Hold'em No Limit ($0.50/$1.00 USD) - 2025/01/22 23:37:01 WET [2025/01/22 18:37:01 ET]
Table 'Smiley IV' 6-max Seat #2 is the button
Seat 1: michasia ($101.50 in chips) 
Seat 2: yzuk ($132.24 in chips) 
Seat 3: easy_sarcasm ($100.50 in chips) 
Seat 4: Luan777Poker ($35.69 in chips) 
Seat 5: Espada Fish ($100 in chips) 
Seat 6: Neznaz2020 ($99.08 in chips) 
easy_sarcasm: posts small blind $0.50
Luan777Poker: posts big blind $1
*** HOLE CARDS ***
Espada Fish: folds 
Neznaz2020: folds 
michasia: raises $1.80 to $2.80
yzuk: folds 
easy_sarcasm: raises $8.20 to $11
Luan777Poker: raises $24.69 to $35.69 and is all-in
michasia: folds 
easy_sarcasm: folds 
Uncalled bet ($24.69) returned to Luan777Poker
Luan777Poker collected $24.80 from pot
*** SUMMARY ***
Total pot $24.80 | Rake $0 
Seat 1: michasia folded before Flop
Seat 2: yzuk (button) folded before Flop (didn't bet)
Seat 3: easy_sarcasm (small blind) folded before Flop
Seat 4: Luan777Poker (big blind) collected ($24.80)
Seat 5: Espada Fish folded before Flop (didn't bet)
Seat 6: Neznaz2020 folded before Flop (didn't bet)



PokerStars Hand #254508070943:  Hold'em No Limit ($0.50/$1.00 USD) - 2025/01/22 23:37:29 WET [2025/01/22 18:37:29 ET]
Table 'Smiley IV' 6-max Seat #3 is the button
Seat 1: michasia ($100 in chips) 
Seat 2: yzuk ($132.24 in chips) 
Seat 3: easy_sarcasm ($100 in chips) 
Seat 4: Luan777Poker ($49.49 in chips) 
Seat 5: Espada Fish ($100 in chips) 
Seat 6: Neznaz2020 ($99.08 in chips) 
Luan777Poker: posts small blind $0.50
Espada Fish: posts big blind $1
*** HOLE CARDS ***
Neznaz2020: folds 
michasia: raises $1.60 to $2.60
yzuk: folds 
easy_sarcasm: folds 
Luan777Poker: folds 
Espada Fish: folds 
Uncalled bet ($1.60) returned to michasia
michasia collected $2.50 from pot
michasia: doesn't show hand 
*** SUMMARY ***
Total pot $2.50 | Rake $0 
Seat 1: michasia collected ($2.50)
Seat 2: yzuk folded before Flop (didn't bet)
Seat 3: easy_sarcasm (button) folded before Flop (didn't bet)
Seat 4: Luan777Poker (small blind) folded before Flop
Seat 5: Espada Fish (big blind) folded before Flop
Seat 6: Neznaz2020 folded before Flop (didn't bet)



PokerStars Hand #254508075531:  Hold'em No Limit ($0.50/$1.00 USD) - 2025/01/22 23:37:48 WET [2025/01/22 18:37:48 ET]
Table 'Smiley IV' 6-max Seat #4 is the button
Seat 1: michasia ($101.50 in chips) 
Seat 2: yzuk ($132.24 in chips) 
Seat 3: easy_sarcasm ($100 in chips) 
Seat 4: Luan777Poker ($48.99 in chips) 
Seat 5: Espada Fish ($100 in chips) 
Seat 6: Neznaz2020 ($99.08 in chips) 
Espada Fish: posts small blind $0.50
Neznaz2020: posts big blind $1
*** HOLE CARDS ***
michasia: folds 
yzuk: folds 
easy_sarcasm: folds 
Luan777Poker: folds 
Espada Fish: raises $2 to $3
Neznaz2020: folds 
Uncalled bet ($2) returned to Espada Fish
Espada Fish collected $2 from pot
Espada Fish: doesn't show hand 
*** SUMMARY ***
Total pot $2 | Rake $0 
Seat 1: michasia folded before Flop (didn't bet)
Seat 2: yzuk folded before Flop (didn't bet)
Seat 3: easy_sarcasm folded before Flop (didn't bet)
Seat 4: Luan777Poker (button) folded before Flop (didn't bet)
Seat 5: Espada Fish (small blind) collected ($2)
Seat 6: Neznaz2020 (big blind) folded before Flop



PokerStars Hand #254508078656:  Hold'em No Limit ($0.50/$1.00 USD) - 2025/01/22 23:38:01 WET [2025/01/22 18:38:01 ET]
Table 'Smiley IV' 6-max Seat #5 is the button
Seat 1: michasia ($101.50 in chips) 
Seat 2: yzuk ($132.24 in chips) 
Seat 3: easy_sarcasm ($100 in chips) 
Seat 4: Luan777Poker ($48.99 in chips) 
Seat 5: Espada Fish ($101 in chips) 
Seat 6: Neznaz2020 ($98.08 in chips) 
Neznaz2020: posts small blind $0.50
michasia: posts big blind $1
*** HOLE CARDS ***
yzuk: folds 
easy_sarcasm: folds 
Luan777Poker: folds 
Espada Fish: raises $1.50 to $2.50
Neznaz2020: folds 
michasia: folds 
Uncalled bet ($1.50) returned to Espada Fish
Espada Fish collected $2.50 from pot
Espada Fish: doesn't show hand 
*** SUMMARY ***
Total pot $2.50 | Rake $0 
Seat 1: michasia (big blind) folded before Flop
Seat 2: yzuk folded before Flop (didn't bet)
Seat 3: easy_sarcasm folded before Flop (didn't bet)
Seat 4: Luan777Poker folded before Flop (didn't bet)
Seat 5: Espada Fish (button) collected ($2.50)
Seat 6: Neznaz2020 (small blind) folded before Flop



PokerStars Hand #254508080850:  Hold'em No Limit ($0.50/$1.00 USD) - 2025/01/22 23:38:10 WET [2025/01/22 18:38:10 ET]
Table 'Smiley IV' 6-max Seat #6 is the button
Seat 1: michasia ($100.50 in chips) 
Seat 2: yzuk ($132.24 in chips) 
Seat 3: easy_sarcasm ($100 in chips) 
Seat 4: Luan777Poker ($48.99 in chips) 
Seat 5: Espada Fish ($102.50 in chips) 
Seat 6: Neznaz2020 ($97.58 in chips) 
michasia: posts small blind $0.50
yzuk: posts big blind $1
*** HOLE CARDS ***
easy_sarcasm: folds 
Luan777Poker: folds 
Espada Fish: folds 
Neznaz2020: folds 
michasia: folds 
Uncalled bet ($0.50) returned to yzuk
yzuk collected $1 from pot
yzuk: doesn't show hand 
*** SUMMARY ***
Total pot $1 | Rake $0 
Seat 1: michasia (small blind) folded before Flop
Seat 2: yzuk (big blind) collected ($1)
Seat 3: easy_sarcasm folded before Flop (didn't bet)
Seat 4: Luan777Poker folded before Flop (didn't bet)
Seat 5: Espada Fish folded before Flop (didn't bet)
Seat 6: Neznaz2020 (button) folded before Flop (didn't bet)



PokerStars Hand #254508083105:  Hold'em No Limit ($0.50/$1.00 USD) - 2025/01/22 23:38:20 WET [2025/01/22 18:38:20 ET]
Table 'Smiley IV' 6-max Seat #1 is the button
Seat 1: michasia ($100 in chips) 
Seat 2: yzuk ($132.74 in chips) 
Seat 3: easy_sarcasm ($100 in chips) 
Seat 4: Luan777Poker ($48.99 in chips) 
Seat 5: Espada Fish ($102.50 in chips) 
Seat 6: Neznaz2020 ($97.58 in chips) 
yzuk: posts small blind $0.50
easy_sarcasm: posts big blind $1
*** HOLE CARDS ***
Luan777Poker: folds 
Espada Fish: folds 
Neznaz2020: folds 
michasia: folds 
yzuk: raises $2 to $3
easy_sarcasm: folds 
Uncalled bet ($2) returned to yzuk
yzuk collected $2 from pot
yzuk: doesn't show hand 
*** SUMMARY ***
Total pot $2 | Rake $0 
Seat 1: michasia (button) folded before Flop (didn't bet)
Seat 2: yzuk (small blind) collected ($2)
Seat 3: easy_sarcasm (big blind) folded before Flop
Seat 4: Luan777Poker folded before Flop (didn't bet)
Seat 5: Espada Fish folded before Flop (didn't bet)
Seat 6: Neznaz2020 folded before Flop (didn't bet)



PokerStars Hand #254508086076:  Hold'em No Limit ($0.50/$1.00 USD) - 2025/01/22 23:38:32 WET [2025/01/22 18:38:32 ET]
Table 'Smiley IV' 6-max Seat #2 is the button
Seat 1: michasia ($100 in chips) 
Seat 2: yzuk ($133.74 in chips) 
Seat 3: easy_sarcasm ($100 in chips) 
Seat 4: Luan777Poker ($48.99 in chips) 
Seat 5: Espada Fish ($102.50 in chips) 
Seat 6: Neznaz2020 ($97.58 in chips) 
easy_sarcasm: posts small blind $0.50
Luan777Poker: posts big blind $1
*** HOLE CARDS ***
Espada Fish: folds 
Neznaz2020: raises $2 to $3
michasia: raises $6 to $9
yzuk: folds 
easy_sarcasm: folds 
Luan777Poker: folds 
Neznaz2020: calls $6
*** FLOP *** [8d 8h Kd]
Neznaz2020: checks 
michasia: bets $6.11
Neznaz2020: folds 
Uncalled bet ($6.11) returned to michasia
michasia collected $18.52 from pot
michasia: doesn't show hand 
*** SUMMARY ***
Total pot $19.50 | Rake $0.98 
Board [8d 8h Kd]
Seat 1: michasia collected ($18.52)
Seat 2: yzuk (button) folded before Flop (didn't bet)
Seat 3: easy_sarcasm (small blind) folded before Flop
Seat 4: Luan777Poker (big blind) folded before Flop
Seat 5: Espada Fish folded before Flop (didn't bet)
Seat 6: Neznaz2020 folded on the Flop



PokerStars Hand #254508095333:  Hold'em No Limit ($0.50/$1.00 USD) - 2025/01/22 23:39:11 WET [2025/01/22 18:39:11 ET]
Table 'Smiley IV' 6-max Seat #3 is the button
Seat 1: michasia ($109.52 in chips) 
Seat 2: yzuk ($133.74 in chips) 
Seat 3: easy_sarcasm ($100 in chips) 
Seat 4: Luan777Poker ($47.99 in chips) 
Seat 5: Espada Fish ($102.50 in chips) 
Seat 6: Neznaz2020 ($88.58 in chips) 
Luan777Poker: posts small blind $0.50
Espada Fish: posts big blind $1
*** HOLE CARDS ***
Neznaz2020: folds 
michasia: folds 
yzuk: raises $1.50 to $2.50
easy_sarcasm: folds 
Luan777Poker: folds 
Espada Fish: folds 
Uncalled bet ($1.50) returned to yzuk
yzuk collected $2.50 from pot
yzuk: doesn't show hand 
*** SUMMARY ***
Total pot $2.50 | Rake $0 
Seat 1: michasia folded before Flop (didn't bet)
Seat 2: yzuk collected ($2.50)
Seat 3: easy_sarcasm (button) folded before Flop (didn't bet)
Seat 4: Luan777Poker (small blind) folded before Flop
Seat 5: Espada Fish (big blind) folded before Flop
Seat 6: Neznaz2020 folded before Flop (didn't bet)



PokerStars Hand #254508098098:  Hold'em No Limit ($0.50/$1.00 USD) - 2025/01/22 23:39:22 WET [2025/01/22 18:39:22 ET]
Table 'Smiley IV' 6-max Seat #4 is the button
Seat 1: michasia ($109.52 in chips) 
Seat 2: yzuk ($135.24 in chips) 
Seat 3: easy_sarcasm ($100 in chips) 
Seat 4: Luan777Poker ($47.49 in chips) 
Seat 5: Espada Fish ($101.50 in chips) 
Seat 6: Neznaz2020 ($88.58 in chips) 
Espada Fish: posts small blind $0.50
Neznaz2020: posts big blind $1
*** HOLE CARDS ***
michasia: folds 
yzuk: folds 
easy_sarcasm: folds 
Luan777Poker: folds 
Espada Fish: raises $2 to $3
Neznaz2020: folds 
Uncalled bet ($2) returned to Espada Fish
Espada Fish collected $2 from pot
Espada Fish: doesn't show hand 
*** SUMMARY ***
Total pot $2 | Rake $0 
Seat 1: michasia folded before Flop (didn't bet)
Seat 2: yzuk folded before Flop (didn't bet)
Seat 3: easy_sarcasm folded before Flop (didn't bet)
Seat 4: Luan777Poker (button) folded before Flop (didn't bet)
Seat 5: Espada Fish (small blind) collected ($2)
Seat 6: Neznaz2020 (big blind) folded before Flop



PokerStars Hand #254508101921:  Hold'em No Limit ($0.50/$1.00 USD) - 2025/01/22 23:39:38 WET [2025/01/22 18:39:38 ET]
Table 'Smiley IV' 6-max Seat #5 is the button
Seat 1: michasia ($109.52 in chips) 
Seat 2: yzuk ($135.24 in chips) 
Seat 3: easy_sarcasm ($100 in chips) 
Seat 4: Luan777Poker ($47.49 in chips) 
Seat 5: Espada Fish ($102.50 in chips) 
Seat 6: Neznaz2020 ($87.58 in chips) 
Neznaz2020: posts small blind $0.50
michasia: posts big blind $1
*** HOLE CARDS ***
yzuk: folds 
easy_sarcasm: folds 
Luan777Poker: folds 
Espada Fish: folds 
Neznaz2020: folds 
Uncalled bet ($0.50) returned to michasia
michasia collected $1 from pot
michasia: doesn't show hand 
*** SUMMARY ***
Total pot $1 | Rake $0 
Seat 1: michasia (big blind) collected ($1)
Seat 2: yzuk folded before Flop (didn't bet)
Seat 3: easy_sarcasm folded before Flop (didn't bet)
Seat 4: Luan777Poker folded before Flop (didn't bet)
Seat 5: Espada Fish (button) folded before Flop (didn't bet)
Seat 6: Neznaz2020 (small blind) folded before Flop



PokerStars Hand #254508103977:  Hold'em No Limit ($0.50/$1.00 USD) - 2025/01/22 23:39:47 WET [2025/01/22 18:39:47 ET]
Table 'Smiley IV' 6-max Seat #6 is the button
Seat 2: yzuk ($135.24 in chips) is sitting out
Seat 1: michasia ($110.02 in chips) 
Seat 3: easy_sarcasm ($100 in chips) 
Seat 4: Luan777Poker ($47.49 in chips) 
Seat 5: Espada Fish ($102.50 in chips) 
Seat 6: Neznaz2020 ($87.08 in chips) 
michasia: posts small blind $0.50
yzuk: is sitting out 
easy_sarcasm: posts big blind $1
*** HOLE CARDS ***
Luan777Poker: folds 
yzuk leaves the table
Espada Fish: folds 
Neznaz2020: folds 
michasia: raises $2 to $3
easy_sarcasm: folds 
Uncalled bet ($2) returned to michasia
Cositorto joins the table at seat #2 
michasia collected $2 from pot
michasia: doesn't show hand 
*** SUMMARY ***
Total pot $2 | Rake $0 
Seat 2: yzuk
Seat 1: michasia (small blind) collected ($2)
Seat 3: easy_sarcasm (big blind) folded before Flop
Seat 4: Luan777Poker folded before Flop (didn't bet)
Seat 5: Espada Fish folded before Flop (didn't bet)
Seat 6: Neznaz2020 (button) folded before Flop (didn't bet)



PokerStars Hand #254508106346:  Hold'em No Limit ($0.50/$1.00 USD) - 2025/01/22 23:39:57 WET [2025/01/22 18:39:57 ET]
Table 'Smiley IV' 6-max Seat #1 is the button
Seat 2: Cositorto ($100 in chips) is sitting out
Seat 1: michasia ($111.02 in chips) 
Seat 3: easy_sarcasm ($100 in chips) 
Seat 4: Luan777Poker ($47.49 in chips) 
Seat 5: Espada Fish ($102.50 in chips) 
Seat 6: Neznaz2020 ($87.08 in chips) 
easy_sarcasm: posts small blind $0.50
Luan777Poker: posts big blind $1
*** HOLE CARDS ***
Espada Fish: folds 
Neznaz2020: folds 
michasia: raises $1.80 to $2.80
easy_sarcasm: folds 
Luan777Poker: calls $1.80
*** FLOP *** [Qs Ac 4h]
Luan777Poker: checks 
michasia: bets $3.87
Luan777Poker: calls $3.87
*** TURN *** [Qs Ac 4h] [Ks]
Luan777Poker: checks 
michasia: bets $16.44
Luan777Poker: raises $24.38 to $40.82 and is all-in
michasia: calls $24.38
*** RIVER *** [Qs Ac 4h Ks] [4d]
*** SHOW DOWN ***
Luan777Poker: shows [Ad 5d] (two pair, Aces and Fours)
michasia: shows [Ts 7s] (a pair of Fours)
Luan777Poker cashed out the hand for $66.28 | Cash Out Fee $1.35
*** SUMMARY ***
Total pot $95.48 | Rake $2.50 
Board [Qs Ac 4h Ks 4d]
Seat 2: Cositorto
Seat 1: michasia (button) showed [Ts 7s] and lost with a pair of Fours
Seat 3: easy_sarcasm (small blind) folded before Flop
Seat 4: Luan777Poker (big blind) showed [Ad 5d] and won ($92.98) with two pair, Aces and Fours (pot not awarded as player cashed out)
Seat 5: Espada Fish folded before Flop (didn't bet)
Seat 6: Neznaz2020 folded before Flop (didn't bet)



PokerStars Hand #254508115399:  Hold'em No Limit ($0.50/$1.00 USD) - 2025/01/22 23:40:35 WET [2025/01/22 18:40:35 ET]
Table 'Smiley IV' 6-max Seat #3 is the button
Seat 2: Cositorto ($100 in chips) is sitting out
Seat 5: Espada Fish ($102.50 in chips) is sitting out
Seat 1: michasia ($100 in chips) 
Seat 3: easy_sarcasm ($100 in chips) 
Seat 4: Luan777Poker ($66.28 in chips) 
Seat 6: Neznaz2020 ($87.08 in chips) 
Luan777Poker: posts small blind $0.50
Espada Fish: is sitting out 
Neznaz2020: posts big blind $1
Cositorto: sits out 
*** HOLE CARDS ***
michasia: folds 
easy_sarcasm: folds 
Luan777Poker: calls $0.50
Neznaz2020: checks 
*** FLOP *** [Qh Qc 5s]
Luan777Poker: checks 
Neznaz2020: checks 
*** TURN *** [Qh Qc 5s] [Kd]
Luan777Poker: bets $2
Neznaz2020: folds 
Uncalled bet ($2) returned to Luan777Poker
Luan777Poker collected $1.90 from pot
*** SUMMARY ***
Total pot $2 | Rake $0.10 
Board [Qh Qc 5s Kd]
Seat 2: Cositorto
Seat 5: Espada Fish
Seat 1: michasia folded before Flop (didn't bet)
Seat 3: easy_sarcasm (button) folded before Flop (didn't bet)
Seat 4: Luan777Poker (small blind) collected ($1.90)
Seat 6: Neznaz2020 (big blind) folded on the Turn



PokerStars Hand #254508120812:  Hold'em No Limit ($0.50/$1.00 USD) - 2025/01/22 23:40:59 WET [2025/01/22 18:40:59 ET]
Table 'Smiley IV' 6-max Seat #4 is the button
Seat 2: Cositorto ($100 in chips) is sitting out
Seat 5: Espada Fish ($102.50 in chips) is sitting out
Seat 1: michasia ($100 in chips) 
Seat 3: easy_sarcasm ($100 in chips) 
Seat 4: Luan777Poker ($67.18 in chips) 
Seat 6: Neznaz2020 ($86.08 in chips) 
Neznaz2020: posts small blind $0.50
michasia: posts big blind $1
Cositorto: sits out 
*** HOLE CARDS ***
easy_sarcasm: folds 
Luan777Poker: folds 
Neznaz2020: folds 
Uncalled bet ($0.50) returned to michasia
michasia collected $1 from pot
michasia: doesn't show hand 
*** SUMMARY ***
Total pot $1 | Rake $0 
Seat 2: Cositorto
Seat 5: Espada Fish
Seat 1: michasia (big blind) collected ($1)
Seat 3: easy_sarcasm folded before Flop (didn't bet)
Seat 4: Luan777Poker (button) folded before Flop (didn't bet)
Seat 6: Neznaz2020 (small blind) folded before Flop



PokerStars Hand #254508122565:  Hold'em No Limit ($0.50/$1.00 USD) - 2025/01/22 23:41:06 WET [2025/01/22 18:41:06 ET]
Table 'Smiley IV' 6-max Seat #6 is the button
Seat 5: Espada Fish ($102.50 in chips) is sitting out
Seat 1: michasia ($100.50 in chips) 
Seat 2: Cositorto ($100 in chips) 
Seat 3: easy_sarcasm ($100 in chips) 
Seat 4: Luan777Poker ($67.18 in chips) 
Seat 6: Neznaz2020 ($85.58 in chips) 
michasia: posts small blind $0.50
Cositorto: posts big blind $1
*** HOLE CARDS ***
easy_sarcasm: folds 
Luan777Poker: folds 
easy_sarcasm leaves the table
Neznaz2020: calls $1
michasia: folds 
Cositorto: checks 
*** FLOP *** [Jh Jc 5d]
Cositorto: checks 
Neznaz2020: checks 
*** TURN *** [Jh Jc 5d] [Ad]
Cositorto: checks 
Neznaz2020: checks 
*** RIVER *** [Jh Jc 5d Ad] [4d]
Cositorto: bets $1.90
Neznaz2020: calls $1.90
*** SHOW DOWN ***
Cositorto: shows [7d 6c] (a pair of Jacks)
Neznaz2020: shows [As 9h] (two pair, Aces and Jacks)
Neznaz2020 collected $5.98 from pot
*** SUMMARY ***
Total pot $6.30 | Rake $0.32 
Board [Jh Jc 5d Ad 4d]
Seat 5: Espada Fish
Seat 1: michasia (small blind) folded before Flop
Seat 2: Cositorto (big blind) showed [7d 6c] and lost with a pair of Jacks
Seat 3: easy_sarcasm folded before Flop (didn't bet)
Seat 4: Luan777Poker folded before Flop (didn't bet)
Seat 6: Neznaz2020 (button) showed [As 9h] and won ($5.98) with two pair, Aces and Jacks



PokerStars Hand #254508130464:  Hold'em No Limit ($0.50/$1.00 USD) - 2025/01/22 23:41:40 WET [2025/01/22 18:41:40 ET]
Table 'Smiley IV' 6-max Seat #1 is the button
Seat 5: Espada Fish ($102.50 in chips) is sitting out
Seat 1: michasia ($100 in chips) 
Seat 2: Cositorto ($100 in chips) 
Seat 4: Luan777Poker ($67.18 in chips) 
Seat 6: Neznaz2020 ($88.66 in chips) 
Cositorto: posts small blind $0.50
Luan777Poker: posts big blind $1
*** HOLE CARDS ***
BGS013 joins the table at seat #3 
Neznaz2020: folds 
michasia: folds 
Cositorto: folds 
Uncalled bet ($0.50) returned to Luan777Poker
Espada Fish leaves the table
Luan777Poker collected $1 from pot
*** SUMMARY ***
Total pot $1 | Rake $0 
Seat 5: Espada Fish
Seat 1: michasia (button) folded before Flop (didn't bet)
Seat 2: Cositorto (small blind) folded before Flop
Seat 4: Luan777Poker (big blind) collected ($1)
Seat 6: Neznaz2020 folded before Flop (didn't bet)



PokerStars Hand #254508132740:  Hold'em No Limit ($0.50/$1.00 USD) - 2025/01/22 23:41:50 WET [2025/01/22 18:41:50 ET]
Table 'Smiley IV' 6-max Seat #2 is the button
Seat 3: BGS013 ($100 in chips) is sitting out
Seat 1: michasia ($100 in chips) 
Seat 2: Cositorto ($100 in chips) 
Seat 4: Luan777Poker ($67.68 in chips) 
Seat 6: Neznaz2020 ($88.66 in chips) 
Luan777Poker: posts small blind $0.50
Neznaz2020: posts big blind $1
*** HOLE CARDS ***
michasia: raises $1.80 to $2.80
Cositorto: folds 
Tibibacsi joins the table at seat #5 
Luan777Poker: calls $2.30
Neznaz2020: folds 
*** FLOP *** [5d 3h 9c]
Luan777Poker: checks 
michasia: bets $2.07
Luan777Poker: calls $2.07
*** TURN *** [5d 3h 9c] [Ac]
Luan777Poker: checks 
michasia: bets $6.80
Luan777Poker: calls $6.80
*** RIVER *** [5d 3h 9c Ac] [9s]
Luan777Poker: checks 
michasia: checks 
*** SHOW DOWN ***
Luan777Poker: shows [5c 7c] (two pair, Nines and Fives)
michasia: shows [Ah Jd] (two pair, Aces and Nines)
michasia collected $23.34 from pot
*** SUMMARY ***
Total pot $24.34 | Rake $1 
Board [5d 3h 9c Ac 9s]
Seat 3: BGS013
Seat 1: michasia showed [Ah Jd] and won ($23.34) with two pair, Aces and Nines
Seat 2: Cositorto (button) folded before Flop (didn't bet)
Seat 4: Luan777Poker (small blind) showed [5c 7c] and lost with two pair, Nines and Fives
Seat 6: Neznaz2020 (big blind) folded before Flop



PokerStars Hand #254508142012:  Hold'em No Limit ($0.50/$1.00 USD) - 2025/01/22 23:42:30 WET [2025/01/22 18:42:30 ET]
Table 'Smiley IV' 6-max Seat #4 is the button
Seat 3: BGS013 ($100 in chips) is sitting out
Seat 5: Tibibacsi ($100 in chips) is sitting out
Seat 1: michasia ($111.67 in chips) 
Seat 2: Cositorto ($100 in chips) 
Seat 4: Luan777Poker ($56.01 in chips) 
Seat 6: Neznaz2020 ($87.66 in chips) 
Neznaz2020: posts small blind $0.50
michasia: posts big blind $1
BGS013: sits out 
*** HOLE CARDS ***
Cositorto: raises $1 to $2
Luan777Poker: folds 
Neznaz2020: folds 
michasia: calls $1
*** FLOP *** [Jc 5s Qh]
michasia: checks 
Cositorto: bets $2
michasia: calls $2
*** TURN *** [Jc 5s Qh] [7h]
michasia: checks 
Cositorto: bets $4.04
michasia: calls $4.04
*** RIVER *** [Jc 5s Qh 7h] [Kc]
michasia: checks 
Cositorto: bets $18.90
michasia: folds 
Uncalled bet ($18.90) returned to Cositorto
Cositorto collected $15.75 from pot
Cositorto: doesn't show hand 
*** SUMMARY ***
Total pot $16.58 | Rake $0.83 
Board [Jc 5s Qh 7h Kc]
Seat 3: BGS013
Seat 5: Tibibacsi
Seat 1: michasia (big blind) folded on the River
Seat 2: Cositorto collected ($15.75)
Seat 4: Luan777Poker (button) folded before Flop (didn't bet)
Seat 6: Neznaz2020 (small blind) folded before Flop



PokerStars Hand #254508154369:  Hold'em No Limit ($0.50/$1.00 USD) - 2025/01/22 23:43:23 WET [2025/01/22 18:43:23 ET]
Table 'Smiley IV' 6-max Seat #6 is the button
Seat 3: BGS013 ($100 in chips) is sitting out
Seat 5: Tibibacsi ($100 in chips) is sitting out
Seat 1: michasia ($103.63 in chips) 
Seat 2: Cositorto ($107.71 in chips) 
Seat 4: Luan777Poker ($56.01 in chips) 
Seat 6: Neznaz2020 ($87.16 in chips) 
michasia: posts small blind $0.50
Cositorto: posts big blind $1
BGS013: sits out 
Tibibacsi: sits out 
*** HOLE CARDS ***
Luan777Poker: folds 
Neznaz2020: calls $1
michasia: raises $4 to $5
Cositorto: folds 
Neznaz2020: calls $4
*** FLOP *** [8c 3c 8h]
michasia: checks 
Neznaz2020: checks 
*** TURN *** [8c 3c 8h] [9d]
michasia: bets $6.97
Neznaz2020: folds 
Uncalled bet ($6.97) returned to michasia
michasia collected $10.45 from pot
michasia: doesn't show hand 
*** SUMMARY ***
Total pot $11 | Rake $0.55 
Board [8c 3c 8h 9d]
Seat 3: BGS013
Seat 5: Tibibacsi
Seat 1: michasia (small blind) collected ($10.45)
Seat 2: Cositorto (big blind) folded before Flop
Seat 4: Luan777Poker folded before Flop (didn't bet)
Seat 6: Neznaz2020 (button) folded on the Turn



PokerStars Hand #254508161295:  Hold'em No Limit ($0.50/$1.00 USD) - 2025/01/22 23:43:53 WET [2025/01/22 18:43:53 ET]
Table 'Smiley IV' 6-max Seat #1 is the button
Seat 5: Tibibacsi ($100 in chips) is sitting out
Seat 1: michasia ($109.08 in chips) 
Seat 2: Cositorto ($106.71 in chips) 
Seat 3: BGS013 ($100 in chips) 
Seat 4: Luan777Poker ($56.01 in chips) 
Seat 6: Neznaz2020 ($82.16 in chips) 
Cositorto: posts small blind $0.50
BGS013: posts big blind $1
Tibibacsi: sits out 
*** HOLE CARDS ***
Luan777Poker: folds 
Neznaz2020: folds 
michasia: raises $1.80 to $2.80
Cositorto: raises $9.80 to $12.60
BGS013: folds 
michasia: calls $9.80
*** FLOP *** [8d Qc Td]
Cositorto: bets $8.21
michasia: calls $8.21
*** TURN *** [8d Qc Td] [8s]
Cositorto: bets $13.36
michasia: calls $13.36
*** RIVER *** [8d Qc Td 8s] [Jc]
Cositorto: checks 
michasia: checks 
*** SHOW DOWN ***
Cositorto: shows [8h 8c] (four of a kind, Eights)
michasia: mucks hand 
Cositorto collected $66.84 from pot
*** SUMMARY ***
Total pot $69.34 | Rake $2.50 
Board [8d Qc Td 8s Jc]
Seat 5: Tibibacsi
Seat 1: michasia (button) mucked
Seat 2: Cositorto (small blind) showed [8h 8c] and won ($66.84) with four of a kind, Eights
Seat 3: BGS013 (big blind) folded before Flop
Seat 4: Luan777Poker folded before Flop (didn't bet)
Seat 6: Neznaz2020 folded before Flop (didn't bet)



PokerStars Hand #254508172649:  Hold'em No Limit ($0.50/$1.00 USD) - 2025/01/22 23:44:42 WET [2025/01/22 18:44:42 ET]
Table 'Smiley IV' 6-max Seat #2 is the button
Seat 5: Tibibacsi ($100 in chips) is sitting out
Seat 1: michasia ($100 in chips) 
Seat 2: Cositorto ($139.38 in chips) 
Seat 3: BGS013 ($100 in chips) 
Seat 4: Luan777Poker ($56.01 in chips) 
Seat 6: Neznaz2020 ($82.16 in chips) 
BGS013: posts small blind $0.50
Luan777Poker: posts big blind $1
Tibibacsi: sits out 
*** HOLE CARDS ***
Neznaz2020: raises $2 to $3
michasia: folds 
Cositorto: folds 
BGS013: folds 
Luan777Poker: calls $2
*** FLOP *** [3s Ah 2s]
Luan777Poker: checks 
Neznaz2020: bets $3.09
Luan777Poker: calls $3.09
*** TURN *** [3s Ah 2s] [6h]
Luan777Poker: checks 
Neznaz2020: bets $6.03
Luan777Poker: folds 
Uncalled bet ($6.03) returned to Neznaz2020
Neznaz2020 collected $12.05 from pot
Neznaz2020: doesn't show hand 
*** SUMMARY ***
Total pot $12.68 | Rake $0.63 
Board [3s Ah 2s 6h]
Seat 5: Tibibacsi
Seat 1: michasia folded before Flop (didn't bet)
Seat 2: Cositorto (button) folded before Flop (didn't bet)
Seat 3: BGS013 (small blind) folded before Flop
Seat 4: Luan777Poker (big blind) folded on the Turn
Seat 6: Neznaz2020 collected ($12.05)



PokerStars Hand #254508181119:  Hold'em No Limit ($0.50/$1.00 USD) - 2025/01/22 23:45:18 WET [2025/01/22 18:45:18 ET]
Table 'Smiley IV' 6-max Seat #3 is the button
Seat 1: michasia ($100 in chips) 
Seat 2: Cositorto ($139.38 in chips) 
Seat 3: BGS013 ($100 in chips) 
Seat 4: Luan777Poker ($49.92 in chips) 
Seat 5: Tibibacsi ($100 in chips) 
Seat 6: Neznaz2020 ($88.12 in chips) 
Luan777Poker: posts small blind $0.50
Tibibacsi: posts big blind $1
*** HOLE CARDS ***
Neznaz2020: folds 
michasia: raises $1.60 to $2.60
Cositorto: folds 
BGS013: folds 
Luan777Poker: calls $2.10
Tibibacsi: folds 
*** FLOP *** [5h Qd Qs]
Luan777Poker: checks 
michasia: bets $1.94
Luan777Poker: folds 
Uncalled bet ($1.94) returned to michasia
michasia collected $5.89 from pot
michasia: doesn't show hand 
*** SUMMARY ***
Total pot $6.20 | Rake $0.31 
Board [5h Qd Qs]
Seat 1: michasia collected ($5.89)
Seat 2: Cositorto folded before Flop (didn't bet)
Seat 3: BGS013 (button) folded before Flop (didn't bet)
Seat 4: Luan777Poker (small blind) folded on the Flop
Seat 5: Tibibacsi (big blind) folded before Flop
Seat 6: Neznaz2020 folded before Flop (didn't bet)



PokerStars Hand #254508187112:  Hold'em No Limit ($0.50/$1.00 USD) - 2025/01/22 23:45:44 WET [2025/01/22 18:45:44 ET]
Table 'Smiley IV' 6-max Seat #4 is the button
Seat 1: michasia ($103.29 in chips) 
Seat 2: Cositorto ($139.38 in chips) 
Seat 3: BGS013 ($100 in chips) 
Seat 4: Luan777Poker ($47.32 in chips) 
Seat 5: Tibibacsi ($100 in chips) 
Seat 6: Neznaz2020 ($88.12 in chips) 
Tibibacsi: posts small blind $0.50
Neznaz2020: posts big blind $1
*** HOLE CARDS ***
michasia: folds 
Cositorto: folds 
BGS013: folds 
Luan777Poker: calls $1
Tibibacsi: calls $0.50
Neznaz2020: raises $2 to $3
Luan777Poker: raises $12 to $15
Tibibacsi: folds 
Neznaz2020: calls $12
*** FLOP *** [6d As 3d]
Neznaz2020: bets $14.73
Luan777Poker: folds 
Uncalled bet ($14.73) returned to Neznaz2020
Neznaz2020 collected $29.45 from pot
Neznaz2020: doesn't show hand 
*** SUMMARY ***
Total pot $31 | Rake $1.55 
Board [6d As 3d]
Seat 1: michasia folded before Flop (didn't bet)
Seat 2: Cositorto folded before Flop (didn't bet)
Seat 3: BGS013 folded before Flop (didn't bet)
Seat 4: Luan777Poker (button) folded on the Flop
Seat 5: Tibibacsi (small blind) folded before Flop
Seat 6: Neznaz2020 (big blind) collected ($29.45)



PokerStars Hand #254508198113:  Hold'em No Limit ($0.50/$1.00 USD) - 2025/01/22 23:46:32 WET [2025/01/22 18:46:32 ET]
Table 'Smiley IV' 6-max Seat #5 is the button
Seat 1: michasia ($103.29 in chips) 
Seat 2: Cositorto ($139.38 in chips) 
Seat 3: BGS013 ($100 in chips) 
Seat 4: Luan777Poker ($32.32 in chips) 
Seat 5: Tibibacsi ($100 in chips) 
Seat 6: Neznaz2020 ($102.57 in chips) 
Neznaz2020: posts small blind $0.50
michasia: posts big blind $1
*** HOLE CARDS ***
Cositorto: folds 
BGS013: folds 
Luan777Poker: calls $1
Tibibacsi: folds 
Neznaz2020: calls $0.50
michasia: checks 
*** FLOP *** [8h 5c 6c]
Neznaz2020: checks 
michasia: checks 
Luan777Poker: bets $2.85
Neznaz2020: folds 
michasia: folds 
Uncalled bet ($2.85) returned to Luan777Poker
Luan777Poker collected $2.85 from pot
*** SUMMARY ***
Total pot $3 | Rake $0.15 
Board [8h 5c 6c]
Seat 1: michasia (big blind) folded on the Flop
Seat 2: Cositorto folded before Flop (didn't bet)
Seat 3: BGS013 folded before Flop (didn't bet)
Seat 4: Luan777Poker collected ($2.85)
Seat 5: Tibibacsi (button) folded before Flop (didn't bet)
Seat 6: Neznaz2020 (small blind) folded on the Flop



PokerStars Hand #254508203587:  Hold'em No Limit ($0.50/$1.00 USD) - 2025/01/22 23:46:55 WET [2025/01/22 18:46:55 ET]
Table 'Smiley IV' 6-max Seat #6 is the button
Seat 1: michasia ($102.29 in chips) 
Seat 2: Cositorto ($139.38 in chips) 
Seat 3: BGS013 ($100 in chips) 
Seat 4: Luan777Poker ($34.17 in chips) 
Seat 5: Tibibacsi ($100 in chips) 
Seat 6: Neznaz2020 ($101.57 in chips) 
michasia: posts small blind $0.50
Cositorto: posts big blind $1
*** HOLE CARDS ***
BGS013: folds 
Luan777Poker: folds 
Tibibacsi: folds 
Neznaz2020: folds 
michasia: folds 
Uncalled bet ($0.50) returned to Cositorto
Cositorto collected $1 from pot
Cositorto: doesn't show hand 
*** SUMMARY ***
Total pot $1 | Rake $0 
Seat 1: michasia (small blind) folded before Flop
Seat 2: Cositorto (big blind) collected ($1)
Seat 3: BGS013 folded before Flop (didn't bet)
Seat 4: Luan777Poker folded before Flop (didn't bet)
Seat 5: Tibibacsi folded before Flop (didn't bet)
Seat 6: Neznaz2020 (button) folded before Flop (didn't bet)



PokerStars Hand #254508206109:  Hold'em No Limit ($0.50/$1.00 USD) - 2025/01/22 23:47:06 WET [2025/01/22 18:47:06 ET]
Table 'Smiley IV' 6-max Seat #1 is the button
Seat 1: michasia ($101.79 in chips) 
Seat 2: Cositorto ($139.88 in chips) 
Seat 3: BGS013 ($100 in chips) 
Seat 4: Luan777Poker ($34.17 in chips) 
Seat 5: Tibibacsi ($100 in chips) 
Seat 6: Neznaz2020 ($101.57 in chips) 
Cositorto: posts small blind $0.50
BGS013: posts big blind $1
*** HOLE CARDS ***
Luan777Poker: calls $1
Tibibacsi: folds 
Neznaz2020: folds 
michasia: folds 
Cositorto: folds 
BGS013: checks 
*** FLOP *** [3d Ad 7c]
BGS013: bets $1.31
Luan777Poker: calls $1.31
*** TURN *** [3d Ad 7c] [As]
BGS013: bets $3.79
Luan777Poker: calls $3.79
*** RIVER *** [3d Ad 7c As] [Qs]
BGS013: bets $9.41
Luan777Poker: raises $18.66 to $28.07 and is all-in
BGS013: calls $18.66
*** SHOW DOWN ***
Luan777Poker: shows [Ah 8s] (three of a kind, Aces)
BGS013: shows [Ac 9s] (three of a kind, Aces - Queen+Nine kicker)
BGS013 collected $66.34 from pot
*** SUMMARY ***
Total pot $68.84 | Rake $2.50 
Board [3d Ad 7c As Qs]
Seat 1: michasia (button) folded before Flop (didn't bet)
Seat 2: Cositorto (small blind) folded before Flop
Seat 3: BGS013 (big blind) showed [Ac 9s] and won ($66.34) with three of a kind, Aces
Seat 4: Luan777Poker showed [Ah 8s] and lost with three of a kind, Aces
Seat 5: Tibibacsi folded before Flop (didn't bet)
Seat 6: Neznaz2020 folded before Flop (didn't bet)



PokerStars Hand #254508214161:  Hold'em No Limit ($0.50/$1.00 USD) - 2025/01/22 23:47:41 WET [2025/01/22 18:47:41 ET]
Table 'Smiley IV' 6-max Seat #2 is the button
Seat 4: Luan777Poker ($0 in chips) is sitting out
Seat 1: michasia ($101.79 in chips) 
Seat 2: Cositorto ($139.38 in chips) 
Seat 3: BGS013 ($132.17 in chips) 
Seat 5: Tibibacsi ($100 in chips) 
Seat 6: Neznaz2020 ($101.57 in chips) 
BGS013: posts small blind $0.50
Tibibacsi: posts big blind $1
*** HOLE CARDS ***
Neznaz2020: folds 
michasia: folds 
Cositorto: folds 
BGS013: folds 
Uncalled bet ($0.50) returned to Tibibacsi
Luan777Poker leaves the table
Tibibacsi collected $1 from pot
Tibibacsi: doesn't show hand 
*** SUMMARY ***
Total pot $1 | Rake $0 
Seat 4: Luan777Poker
Seat 1: michasia folded before Flop (didn't bet)
Seat 2: Cositorto (button) folded before Flop (didn't bet)
Seat 3: BGS013 (small blind) folded before Flop
Seat 5: Tibibacsi (big blind) collected ($1)
Seat 6: Neznaz2020 folded before Flop (didn't bet)



PokerStars Hand #254508216189:  Hold'em No Limit ($0.50/$1.00 USD) - 2025/01/22 23:47:50 WET [2025/01/22 18:47:50 ET]
Table 'Smiley IV' 6-max Seat #3 is the button
Seat 1: michasia ($101.79 in chips) 
Seat 2: Cositorto ($139.38 in chips) 
Seat 3: BGS013 ($131.67 in chips) 
Seat 5: Tibibacsi ($100.50 in chips) 
Seat 6: Neznaz2020 ($101.57 in chips) 
Tibibacsi: posts small blind $0.50
Neznaz2020: posts big blind $1
*** HOLE CARDS ***
michasia: folds 
xcinaz joins the table at seat #4 
Cositorto: folds 
BGS013: raises $1.50 to $2.50
Tibibacsi: folds 
Neznaz2020: raises $1.50 to $4
BGS013: calls $1.50
*** FLOP *** [Ad 7s Td]
Neznaz2020: checks 
BGS013: checks 
*** TURN *** [Ad 7s Td] [7d]
Neznaz2020: bets $4.04
BGS013: calls $4.04
*** RIVER *** [Ad 7s Td 7d] [6c]
Neznaz2020: bets $7.88
BGS013: folds 
Uncalled bet ($7.88) returned to Neznaz2020
Neznaz2020 collected $15.75 from pot
Neznaz2020: doesn't show hand 
*** SUMMARY ***
Total pot $16.58 | Rake $0.83 
Board [Ad 7s Td 7d 6c]
Seat 1: michasia folded before Flop (didn't bet)
Seat 2: Cositorto folded before Flop (didn't bet)
Seat 3: BGS013 (button) folded on the River
Seat 5: Tibibacsi (small blind) folded before Flop
Seat 6: Neznaz2020 (big blind) collected ($15.75)



PokerStars Hand #254508225774:  Hold'em No Limit ($0.50/$1.00 USD) - 2025/01/22 23:48:32 WET [2025/01/22 18:48:32 ET]
Table 'Smiley IV' 6-max Seat #5 is the button
Seat 4: xcinaz ($100 in chips) is sitting out
Seat 1: michasia ($101.79 in chips) 
Seat 2: Cositorto ($139.38 in chips) 
Seat 3: BGS013 ($123.63 in chips) 
Seat 5: Tibibacsi ($100 in chips) 
Seat 6: Neznaz2020 ($109.28 in chips) 
Neznaz2020: posts small blind $0.50
michasia: posts big blind $1
xcinaz: sits out 
*** HOLE CARDS ***
Cositorto: raises $1 to $2
BGS013: folds 
Tibibacsi: folds 
Neznaz2020: folds 
michasia: folds 
Uncalled bet ($1) returned to Cositorto
Cositorto collected $2.50 from pot
Cositorto: doesn't show hand 
*** SUMMARY ***
Total pot $2.50 | Rake $0 
Seat 4: xcinaz
Seat 1: michasia (big blind) folded before Flop
Seat 2: Cositorto collected ($2.50)
Seat 3: BGS013 folded before Flop (didn't bet)
Seat 5: Tibibacsi (button) folded before Flop (didn't bet)
Seat 6: Neznaz2020 (small blind) folded before Flop



PokerStars Hand #254508229721:  Hold'em No Limit ($0.50/$1.00 USD) - 2025/01/22 23:48:49 WET [2025/01/22 18:48:49 ET]
Table 'Smiley IV' 6-max Seat #6 is the button
Seat 4: xcinaz ($100 in chips) is sitting out
Seat 1: michasia ($100.79 in chips) 
Seat 2: Cositorto ($140.88 in chips) 
Seat 3: BGS013 ($123.63 in chips) 
Seat 5: Tibibacsi ($100 in chips) 
Seat 6: Neznaz2020 ($108.78 in chips) 
michasia: posts small blind $0.50
Cositorto: posts big blind $1
xcinaz: sits out 
*** HOLE CARDS ***
BGS013: folds 
Tibibacsi: folds 
Neznaz2020: folds 
michasia: folds 
Uncalled bet ($0.50) returned to Cositorto
Cositorto collected $1 from pot
Cositorto: doesn't show hand 
*** SUMMARY ***
Total pot $1 | Rake $0 
Seat 4: xcinaz
Seat 1: michasia (small blind) folded before Flop
Seat 2: Cositorto (big blind) collected ($1)
Seat 3: BGS013 folded before Flop (didn't bet)
Seat 5: Tibibacsi folded before Flop (didn't bet)
Seat 6: Neznaz2020 (button) folded before Flop (didn't bet)



PokerStars Hand #254508233331:  Hold'em No Limit ($0.50/$1.00 USD) - 2025/01/22 23:49:05 WET [2025/01/22 18:49:05 ET]
Table 'Smiley IV' 6-max Seat #1 is the button
Seat 4: xcinaz ($100 in chips) is sitting out
Seat 1: michasia ($100.29 in chips) 
Seat 2: Cositorto ($141.38 in chips) 
Seat 3: BGS013 ($123.63 in chips) 
Seat 5: Tibibacsi ($100 in chips) 
Seat 6: Neznaz2020 ($108.78 in chips) 
Cositorto: posts small blind $0.50
BGS013: posts big blind $1
xcinaz: sits out 
*** HOLE CARDS ***
Tibibacsi: folds 
Neznaz2020: folds 
michasia: folds 
Cositorto: folds 
Uncalled bet ($0.50) returned to BGS013
BGS013 collected $1 from pot
BGS013: doesn't show hand 
*** SUMMARY ***
Total pot $1 | Rake $0 
Seat 4: xcinaz
Seat 1: michasia (button) folded before Flop (didn't bet)
Seat 2: Cositorto (small blind) folded before Flop
Seat 3: BGS013 (big blind) collected ($1)
Seat 5: Tibibacsi folded before Flop (didn't bet)
Seat 6: Neznaz2020 folded before Flop (didn't bet)



PokerStars Hand #254508239876:  Hold'em No Limit ($0.50/$1.00 USD) - 2025/01/22 23:49:34 WET [2025/01/22 18:49:34 ET]
Table 'Smiley IV' 6-max Seat #2 is the button
Seat 1: michasia ($100.29 in chips) 
Seat 2: Cositorto ($140.88 in chips) 
Seat 3: BGS013 ($124.13 in chips) 
Seat 4: xcinaz ($100 in chips) 
Seat 5: Tibibacsi ($100 in chips) 
Seat 6: Neznaz2020 ($108.78 in chips) 
BGS013: posts small blind $0.50
xcinaz: posts big blind $1
*** HOLE CARDS ***
Tibibacsi: folds 
Neznaz2020: folds 
michasia has timed out
michasia: folds 
Cositorto: folds 
BGS013: raises $2 to $3
xcinaz: calls $2
*** FLOP *** [3h Kc 4s]
BGS013: checks 
xcinaz: bets $1.43
BGS013: folds 
Uncalled bet ($1.43) returned to xcinaz
xcinaz collected $5.70 from pot
xcinaz: doesn't show hand 
*** SUMMARY ***
Total pot $6 | Rake $0.30 
Board [3h Kc 4s]
Seat 1: michasia folded before Flop (didn't bet)
Seat 2: Cositorto (button) folded before Flop (didn't bet)
Seat 3: BGS013 (small blind) folded on the Flop
Seat 4: xcinaz (big blind) collected ($5.70)
Seat 5: Tibibacsi folded before Flop (didn't bet)
Seat 6: Neznaz2020 folded before Flop (didn't bet)



PokerStars Hand #254508255779:  Hold'em No Limit ($0.50/$1.00 USD) - 2025/01/22 23:50:45 WET [2025/01/22 18:50:45 ET]
Table 'Smiley IV' 6-max Seat #3 is the button
Seat 1: michasia ($100.29 in chips) 
Seat 2: Cositorto ($140.88 in chips) 
Seat 3: BGS013 ($121.13 in chips) 
Seat 4: xcinaz ($102.70 in chips) 
Seat 5: Tibibacsi ($100 in chips) 
Seat 6: Neznaz2020 ($108.78 in chips) 
xcinaz: posts small blind $0.50
Tibibacsi: posts big blind $1
*** HOLE CARDS ***
Neznaz2020: folds 
michasia: raises $1.60 to $2.60
Cositorto: folds 
BGS013: folds 
xcinaz: folds 
Tibibacsi: folds 
Uncalled bet ($1.60) returned to michasia
michasia collected $2.50 from pot
michasia: doesn't show hand 
*** SUMMARY ***
Total pot $2.50 | Rake $0 
Seat 1: michasia collected ($2.50)
Seat 2: Cositorto folded before Flop (didn't bet)
Seat 3: BGS013 (button) folded before Flop (didn't bet)
Seat 4: xcinaz (small blind) folded before Flop
Seat 5: Tibibacsi (big blind) folded before Flop
Seat 6: Neznaz2020 folded before Flop (didn't bet)



PokerStars Hand #254508261087:  Hold'em No Limit ($0.50/$1.00 USD) - 2025/01/22 23:51:09 WET [2025/01/22 18:51:09 ET]
Table 'Smiley IV' 6-max Seat #4 is the button
Seat 1: michasia ($101.79 in chips) 
Seat 2: Cositorto ($140.88 in chips) 
Seat 3: BGS013 ($121.13 in chips) 
Seat 4: xcinaz ($102.20 in chips) 
Seat 5: Tibibacsi ($100 in chips) 
Seat 6: Neznaz2020 ($108.78 in chips) 
Tibibacsi: posts small blind $0.50
Neznaz2020: posts big blind $1
*** HOLE CARDS ***
michasia: folds 
Cositorto: folds 
BGS013: folds 
xcinaz: folds 
Tibibacsi: raises $2 to $3
Neznaz2020: calls $2
*** FLOP *** [9c 8h 2h]
Tibibacsi: bets $1.88
Neznaz2020: folds 
Uncalled bet ($1.88) returned to Tibibacsi
Tibibacsi collected $5.70 from pot
Tibibacsi: doesn't show hand 
*** SUMMARY ***
Total pot $6 | Rake $0.30 
Board [9c 8h 2h]
Seat 1: michasia folded before Flop (didn't bet)
Seat 2: Cositorto folded before Flop (didn't bet)
Seat 3: BGS013 folded before Flop (didn't bet)
Seat 4: xcinaz (button) folded before Flop (didn't bet)
Seat 5: Tibibacsi (small blind) collected ($5.70)
Seat 6: Neznaz2020 (big blind) folded on the Flop



PokerStars Hand #254508266733:  Hold'em No Limit ($0.50/$1.00 USD) - 2025/01/22 23:51:35 WET [2025/01/22 18:51:35 ET]
Table 'Smiley IV' 6-max Seat #5 is the button
Seat 1: michasia ($101.79 in chips) 
Seat 2: Cositorto ($140.88 in chips) 
Seat 3: BGS013 ($121.13 in chips) 
Seat 4: xcinaz ($102.20 in chips) 
Seat 5: Tibibacsi ($102.70 in chips) 
Seat 6: Neznaz2020 ($105.78 in chips) 
Neznaz2020: posts small blind $0.50
michasia: posts big blind $1
*** HOLE CARDS ***
Cositorto: raises $1 to $2
BGS013: raises $5 to $7
xcinaz: folds 
Tibibacsi: folds 
Neznaz2020: raises $5 to $12
michasia: folds 
Cositorto: folds 
BGS013: calls $5
*** FLOP *** [Ts 2c 6c]
Neznaz2020: bets $12.83
BGS013: calls $12.83
*** TURN *** [Ts 2c 6c] [9s]
Neznaz2020: bets $80.95 and is all-in
BGS013: calls $80.95
*** RIVER *** [Ts 2c 6c 9s] [7c]
*** SHOW DOWN ***
Neznaz2020: shows [Ks Kd] (a pair of Kings)
BGS013: shows [Kh Th] (a pair of Tens)
Neznaz2020 collected $212.06 from pot
*** SUMMARY ***
Total pot $214.56 | Rake $2.50 
Board [Ts 2c 6c 9s 7c]
Seat 1: michasia (big blind) folded before Flop
Seat 2: Cositorto folded before Flop
Seat 3: BGS013 showed [Kh Th] and lost with a pair of Tens
Seat 4: xcinaz folded before Flop (didn't bet)
Seat 5: Tibibacsi (button) folded before Flop (didn't bet)
Seat 6: Neznaz2020 (small blind) showed [Ks Kd] and won ($212.06) with a pair of Kings



PokerStars Hand #254508281778:  Hold'em No Limit ($0.50/$1.00 USD) - 2025/01/22 23:52:44 WET [2025/01/22 18:52:44 ET]
Table 'Smiley IV' 6-max Seat #6 is the button
Seat 1: michasia ($100.79 in chips) 
Seat 2: Cositorto ($138.88 in chips) 
Seat 3: BGS013 ($100 in chips) 
Seat 4: xcinaz ($102.20 in chips) 
Seat 5: Tibibacsi ($102.70 in chips) 
Seat 6: Neznaz2020 ($212.06 in chips) 
michasia: posts small blind $0.50
Cositorto: posts big blind $1
*** HOLE CARDS ***
BGS013: folds 
xcinaz: raises $1 to $2
Tibibacsi: folds 
Neznaz2020: folds 
michasia: folds 
Cositorto: folds 
Uncalled bet ($1) returned to xcinaz
xcinaz collected $2.50 from pot
xcinaz: doesn't show hand 
*** SUMMARY ***
Total pot $2.50 | Rake $0 
Seat 1: michasia (small blind) folded before Flop
Seat 2: Cositorto (big blind) folded before Flop
Seat 3: BGS013 folded before Flop (didn't bet)
Seat 4: xcinaz collected ($2.50)
Seat 5: Tibibacsi folded before Flop (didn't bet)
Seat 6: Neznaz2020 (button) folded before Flop (didn't bet)



PokerStars Hand #254508285122:  Hold'em No Limit ($0.50/$1.00 USD) - 2025/01/22 23:52:59 WET [2025/01/22 18:52:59 ET]
Table 'Smiley IV' 6-max Seat #1 is the button
Seat 1: michasia ($100.29 in chips) 
Seat 2: Cositorto ($137.88 in chips) 
Seat 3: BGS013 ($100 in chips) 
Seat 4: xcinaz ($103.70 in chips) 
Seat 5: Tibibacsi ($102.70 in chips) 
Seat 6: Neznaz2020 ($212.06 in chips) 
Cositorto: posts small blind $0.50
BGS013: posts big blind $1
*** HOLE CARDS ***
xcinaz: raises $1 to $2
Tibibacsi: folds 
Neznaz2020: folds 
michasia: folds 
Cositorto: folds 
BGS013: folds 
Uncalled bet ($1) returned to xcinaz
xcinaz collected $2.50 from pot
xcinaz: doesn't show hand 
*** SUMMARY ***
Total pot $2.50 | Rake $0 
Seat 1: michasia (button) folded before Flop (didn't bet)
Seat 2: Cositorto (small blind) folded before Flop
Seat 3: BGS013 (big blind) folded before Flop
Seat 4: xcinaz collected ($2.50)
Seat 5: Tibibacsi folded before Flop (didn't bet)
Seat 6: Neznaz2020 folded before Flop (didn't bet)



PokerStars Hand #254508288744:  Hold'em No Limit ($0.50/$1.00 USD) - 2025/01/22 23:53:16 WET [2025/01/22 18:53:16 ET]
Table 'Smiley IV' 6-max Seat #2 is the button
Seat 1: michasia ($100.29 in chips) 
Seat 2: Cositorto ($137.38 in chips) 
Seat 3: BGS013 ($100 in chips) 
Seat 4: xcinaz ($105.20 in chips) 
Seat 5: Tibibacsi ($102.70 in chips) 
Seat 6: Neznaz2020 ($212.06 in chips) 
BGS013: posts small blind $0.50
xcinaz: posts big blind $1
*** HOLE CARDS ***
Tibibacsi: folds 
Neznaz2020: folds 
michasia: folds 
Cositorto: raises $1.50 to $2.50
BGS013: folds 
xcinaz: folds 
Uncalled bet ($1.50) returned to Cositorto
Cositorto collected $2.50 from pot
Cositorto: doesn't show hand 
*** SUMMARY ***
Total pot $2.50 | Rake $0 
Seat 1: michasia folded before Flop (didn't bet)
Seat 2: Cositorto (button) collected ($2.50)
Seat 3: BGS013 (small blind) folded before Flop
Seat 4: xcinaz (big blind) folded before Flop
Seat 5: Tibibacsi folded before Flop (didn't bet)
Seat 6: Neznaz2020 folded before Flop (didn't bet)



PokerStars Hand #254508293470:  Hold'em No Limit ($0.50/$1.00 USD) - 2025/01/22 23:53:37 WET [2025/01/22 18:53:37 ET]
Table 'Smiley IV' 6-max Seat #3 is the button
Seat 5: Tibibacsi ($102.70 in chips) is sitting out
Seat 1: michasia ($100.29 in chips) 
Seat 2: Cositorto ($138.88 in chips) 
Seat 3: BGS013 ($100 in chips) 
Seat 4: xcinaz ($104.20 in chips) 
Seat 6: Neznaz2020 ($212.06 in chips) 
xcinaz: posts small blind $0.50
Tibibacsi: is sitting out 
Neznaz2020: posts big blind $1
*** HOLE CARDS ***
michasia: raises $1.60 to $2.60
Cositorto: folds 
BGS013: calls $2.60
xcinaz: folds 
Neznaz2020: folds 
*** FLOP *** [Qd 5c Th]
Tibibacsi leaves the table
michasia: bets $4.24
BGS013: folds 
Uncalled bet ($4.24) returned to michasia
michasia collected $6.36 from pot
michasia: doesn't show hand 
*** SUMMARY ***
Total pot $6.70 | Rake $0.34 
Board [Qd 5c Th]
Seat 5: Tibibacsi
Seat 1: michasia collected ($6.36)
Seat 2: Cositorto folded before Flop (didn't bet)
Seat 3: BGS013 (button) folded on the Flop
Seat 4: xcinaz (small blind) folded before Flop
Seat 6: Neznaz2020 (big blind) folded before Flop



PokerStars Hand #254508297954:  Hold'em No Limit ($0.50/$1.00 USD) - 2025/01/22 23:53:58 WET [2025/01/22 18:53:58 ET]
Table 'Smiley IV' 6-max Seat #4 is the button
Seat 1: michasia ($104.05 in chips) 
Seat 2: Cositorto ($138.88 in chips) 
Seat 3: BGS013 ($100 in chips) 
Seat 4: xcinaz ($103.70 in chips) 
Seat 6: Neznaz2020 ($211.06 in chips) 
Neznaz2020: posts small blind $0.50
michasia: posts big blind $1
*** HOLE CARDS ***
Cositorto: folds 
BGS013: folds 
xcinaz: folds 
Neznaz2020: calls $0.50
michasia: raises $2 to $3
Neznaz2020: calls $2
*** FLOP *** [9h 2h 9c]
sutata joins the table at seat #5 
Neznaz2020: checks 
michasia: bets $1.88
Neznaz2020: folds 
Uncalled bet ($1.88) returned to michasia
michasia collected $5.70 from pot
michasia: doesn't show hand 
*** SUMMARY ***
Total pot $6 | Rake $0.30 
Board [9h 2h 9c]
Seat 1: michasia (big blind) collected ($5.70)
Seat 2: Cositorto folded before Flop (didn't bet)
Seat 3: BGS013 folded before Flop (didn't bet)
Seat 4: xcinaz (button) folded before Flop (didn't bet)
Seat 6: Neznaz2020 (small blind) folded on the Flop



PokerStars Hand #254508303504:  Hold'em No Limit ($0.50/$1.00 USD) - 2025/01/22 23:54:23 WET [2025/01/22 18:54:23 ET]
Table 'Smiley IV' 6-max Seat #6 is the button
Seat 5: sutata ($100 in chips) is sitting out
Seat 1: michasia ($106.75 in chips) 
Seat 2: Cositorto ($138.88 in chips) 
Seat 3: BGS013 ($100 in chips) 
Seat 4: xcinaz ($103.70 in chips) 
Seat 6: Neznaz2020 ($208.06 in chips) 
michasia: posts small blind $0.50
Cositorto: posts big blind $1
sutata: sits out 
*** HOLE CARDS ***
BGS013: folds 
xcinaz: folds 
Neznaz2020: folds 
michasia: folds 
Uncalled bet ($0.50) returned to Cositorto
Cositorto collected $1 from pot
Cositorto: doesn't show hand 
*** SUMMARY ***
Total pot $1 | Rake $0 
Seat 5: sutata
Seat 1: michasia (small blind) folded before Flop
Seat 2: Cositorto (big blind) collected ($1)
Seat 3: BGS013 folded before Flop (didn't bet)
Seat 4: xcinaz folded before Flop (didn't bet)
Seat 6: Neznaz2020 (button) folded before Flop (didn't bet)



PokerStars Hand #254508305812:  Hold'em No Limit ($0.50/$1.00 USD) - 2025/01/22 23:54:34 WET [2025/01/22 18:54:34 ET]
Table 'Smiley IV' 6-max Seat #1 is the button
Seat 5: sutata ($100 in chips) is sitting out
Seat 1: michasia ($106.25 in chips) 
Seat 2: Cositorto ($139.38 in chips) 
Seat 3: BGS013 ($100 in chips) 
Seat 4: xcinaz ($103.70 in chips) 
Seat 6: Neznaz2020 ($208.06 in chips) 
Cositorto: posts small blind $0.50
BGS013: posts big blind $1
sutata: sits out 
*** HOLE CARDS ***
xcinaz: folds 
Neznaz2020: folds 
michasia: folds 
Cositorto: raises $2 to $3
BGS013: folds 
Uncalled bet ($2) returned to Cositorto
Cositorto collected $2 from pot
Cositorto: doesn't show hand 
*** SUMMARY ***
Total pot $2 | Rake $0 
Seat 5: sutata
Seat 1: michasia (button) folded before Flop (didn't bet)
Seat 2: Cositorto (small blind) collected ($2)
Seat 3: BGS013 (big blind) folded before Flop
Seat 4: xcinaz folded before Flop (didn't bet)
Seat 6: Neznaz2020 folded before Flop (didn't bet)



PokerStars Hand #254508310159:  Hold'em No Limit ($0.50/$1.00 USD) - 2025/01/22 23:54:54 WET [2025/01/22 18:54:54 ET]
Table 'Smiley IV' 6-max Seat #2 is the button
Seat 5: sutata ($100 in chips) is sitting out
Seat 1: michasia ($106.25 in chips) 
Seat 2: Cositorto ($140.38 in chips) 
Seat 3: BGS013 ($100 in chips) 
Seat 4: xcinaz ($103.70 in chips) 
Seat 6: Neznaz2020 ($208.06 in chips) 
BGS013: posts small blind $0.50
xcinaz: posts big blind $1
sutata: sits out 
*** HOLE CARDS ***
Neznaz2020 has timed out
Neznaz2020: folds 
michasia: raises $1.80 to $2.80
Cositorto: folds 
BGS013: raises $9.20 to $12
xcinaz: folds 
michasia: calls $9.20
*** FLOP *** [7c 7h Ad]
BGS013: bets $5.68
michasia: calls $5.68
*** TURN *** [7c 7h Ad] [5s]
BGS013: bets $25
michasia: calls $25
*** RIVER *** [7c 7h Ad 5s] [Ts]
BGS013: checks 
michasia: bets $62.90
BGS013: folds 
Uncalled bet ($62.90) returned to michasia
michasia collected $83.86 from pot
michasia: doesn't show hand 
*** SUMMARY ***
Total pot $86.36 | Rake $2.50 
Board [7c 7h Ad 5s Ts]
Seat 5: sutata
Seat 1: michasia collected ($83.86)
Seat 2: Cositorto (button) folded before Flop (didn't bet)
Seat 3: BGS013 (small blind) folded on the River
Seat 4: xcinaz (big blind) folded before Flop
Seat 6: Neznaz2020 folded before Flop (didn't bet)



PokerStars Hand #254508323222:  Hold'em No Limit ($0.50/$1.00 USD) - 2025/01/22 23:56:06 WET [2025/01/22 18:56:06 ET]
Table 'Smiley IV' 6-max Seat #3 is the button
Seat 1: michasia ($147.43 in chips) 
Seat 2: Cositorto ($140.38 in chips) 
Seat 3: BGS013 ($100 in chips) 
Seat 4: xcinaz ($102.70 in chips) 
Seat 5: sutata ($100 in chips) 
Seat 6: Neznaz2020 ($208.06 in chips) 
xcinaz: posts small blind $0.50
sutata: posts big blind $1
*** HOLE CARDS ***
Neznaz2020: folds 
michasia: folds 
Cositorto: folds 
BGS013: raises $1.50 to $2.50
xcinaz: folds 
sutata: raises $9.80 to $12.30
BGS013: calls $9.80
*** FLOP *** [Qh 9c 8h]
sutata: checks 
BGS013: bets $5.20
sutata: calls $5.20
*** TURN *** [Qh 9c 8h] [3c]
sutata: checks 
BGS013: bets $17
sutata: calls $17
*** RIVER *** [Qh 9c 8h 3c] [9s]
sutata: checks 
BGS013: bets $65.50 and is all-in
sutata: folds 
Uncalled bet ($65.50) returned to BGS013
BGS013 collected $67 from pot
BGS013: doesn't show hand 
*** SUMMARY ***
Total pot $69.50 | Rake $2.50 
Board [Qh 9c 8h 3c 9s]
Seat 1: michasia folded before Flop (didn't bet)
Seat 2: Cositorto folded before Flop (didn't bet)
Seat 3: BGS013 (button) collected ($67)
Seat 4: xcinaz (small blind) folded before Flop
Seat 5: sutata (big blind) folded on the River
Seat 6: Neznaz2020 folded before Flop (didn't bet)



PokerStars Hand #254508338594:  Hold'em No Limit ($0.50/$1.00 USD) - 2025/01/22 23:57:37 WET [2025/01/22 18:57:37 ET]
Table 'Smiley IV' 6-max Seat #4 is the button
Seat 1: michasia ($147.43 in chips) 
Seat 2: Cositorto ($140.38 in chips) 
Seat 3: BGS013 ($132.50 in chips) 
Seat 4: xcinaz ($102.20 in chips) 
Seat 5: sutata ($100 in chips) 
Seat 6: Neznaz2020 ($208.06 in chips) 
sutata: posts small blind $0.50
Neznaz2020: posts big blind $1
*** HOLE CARDS ***
michasia: folds 
Cositorto: folds 
BGS013: folds 
xcinaz: folds 
sutata: raises $2 to $3
Neznaz2020: folds 
Uncalled bet ($2) returned to sutata
sutata collected $2 from pot
sutata: doesn't show hand 
*** SUMMARY ***
Total pot $2 | Rake $0 
Seat 1: michasia folded before Flop (didn't bet)
Seat 2: Cositorto folded before Flop (didn't bet)
Seat 3: BGS013 folded before Flop (didn't bet)
Seat 4: xcinaz (button) folded before Flop (didn't bet)
Seat 5: sutata (small blind) collected ($2)
Seat 6: Neznaz2020 (big blind) folded before Flop



PokerStars Hand #254508343174:  Hold'em No Limit ($0.50/$1.00 USD) - 2025/01/22 23:58:04 WET [2025/01/22 18:58:04 ET]
Table 'Smiley IV' 6-max Seat #5 is the button
Seat 1: michasia ($147.43 in chips) 
Seat 2: Cositorto ($140.38 in chips) 
Seat 3: BGS013 ($132.50 in chips) 
Seat 4: xcinaz ($102.20 in chips) 
Seat 5: sutata ($101 in chips) 
Seat 6: Neznaz2020 ($207.06 in chips) 
Neznaz2020: posts small blind $0.50
michasia: posts big blind $1
*** HOLE CARDS ***
Cositorto: raises $1 to $2
BGS013: folds 
xcinaz: folds 
sutata: calls $2
Neznaz2020: folds 
michasia: calls $1
*** FLOP *** [Js Td Qc]
michasia: checks 
Cositorto: checks 
sutata: checks 
*** TURN *** [Js Td Qc] [6d]
michasia: checks 
Cositorto: bets $7.50
sutata: folds 
michasia: folds 
Uncalled bet ($7.50) returned to Cositorto
Cositorto collected $6.18 from pot
Cositorto: doesn't show hand 
*** SUMMARY ***
Total pot $6.50 | Rake $0.32 
Board [Js Td Qc 6d]
Seat 1: michasia (big blind) folded on the Turn
Seat 2: Cositorto collected ($6.18)
Seat 3: BGS013 folded before Flop (didn't bet)
Seat 4: xcinaz folded before Flop (didn't bet)
Seat 5: sutata (button) folded on the Turn
Seat 6: Neznaz2020 (small blind) folded before Flop



PokerStars Hand #254508351110:  Hold'em No Limit ($0.50/$1.00 USD) - 2025/01/22 23:58:50 WET [2025/01/22 18:58:50 ET]
Table 'Smiley IV' 6-max Seat #6 is the button
Seat 1: michasia ($145.43 in chips) 
Seat 2: Cositorto ($144.56 in chips) 
Seat 3: BGS013 ($132.50 in chips) 
Seat 4: xcinaz ($102.20 in chips) 
Seat 5: sutata ($100 in chips) 
Seat 6: Neznaz2020 ($206.56 in chips) 
michasia: posts small blind $0.50
Cositorto: posts big blind $1
*** HOLE CARDS ***
BGS013: folds 
xcinaz: folds 
sutata: folds 
Neznaz2020: folds 
michasia: raises $2 to $3
Cositorto: folds 
Uncalled bet ($2) returned to michasia
michasia collected $2 from pot
michasia: doesn't show hand 
*** SUMMARY ***
Total pot $2 | Rake $0 
Seat 1: michasia (small blind) collected ($2)
Seat 2: Cositorto (big blind) folded before Flop
Seat 3: BGS013 folded before Flop (didn't bet)
Seat 4: xcinaz folded before Flop (didn't bet)
Seat 5: sutata folded before Flop (didn't bet)
Seat 6: Neznaz2020 (button) folded before Flop (didn't bet)



PokerStars Hand #254508353270:  Hold'em No Limit ($0.50/$1.00 USD) - 2025/01/22 23:59:03 WET [2025/01/22 18:59:03 ET]
Table 'Smiley IV' 6-max Seat #1 is the button
Seat 1: michasia ($146.43 in chips) 
Seat 2: Cositorto ($143.56 in chips) 
Seat 3: BGS013 ($132.50 in chips) 
Seat 4: xcinaz ($102.20 in chips) 
Seat 5: sutata ($100 in chips) 
Seat 6: Neznaz2020 ($206.56 in chips) 
Cositorto: posts small blind $0.50
BGS013: posts big blind $1
*** HOLE CARDS ***
xcinaz: raises $1 to $2
sutata: folds 
Neznaz2020: calls $2
michasia: calls $2
Cositorto: folds 
BGS013: folds 
*** FLOP *** [8s 2c 5h]
xcinaz: bets $2.35
Neznaz2020: raises $2.39 to $4.74
michasia: calls $4.74
xcinaz: calls $2.39
*** TURN *** [8s 2c 5h] [Ts]
xcinaz: checks 
Neznaz2020: bets $10.32
michasia: folds 
xcinaz: calls $10.32
*** RIVER *** [8s 2c 5h Ts] [Qh]
xcinaz: checks 
Neznaz2020: bets $189.50 and is all-in
xcinaz: calls $85.14 and is all-in
Uncalled bet ($104.36) returned to Neznaz2020
*** SHOW DOWN ***
Neznaz2020: shows [Td Th] (three of a kind, Tens)
xcinaz: shows [5d 5s] (three of a kind, Fives)
Neznaz2020 collected $210.14 from pot
*** SUMMARY ***
Total pot $212.64 | Rake $2.50 
Board [8s 2c 5h Ts Qh]
Seat 1: michasia (button) folded on the Turn
Seat 2: Cositorto (small blind) folded before Flop
Seat 3: BGS013 (big blind) folded before Flop
Seat 4: xcinaz showed [5d 5s] and lost with three of a kind, Fives
Seat 5: sutata folded before Flop (didn't bet)
Seat 6: Neznaz2020 showed [Td Th] and won ($210.14) with three of a kind, Tens



PokerStars Hand #254508366888:  Hold'em No Limit ($0.50/$1.00 USD) - 2025/01/22 0:00:22 WET [2025/01/22 19:00:22 ET]
Table 'Smiley IV' 6-max Seat #2 is the button
Seat 1: michasia ($139.69 in chips) 
Seat 2: Cositorto ($143.06 in chips) 
Seat 3: BGS013 ($131.50 in chips) 
Seat 4: xcinaz ($100 in chips) 
Seat 5: sutata ($100 in chips) 
Seat 6: Neznaz2020 ($314.50 in chips) 
BGS013: posts small blind $0.50
xcinaz: posts big blind $1
*** HOLE CARDS ***
sutata: folds 
Neznaz2020: folds 
michasia: raises $1.80 to $2.80
Cositorto: folds 
BGS013: folds 
xcinaz: raises $8.70 to $11.50
michasia: raises $12.50 to $24
xcinaz: calls $12.50
*** FLOP *** [4h 6s 3c]
xcinaz: checks 
michasia: bets $11.52
xcinaz: calls $11.52
*** TURN *** [4h 6s 3c] [5d]
xcinaz: bets $17.26
michasia: raises $86.91 to $104.17 and is all-in
xcinaz: folds 
Uncalled bet ($86.91) returned to michasia
michasia collected $103.56 from pot
michasia: doesn't show hand 
*** SUMMARY ***
Total pot $106.06 | Rake $2.50 
Board [4h 6s 3c 5d]
Seat 1: michasia collected ($103.56)
Seat 2: Cositorto (button) folded before Flop (didn't bet)
Seat 3: BGS013 (small blind) folded before Flop
Seat 4: xcinaz (big blind) folded on the Turn
Seat 5: sutata folded before Flop (didn't bet)
Seat 6: Neznaz2020 folded before Flop (didn't bet)



PokerStars Hand #254508390856:  Hold'em No Limit ($0.50/$1.00 USD) - 2025/01/22 0:02:21 WET [2025/01/22 19:02:21 ET]
Table 'Smiley IV' 6-max Seat #3 is the button
Seat 1: michasia ($190.47 in chips) 
Seat 2: Cositorto ($143.06 in chips) 
Seat 3: BGS013 ($131 in chips) 
Seat 4: xcinaz ($100 in chips) 
Seat 5: sutata ($100 in chips) 
Seat 6: Neznaz2020 ($314.50 in chips) 
xcinaz: posts small blind $0.50
sutata: posts big blind $1
*** HOLE CARDS ***
Neznaz2020: folds 
michasia: folds 
Cositorto: raises $1 to $2
BGS013: folds 
xcinaz: folds 
sutata: folds 
Uncalled bet ($1) returned to Cositorto
Cositorto collected $2.50 from pot
Cositorto: doesn't show hand 
*** SUMMARY ***
Total pot $2.50 | Rake $0 
Seat 1: michasia folded before Flop (didn't bet)
Seat 2: Cositorto collected ($2.50)
Seat 3: BGS013 (button) folded before Flop (didn't bet)
Seat 4: xcinaz (small blind) folded before Flop
Seat 5: sutata (big blind) folded before Flop
Seat 6: Neznaz2020 folded before Flop (didn't bet)



PokerStars Hand #254508395896:  Hold'em No Limit ($0.50/$1.00 USD) - 2025/01/22 0:02:45 WET [2025/01/22 19:02:45 ET]
Table 'Smiley IV' 6-max Seat #4 is the button
Seat 1: michasia ($190.47 in chips) 
Seat 2: Cositorto ($144.56 in chips) 
Seat 3: BGS013 ($131 in chips) 
Seat 4: xcinaz ($100 in chips) 
Seat 5: sutata ($100 in chips) 
Seat 6: Neznaz2020 ($314.50 in chips) 
sutata: posts small blind $0.50
Neznaz2020: posts big blind $1
*** HOLE CARDS ***
michasia: raises $1.60 to $2.60
Cositorto: folds 
BGS013: folds 
xcinaz: raises $5.40 to $8
sutata: folds 
Neznaz2020: folds 
michasia: calls $5.40
*** FLOP *** [Kh Ts 7s]
michasia: checks 
xcinaz: bets $4.16
michasia: calls $4.16
*** TURN *** [Kh Ts 7s] [Ac]
michasia: checks 
xcinaz: bets $20.85
michasia: folds 
Uncalled bet ($20.85) returned to xcinaz
xcinaz collected $24.53 from pot
xcinaz: doesn't show hand 
*** SUMMARY ***
Total pot $25.82 | Rake $1.29 
Board [Kh Ts 7s Ac]
Seat 1: michasia folded on the Turn
Seat 2: Cositorto folded before Flop (didn't bet)
Seat 3: BGS013 folded before Flop (didn't bet)
Seat 4: xcinaz (button) collected ($24.53)
Seat 5: sutata (small blind) folded before Flop
Seat 6: Neznaz2020 (big blind) folded before Flop



PokerStars Hand #254508407278:  Hold'em No Limit ($0.50/$1.00 USD) - 2025/01/22 0:03:38 WET [2025/01/22 19:03:38 ET]
Table 'Smiley IV' 6-max Seat #5 is the button
Seat 1: michasia ($178.31 in chips) 
Seat 2: Cositorto ($144.56 in chips) 
Seat 3: BGS013 ($131 in chips) 
Seat 4: xcinaz ($112.37 in chips) 
Seat 5: sutata ($100 in chips) 
Seat 6: Neznaz2020 ($313.50 in chips) 
Neznaz2020: posts small blind $0.50
michasia: posts big blind $1
*** HOLE CARDS ***
Cositorto: folds 
BGS013: raises $1 to $2
xcinaz: folds 
sutata: calls $2
Neznaz2020: folds 
michasia: folds 
*** FLOP *** [4h 3s 3d]
BGS013: checks 
sutata: bets $3.45
BGS013: folds 
Uncalled bet ($3.45) returned to sutata
sutata collected $5.22 from pot
sutata: doesn't show hand 
*** SUMMARY ***
Total pot $5.50 | Rake $0.28 
Board [4h 3s 3d]
Seat 1: michasia (big blind) folded before Flop
Seat 2: Cositorto folded before Flop (didn't bet)
Seat 3: BGS013 folded on the Flop
Seat 4: xcinaz folded before Flop (didn't bet)
Seat 5: sutata (button) collected ($5.22)
Seat 6: Neznaz2020 (small blind) folded before Flop



PokerStars Hand #254508415947:  Hold'em No Limit ($0.50/$1.00 USD) - 2025/01/22 0:04:19 WET [2025/01/22 19:04:19 ET]
Table 'Smiley IV' 6-max Seat #6 is the button
Seat 1: michasia ($177.31 in chips) 
Seat 2: Cositorto ($144.56 in chips) 
Seat 3: BGS013 ($129 in chips) 
Seat 4: xcinaz ($112.37 in chips) 
Seat 5: sutata ($103.22 in chips) 
Seat 6: Neznaz2020 ($313 in chips) 
michasia: posts small blind $0.50
Cositorto: posts big blind $1
*** HOLE CARDS ***
BGS013: folds 
xcinaz: folds 
sutata: raises $1.50 to $2.50
Neznaz2020: folds 
michasia: folds 
Cositorto: folds 
Uncalled bet ($1.50) returned to sutata
sutata collected $2.50 from pot
sutata: doesn't show hand 
*** SUMMARY ***
Total pot $2.50 | Rake $0 
Seat 1: michasia (small blind) folded before Flop
Seat 2: Cositorto (big blind) folded before Flop
Seat 3: BGS013 folded before Flop (didn't bet)
Seat 4: xcinaz folded before Flop (didn't bet)
Seat 5: sutata collected ($2.50)
Seat 6: Neznaz2020 (button) folded before Flop (didn't bet)



PokerStars Hand #254508420783:  Hold'em No Limit ($0.50/$1.00 USD) - 2025/01/22 0:04:41 WET [2025/01/22 19:04:41 ET]
Table 'Smiley IV' 6-max Seat #1 is the button
Seat 1: michasia ($176.81 in chips) 
Seat 2: Cositorto ($143.56 in chips) 
Seat 3: BGS013 ($129 in chips) 
Seat 4: xcinaz ($112.37 in chips) 
Seat 5: sutata ($104.72 in chips) 
Seat 6: Neznaz2020 ($313 in chips) 
Cositorto: posts small blind $0.50
BGS013: posts big blind $1
*** HOLE CARDS ***
xcinaz: raises $1 to $2
sutata: calls $2
Neznaz2020: folds 
michasia: folds 
Cositorto: folds 
BGS013: folds 
*** FLOP *** [9h 4h Th]
xcinaz: checks 
sutata: bets $3.97
xcinaz: folds 
Uncalled bet ($3.97) returned to sutata
sutata collected $5.22 from pot
sutata: doesn't show hand 
*** SUMMARY ***
Total pot $5.50 | Rake $0.28 
Board [9h 4h Th]
Seat 1: michasia (button) folded before Flop (didn't bet)
Seat 2: Cositorto (small blind) folded before Flop
Seat 3: BGS013 (big blind) folded before Flop
Seat 4: xcinaz folded on the Flop
Seat 5: sutata collected ($5.22)
Seat 6: Neznaz2020 folded before Flop (didn't bet)



PokerStars Hand #254508429209:  Hold'em No Limit ($0.50/$1.00 USD) - 2025/01/22 0:05:20 WET [2025/01/22 19:05:20 ET]
Table 'Smiley IV' 6-max Seat #2 is the button
Seat 1: michasia ($176.81 in chips) 
Seat 2: Cositorto ($143.06 in chips) 
Seat 3: BGS013 ($128 in chips) 
Seat 4: xcinaz ($110.37 in chips) 
Seat 5: sutata ($107.94 in chips) 
Seat 6: Neznaz2020 ($313 in chips) 
BGS013: posts small blind $0.50
xcinaz: posts big blind $1
*** HOLE CARDS ***
sutata: folds 
Neznaz2020: calls $1
michasia: raises $2.50 to $3.50
Cositorto: calls $3.50
BGS013: folds 
xcinaz: folds 
Neznaz2020: calls $2.50
*** FLOP *** [Jc 5c 9h]
Neznaz2020: checks 
michasia: bets $3.76
Cositorto: calls $3.76
Neznaz2020: folds 
*** TURN *** [Jc 5c 9h] [7s]
michasia: bets $12.36
Cositorto: raises $17.64 to $30
michasia: calls $17.64
*** RIVER *** [Jc 5c 9h 7s] [Ks]
michasia: checks 
Cositorto: checks 
*** SHOW DOWN ***
michasia: shows [Qs Qh] (a pair of Queens)
Cositorto: mucks hand 
michasia collected $77.02 from pot
*** SUMMARY ***
Total pot $79.52 | Rake $2.50 
Board [Jc 5c 9h 7s Ks]
Seat 1: michasia showed [Qs Qh] and won ($77.02) with a pair of Queens
Seat 2: Cositorto (button) mucked
Seat 3: BGS013 (small blind) folded before Flop
Seat 4: xcinaz (big blind) folded before Flop
Seat 5: sutata folded before Flop (didn't bet)
Seat 6: Neznaz2020 folded on the Flop



PokerStars Hand #254508445566:  Hold'em No Limit ($0.50/$1.00 USD) - 2025/01/22 0:06:37 WET [2025/01/22 19:06:37 ET]
Table 'Smiley IV' 6-max Seat #3 is the button
Seat 1: michasia ($216.57 in chips) 
Seat 2: Cositorto ($105.80 in chips) 
Seat 3: BGS013 ($127.50 in chips) 
Seat 4: xcinaz ($109.37 in chips) 
Seat 5: sutata ($107.94 in chips) 
Seat 6: Neznaz2020 ($309.50 in chips) 
xcinaz: posts small blind $0.50
sutata: posts big blind $1
*** HOLE CARDS ***
Neznaz2020: folds 
michasia: folds 
Cositorto: folds 
BGS013: folds 
xcinaz: folds 
Uncalled bet ($0.50) returned to sutata
sutata collected $1 from pot
sutata: doesn't show hand 
*** SUMMARY ***
Total pot $1 | Rake $0 
Seat 1: michasia folded before Flop (didn't bet)
Seat 2: Cositorto folded before Flop (didn't bet)
Seat 3: BGS013 (button) folded before Flop (didn't bet)
Seat 4: xcinaz (small blind) folded before Flop
Seat 5: sutata (big blind) collected ($1)
Seat 6: Neznaz2020 folded before Flop (didn't bet)



PokerStars Hand #254508448661:  Hold'em No Limit ($0.50/$1.00 USD) - 2025/01/22 0:06:52 WET [2025/01/22 19:06:52 ET]
Table 'Smiley IV' 6-max Seat #4 is the button
Seat 1: michasia ($216.57 in chips) 
Seat 2: Cositorto ($105.80 in chips) 
Seat 3: BGS013 ($127.50 in chips) 
Seat 4: xcinaz ($108.87 in chips) 
Seat 5: sutata ($108.44 in chips) 
Seat 6: Neznaz2020 ($309.50 in chips) 
sutata: posts small blind $0.50
Neznaz2020: posts big blind $1
*** HOLE CARDS ***
michasia: folds 
Cositorto: folds 
BGS013: folds 
xcinaz: folds 
sutata: raises $2 to $3
Neznaz2020: folds 
Uncalled bet ($2) returned to sutata
sutata collected $2 from pot
sutata: doesn't show hand 
*** SUMMARY ***
Total pot $2 | Rake $0 
Seat 1: michasia folded before Flop (didn't bet)
Seat 2: Cositorto folded before Flop (didn't bet)
Seat 3: BGS013 folded before Flop (didn't bet)
Seat 4: xcinaz (button) folded before Flop (didn't bet)
Seat 5: sutata (small blind) collected ($2)
Seat 6: Neznaz2020 (big blind) folded before Flop



PokerStars Hand #254508452075:  Hold'em No Limit ($0.50/$1.00 USD) - 2025/01/22 0:07:08 WET [2025/01/22 19:07:08 ET]
Table 'Smiley IV' 6-max Seat #5 is the button
Seat 1: michasia ($216.57 in chips) 
Seat 2: Cositorto ($105.80 in chips) 
Seat 3: BGS013 ($127.50 in chips) 
Seat 4: xcinaz ($108.87 in chips) 
Seat 5: sutata ($109.44 in chips) 
Seat 6: Neznaz2020 ($308.50 in chips) 
Neznaz2020: posts small blind $0.50
michasia: posts big blind $1
*** HOLE CARDS ***
Cositorto: folds 
BGS013: folds 
xcinaz: folds 
sutata: folds 
Neznaz2020: folds 
Uncalled bet ($0.50) returned to michasia
michasia collected $1 from pot
michasia: doesn't show hand 
*** SUMMARY ***
Total pot $1 | Rake $0 
Seat 1: michasia (big blind) collected ($1)
Seat 2: Cositorto folded before Flop (didn't bet)
Seat 3: BGS013 folded before Flop (didn't bet)
Seat 4: xcinaz folded before Flop (didn't bet)
Seat 5: sutata (button) folded before Flop (didn't bet)
Seat 6: Neznaz2020 (small blind) folded before Flop



PokerStars Hand #254508454665:  Hold'em No Limit ($0.50/$1.00 USD) - 2025/01/22 0:07:21 WET [2025/01/22 19:07:21 ET]
Table 'Smiley IV' 6-max Seat #6 is the button
Seat 1: michasia ($217.07 in chips) 
Seat 2: Cositorto ($105.80 in chips) 
Seat 3: BGS013 ($127.50 in chips) 
Seat 4: xcinaz ($108.87 in chips) 
Seat 5: sutata ($109.44 in chips) 
Seat 6: Neznaz2020 ($308 in chips) 
michasia: posts small blind $0.50
Cositorto: posts big blind $1
*** HOLE CARDS ***
BGS013: raises $1 to $2
xcinaz: folds 
sutata: folds 
Neznaz2020: folds 
michasia: folds 
Cositorto: calls $1
*** FLOP *** [Ts 7s 2c]
Cositorto: checks 
BGS013: bets $5.44
Cositorto: folds 
Uncalled bet ($5.44) returned to BGS013
BGS013 collected $4.28 from pot
BGS013: doesn't show hand 
*** SUMMARY ***
Total pot $4.50 | Rake $0.22 
Board [Ts 7s 2c]
Seat 1: michasia (small blind) folded before Flop
Seat 2: Cositorto (big blind) folded on the Flop
Seat 3: BGS013 collected ($4.28)
Seat 4: xcinaz folded before Flop (didn't bet)
Seat 5: sutata folded before Flop (didn't bet)
Seat 6: Neznaz2020 (button) folded before Flop (didn't bet)



PokerStars Hand #254508460593:  Hold'em No Limit ($0.50/$1.00 USD) - 2025/01/22 0:07:49 WET [2025/01/22 19:07:49 ET]
Table 'Smiley IV' 6-max Seat #1 is the button
Seat 1: michasia ($216.57 in chips) 
Seat 2: Cositorto ($103.80 in chips) 
Seat 3: BGS013 ($129.78 in chips) 
Seat 4: xcinaz ($108.87 in chips) 
Seat 5: sutata ($109.44 in chips) 
Seat 6: Neznaz2020 ($308 in chips) 
Cositorto: posts small blind $0.50
BGS013: posts big blind $1
*** HOLE CARDS ***
xcinaz: folds 
sutata: folds 
Neznaz2020: folds 
michasia: folds 
Cositorto: folds 
Uncalled bet ($0.50) returned to BGS013
BGS013 collected $1 from pot
BGS013: doesn't show hand 
*** SUMMARY ***
Total pot $1 | Rake $0 
Seat 1: michasia (button) folded before Flop (didn't bet)
Seat 2: Cositorto (small blind) folded before Flop
Seat 3: BGS013 (big blind) collected ($1)
Seat 4: xcinaz folded before Flop (didn't bet)
Seat 5: sutata folded before Flop (didn't bet)
Seat 6: Neznaz2020 folded before Flop (didn't bet)



PokerStars Hand #254508464512:  Hold'em No Limit ($0.50/$1.00 USD) - 2025/01/22 0:08:08 WET [2025/01/22 19:08:08 ET]
Table 'Smiley IV' 6-max Seat #2 is the button
Seat 1: michasia ($216.57 in chips) 
Seat 2: Cositorto ($103.30 in chips) 
Seat 3: BGS013 ($130.28 in chips) 
Seat 4: xcinaz ($108.87 in chips) 
Seat 5: sutata ($109.44 in chips) 
Seat 6: Neznaz2020 ($308 in chips) 
BGS013: posts small blind $0.50
xcinaz: posts big blind $1
*** HOLE CARDS ***
sutata: folds 
Neznaz2020: folds 
michasia: folds 
Cositorto: folds 
BGS013: folds 
Uncalled bet ($0.50) returned to xcinaz
xcinaz collected $1 from pot
xcinaz: doesn't show hand 
*** SUMMARY ***
Total pot $1 | Rake $0 
Seat 1: michasia folded before Flop (didn't bet)
Seat 2: Cositorto (button) folded before Flop (didn't bet)
Seat 3: BGS013 (small blind) folded before Flop
Seat 4: xcinaz (big blind) collected ($1)
Seat 5: sutata folded before Flop (didn't bet)
Seat 6: Neznaz2020 folded before Flop (didn't bet)



PokerStars Hand #254508466955:  Hold'em No Limit ($0.50/$1.00 USD) - 2025/01/22 0:08:20 WET [2025/01/22 19:08:20 ET]
Table 'Smiley IV' 6-max Seat #3 is the button
Seat 1: michasia ($216.57 in chips) 
Seat 2: Cositorto ($103.30 in chips) 
Seat 3: BGS013 ($129.78 in chips) 
Seat 4: xcinaz ($109.37 in chips) 
Seat 5: sutata ($109.44 in chips) 
Seat 6: Neznaz2020 ($308 in chips) 
xcinaz: posts small blind $0.50
sutata: posts big blind $1
*** HOLE CARDS ***
Neznaz2020: folds 
michasia: folds 
Cositorto: folds 
BGS013: raises $1.50 to $2.50
xcinaz: folds 
sutata: calls $1.50
*** FLOP *** [As 5h Qd]
sutata: checks 
BGS013: checks 
*** TURN *** [As 5h Qd] [3h]
sutata: checks 
BGS013: bets $4.07
sutata: folds 
Uncalled bet ($4.07) returned to BGS013
BGS013 collected $5.22 from pot
BGS013: doesn't show hand 
*** SUMMARY ***
Total pot $5.50 | Rake $0.28 
Board [As 5h Qd 3h]
Seat 1: michasia folded before Flop (didn't bet)
Seat 2: Cositorto folded before Flop (didn't bet)
Seat 3: BGS013 (button) collected ($5.22)
Seat 4: xcinaz (small blind) folded before Flop
Seat 5: sutata (big blind) folded on the Turn
Seat 6: Neznaz2020 folded before Flop (didn't bet)



PokerStars Hand #254508477335:  Hold'em No Limit ($0.50/$1.00 USD) - 2025/01/22 0:09:09 WET [2025/01/22 19:09:09 ET]
Table 'Smiley IV' 6-max Seat #4 is the button
Seat 1: michasia ($216.57 in chips) 
Seat 2: Cositorto ($103.30 in chips) 
Seat 3: BGS013 ($132.50 in chips) 
Seat 4: xcinaz ($108.87 in chips) 
Seat 5: sutata ($106.94 in chips) 
Seat 6: Neznaz2020 ($308 in chips) 
sutata: posts small blind $0.50
Neznaz2020: posts big blind $1
*** HOLE CARDS ***
michasia: folds 
Cositorto: raises $1 to $2
BGS013: folds 
xcinaz: folds 
sutata: calls $1.50
Neznaz2020: folds 
*** FLOP *** [7d Jd 7h]
sutata: checks 
Cositorto: bets $1.28
sutata: raises $2.56 to $3.84
Cositorto: calls $2.56
*** TURN *** [7d Jd 7h] [3s]
sutata: bets $17.95
Cositorto: calls $17.95
*** RIVER *** [7d Jd 7h 3s] [2d]
sutata: bets $23.08
Cositorto: raises $56.43 to $79.51 and is all-in
sutata: folds 
Uncalled bet ($56.43) returned to Cositorto
Cositorto collected $92.24 from pot
Cositorto: doesn't show hand 
*** SUMMARY ***
Total pot $94.74 | Rake $2.50 
Board [7d Jd 7h 3s 2d]
Seat 1: michasia folded before Flop (didn't bet)
Seat 2: Cositorto collected ($92.24)
Seat 3: BGS013 folded before Flop (didn't bet)
Seat 4: xcinaz (button) folded before Flop (didn't bet)
Seat 5: sutata (small blind) folded on the River
Seat 6: Neznaz2020 (big blind) folded before Flop



PokerStars Hand #254508495616:  Hold'em No Limit ($0.50/$1.00 USD) - 2025/01/22 0:10:38 WET [2025/01/22 19:10:38 ET]
Table 'Smiley IV' 6-max Seat #5 is the button
Seat 1: michasia ($216.57 in chips) 
Seat 2: Cositorto ($148.67 in chips) 
Seat 3: BGS013 ($132.50 in chips) 
Seat 4: xcinaz ($108.87 in chips) 
Seat 5: sutata ($100 in chips) 
Seat 6: Neznaz2020 ($307 in chips) 
Neznaz2020: posts small blind $0.50
michasia: posts big blind $1
*** HOLE CARDS ***
Cositorto: folds 
BGS013: folds 
xcinaz: raises $1.20 to $2.20
sutata: calls $2.20
Neznaz2020: calls $1.70
michasia: raises $12.80 to $15
xcinaz: folds 
sutata: folds 
Neznaz2020: folds 
Uncalled bet ($12.80) returned to michasia
michasia collected $8.80 from pot
michasia: doesn't show hand 
*** SUMMARY ***
Total pot $8.80 | Rake $0 
Seat 1: michasia (big blind) collected ($8.80)
Seat 2: Cositorto folded before Flop (didn't bet)
Seat 3: BGS013 folded before Flop (didn't bet)
Seat 4: xcinaz folded before Flop
Seat 5: sutata (button) folded before Flop
Seat 6: Neznaz2020 (small blind) folded before Flop



PokerStars Hand #254508505109:  Hold'em No Limit ($0.50/$1.00 USD) - 2025/01/22 0:11:24 WET [2025/01/22 19:11:24 ET]
Table 'Smiley IV' 6-max Seat #6 is the button
Seat 1: michasia ($223.17 in chips) 
Seat 2: Cositorto ($148.67 in chips) 
Seat 3: BGS013 ($132.50 in chips) 
Seat 4: xcinaz ($106.67 in chips) 
Seat 5: sutata ($100 in chips) 
Seat 6: Neznaz2020 ($304.80 in chips) 
michasia: posts small blind $0.50
Cositorto: posts big blind $1
*** HOLE CARDS ***
BGS013: folds 
xcinaz: folds 
sutata: folds 
Neznaz2020: folds 
michasia: folds 
Uncalled bet ($0.50) returned to Cositorto
Cositorto collected $1 from pot
Cositorto: doesn't show hand 
*** SUMMARY ***
Total pot $1 | Rake $0 
Seat 1: michasia (small blind) folded before Flop
Seat 2: Cositorto (big blind) collected ($1)
Seat 3: BGS013 folded before Flop (didn't bet)
Seat 4: xcinaz folded before Flop (didn't bet)
Seat 5: sutata folded before Flop (didn't bet)
Seat 6: Neznaz2020 (button) folded before Flop (didn't bet)



PokerStars Hand #254508508871:  Hold'em No Limit ($0.50/$1.00 USD) - 2025/01/22 0:11:43 WET [2025/01/22 19:11:43 ET]
Table 'Smiley IV' 6-max Seat #1 is the button
Seat 1: michasia ($222.67 in chips) 
Seat 2: Cositorto ($149.17 in chips) 
Seat 3: BGS013 ($132.50 in chips) 
Seat 4: xcinaz ($106.67 in chips) 
Seat 5: sutata ($100 in chips) 
Seat 6: Neznaz2020 ($304.80 in chips) 
Cositorto: posts small blind $0.50
BGS013: posts big blind $1
*** HOLE CARDS ***
xcinaz: folds 
sutata: folds 
Neznaz2020: folds 
michasia: folds 
Cositorto: raises $2 to $3
BGS013: raises $6.50 to $9.50
Cositorto: folds 
Uncalled bet ($6.50) returned to BGS013
BGS013 collected $6 from pot
BGS013: doesn't show hand 
*** SUMMARY ***
Total pot $6 | Rake $0 
Seat 1: michasia (button) folded before Flop (didn't bet)
Seat 2: Cositorto (small blind) folded before Flop
Seat 3: BGS013 (big blind) collected ($6)
Seat 4: xcinaz folded before Flop (didn't bet)
Seat 5: sutata folded before Flop (didn't bet)
Seat 6: Neznaz2020 folded before Flop (didn't bet)



PokerStars Hand #254508514286:  Hold'em No Limit ($0.50/$1.00 USD) - 2025/01/22 0:12:10 WET [2025/01/22 19:12:10 ET]
Table 'Smiley IV' 6-max Seat #2 is the button
Seat 1: michasia ($222.67 in chips) 
Seat 2: Cositorto ($146.17 in chips) 
Seat 3: BGS013 ($135.50 in chips) 
Seat 4: xcinaz ($106.67 in chips) 
Seat 5: sutata ($100 in chips) 
Seat 6: Neznaz2020 ($304.80 in chips) 
BGS013: posts small blind $0.50
xcinaz: posts big blind $1
*** HOLE CARDS ***
sutata: folds 
Neznaz2020: folds 
michasia: folds 
Cositorto: folds 
BGS013: folds 
Uncalled bet ($0.50) returned to xcinaz
xcinaz collected $1 from pot
xcinaz: doesn't show hand 
*** SUMMARY ***
Total pot $1 | Rake $0 
Seat 1: michasia folded before Flop (didn't bet)
Seat 2: Cositorto (button) folded before Flop (didn't bet)
Seat 3: BGS013 (small blind) folded before Flop
Seat 4: xcinaz (big blind) collected ($1)
Seat 5: sutata folded before Flop (didn't bet)
Seat 6: Neznaz2020 folded before Flop (didn't bet)



PokerStars Hand #254508517586:  Hold'em No Limit ($0.50/$1.00 USD) - 2025/01/22 0:12:26 WET [2025/01/22 19:12:26 ET]
Table 'Smiley IV' 6-max Seat #3 is the button
Seat 1: michasia ($222.67 in chips) 
Seat 2: Cositorto ($146.17 in chips) 
Seat 3: BGS013 ($135 in chips) 
Seat 4: xcinaz ($107.17 in chips) 
Seat 5: sutata ($100 in chips) 
Seat 6: Neznaz2020 ($304.80 in chips) 
xcinaz: posts small blind $0.50
sutata: posts big blind $1
*** HOLE CARDS ***
Neznaz2020: folds 
michasia: folds 
Cositorto: raises $1 to $2
BGS013: folds 
xcinaz: folds 
sutata: folds 
Uncalled bet ($1) returned to Cositorto
Cositorto collected $2.50 from pot
Cositorto: doesn't show hand 
*** SUMMARY ***
Total pot $2.50 | Rake $0 
Seat 1: michasia folded before Flop (didn't bet)
Seat 2: Cositorto collected ($2.50)
Seat 3: BGS013 (button) folded before Flop (didn't bet)
Seat 4: xcinaz (small blind) folded before Flop
Seat 5: sutata (big blind) folded before Flop
Seat 6: Neznaz2020 folded before Flop (didn't bet)



PokerStars Hand #254508520972:  Hold'em No Limit ($0.50/$1.00 USD) - 2025/01/22 0:12:43 WET [2025/01/22 19:12:43 ET]
Table 'Smiley IV' 6-max Seat #4 is the button
Seat 1: michasia ($222.67 in chips) 
Seat 2: Cositorto ($147.67 in chips) 
Seat 3: BGS013 ($135 in chips) 
Seat 4: xcinaz ($106.67 in chips) 
Seat 5: sutata ($100 in chips) 
Seat 6: Neznaz2020 ($304.80 in chips) 
sutata: posts small blind $0.50
Neznaz2020: posts big blind $1
*** HOLE CARDS ***
michasia: raises $1.60 to $2.60
Cositorto: folds 
BGS013: folds 
xcinaz: folds 
sutata: calls $2.10
Neznaz2020: folds 
*** FLOP *** [As 8h Kd]
sutata: checks 
michasia: bets $8.83
sutata: folds 
Uncalled bet ($8.83) returned to michasia
michasia collected $5.89 from pot
michasia: doesn't show hand 
*** SUMMARY ***
Total pot $6.20 | Rake $0.31 
Board [As 8h Kd]
Seat 1: michasia collected ($5.89)
Seat 2: Cositorto folded before Flop (didn't bet)
Seat 3: BGS013 folded before Flop (didn't bet)
Seat 4: xcinaz (button) folded before Flop (didn't bet)
Seat 5: sutata (small blind) folded on the Flop
Seat 6: Neznaz2020 (big blind) folded before Flop



PokerStars Hand #254508528276:  Hold'em No Limit ($0.50/$1.00 USD) - 2025/01/22 0:13:18 WET [2025/01/22 19:13:18 ET]
Table 'Smiley IV' 6-max Seat #5 is the button
Seat 1: michasia ($225.96 in chips) 
Seat 2: Cositorto ($147.67 in chips) 
Seat 3: BGS013 ($135 in chips) 
Seat 4: xcinaz ($106.67 in chips) 
Seat 5: sutata ($100 in chips) 
Seat 6: Neznaz2020 ($303.80 in chips) 
Neznaz2020: posts small blind $0.50
michasia: posts big blind $1
*** HOLE CARDS ***
Cositorto: folds 
BGS013: folds 
xcinaz: folds 
sutata: raises $2 to $3
Neznaz2020: calls $2.50
michasia: folds 
*** FLOP *** [Jh 8h 3h]
Neznaz2020: bets $3.33
sutata: folds 
Uncalled bet ($3.33) returned to Neznaz2020
Neznaz2020 collected $6.65 from pot
Neznaz2020: doesn't show hand 
*** SUMMARY ***
Total pot $7 | Rake $0.35 
Board [Jh 8h 3h]
Seat 1: michasia (big blind) folded before Flop
Seat 2: Cositorto folded before Flop (didn't bet)
Seat 3: BGS013 folded before Flop (didn't bet)
Seat 4: xcinaz folded before Flop (didn't bet)
Seat 5: sutata (button) folded on the Flop
Seat 6: Neznaz2020 (small blind) collected ($6.65)



PokerStars Hand #254508533589:  Hold'em No Limit ($0.50/$1.00 USD) - 2025/01/22 0:13:44 WET [2025/01/22 19:13:44 ET]
Table 'Smiley IV' 6-max Seat #6 is the button
Seat 1: michasia ($224.96 in chips) 
Seat 2: Cositorto ($147.67 in chips) 
Seat 3: BGS013 ($135 in chips) 
Seat 4: xcinaz ($106.67 in chips) 
Seat 5: sutata ($100 in chips) 
Seat 6: Neznaz2020 ($307.45 in chips) 
michasia: posts small blind $0.50
Cositorto: posts big blind $1
*** HOLE CARDS ***
BGS013: folds 
xcinaz: raises $1 to $2
sutata: folds 
Neznaz2020: raises $2 to $4
michasia: folds 
Cositorto: folds 
xcinaz: calls $2
*** FLOP *** [Qd Ah 4c]
xcinaz: checks 
Neznaz2020: checks 
*** TURN *** [Qd Ah 4c] [5d]
xcinaz: checks 
Neznaz2020: checks 
*** RIVER *** [Qd Ah 4c 5d] [3s]
xcinaz: bets $7.67
Neznaz2020: folds 
Uncalled bet ($7.67) returned to xcinaz
xcinaz collected $9.02 from pot
xcinaz: doesn't show hand 
*** SUMMARY ***
Total pot $9.50 | Rake $0.48 
Board [Qd Ah 4c 5d 3s]
Seat 1: michasia (small blind) folded before Flop
Seat 2: Cositorto (big blind) folded before Flop
Seat 3: BGS013 folded before Flop (didn't bet)
Seat 4: xcinaz collected ($9.02)
Seat 5: sutata folded before Flop (didn't bet)
Seat 6: Neznaz2020 (button) folded on the River



PokerStars Hand #254508542510:  Hold'em No Limit ($0.50/$1.00 USD) - 2025/01/22 0:14:28 WET [2025/01/22 19:14:28 ET]
Table 'Smiley IV' 6-max Seat #1 is the button
Seat 1: michasia ($224.46 in chips) 
Seat 2: Cositorto ($146.67 in chips) 
Seat 3: BGS013 ($135 in chips) 
Seat 4: xcinaz ($111.69 in chips) 
Seat 5: sutata ($100 in chips) 
Seat 6: Neznaz2020 ($303.45 in chips) 
Cositorto: posts small blind $0.50
BGS013: posts big blind $1
*** HOLE CARDS ***
xcinaz: raises $1 to $2
sutata: folds 
Neznaz2020: raises $1 to $3
michasia: folds 
Cositorto: folds 
BGS013: folds 
xcinaz: raises $13 to $16
Neznaz2020: calls $13
*** FLOP *** [Jd 3s Qd]
xcinaz: bets $10.50
Neznaz2020: folds 
Uncalled bet ($10.50) returned to xcinaz
xcinaz collected $31.82 from pot
xcinaz: doesn't show hand 
*** SUMMARY ***
Total pot $33.50 | Rake $1.68 
Board [Jd 3s Qd]
Seat 1: michasia (button) folded before Flop (didn't bet)
Seat 2: Cositorto (small blind) folded before Flop
Seat 3: BGS013 (big blind) folded before Flop
Seat 4: xcinaz collected ($31.82)
Seat 5: sutata folded before Flop (didn't bet)
Seat 6: Neznaz2020 folded on the Flop



PokerStars Hand #254508552267:  Hold'em No Limit ($0.50/$1.00 USD) - 2025/01/22 0:15:16 WET [2025/01/22 19:15:16 ET]
Table 'Smiley IV' 6-max Seat #2 is the button
Seat 1: michasia ($224.46 in chips) 
Seat 2: Cositorto ($146.17 in chips) 
Seat 3: BGS013 ($134 in chips) 
Seat 4: xcinaz ($127.51 in chips) 
Seat 5: sutata ($100 in chips) 
Seat 6: Neznaz2020 ($287.45 in chips) 
BGS013: posts small blind $0.50
xcinaz: posts big blind $1
*** HOLE CARDS ***
sutata: folds 
Neznaz2020: folds 
michasia: folds 
Cositorto: raises $1.50 to $2.50
BGS013: folds 
xcinaz: folds 
Uncalled bet ($1.50) returned to Cositorto
Cositorto collected $2.50 from pot
Cositorto: doesn't show hand 
*** SUMMARY ***
Total pot $2.50 | Rake $0 
Seat 1: michasia folded before Flop (didn't bet)
Seat 2: Cositorto (button) collected ($2.50)
Seat 3: BGS013 (small blind) folded before Flop
Seat 4: xcinaz (big blind) folded before Flop
Seat 5: sutata folded before Flop (didn't bet)
Seat 6: Neznaz2020 folded before Flop (didn't bet)



PokerStars Hand #254508555997:  Hold'em No Limit ($0.50/$1.00 USD) - 2025/01/22 0:15:35 WET [2025/01/22 19:15:35 ET]
Table 'Smiley IV' 6-max Seat #3 is the button
Seat 1: michasia ($224.46 in chips) 
Seat 2: Cositorto ($147.67 in chips) 
Seat 3: BGS013 ($133.50 in chips) 
Seat 4: xcinaz ($126.51 in chips) 
Seat 5: sutata ($100 in chips) 
Seat 6: Neznaz2020 ($287.45 in chips) 
xcinaz: posts small blind $0.50
sutata: posts big blind $1
*** HOLE CARDS ***
Neznaz2020: folds 
michasia: folds 
Cositorto: folds 
BGS013: folds 
xcinaz: raises $2 to $3
sutata: calls $2
*** FLOP *** [Tc Jc 7d]
xcinaz: bets $1.88
sutata: calls $1.88
*** TURN *** [Tc Jc 7d] [Js]
xcinaz: bets $7.88
sutata: folds 
Uncalled bet ($7.88) returned to xcinaz
xcinaz collected $9.27 from pot
xcinaz: doesn't show hand 
*** SUMMARY ***
Total pot $9.76 | Rake $0.49 
Board [Tc Jc 7d Js]
Seat 1: michasia folded before Flop (didn't bet)
Seat 2: Cositorto folded before Flop (didn't bet)
Seat 3: BGS013 (button) folded before Flop (didn't bet)
Seat 4: xcinaz (small blind) collected ($9.27)
Seat 5: sutata (big blind) folded on the Turn
Seat 6: Neznaz2020 folded before Flop (didn't bet)



PokerStars Hand #254508568674:  Hold'em No Limit ($0.50/$1.00 USD) - 2025/01/22 0:16:38 WET [2025/01/22 19:16:38 ET]
Table 'Smiley IV' 6-max Seat #4 is the button
Seat 1: michasia ($224.46 in chips) 
Seat 2: Cositorto ($147.67 in chips) 
Seat 3: BGS013 ($133.50 in chips) 
Seat 4: xcinaz ($130.90 in chips) 
Seat 5: sutata ($100 in chips) 
Seat 6: Neznaz2020 ($287.45 in chips) 
sutata: posts small blind $0.50
Neznaz2020: posts big blind $1
*** HOLE CARDS ***
michasia: folds 
Cositorto: folds 
BGS013: folds 
xcinaz: folds 
sutata: raises $2 to $3
Neznaz2020: folds 
Uncalled bet ($2) returned to sutata
sutata collected $2 from pot
sutata: doesn't show hand 
*** SUMMARY ***
Total pot $2 | Rake $0 
Seat 1: michasia folded before Flop (didn't bet)
Seat 2: Cositorto folded before Flop (didn't bet)
Seat 3: BGS013 folded before Flop (didn't bet)
Seat 4: xcinaz (button) folded before Flop (didn't bet)
Seat 5: sutata (small blind) collected ($2)
Seat 6: Neznaz2020 (big blind) folded before Flop



PokerStars Hand #254508571734:  Hold'em No Limit ($0.50/$1.00 USD) - 2025/01/22 0:16:53 WET [2025/01/22 19:16:53 ET]
Table 'Smiley IV' 6-max Seat #5 is the button
Seat 1: michasia ($224.46 in chips) 
Seat 2: Cositorto ($147.67 in chips) 
Seat 3: BGS013 ($133.50 in chips) 
Seat 4: xcinaz ($130.90 in chips) 
Seat 5: sutata ($101 in chips) 
Seat 6: Neznaz2020 ($286.45 in chips) 
Neznaz2020: posts small blind $0.50
michasia: posts big blind $1
*** HOLE CARDS ***
Cositorto: folds 
BGS013: folds 
xcinaz: folds 
sutata: folds 
Neznaz2020: folds 
Uncalled bet ($0.50) returned to michasia
michasia collected $1 from pot
michasia: doesn't show hand 
*** SUMMARY ***
Total pot $1 | Rake $0 
Seat 1: michasia (big blind) collected ($1)
Seat 2: Cositorto folded before Flop (didn't bet)
Seat 3: BGS013 folded before Flop (didn't bet)
Seat 4: xcinaz folded before Flop (didn't bet)
Seat 5: sutata (button) folded before Flop (didn't bet)
Seat 6: Neznaz2020 (small blind) folded before Flop



PokerStars Hand #254508573585:  Hold'em No Limit ($0.50/$1.00 USD) - 2025/01/22 0:17:03 WET [2025/01/22 19:17:03 ET]
Table 'Smiley IV' 6-max Seat #6 is the button
Seat 1: michasia ($224.96 in chips) 
Seat 2: Cositorto ($147.67 in chips) 
Seat 3: BGS013 ($133.50 in chips) 
Seat 4: xcinaz ($130.90 in chips) 
Seat 5: sutata ($101 in chips) 
Seat 6: Neznaz2020 ($285.95 in chips) 
michasia: posts small blind $0.50
Cositorto: posts big blind $1
*** HOLE CARDS ***
BGS013: raises $1 to $2
xcinaz: folds 
sutata: folds 
Neznaz2020: folds 
michasia: folds 
Cositorto: calls $1
*** FLOP *** [Ad 4h 2d]
Cositorto: checks 
BGS013: checks 
*** TURN *** [Ad 4h 2d] [Js]
Cositorto: checks 
BGS013: bets $3.34
Cositorto: calls $3.34
*** RIVER *** [Ad 4h 2d Js] [6h]
Cositorto: checks 
BGS013: bets $8.28
Cositorto: raises $19.72 to $28
BGS013: calls $19.72
*** SHOW DOWN ***
Cositorto: shows [Jc 9c] (a pair of Jacks)
BGS013: shows [Ah Tc] (a pair of Aces)
BGS013 collected $64.68 from pot
*** SUMMARY ***
Total pot $67.18 | Rake $2.50 
Board [Ad 4h 2d Js 6h]
Seat 1: michasia (small blind) folded before Flop
Seat 2: Cositorto (big blind) showed [Jc 9c] and lost with a pair of Jacks
Seat 3: BGS013 showed [Ah Tc] and won ($64.68) with a pair of Aces
Seat 4: xcinaz folded before Flop (didn't bet)
Seat 5: sutata folded before Flop (didn't bet)
Seat 6: Neznaz2020 (button) folded before Flop (didn't bet)



PokerStars Hand #254508594957:  Hold'em No Limit ($0.50/$1.00 USD) - 2025/01/22 0:18:48 WET [2025/01/22 19:18:48 ET]
Table 'Smiley IV' 6-max Seat #1 is the button
Seat 1: michasia ($224.46 in chips) 
Seat 2: Cositorto ($114.33 in chips) 
Seat 3: BGS013 ($164.84 in chips) 
Seat 4: xcinaz ($130.90 in chips) 
Seat 5: sutata ($101 in chips) 
Seat 6: Neznaz2020 ($285.95 in chips) 
Cositorto: posts small blind $0.50
BGS013: posts big blind $1
*** HOLE CARDS ***
xcinaz: folds 
sutata: folds 
Neznaz2020: calls $1
michasia: folds 
Cositorto: raises $2.50 to $3.50
BGS013: folds 
Neznaz2020: calls $2.50
*** FLOP *** [Tc 2d 3c]
Cositorto: bets $2.05
Neznaz2020: folds 
Uncalled bet ($2.05) returned to Cositorto
Cositorto collected $7.60 from pot
Cositorto: doesn't show hand 
*** SUMMARY ***
Total pot $8 | Rake $0.40 
Board [Tc 2d 3c]
Seat 1: michasia (button) folded before Flop (didn't bet)
Seat 2: Cositorto (small blind) collected ($7.60)
Seat 3: BGS013 (big blind) folded before Flop
Seat 4: xcinaz folded before Flop (didn't bet)
Seat 5: sutata folded before Flop (didn't bet)
Seat 6: Neznaz2020 folded on the Flop



PokerStars Hand #254508601323:  Hold'em No Limit ($0.50/$1.00 USD) - 2025/01/22 0:19:19 WET [2025/01/22 19:19:19 ET]
Table 'Smiley IV' 6-max Seat #2 is the button
Seat 1: michasia ($224.46 in chips) is sitting out
Seat 2: Cositorto ($118.43 in chips) 
Seat 3: BGS013 ($163.84 in chips) 
Seat 4: xcinaz ($130.90 in chips) 
Seat 5: sutata ($101 in chips) 
Seat 6: Neznaz2020 ($282.45 in chips) 
BGS013: posts small blind $0.50
xcinaz: posts big blind $1
*** HOLE CARDS ***
sutata: folds 
Neznaz2020: folds 
Cositorto: folds 
BGS013: folds 
Uncalled bet ($0.50) returned to xcinaz
xcinaz collected $1 from pot
xcinaz: doesn't show hand 
*** SUMMARY ***
Total pot $1 | Rake $0 
Seat 1: michasia
Seat 2: Cositorto (button) folded before Flop (didn't bet)
Seat 3: BGS013 (small blind) folded before Flop
Seat 4: xcinaz (big blind) collected ($1)
Seat 5: sutata folded before Flop (didn't bet)
Seat 6: Neznaz2020 folded before Flop (didn't bet)



PokerStars Hand #254508603546:  Hold'em No Limit ($0.50/$1.00 USD) - 2025/01/22 0:19:30 WET [2025/01/22 19:19:30 ET]
Table 'Smiley IV' 6-max Seat #3 is the button
Seat 1: michasia ($224.46 in chips) is sitting out
Seat 2: Cositorto ($118.43 in chips) 
Seat 3: BGS013 ($163.34 in chips) 
Seat 4: xcinaz ($131.40 in chips) 
Seat 5: sutata ($101 in chips) 
Seat 6: Neznaz2020 ($282.45 in chips) 
xcinaz: posts small blind $0.50
sutata: posts big blind $1
*** HOLE CARDS ***
Neznaz2020: folds 
Cositorto: raises $1 to $2
BGS013: folds 
xcinaz: folds 
sutata: raises $10.30 to $12.30
Cositorto: calls $10.30
*** FLOP *** [4h Qh Ks]
sutata: bets $7.95
Cositorto: raises $13.11 to $21.06
sutata: raises $67.64 to $88.70 and is all-in
Cositorto: folds 
Uncalled bet ($67.64) returned to sutata
sutata collected $64.72 from pot
sutata: doesn't show hand 
*** SUMMARY ***
Total pot $67.22 | Rake $2.50 
Board [4h Qh Ks]
Seat 1: michasia
Seat 2: Cositorto folded on the Flop
Seat 3: BGS013 (button) folded before Flop (didn't bet)
Seat 4: xcinaz (small blind) folded before Flop
Seat 5: sutata (big blind) collected ($64.72)
Seat 6: Neznaz2020 folded before Flop (didn't bet)



PokerStars Hand #254508623662:  Hold'em No Limit ($0.50/$1.00 USD) - 2025/01/22 0:21:10 WET [2025/01/22 19:21:10 ET]
Table 'Smiley IV' 6-max Seat #4 is the button
Seat 1: michasia ($224.46 in chips) is sitting out
Seat 2: Cositorto ($100 in chips) 
Seat 3: BGS013 ($163.34 in chips) 
Seat 4: xcinaz ($130.90 in chips) 
Seat 5: sutata ($132.36 in chips) 
Seat 6: Neznaz2020 ($282.45 in chips) 
sutata: posts small blind $0.50
Neznaz2020: posts big blind $1
*** HOLE CARDS ***
Cositorto: folds 
BGS013: folds 
xcinaz: folds 
sutata: raises $2 to $3
Neznaz2020: folds 
Uncalled bet ($2) returned to sutata
sutata collected $2 from pot
sutata: doesn't show hand 
*** SUMMARY ***
Total pot $2 | Rake $0 
Seat 1: michasia
Seat 2: Cositorto folded before Flop (didn't bet)
Seat 3: BGS013 folded before Flop (didn't bet)
Seat 4: xcinaz (button) folded before Flop (didn't bet)
Seat 5: sutata (small blind) collected ($2)
Seat 6: Neznaz2020 (big blind) folded before Flop



PokerStars Hand #254508627804:  Hold'em No Limit ($0.50/$1.00 USD) - 2025/01/22 0:21:31 WET [2025/01/22 19:21:31 ET]
Table 'Smiley IV' 6-max Seat #5 is the button
Seat 1: michasia ($224.46 in chips) is sitting out
Seat 2: Cositorto ($100 in chips) 
Seat 3: BGS013 ($163.34 in chips) 
Seat 4: xcinaz ($130.90 in chips) 
Seat 5: sutata ($133.36 in chips) 
Seat 6: Neznaz2020 ($281.45 in chips) 
Neznaz2020: posts small blind $0.50
Cositorto: posts big blind $1
*** HOLE CARDS ***
BGS013: folds 
xcinaz: folds 
sutata: folds 
Neznaz2020: folds 
Uncalled bet ($0.50) returned to Cositorto
Cositorto collected $1 from pot
Cositorto: doesn't show hand 
*** SUMMARY ***
Total pot $1 | Rake $0 
Seat 1: michasia
Seat 2: Cositorto (big blind) collected ($1)
Seat 3: BGS013 folded before Flop (didn't bet)
Seat 4: xcinaz folded before Flop (didn't bet)
Seat 5: sutata (button) folded before Flop (didn't bet)
Seat 6: Neznaz2020 (small blind) folded before Flop



PokerStars Hand #254508630145:  Hold'em No Limit ($0.50/$1.00 USD) - 2025/01/22 0:21:43 WET [2025/01/22 19:21:43 ET]
Table 'Smiley IV' 6-max Seat #6 is the button
Seat 1: michasia ($224.46 in chips) is sitting out
Seat 2: Cositorto ($100.50 in chips) 
Seat 3: BGS013 ($163.34 in chips) 
Seat 4: xcinaz ($130.90 in chips) 
Seat 5: sutata ($133.36 in chips) 
Seat 6: Neznaz2020 ($280.95 in chips) 
Cositorto: posts small blind $0.50
BGS013: posts big blind $1
*** HOLE CARDS ***
xcinaz: folds 
sutata: folds 
Neznaz2020: raises $2 to $3
Cositorto: folds 
BGS013: folds 
Uncalled bet ($2) returned to Neznaz2020
Neznaz2020 collected $2.50 from pot
Neznaz2020: doesn't show hand 
*** SUMMARY ***
Total pot $2.50 | Rake $0 
Seat 1: michasia
Seat 2: Cositorto (small blind) folded before Flop
Seat 3: BGS013 (big blind) folded before Flop
Seat 4: xcinaz folded before Flop (didn't bet)
Seat 5: sutata folded before Flop (didn't bet)
Seat 6: Neznaz2020 (button) collected ($2.50)



PokerStars Hand #254508635352:  Hold'em No Limit ($0.50/$1.00 USD) - 2025/01/22 0:22:09 WET [2025/01/22 19:22:09 ET]
Table 'Smiley IV' 6-max Seat #2 is the button
Seat 1: michasia ($224.46 in chips) is sitting out
Seat 2: Cositorto ($100 in chips) 
Seat 3: BGS013 ($162.34 in chips) 
Seat 4: xcinaz ($130.90 in chips) 
Seat 5: sutata ($133.36 in chips) 
Seat 6: Neznaz2020 ($282.45 in chips) 
BGS013: posts small blind $0.50
xcinaz: posts big blind $1
*** HOLE CARDS ***
sutata: folds 
Neznaz2020: raises $2 to $3
Cositorto: folds 
BGS013: folds 
xcinaz: folds 
Uncalled bet ($2) returned to Neznaz2020
Neznaz2020 collected $2.50 from pot
Neznaz2020: doesn't show hand 
*** SUMMARY ***
Total pot $2.50 | Rake $0 
Seat 1: michasia
Seat 2: Cositorto (button) folded before Flop (didn't bet)
Seat 3: BGS013 (small blind) folded before Flop
Seat 4: xcinaz (big blind) folded before Flop
Seat 5: sutata folded before Flop (didn't bet)
Seat 6: Neznaz2020 collected ($2.50)



PokerStars Hand #254508638504:  Hold'em No Limit ($0.50/$1.00 USD) - 2025/01/22 0:22:25 WET [2025/01/22 19:22:25 ET]
Table 'Smiley IV' 6-max Seat #3 is the button
Seat 1: michasia ($224.46 in chips) is sitting out
Seat 2: Cositorto ($100 in chips) 
Seat 3: BGS013 ($161.84 in chips) 
Seat 4: xcinaz ($129.90 in chips) 
Seat 5: sutata ($133.36 in chips) 
Seat 6: Neznaz2020 ($283.95 in chips) 
xcinaz: posts small blind $0.50
sutata: posts big blind $1
*** HOLE CARDS ***
Neznaz2020: raises $2.50 to $3.50
Cositorto: raises $6.50 to $10
BGS013: folds 
xcinaz: folds 
sutata: folds 
Neznaz2020: calls $6.50
*** FLOP *** [7h 2c Kd]
Neznaz2020: bets $10.21
Cositorto: calls $10.21
*** TURN *** [7h 2c Kd] [5h]
Neznaz2020: bets $19.91
Cositorto: calls $19.91
*** RIVER *** [7h 2c Kd 5h] [Kh]
Neznaz2020: bets $243.83 and is all-in
Cositorto: calls $59.88 and is all-in
Uncalled bet ($183.95) returned to Neznaz2020
*** SHOW DOWN ***
Neznaz2020: shows [Ah Kc] (three of a kind, Kings)
Cositorto: shows [8s 8c] (two pair, Kings and Eights)
Neznaz2020 collected $199 from pot
*** SUMMARY ***
Total pot $201.50 | Rake $2.50 
Board [7h 2c Kd 5h Kh]
Seat 1: michasia
Seat 2: Cositorto showed [8s 8c] and lost with two pair, Kings and Eights
Seat 3: BGS013 (button) folded before Flop (didn't bet)
Seat 4: xcinaz (small blind) folded before Flop
Seat 5: sutata (big blind) folded before Flop
Seat 6: Neznaz2020 showed [Ah Kc] and won ($199) with three of a kind, Kings



PokerStars Hand #254508647007:  Hold'em No Limit ($0.50/$1.00 USD) - 2025/01/22 0:23:08 WET [2025/01/22 19:23:08 ET]
Table 'Smiley IV' 6-max Seat #4 is the button
Seat 1: michasia ($224.46 in chips) is sitting out
Seat 2: Cositorto ($100 in chips) 
Seat 3: BGS013 ($161.84 in chips) 
Seat 4: xcinaz ($129.40 in chips) 
Seat 5: sutata ($132.36 in chips) 
Seat 6: Neznaz2020 ($382.95 in chips) 
sutata: posts small blind $0.50
Neznaz2020: posts big blind $1
michasia: sits out 
*** HOLE CARDS ***
Cositorto: folds 
BGS013: folds 
xcinaz: folds 
sutata: raises $2 to $3
Neznaz2020: folds 
Uncalled bet ($2) returned to sutata
sutata collected $2 from pot
sutata: doesn't show hand 
*** SUMMARY ***
Total pot $2 | Rake $0 
Seat 1: michasia
Seat 2: Cositorto folded before Flop (didn't bet)
Seat 3: BGS013 folded before Flop (didn't bet)
Seat 4: xcinaz (button) folded before Flop (didn't bet)
Seat 5: sutata (small blind) collected ($2)
Seat 6: Neznaz2020 (big blind) folded before Flop



PokerStars Hand #254508652873:  Hold'em No Limit ($0.50/$1.00 USD) - 2025/01/22 0:23:38 WET [2025/01/22 19:23:38 ET]
Table 'Smiley IV' 6-max Seat #5 is the button
Seat 1: michasia ($224.46 in chips) 
Seat 2: Cositorto ($100 in chips) 
Seat 3: BGS013 ($161.84 in chips) 
Seat 4: xcinaz ($129.40 in chips) 
Seat 5: sutata ($133.36 in chips) 
Seat 6: Neznaz2020 ($381.95 in chips) 
Neznaz2020: posts small blind $0.50
michasia: posts big blind $1
*** HOLE CARDS ***
Cositorto: folds 
BGS013: folds 
xcinaz: raises $1.20 to $2.20
sutata: folds 
Neznaz2020: folds 
michasia: folds 
Uncalled bet ($1.20) returned to xcinaz
xcinaz collected $2.50 from pot
xcinaz: doesn't show hand 
*** SUMMARY ***
Total pot $2.50 | Rake $0 
Seat 1: michasia (big blind) folded before Flop
Seat 2: Cositorto folded before Flop (didn't bet)
Seat 3: BGS013 folded before Flop (didn't bet)
Seat 4: xcinaz collected ($2.50)
Seat 5: sutata (button) folded before Flop (didn't bet)
Seat 6: Neznaz2020 (small blind) folded before Flop



PokerStars Hand #254508655836:  Hold'em No Limit ($0.50/$1.00 USD) - 2025/01/22 0:23:54 WET [2025/01/22 19:23:54 ET]
Table 'Smiley IV' 6-max Seat #6 is the button
Seat 1: michasia ($223.46 in chips) 
Seat 2: Cositorto ($100 in chips) 
Seat 3: BGS013 ($161.84 in chips) 
Seat 4: xcinaz ($130.90 in chips) 
Seat 5: sutata ($133.36 in chips) 
Seat 6: Neznaz2020 ($381.45 in chips) 
michasia: posts small blind $0.50
Cositorto: posts big blind $1
*** HOLE CARDS ***
BGS013: folds 
xcinaz: folds 
sutata: raises $1.50 to $2.50
Neznaz2020: raises $1.50 to $4
michasia: folds 
Cositorto: folds 
sutata: calls $1.50
*** FLOP *** [Kc 5s 3d]
sutata: checks 
Neznaz2020: bets $4.51
sutata: calls $4.51
*** TURN *** [Kc 5s 3d] [Td]
sutata: checks 
Neznaz2020: bets $8.80
sutata: calls $8.80
*** RIVER *** [Kc 5s 3d Td] [7d]
sutata: checks 
Neznaz2020: bets $364.14 and is all-in
sutata: folds 
Uncalled bet ($364.14) returned to Neznaz2020
Neznaz2020 collected $34.31 from pot
Neznaz2020: doesn't show hand 
*** SUMMARY ***
Total pot $36.12 | Rake $1.81 
Board [Kc 5s 3d Td 7d]
Seat 1: michasia (small blind) folded before Flop
Seat 2: Cositorto (big blind) folded before Flop
Seat 3: BGS013 folded before Flop (didn't bet)
Seat 4: xcinaz folded before Flop (didn't bet)
Seat 5: sutata folded on the River
Seat 6: Neznaz2020 (button) collected ($34.31)



PokerStars Hand #254508666834:  Hold'em No Limit ($0.50/$1.00 USD) - 2025/01/22 0:24:50 WET [2025/01/22 19:24:50 ET]
Table 'Smiley IV' 6-max Seat #1 is the button
Seat 1: michasia ($222.96 in chips) 
Seat 2: Cositorto ($100 in chips) 
Seat 3: BGS013 ($161.84 in chips) 
Seat 4: xcinaz ($130.90 in chips) 
Seat 5: sutata ($116.05 in chips) 
Seat 6: Neznaz2020 ($398.45 in chips) 
Cositorto: posts small blind $0.50
BGS013: posts big blind $1
*** HOLE CARDS ***
xcinaz: folds 
sutata: folds 
Neznaz2020: folds 
michasia: folds 
Cositorto: raises $2 to $3
BGS013: calls $2
*** FLOP *** [Kh 4h 7s]
Cositorto: bets $1.54
BGS013: folds 
Uncalled bet ($1.54) returned to Cositorto
Cositorto collected $5.70 from pot
Cositorto: doesn't show hand 
*** SUMMARY ***
Total pot $6 | Rake $0.30 
Board [Kh 4h 7s]
Seat 1: michasia (button) folded before Flop (didn't bet)
Seat 2: Cositorto (small blind) collected ($5.70)
Seat 3: BGS013 (big blind) folded on the Flop
Seat 4: xcinaz folded before Flop (didn't bet)
Seat 5: sutata folded before Flop (didn't bet)
Seat 6: Neznaz2020 folded before Flop (didn't bet)



PokerStars Hand #254508672225:  Hold'em No Limit ($0.50/$1.00 USD) - 2025/01/22 0:25:18 WET [2025/01/22 19:25:18 ET]
Table 'Smiley IV' 6-max Seat #2 is the button
Seat 1: michasia ($222.96 in chips) 
Seat 2: Cositorto ($102.70 in chips) 
Seat 3: BGS013 ($158.84 in chips) 
Seat 4: xcinaz ($130.90 in chips) 
Seat 5: sutata ($116.05 in chips) 
Seat 6: Neznaz2020 ($398.45 in chips) 
BGS013: posts small blind $0.50
xcinaz: posts big blind $1
*** HOLE CARDS ***
sutata: raises $1.50 to $2.50
Neznaz2020: raises $1.50 to $4
michasia: folds 
Cositorto: folds 
BGS013: folds 
xcinaz: folds 
sutata: calls $1.50
*** FLOP *** [5d Ad 2s]
sutata: checks 
Neznaz2020: bets $4.51
sutata: folds 
Uncalled bet ($4.51) returned to Neznaz2020
Neznaz2020 collected $9.02 from pot
Neznaz2020: doesn't show hand 
*** SUMMARY ***
Total pot $9.50 | Rake $0.48 
Board [5d Ad 2s]
Seat 1: michasia folded before Flop (didn't bet)
Seat 2: Cositorto (button) folded before Flop (didn't bet)
Seat 3: BGS013 (small blind) folded before Flop
Seat 4: xcinaz (big blind) folded before Flop
Seat 5: sutata folded on the Flop
Seat 6: Neznaz2020 collected ($9.02)



PokerStars Hand #254508678986:  Hold'em No Limit ($0.50/$1.00 USD) - 2025/01/22 0:25:52 WET [2025/01/22 19:25:52 ET]
Table 'Smiley IV' 6-max Seat #3 is the button
Seat 1: michasia ($222.96 in chips) 
Seat 2: Cositorto ($102.70 in chips) 
Seat 3: BGS013 ($158.34 in chips) 
Seat 4: xcinaz ($129.90 in chips) 
Seat 5: sutata ($112.05 in chips) 
Seat 6: Neznaz2020 ($403.47 in chips) 
xcinaz: posts small blind $0.50
sutata: posts big blind $1
*** HOLE CARDS ***
Neznaz2020: folds 
michasia: folds 
Cositorto: raises $1 to $2
BGS013: folds 
xcinaz: folds 
sutata: folds 
Uncalled bet ($1) returned to Cositorto
Cositorto collected $2.50 from pot
Cositorto: doesn't show hand 
*** SUMMARY ***
Total pot $2.50 | Rake $0 
Seat 1: michasia folded before Flop (didn't bet)
Seat 2: Cositorto collected ($2.50)
Seat 3: BGS013 (button) folded before Flop (didn't bet)
Seat 4: xcinaz (small blind) folded before Flop
Seat 5: sutata (big blind) folded before Flop
Seat 6: Neznaz2020 folded before Flop (didn't bet)



PokerStars Hand #254508681728:  Hold'em No Limit ($0.50/$1.00 USD) - 2025/01/22 0:26:07 WET [2025/01/22 19:26:07 ET]
Table 'Smiley IV' 6-max Seat #4 is the button
Seat 1: michasia ($222.96 in chips) 
Seat 2: Cositorto ($104.20 in chips) 
Seat 3: BGS013 ($158.34 in chips) 
Seat 4: xcinaz ($129.40 in chips) 
Seat 5: sutata ($111.05 in chips) 
Seat 6: Neznaz2020 ($403.47 in chips) 
sutata: posts small blind $0.50
Neznaz2020: posts big blind $1
*** HOLE CARDS ***
michasia: folds 
Cositorto: folds 
BGS013: folds 
xcinaz: folds 
sutata: folds 
Uncalled bet ($0.50) returned to Neznaz2020
Neznaz2020 collected $1 from pot
Neznaz2020: doesn't show hand 
*** SUMMARY ***
Total pot $1 | Rake $0 
Seat 1: michasia folded before Flop (didn't bet)
Seat 2: Cositorto folded before Flop (didn't bet)
Seat 3: BGS013 folded before Flop (didn't bet)
Seat 4: xcinaz (button) folded before Flop (didn't bet)
Seat 5: sutata (small blind) folded before Flop
Seat 6: Neznaz2020 (big blind) collected ($1)



PokerStars Hand #254508684614:  Hold'em No Limit ($0.50/$1.00 USD) - 2025/01/22 0:26:21 WET [2025/01/22 19:26:21 ET]
Table 'Smiley IV' 6-max Seat #5 is the button
Seat 1: michasia ($222.96 in chips) 
Seat 2: Cositorto ($104.20 in chips) 
Seat 3: BGS013 ($158.34 in chips) 
Seat 4: xcinaz ($129.40 in chips) 
Seat 5: sutata ($110.55 in chips) 
Seat 6: Neznaz2020 ($403.97 in chips) 
Neznaz2020: posts small blind $0.50
michasia: posts big blind $1
*** HOLE CARDS ***
Cositorto: folds 
BGS013: folds 
xcinaz: folds 
sutata: raises $2 to $3
Neznaz2020: folds 
michasia: raises $9 to $12
sutata: folds 
Uncalled bet ($9) returned to michasia
michasia collected $6.50 from pot
michasia: doesn't show hand 
*** SUMMARY ***
Total pot $6.50 | Rake $0 
Seat 1: michasia (big blind) collected ($6.50)
Seat 2: Cositorto folded before Flop (didn't bet)
Seat 3: BGS013 folded before Flop (didn't bet)
Seat 4: xcinaz folded before Flop (didn't bet)
Seat 5: sutata (button) folded before Flop
Seat 6: Neznaz2020 (small blind) folded before Flop



PokerStars Hand #254508689406:  Hold'em No Limit ($0.50/$1.00 USD) - 2025/01/22 0:26:46 WET [2025/01/22 19:26:46 ET]
Table 'Smiley IV' 6-max Seat #6 is the button
Seat 1: michasia ($226.46 in chips) 
Seat 2: Cositorto ($104.20 in chips) 
Seat 3: BGS013 ($158.34 in chips) 
Seat 4: xcinaz ($129.40 in chips) 
Seat 5: sutata ($107.55 in chips) 
Seat 6: Neznaz2020 ($403.47 in chips) 
michasia: posts small blind $0.50
Cositorto: posts big blind $1
*** HOLE CARDS ***
BGS013: folds 
xcinaz: folds 
sutata: folds 
Neznaz2020: folds 
michasia: raises $2 to $3
Cositorto: folds 
Uncalled bet ($2) returned to michasia
michasia collected $2 from pot
michasia: doesn't show hand 
*** SUMMARY ***
Total pot $2 | Rake $0 
Seat 1: michasia (small blind) collected ($2)
Seat 2: Cositorto (big blind) folded before Flop
Seat 3: BGS013 folded before Flop (didn't bet)
Seat 4: xcinaz folded before Flop (didn't bet)
Seat 5: sutata folded before Flop (didn't bet)
Seat 6: Neznaz2020 (button) folded before Flop (didn't bet)



PokerStars Hand #254508693174:  Hold'em No Limit ($0.50/$1.00 USD) - 2025/01/22 0:27:05 WET [2025/01/22 19:27:05 ET]
Table 'Smiley IV' 6-max Seat #1 is the button
Seat 1: michasia ($227.46 in chips) 
Seat 2: Cositorto ($103.20 in chips) 
Seat 3: BGS013 ($158.34 in chips) 
Seat 4: xcinaz ($129.40 in chips) 
Seat 5: sutata ($107.55 in chips) 
Seat 6: Neznaz2020 ($403.47 in chips) 
Cositorto: posts small blind $0.50
BGS013: posts big blind $1
*** HOLE CARDS ***
xcinaz: folds 
sutata: folds 
Neznaz2020: folds 
michasia: raises $1.80 to $2.80
Cositorto: folds 
BGS013: folds 
Uncalled bet ($1.80) returned to michasia
BGS013 leaves the table
michasia collected $2.50 from pot
michasia: doesn't show hand 
*** SUMMARY ***
Total pot $2.50 | Rake $0 
Seat 1: michasia (button) collected ($2.50)
Seat 2: Cositorto (small blind) folded before Flop
Seat 3: BGS013 (big blind) folded before Flop
Seat 4: xcinaz folded before Flop (didn't bet)
Seat 5: sutata folded before Flop (didn't bet)
Seat 6: Neznaz2020 folded before Flop (didn't bet)



PokerStars Hand #254508697666:  Hold'em No Limit ($0.50/$1.00 USD) - 2025/01/22 0:27:28 WET [2025/01/22 19:27:28 ET]
Table 'Smiley IV' 6-max Seat #2 is the button
Seat 1: michasia ($228.96 in chips) 
Seat 2: Cositorto ($102.70 in chips) 
Seat 4: xcinaz ($129.40 in chips) 
Seat 5: sutata ($107.55 in chips) 
Seat 6: Neznaz2020 ($403.47 in chips) 
xcinaz: posts small blind $0.50
sutata: posts big blind $1
*** HOLE CARDS ***
p0pa4poker joins the table at seat #3 
Neznaz2020: raises $2 to $3
michasia: raises $6 to $9
Cositorto: folds 
xcinaz: folds 
sutata: folds 
Neznaz2020: calls $6
*** FLOP *** [Qs Th Ac]
Neznaz2020: checks 
michasia: bets $6.11
Neznaz2020: folds 
Uncalled bet ($6.11) returned to michasia
michasia collected $18.52 from pot
michasia: doesn't show hand 
*** SUMMARY ***
Total pot $19.50 | Rake $0.98 
Board [Qs Th Ac]
Seat 1: michasia collected ($18.52)
Seat 2: Cositorto (button) folded before Flop (didn't bet)
Seat 4: xcinaz (small blind) folded before Flop
Seat 5: sutata (big blind) folded before Flop
Seat 6: Neznaz2020 folded on the Flop



PokerStars Hand #254508702659:  Hold'em No Limit ($0.50/$1.00 USD) - 2025/01/22 0:27:54 WET [2025/01/22 19:27:54 ET]
Table 'Smiley IV' 6-max Seat #4 is the button
Seat 3: p0pa4poker ($100 in chips) is sitting out
Seat 1: michasia ($238.48 in chips) 
Seat 2: Cositorto ($102.70 in chips) 
Seat 4: xcinaz ($128.90 in chips) 
Seat 5: sutata ($106.55 in chips) 
Seat 6: Neznaz2020 ($394.47 in chips) 
sutata: posts small blind $0.50
Neznaz2020: posts big blind $1
p0pa4poker: sits out 
*** HOLE CARDS ***
michasia: folds 
Cositorto: raises $1 to $2
xcinaz: folds 
sutata: folds 
Neznaz2020: folds 
Uncalled bet ($1) returned to Cositorto
Cositorto collected $2.50 from pot
Cositorto: doesn't show hand 
*** SUMMARY ***
Total pot $2.50 | Rake $0 
Seat 3: p0pa4poker
Seat 1: michasia folded before Flop (didn't bet)
Seat 2: Cositorto collected ($2.50)
Seat 4: xcinaz (button) folded before Flop (didn't bet)
Seat 5: sutata (small blind) folded before Flop
Seat 6: Neznaz2020 (big blind) folded before Flop



PokerStars Hand #254508704874:  Hold'em No Limit ($0.50/$1.00 USD) - 2025/01/22 0:28:06 WET [2025/01/22 19:28:06 ET]
Table 'Smiley IV' 6-max Seat #5 is the button
Seat 3: p0pa4poker ($100 in chips) is sitting out
Seat 1: michasia ($238.48 in chips) 
Seat 2: Cositorto ($104.20 in chips) 
Seat 4: xcinaz ($128.90 in chips) 
Seat 5: sutata ($106.05 in chips) 
Seat 6: Neznaz2020 ($393.47 in chips) 
Neznaz2020: posts small blind $0.50
michasia: posts big blind $1
p0pa4poker: sits out 
*** HOLE CARDS ***
Cositorto: folds 
xcinaz: folds 
sutata: raises $2 to $3
Neznaz2020: folds 
michasia: calls $2
*** FLOP *** [2d 2s Th]
michasia: checks 
sutata: checks 
*** TURN *** [2d 2s Th] [6s]
michasia: checks 
sutata: bets $3.09
michasia: folds 
Uncalled bet ($3.09) returned to sutata
sutata collected $6.18 from pot
sutata: doesn't show hand 
*** SUMMARY ***
Total pot $6.50 | Rake $0.32 
Board [2d 2s Th 6s]
Seat 3: p0pa4poker
Seat 1: michasia (big blind) folded on the Turn
Seat 2: Cositorto folded before Flop (didn't bet)
Seat 4: xcinaz folded before Flop (didn't bet)
Seat 5: sutata (button) collected ($6.18)
Seat 6: Neznaz2020 (small blind) folded before Flop



PokerStars Hand #254508711118:  Hold'em No Limit ($0.50/$1.00 USD) - 2025/01/22 0:28:38 WET [2025/01/22 19:28:38 ET]
Table 'Smiley IV' 6-max Seat #6 is the button
Seat 3: p0pa4poker ($100 in chips) is sitting out
Seat 1: michasia ($235.48 in chips) 
Seat 2: Cositorto ($104.20 in chips) 
Seat 4: xcinaz ($128.90 in chips) 
Seat 5: sutata ($109.23 in chips) 
Seat 6: Neznaz2020 ($392.97 in chips) 
michasia: posts small blind $0.50
Cositorto: posts big blind $1
p0pa4poker: sits out 
*** HOLE CARDS ***
xcinaz: folds 
sutata: folds 
Neznaz2020: folds 
michasia: folds 
Uncalled bet ($0.50) returned to Cositorto
Cositorto collected $1 from pot
Cositorto: doesn't show hand 
*** SUMMARY ***
Total pot $1 | Rake $0 
Seat 3: p0pa4poker
Seat 1: michasia (small blind) folded before Flop
Seat 2: Cositorto (big blind) collected ($1)
Seat 4: xcinaz folded before Flop (didn't bet)
Seat 5: sutata folded before Flop (didn't bet)
Seat 6: Neznaz2020 (button) folded before Flop (didn't bet)



PokerStars Hand #254508712855:  Hold'em No Limit ($0.50/$1.00 USD) - 2025/01/22 0:28:48 WET [2025/01/22 19:28:48 ET]
Table 'Smiley IV' 6-max Seat #1 is the button
Seat 1: michasia ($234.98 in chips) 
Seat 2: Cositorto ($104.70 in chips) 
Seat 3: p0pa4poker ($100 in chips) 
Seat 4: xcinaz ($128.90 in chips) 
Seat 5: sutata ($109.23 in chips) 
Seat 6: Neznaz2020 ($392.97 in chips) 
Cositorto: posts small blind $0.50
p0pa4poker: posts big blind $1
*** HOLE CARDS ***
xcinaz: folds 
sutata: raises $1.50 to $2.50
Neznaz2020: folds 
michasia: folds 
Cositorto: folds 
p0pa4poker: raises $10.50 to $13
sutata: folds 
Uncalled bet ($10.50) returned to p0pa4poker
p0pa4poker collected $5.50 from pot
p0pa4poker: doesn't show hand 
*** SUMMARY ***
Total pot $5.50 | Rake $0 
Seat 1: michasia (button) folded before Flop (didn't bet)
Seat 2: Cositorto (small blind) folded before Flop
Seat 3: p0pa4poker (big blind) collected ($5.50)
Seat 4: xcinaz folded before Flop (didn't bet)
Seat 5: sutata folded before Flop
Seat 6: Neznaz2020 folded before Flop (didn't bet)



PokerStars Hand #254508719690:  Hold'em No Limit ($0.50/$1.00 USD) - 2025/01/22 0:29:23 WET [2025/01/22 19:29:23 ET]
Table 'Smiley IV' 6-max Seat #2 is the button
Seat 1: michasia ($234.98 in chips) 
Seat 2: Cositorto ($104.20 in chips) 
Seat 3: p0pa4poker ($103 in chips) 
Seat 4: xcinaz ($128.90 in chips) 
Seat 5: sutata ($106.73 in chips) 
Seat 6: Neznaz2020 ($392.97 in chips) 
p0pa4poker: posts small blind $0.50
xcinaz: posts big blind $1
*** HOLE CARDS ***
sutata: folds 
Neznaz2020: folds 
michasia: folds 
Cositorto: raises $1.50 to $2.50
p0pa4poker: folds 
xcinaz: folds 
Uncalled bet ($1.50) returned to Cositorto
Cositorto collected $2.50 from pot
Cositorto: doesn't show hand 
*** SUMMARY ***
Total pot $2.50 | Rake $0 
Seat 1: michasia folded before Flop (didn't bet)
Seat 2: Cositorto (button) collected ($2.50)
Seat 3: p0pa4poker (small blind) folded before Flop
Seat 4: xcinaz (big blind) folded before Flop
Seat 5: sutata folded before Flop (didn't bet)
Seat 6: Neznaz2020 folded before Flop (didn't bet)



PokerStars Hand #254508722271:  Hold'em No Limit ($0.50/$1.00 USD) - 2025/01/22 0:29:36 WET [2025/01/22 19:29:36 ET]
Table 'Smiley IV' 6-max Seat #3 is the button
Seat 1: michasia ($234.98 in chips) 
Seat 2: Cositorto ($105.70 in chips) 
Seat 3: p0pa4poker ($102.50 in chips) 
Seat 4: xcinaz ($127.90 in chips) 
Seat 5: sutata ($106.73 in chips) 
Seat 6: Neznaz2020 ($392.97 in chips) 
xcinaz: posts small blind $0.50
sutata: posts big blind $1
*** HOLE CARDS ***
Neznaz2020: folds 
michasia: folds 
Cositorto: raises $1 to $2
p0pa4poker: folds 
xcinaz: folds 
sutata: folds 
Uncalled bet ($1) returned to Cositorto
Cositorto collected $2.50 from pot
Cositorto: doesn't show hand 
*** SUMMARY ***
Total pot $2.50 | Rake $0 
Seat 1: michasia folded before Flop (didn't bet)
Seat 2: Cositorto collected ($2.50)
Seat 3: p0pa4poker (button) folded before Flop (didn't bet)
Seat 4: xcinaz (small blind) folded before Flop
Seat 5: sutata (big blind) folded before Flop
Seat 6: Neznaz2020 folded before Flop (didn't bet)



PokerStars Hand #254508726124:  Hold'em No Limit ($0.50/$1.00 USD) - 2025/01/22 0:29:56 WET [2025/01/22 19:29:56 ET]
Table 'Smiley IV' 6-max Seat #4 is the button
Seat 1: michasia ($234.98 in chips) 
Seat 2: Cositorto ($107.20 in chips) 
Seat 3: p0pa4poker ($102.50 in chips) 
Seat 4: xcinaz ($127.40 in chips) 
Seat 5: sutata ($105.73 in chips) 
Seat 6: Neznaz2020 ($392.97 in chips) 
sutata: posts small blind $0.50
Neznaz2020: posts big blind $1
*** HOLE CARDS ***
michasia: folds 
Cositorto: folds 
p0pa4poker: folds 
xcinaz: folds 
sutata: raises $2 to $3
Neznaz2020: folds 
Uncalled bet ($2) returned to sutata
sutata collected $2 from pot
sutata: doesn't show hand 
*** SUMMARY ***
Total pot $2 | Rake $0 
Seat 1: michasia folded before Flop (didn't bet)
Seat 2: Cositorto folded before Flop (didn't bet)
Seat 3: p0pa4poker folded before Flop (didn't bet)
Seat 4: xcinaz (button) folded before Flop (didn't bet)
Seat 5: sutata (small blind) collected ($2)
Seat 6: Neznaz2020 (big blind) folded before Flop



PokerStars Hand #254508729790:  Hold'em No Limit ($0.50/$1.00 USD) - 2025/01/22 0:30:15 WET [2025/01/22 19:30:15 ET]
Table 'Smiley IV' 6-max Seat #5 is the button
Seat 1: michasia ($234.98 in chips) 
Seat 2: Cositorto ($107.20 in chips) 
Seat 3: p0pa4poker ($102.50 in chips) 
Seat 4: xcinaz ($127.40 in chips) 
Seat 5: sutata ($106.73 in chips) 
Seat 6: Neznaz2020 ($391.97 in chips) 
Neznaz2020: posts small blind $0.50
michasia: posts big blind $1
*** HOLE CARDS ***
Cositorto: folds 
p0pa4poker: folds 
xcinaz: folds 
sutata: raises $2 to $3
Neznaz2020: folds 
michasia: calls $2
*** FLOP *** [3c Ah 4h]
michasia: checks 
sutata: bets $2.06
michasia: folds 
Uncalled bet ($2.06) returned to sutata
sutata collected $6.18 from pot
sutata: doesn't show hand 
*** SUMMARY ***
Total pot $6.50 | Rake $0.32 
Board [3c Ah 4h]
Seat 1: michasia (big blind) folded on the Flop
Seat 2: Cositorto folded before Flop (didn't bet)
Seat 3: p0pa4poker folded before Flop (didn't bet)
Seat 4: xcinaz folded before Flop (didn't bet)
Seat 5: sutata (button) collected ($6.18)
Seat 6: Neznaz2020 (small blind) folded before Flop



PokerStars Hand #254508734953:  Hold'em No Limit ($0.50/$1.00 USD) - 2025/01/22 0:30:43 WET [2025/01/22 19:30:43 ET]
Table 'Smiley IV' 6-max Seat #6 is the button
Seat 1: michasia ($231.98 in chips) 
Seat 2: Cositorto ($107.20 in chips) 
Seat 3: p0pa4poker ($102.50 in chips) 
Seat 4: xcinaz ($127.40 in chips) 
Seat 5: sutata ($109.91 in chips) 
Seat 6: Neznaz2020 ($391.47 in chips) 
michasia: posts small blind $0.50
Cositorto: posts big blind $1
*** HOLE CARDS ***
p0pa4poker: folds 
xcinaz: folds 
sutata: folds 
Neznaz2020: folds 
michasia: raises $2 to $3
Cositorto: calls $2
*** FLOP *** [2d Ks 7d]
michasia: checks 
Cositorto: bets $1.54
michasia: calls $1.54
*** TURN *** [2d Ks 7d] [5s]
michasia: checks 
Cositorto: checks 
*** RIVER *** [2d Ks 7d 5s] [Tc]
michasia: bets $5.75
Cositorto: folds 
Uncalled bet ($5.75) returned to michasia
michasia collected $8.63 from pot
michasia: doesn't show hand 
*** SUMMARY ***
Total pot $9.08 | Rake $0.45 
Board [2d Ks 7d 5s Tc]
Seat 1: michasia (small blind) collected ($8.63)
Seat 2: Cositorto (big blind) folded on the River
Seat 3: p0pa4poker folded before Flop (didn't bet)
Seat 4: xcinaz folded before Flop (didn't bet)
Seat 5: sutata folded before Flop (didn't bet)
Seat 6: Neznaz2020 (button) folded before Flop (didn't bet)



PokerStars Hand #254508743422:  Hold'em No Limit ($0.50/$1.00 USD) - 2025/01/22 0:31:27 WET [2025/01/22 19:31:27 ET]
Table 'Smiley IV' 6-max Seat #1 is the button
Seat 1: michasia ($236.07 in chips) 
Seat 2: Cositorto ($102.66 in chips) 
Seat 3: p0pa4poker ($102.50 in chips) 
Seat 4: xcinaz ($127.40 in chips) 
Seat 5: sutata ($109.91 in chips) 
Seat 6: Neznaz2020 ($391.47 in chips) 
Cositorto: posts small blind $0.50
p0pa4poker: posts big blind $1
*** HOLE CARDS ***
xcinaz: folds 
sutata: folds 
Neznaz2020: folds 
michasia: folds 
Cositorto: raises $2 to $3
p0pa4poker: folds 
Uncalled bet ($2) returned to Cositorto
Cositorto collected $2 from pot
Cositorto: doesn't show hand 
*** SUMMARY ***
Total pot $2 | Rake $0 
Seat 1: michasia (button) folded before Flop (didn't bet)
Seat 2: Cositorto (small blind) collected ($2)
Seat 3: p0pa4poker (big blind) folded before Flop
Seat 4: xcinaz folded before Flop (didn't bet)
Seat 5: sutata folded before Flop (didn't bet)
Seat 6: Neznaz2020 folded before Flop (didn't bet)



PokerStars Hand #254508747016:  Hold'em No Limit ($0.50/$1.00 USD) - 2025/01/22 0:31:46 WET [2025/01/22 19:31:46 ET]
Table 'Smiley IV' 6-max Seat #2 is the button
Seat 1: michasia ($236.07 in chips) 
Seat 2: Cositorto ($103.66 in chips) 
Seat 3: p0pa4poker ($101.50 in chips) 
Seat 4: xcinaz ($127.40 in chips) 
Seat 5: sutata ($109.91 in chips) 
Seat 6: Neznaz2020 ($391.47 in chips) 
p0pa4poker: posts small blind $0.50
xcinaz: posts big blind $1
*** HOLE CARDS ***
sutata: folds 
Neznaz2020: raises $2 to $3
michasia: raises $6 to $9
Cositorto: calls $9
p0pa4poker: folds 
xcinaz: folds 
Neznaz2020: raises $6 to $15
michasia: calls $6
Cositorto: raises $88.66 to $103.66 and is all-in
Neznaz2020: folds 
michasia: folds 
Uncalled bet ($88.66) returned to Cositorto
Cositorto collected $46.50 from pot
Cositorto: doesn't show hand 
*** SUMMARY ***
Total pot $46.50 | Rake $0 
Seat 1: michasia folded before Flop
Seat 2: Cositorto (button) collected ($46.50)
Seat 3: p0pa4poker (small blind) folded before Flop
Seat 4: xcinaz (big blind) folded before Flop
Seat 5: sutata folded before Flop (didn't bet)
Seat 6: Neznaz2020 folded before Flop



PokerStars Hand #254508757965:  Hold'em No Limit ($0.50/$1.00 USD) - 2025/01/22 0:32:42 WET [2025/01/22 19:32:42 ET]
Table 'Smiley IV' 6-max Seat #3 is the button
Seat 1: michasia ($221.07 in chips) 
Seat 2: Cositorto ($135.16 in chips) 
Seat 3: p0pa4poker ($101 in chips) 
Seat 4: xcinaz ($126.40 in chips) 
Seat 5: sutata ($109.91 in chips) 
Seat 6: Neznaz2020 ($376.47 in chips) 
xcinaz: posts small blind $0.50
sutata: posts big blind $1
*** HOLE CARDS ***
Neznaz2020: folds 
michasia: folds 
Cositorto: folds 
p0pa4poker: folds 
xcinaz: raises $2 to $3
sutata: calls $2
*** FLOP *** [5s Jd Ts]
xcinaz: bets $1.88
sutata: folds 
Uncalled bet ($1.88) returned to xcinaz
xcinaz collected $5.70 from pot
xcinaz: doesn't show hand 
*** SUMMARY ***
Total pot $6 | Rake $0.30 
Board [5s Jd Ts]
Seat 1: michasia folded before Flop (didn't bet)
Seat 2: Cositorto folded before Flop (didn't bet)
Seat 3: p0pa4poker (button) folded before Flop (didn't bet)
Seat 4: xcinaz (small blind) collected ($5.70)
Seat 5: sutata (big blind) folded on the Flop
Seat 6: Neznaz2020 folded before Flop (didn't bet)



PokerStars Hand #254508763630:  Hold'em No Limit ($0.50/$1.00 USD) - 2025/01/22 0:33:12 WET [2025/01/22 19:33:12 ET]
Table 'Smiley IV' 6-max Seat #4 is the button
Seat 1: michasia ($221.07 in chips) 
Seat 2: Cositorto ($135.16 in chips) 
Seat 3: p0pa4poker ($101 in chips) 
Seat 4: xcinaz ($129.10 in chips) 
Seat 5: sutata ($106.91 in chips) 
Seat 6: Neznaz2020 ($376.47 in chips) 
sutata: posts small blind $0.50
Neznaz2020: posts big blind $1
*** HOLE CARDS ***
michasia: folds 
Cositorto: folds 
p0pa4poker: folds 
xcinaz: raises $1.50 to $2.50
sutata: folds 
Neznaz2020: folds 
Uncalled bet ($1.50) returned to xcinaz
xcinaz collected $2.50 from pot
xcinaz: doesn't show hand 
*** SUMMARY ***
Total pot $2.50 | Rake $0 
Seat 1: michasia folded before Flop (didn't bet)
Seat 2: Cositorto folded before Flop (didn't bet)
Seat 3: p0pa4poker folded before Flop (didn't bet)
Seat 4: xcinaz (button) collected ($2.50)
Seat 5: sutata (small blind) folded before Flop
Seat 6: Neznaz2020 (big blind) folded before Flop



PokerStars Hand #254508766677:  Hold'em No Limit ($0.50/$1.00 USD) - 2025/01/22 0:33:28 WET [2025/01/22 19:33:28 ET]
Table 'Smiley IV' 6-max Seat #5 is the button
Seat 1: michasia ($221.07 in chips) 
Seat 2: Cositorto ($135.16 in chips) 
Seat 3: p0pa4poker ($101 in chips) 
Seat 4: xcinaz ($130.60 in chips) 
Seat 5: sutata ($106.41 in chips) 
Seat 6: Neznaz2020 ($375.47 in chips) 
Neznaz2020: posts small blind $0.50
michasia: posts big blind $1
*** HOLE CARDS ***
Cositorto: folds 
p0pa4poker: raises $1 to $2
xcinaz: folds 
sutata: folds 
Neznaz2020: folds 
michasia: folds 
Uncalled bet ($1) returned to p0pa4poker
p0pa4poker collected $2.50 from pot
p0pa4poker: doesn't show hand 
*** SUMMARY ***
Total pot $2.50 | Rake $0 
Seat 1: michasia (big blind) folded before Flop
Seat 2: Cositorto folded before Flop (didn't bet)
Seat 3: p0pa4poker collected ($2.50)
Seat 4: xcinaz folded before Flop (didn't bet)
Seat 5: sutata (button) folded before Flop (didn't bet)
Seat 6: Neznaz2020 (small blind) folded before Flop



PokerStars Hand #254508770477:  Hold'em No Limit ($0.50/$1.00 USD) - 2025/01/22 0:33:47 WET [2025/01/22 19:33:47 ET]
Table 'Smiley IV' 6-max Seat #6 is the button
Seat 1: michasia ($220.07 in chips) 
Seat 2: Cositorto ($135.16 in chips) 
Seat 3: p0pa4poker ($102.50 in chips) 
Seat 4: xcinaz ($130.60 in chips) 
Seat 5: sutata ($106.41 in chips) 
Seat 6: Neznaz2020 ($374.97 in chips) 
michasia: posts small blind $0.50
Cositorto: posts big blind $1
*** HOLE CARDS ***
p0pa4poker: folds 
xcinaz: folds 
sutata: folds 
Neznaz2020: raises $2.50 to $3.50
michasia: folds 
Cositorto: folds 
Uncalled bet ($2.50) returned to Neznaz2020
Neznaz2020 collected $2.50 from pot
Neznaz2020: doesn't show hand 
*** SUMMARY ***
Total pot $2.50 | Rake $0 
Seat 1: michasia (small blind) folded before Flop
Seat 2: Cositorto (big blind) folded before Flop
Seat 3: p0pa4poker folded before Flop (didn't bet)
Seat 4: xcinaz folded before Flop (didn't bet)
Seat 5: sutata folded before Flop (didn't bet)
Seat 6: Neznaz2020 (button) collected ($2.50)



PokerStars Hand #254508774535:  Hold'em No Limit ($0.50/$1.00 USD) - 2025/01/22 0:34:08 WET [2025/01/22 19:34:08 ET]
Table 'Smiley IV' 6-max Seat #1 is the button
Seat 1: michasia ($219.57 in chips) 
Seat 2: Cositorto ($134.16 in chips) 
Seat 3: p0pa4poker ($102.50 in chips) 
Seat 4: xcinaz ($130.60 in chips) 
Seat 5: sutata ($106.41 in chips) 
Seat 6: Neznaz2020 ($376.47 in chips) 
Cositorto: posts small blind $0.50
p0pa4poker: posts big blind $1
*** HOLE CARDS ***
xcinaz: folds 
sutata: folds 
Neznaz2020: folds 
michasia: folds 
Cositorto: raises $2 to $3
p0pa4poker: folds 
Uncalled bet ($2) returned to Cositorto
Cositorto collected $2 from pot
Cositorto: doesn't show hand 
*** SUMMARY ***
Total pot $2 | Rake $0 
Seat 1: michasia (button) folded before Flop (didn't bet)
Seat 2: Cositorto (small blind) collected ($2)
Seat 3: p0pa4poker (big blind) folded before Flop
Seat 4: xcinaz folded before Flop (didn't bet)
Seat 5: sutata folded before Flop (didn't bet)
Seat 6: Neznaz2020 folded before Flop (didn't bet)



PokerStars Hand #254508777231:  Hold'em No Limit ($0.50/$1.00 USD) - 2025/01/22 0:34:23 WET [2025/01/22 19:34:23 ET]
Table 'Smiley IV' 6-max Seat #2 is the button
Seat 1: michasia ($219.57 in chips) 
Seat 2: Cositorto ($135.16 in chips) 
Seat 3: p0pa4poker ($101.50 in chips) 
Seat 4: xcinaz ($130.60 in chips) 
Seat 5: sutata ($106.41 in chips) 
Seat 6: Neznaz2020 ($376.47 in chips) 
p0pa4poker: posts small blind $0.50
xcinaz: posts big blind $1
*** HOLE CARDS ***
sutata: folds 
Neznaz2020: folds 
michasia: folds 
Cositorto: raises $1.50 to $2.50
p0pa4poker: folds 
xcinaz: calls $1.50
*** FLOP *** [9d 6c 2c]
xcinaz: checks 
Cositorto: checks 
*** TURN *** [9d 6c 2c] [Qd]
xcinaz: checks 
Cositorto: bets $2.61
xcinaz: folds 
Uncalled bet ($2.61) returned to Cositorto
Cositorto collected $5.22 from pot
Cositorto: doesn't show hand 
*** SUMMARY ***
Total pot $5.50 | Rake $0.28 
Board [9d 6c 2c Qd]
Seat 1: michasia folded before Flop (didn't bet)
Seat 2: Cositorto (button) collected ($5.22)
Seat 3: p0pa4poker (small blind) folded before Flop
Seat 4: xcinaz (big blind) folded on the Turn
Seat 5: sutata folded before Flop (didn't bet)
Seat 6: Neznaz2020 folded before Flop (didn't bet)



PokerStars Hand #254508789196:  Hold'em No Limit ($0.50/$1.00 USD) - 2025/01/22 0:35:25 WET [2025/01/22 19:35:25 ET]
Table 'Smiley IV' 6-max Seat #3 is the button
Seat 1: michasia ($219.57 in chips) 
Seat 2: Cositorto ($137.88 in chips) 
Seat 3: p0pa4poker ($101 in chips) 
Seat 4: xcinaz ($128.10 in chips) 
Seat 5: sutata ($106.41 in chips) 
Seat 6: Neznaz2020 ($376.47 in chips) 
xcinaz: posts small blind $0.50
sutata: posts big blind $1
*** HOLE CARDS ***
Neznaz2020: folds 
michasia: folds 
Cositorto: folds 
p0pa4poker: raises $1.50 to $2.50
xcinaz: folds 
sutata: folds 
Uncalled bet ($1.50) returned to p0pa4poker
p0pa4poker collected $2.50 from pot
p0pa4poker: doesn't show hand 
*** SUMMARY ***
Total pot $2.50 | Rake $0 
Seat 1: michasia folded before Flop (didn't bet)
Seat 2: Cositorto folded before Flop (didn't bet)
Seat 3: p0pa4poker (button) collected ($2.50)
Seat 4: xcinaz (small blind) folded before Flop
Seat 5: sutata (big blind) folded before Flop
Seat 6: Neznaz2020 folded before Flop (didn't bet)



PokerStars Hand #254508792409:  Hold'em No Limit ($0.50/$1.00 USD) - 2025/01/22 0:35:41 WET [2025/01/22 19:35:41 ET]
Table 'Smiley IV' 6-max Seat #4 is the button
Seat 5: sutata ($105.41 in chips) is sitting out
Seat 1: michasia ($219.57 in chips) 
Seat 2: Cositorto ($137.88 in chips) 
Seat 3: p0pa4poker ($102.50 in chips) 
Seat 4: xcinaz ($127.60 in chips) 
Seat 6: Neznaz2020 ($376.47 in chips) 
Neznaz2020: posts small blind $0.50
michasia: posts big blind $1
*** HOLE CARDS ***
Cositorto: raises $1 to $2
p0pa4poker: folds 
xcinaz: raises $6 to $8
Neznaz2020: folds 
michasia: folds 
Cositorto: folds 
Uncalled bet ($6) returned to xcinaz
xcinaz collected $5.50 from pot
xcinaz: doesn't show hand 
*** SUMMARY ***
Total pot $5.50 | Rake $0 
Seat 5: sutata
Seat 1: michasia (big blind) folded before Flop
Seat 2: Cositorto folded before Flop
Seat 3: p0pa4poker folded before Flop (didn't bet)
Seat 4: xcinaz (button) collected ($5.50)
Seat 6: Neznaz2020 (small blind) folded before Flop



PokerStars Hand #254508795809:  Hold'em No Limit ($0.50/$1.00 USD) - 2025/01/22 0:35:59 WET [2025/01/22 19:35:59 ET]
Table 'Smiley IV' 6-max Seat #6 is the button
Seat 5: sutata ($105.41 in chips) is sitting out
Seat 1: michasia ($218.57 in chips) 
Seat 2: Cositorto ($135.88 in chips) 
Seat 3: p0pa4poker ($102.50 in chips) 
Seat 4: xcinaz ($131.10 in chips) 
Seat 6: Neznaz2020 ($375.97 in chips) 
michasia: posts small blind $0.50
Cositorto: posts big blind $1
*** HOLE CARDS ***
p0pa4poker: raises $1 to $2
xcinaz: folds 
Neznaz2020: raises $5.50 to $7.50
michasia: folds 
Cositorto: folds 
p0pa4poker: calls $5.50
*** FLOP *** [3c Qc Ac]
p0pa4poker: checks 
Neznaz2020: bets $7.84
p0pa4poker: folds 
Uncalled bet ($7.84) returned to Neznaz2020
Neznaz2020 collected $15.68 from pot
Neznaz2020: doesn't show hand 
*** SUMMARY ***
Total pot $16.50 | Rake $0.82 
Board [3c Qc Ac]
Seat 5: sutata
Seat 1: michasia (small blind) folded before Flop
Seat 2: Cositorto (big blind) folded before Flop
Seat 3: p0pa4poker folded on the Flop
Seat 4: xcinaz folded before Flop (didn't bet)
Seat 6: Neznaz2020 (button) collected ($15.68)



PokerStars Hand #254508803477:  Hold'em No Limit ($0.50/$1.00 USD) - 2025/01/22 0:36:39 WET [2025/01/22 19:36:39 ET]
Table 'Smiley IV' 6-max Seat #1 is the button
Seat 5: sutata ($105.41 in chips) is sitting out
Seat 1: michasia ($218.07 in chips) 
Seat 2: Cositorto ($134.88 in chips) 
Seat 3: p0pa4poker ($100 in chips) 
Seat 4: xcinaz ($131.10 in chips) 
Seat 6: Neznaz2020 ($384.15 in chips) 
Cositorto: posts small blind $0.50
p0pa4poker: posts big blind $1
*** HOLE CARDS ***
xcinaz: folds 
Neznaz2020: folds 
michasia: raises $1.80 to $2.80
Neznaz2020 leaves the table
Cositorto: folds 
p0pa4poker: calls $1.80
*** FLOP *** [Ac 7c 2c]
p0pa4poker: checks 
raiseinthedarkk joins the table at seat #6 
michasia: bets $3.87
raiseinthedarkk leaves the table
p0pa4poker: calls $3.87
*** TURN *** [Ac 7c 2c] [3h]
ddyyjj joins the table at seat #6 
p0pa4poker: checks 
michasia: checks 
*** RIVER *** [Ac 7c 2c 3h] [Qd]
p0pa4poker: bets $4.34
michasia: folds 
Uncalled bet ($4.34) returned to p0pa4poker
p0pa4poker collected $13.15 from pot
p0pa4poker: doesn't show hand 
*** SUMMARY ***
Total pot $13.84 | Rake $0.69 
Board [Ac 7c 2c 3h Qd]
Seat 5: sutata
Seat 1: michasia (button) folded on the River
Seat 2: Cositorto (small blind) folded before Flop
Seat 3: p0pa4poker (big blind) collected ($13.15)
Seat 4: xcinaz folded before Flop (didn't bet)
Seat 6: Neznaz2020 folded before Flop (didn't bet)



PokerStars Hand #254508819794:  Hold'em No Limit ($0.50/$1.00 USD) - 2025/01/22 0:38:04 WET [2025/01/22 19:38:04 ET]
Table 'Smiley IV' 6-max Seat #2 is the button
Seat 5: sutata ($105.41 in chips) is sitting out
Seat 6: ddyyjj ($100 in chips) is sitting out
Seat 1: michasia ($211.40 in chips) 
Seat 2: Cositorto ($134.38 in chips) 
Seat 3: p0pa4poker ($106.48 in chips) 
Seat 4: xcinaz ($131.10 in chips) 
p0pa4poker: posts small blind $0.50
xcinaz: posts big blind $1
sutata: sits out 
ddyyjj: sits out 
*** HOLE CARDS ***
michasia: raises $1.80 to $2.80
Cositorto: folds 
p0pa4poker: folds 
xcinaz: folds 
Uncalled bet ($1.80) returned to michasia
michasia collected $2.50 from pot
michasia: doesn't show hand 
*** SUMMARY ***
Total pot $2.50 | Rake $0 
Seat 5: sutata
Seat 6: ddyyjj
Seat 1: michasia collected ($2.50)
Seat 2: Cositorto (button) folded before Flop (didn't bet)
Seat 3: p0pa4poker (small blind) folded before Flop
Seat 4: xcinaz (big blind) folded before Flop



PokerStars Hand #254508822465:  Hold'em No Limit ($0.50/$1.00 USD) - 2025/01/22 0:38:17 WET [2025/01/22 19:38:17 ET]
Table 'Smiley IV' 6-max Seat #3 is the button
Seat 6: ddyyjj ($100 in chips) is sitting out
Seat 1: michasia ($212.90 in chips) 
Seat 2: Cositorto ($134.38 in chips) 
Seat 3: p0pa4poker ($105.98 in chips) 
Seat 4: xcinaz ($130.10 in chips) 
Seat 5: sutata ($105.41 in chips) 
xcinaz: posts small blind $0.50
sutata: posts big blind $1
ddyyjj: sits out 
*** HOLE CARDS ***
michasia: folds 
Cositorto: raises $1 to $2
p0pa4poker: folds 
xcinaz: folds 
sutata: calls $1
*** FLOP *** [Qh Ac 2h]
sutata: checks 
Cositorto: bets $4
sutata: calls $4
*** TURN *** [Qh Ac 2h] [Jd]
sutata: checks 
Cositorto: bets $8.91
sutata: calls $8.91
*** RIVER *** [Qh Ac 2h Jd] [5c]
sutata: checks 
Cositorto: bets $21.60
sutata: folds 
Uncalled bet ($21.60) returned to Cositorto
Cositorto collected $28.80 from pot
Cositorto: doesn't show hand 
*** SUMMARY ***
Total pot $30.32 | Rake $1.52 
Board [Qh Ac 2h Jd 5c]
Seat 6: ddyyjj
Seat 1: michasia folded before Flop (didn't bet)
Seat 2: Cositorto collected ($28.80)
Seat 3: p0pa4poker (button) folded before Flop (didn't bet)
Seat 4: xcinaz (small blind) folded before Flop
Seat 5: sutata (big blind) folded on the River



PokerStars Hand #254508837632:  Hold'em No Limit ($0.50/$1.00 USD) - 2025/01/22 0:39:38 WET [2025/01/22 19:39:38 ET]
Table 'Smiley IV' 6-max Seat #4 is the button
Seat 1: michasia ($212.90 in chips) 
Seat 2: Cositorto ($148.27 in chips) 
Seat 3: p0pa4poker ($105.98 in chips) 
Seat 4: xcinaz ($129.60 in chips) 
Seat 5: sutata ($100 in chips) 
Seat 6: ddyyjj ($100 in chips) 
sutata: posts small blind $0.50
ddyyjj: posts big blind $1
*** HOLE CARDS ***
michasia: raises $1.60 to $2.60
Cositorto: folds 
p0pa4poker: folds 
xcinaz: folds 
sutata: folds 
ddyyjj: folds 
Uncalled bet ($1.60) returned to michasia
michasia collected $2.50 from pot
michasia: doesn't show hand 
*** SUMMARY ***
Total pot $2.50 | Rake $0 
Seat 1: michasia collected ($2.50)
Seat 2: Cositorto folded before Flop (didn't bet)
Seat 3: p0pa4poker folded before Flop (didn't bet)
Seat 4: xcinaz (button) folded before Flop (didn't bet)
Seat 5: sutata (small blind) folded before Flop
Seat 6: ddyyjj (big blind) folded before Flop



PokerStars Hand #254508840951:  Hold'em No Limit ($0.50/$1.00 USD) - 2025/01/22 0:39:55 WET [2025/01/22 19:39:55 ET]
Table 'Smiley IV' 6-max Seat #5 is the button
Seat 1: michasia ($214.40 in chips) is sitting out
Seat 2: Cositorto ($148.27 in chips) is sitting out
Seat 3: p0pa4poker ($105.98 in chips) 
Seat 4: xcinaz ($129.60 in chips) 
Seat 5: sutata ($100 in chips) 
Seat 6: ddyyjj ($99 in chips) 
ddyyjj: posts small blind $0.50
michasia: is sitting out 
Cositorto: is sitting out 
p0pa4poker: posts big blind $1
*** HOLE CARDS ***
Cositorto leaves the table
michasia leaves the table
xcinaz: folds 
sutata: folds 
ddyyjj: folds 
Uncalled bet ($0.50) returned to p0pa4poker
p0pa4poker collected $1 from pot
p0pa4poker: doesn't show hand 
*** SUMMARY ***
Total pot $1 | Rake $0 
Seat 1: michasia
Seat 2: Cositorto
Seat 3: p0pa4poker (big blind) collected ($1)
Seat 4: xcinaz folded before Flop (didn't bet)
Seat 5: sutata (button) folded before Flop (didn't bet)
Seat 6: ddyyjj (small blind) folded before Flop



PokerStars Hand #254508845142:  Hold'em No Limit ($0.50/$1.00 USD) - 2025/01/22 0:40:17 WET [2025/01/22 19:40:17 ET]
Table 'Smiley IV' 6-max Seat #6 is the button
Seat 3: p0pa4poker ($106.48 in chips) 
Seat 4: xcinaz ($129.60 in chips) 
Seat 5: sutata ($100 in chips) 
Seat 6: ddyyjj ($98.50 in chips) 
p0pa4poker: posts small blind $0.50
xcinaz: posts big blind $1
*** HOLE CARDS ***
raiseinthedarkk joins the table at seat #2 
sutata: folds 
ddyyjj: folds 
p0pa4poker: raises $2 to $3
xcinaz: calls $2
*** FLOP *** [3d 8d 4c]
p0pa4poker: checks 
xcinaz: checks 
*** TURN *** [3d 8d 4c] [Kd]
p0pa4poker: checks 
xcinaz: bets $4.85
p0pa4poker: folds 
Uncalled bet ($4.85) returned to xcinaz
xcinaz collected $5.70 from pot
xcinaz: doesn't show hand 
*** SUMMARY ***
Total pot $6 | Rake $0.30 
Board [3d 8d 4c Kd]
Seat 3: p0pa4poker (small blind) folded on the Turn
Seat 4: xcinaz (big blind) collected ($5.70)
Seat 5: sutata folded before Flop (didn't bet)
Seat 6: ddyyjj (button) folded before Flop (didn't bet)



PokerStars Hand #254508857606:  Hold'em No Limit ($0.50/$1.00 USD) - 2025/01/22 0:41:23 WET [2025/01/22 19:41:23 ET]
Table 'Smiley IV' 6-max Seat #3 is the button
Seat 2: raiseinthedarkk ($100 in chips) is sitting out
Seat 3: p0pa4poker ($103.48 in chips) 
Seat 4: xcinaz ($132.30 in chips) 
Seat 5: sutata ($100 in chips) 
Seat 6: ddyyjj ($98.50 in chips) 
xcinaz: posts small blind $0.50
sutata: posts big blind $1
raiseinthedarkk: sits out 
*** HOLE CARDS ***
ddyyjj: folds 
p0pa4poker: folds 
xcinaz: folds 
Uncalled bet ($0.50) returned to sutata
sutata collected $1 from pot
sutata: doesn't show hand 
*** SUMMARY ***
Total pot $1 | Rake $0 
Seat 2: raiseinthedarkk
Seat 3: p0pa4poker (button) folded before Flop (didn't bet)
Seat 4: xcinaz (small blind) folded before Flop
Seat 5: sutata (big blind) collected ($1)
Seat 6: ddyyjj folded before Flop (didn't bet)



PokerStars Hand #254508860368:  Hold'em No Limit ($0.50/$1.00 USD) - 2025/01/22 0:41:38 WET [2025/01/22 19:41:38 ET]
Table 'Smiley IV' 6-max Seat #4 is the button
Seat 2: raiseinthedarkk ($100 in chips) is sitting out
Seat 3: p0pa4poker ($103.48 in chips) 
Seat 4: xcinaz ($131.80 in chips) 
Seat 5: sutata ($100.50 in chips) 
Seat 6: ddyyjj ($98.50 in chips) 
sutata: posts small blind $0.50
ddyyjj: posts big blind $1
raiseinthedarkk: sits out 
*** HOLE CARDS ***
p0pa4poker: folds 
xcinaz: folds 
sutata: folds 
Uncalled bet ($0.50) returned to ddyyjj
ddyyjj collected $1 from pot
ddyyjj: doesn't show hand 
*** SUMMARY ***
Total pot $1 | Rake $0 
Seat 2: raiseinthedarkk
Seat 3: p0pa4poker folded before Flop (didn't bet)
Seat 4: xcinaz (button) folded before Flop (didn't bet)
Seat 5: sutata (small blind) folded before Flop
Seat 6: ddyyjj (big blind) collected ($1)



PokerStars Hand #254508863808:  Hold'em No Limit ($0.50/$1.00 USD) - 2025/01/22 0:41:57 WET [2025/01/22 19:41:57 ET]
Table 'Smiley IV' 6-max Seat #5 is the button
Seat 2: raiseinthedarkk ($100 in chips) 
Seat 3: p0pa4poker ($103.48 in chips) 
Seat 4: xcinaz ($131.80 in chips) 
Seat 5: sutata ($100 in chips) 
Seat 6: ddyyjj ($99 in chips) 
ddyyjj: posts small blind $0.50
raiseinthedarkk: posts big blind $1
*** HOLE CARDS ***
p0pa4poker: folds 
xcinaz: raises $1.20 to $2.20
sutata: folds 
ddyyjj: raises $7.80 to $10
raiseinthedarkk: folds 
xcinaz: calls $7.80
*** FLOP *** [Ad Kc 4c]
ddyyjj: bets $5.99
xcinaz: calls $5.99
*** TURN *** [Ad Kc 4c] [3s]
ddyyjj: bets $20.36
xcinaz: folds 
Uncalled bet ($20.36) returned to ddyyjj
ImaPeppaPig joins the table at seat #1 
ddyyjj collected $31.33 from pot
ddyyjj: doesn't show hand 
*** SUMMARY ***
Total pot $32.98 | Rake $1.65 
Board [Ad Kc 4c 3s]
Seat 2: raiseinthedarkk (big blind) folded before Flop
Seat 3: p0pa4poker folded before Flop (didn't bet)
Seat 4: xcinaz folded on the Turn
Seat 5: sutata (button) folded before Flop (didn't bet)
Seat 6: ddyyjj (small blind) collected ($31.33)



PokerStars Hand #254508872422:  Hold'em No Limit ($0.50/$1.00 USD) - 2025/01/22 0:42:43 WET [2025/01/22 19:42:43 ET]
Table 'Smiley IV' 6-max Seat #6 is the button
Seat 1: ImaPeppaPig ($100 in chips) is sitting out
Seat 2: raiseinthedarkk ($100 in chips) 
Seat 3: p0pa4poker ($103.48 in chips) 
Seat 4: xcinaz ($115.81 in chips) 
Seat 5: sutata ($100 in chips) 
Seat 6: ddyyjj ($114.34 in chips) 
raiseinthedarkk: posts small blind $0.50
p0pa4poker: posts big blind $1
*** HOLE CARDS ***
xcinaz: folds 
sutata: raises $1.50 to $2.50
ddyyjj: folds 
raiseinthedarkk: folds 
p0pa4poker: folds 
Uncalled bet ($1.50) returned to sutata
sutata collected $2.50 from pot
sutata: doesn't show hand 
*** SUMMARY ***
Total pot $2.50 | Rake $0 
Seat 1: ImaPeppaPig
Seat 2: raiseinthedarkk (small blind) folded before Flop
Seat 3: p0pa4poker (big blind) folded before Flop
Seat 4: xcinaz folded before Flop (didn't bet)
Seat 5: sutata collected ($2.50)
Seat 6: ddyyjj (button) folded before Flop (didn't bet)



PokerStars Hand #254508874721:  Hold'em No Limit ($0.50/$1.00 USD) - 2025/01/22 0:42:55 WET [2025/01/22 19:42:55 ET]
Table 'Smiley IV' 6-max Seat #2 is the button
Seat 1: ImaPeppaPig ($100 in chips) is sitting out
Seat 2: raiseinthedarkk ($100 in chips) 
Seat 3: p0pa4poker ($102.48 in chips) 
Seat 4: xcinaz ($115.81 in chips) 
Seat 5: sutata ($101.50 in chips) 
Seat 6: ddyyjj ($114.34 in chips) 
p0pa4poker: posts small blind $0.50
xcinaz: posts big blind $1
ImaPeppaPig: sits out 
*** HOLE CARDS ***
sutata: folds 
ddyyjj: folds 
raiseinthedarkk: folds 
p0pa4poker: folds 
Uncalled bet ($0.50) returned to xcinaz
xcinaz collected $1 from pot
xcinaz: doesn't show hand 
*** SUMMARY ***
Total pot $1 | Rake $0 
Seat 1: ImaPeppaPig
Seat 2: raiseinthedarkk (button) folded before Flop (didn't bet)
Seat 3: p0pa4poker (small blind) folded before Flop
Seat 4: xcinaz (big blind) collected ($1)
Seat 5: sutata folded before Flop (didn't bet)
Seat 6: ddyyjj folded before Flop (didn't bet)



PokerStars Hand #254508877095:  Hold'em No Limit ($0.50/$1.00 USD) - 2025/01/22 0:43:07 WET [2025/01/22 19:43:07 ET]
Table 'Smiley IV' 6-max Seat #3 is the button
Seat 1: ImaPeppaPig ($100 in chips) is sitting out
Seat 5: sutata ($101.50 in chips) is sitting out
Seat 2: raiseinthedarkk ($100 in chips) 
Seat 3: p0pa4poker ($101.98 in chips) 
Seat 4: xcinaz ($116.31 in chips) 
Seat 6: ddyyjj ($114.34 in chips) 
xcinaz: posts small blind $0.50
sutata: is sitting out 
ddyyjj: posts big blind $1
ImaPeppaPig: sits out 
*** HOLE CARDS ***
sutata leaves the table
raiseinthedarkk: folds 
p0pa4poker: folds 
xcinaz: folds 
Uncalled bet ($0.50) returned to ddyyjj
ddyyjj collected $1 from pot
ddyyjj: doesn't show hand 
*** SUMMARY ***
Total pot $1 | Rake $0 
Seat 1: ImaPeppaPig
Seat 5: sutata
Seat 2: raiseinthedarkk folded before Flop (didn't bet)
Seat 3: p0pa4poker (button) folded before Flop (didn't bet)
Seat 4: xcinaz (small blind) folded before Flop
Seat 6: ddyyjj (big blind) collected ($1)



PokerStars Hand #254508878807:  Hold'em No Limit ($0.50/$1.00 USD) - 2025/01/22 0:43:17 WET [2025/01/22 19:43:17 ET]
Table 'Smiley IV' 6-max Seat #4 is the button
Seat 1: ImaPeppaPig ($100 in chips) 
Seat 2: raiseinthedarkk ($100 in chips) 
Seat 3: p0pa4poker ($101.98 in chips) 
Seat 4: xcinaz ($115.81 in chips) 
Seat 6: ddyyjj ($114.84 in chips) 
ddyyjj: posts small blind $0.50
ImaPeppaPig: posts big blind $1
*** HOLE CARDS ***
raiseinthedarkk: folds 
p0pa4poker: folds 
xcinaz: folds 
ddyyjj: raises $2 to $3
ImaPeppaPig: raises $6 to $9
ddyyjj: calls $6
*** FLOP *** [2c 4c Qs]
ddyyjj: checks 
ImaPeppaPig: bets $13
ddyyjj: calls $13
*** TURN *** [2c 4c Qs] [9c]
ddyyjj: checks 
ImaPeppaPig: checks 
*** RIVER *** [2c 4c Qs 9c] [2d]
ddyyjj: bets $27.17
ImaPeppaPig: folds 
Uncalled bet ($27.17) returned to ddyyjj
ddyyjj collected $41.80 from pot
ddyyjj: doesn't show hand 
*** SUMMARY ***
Total pot $44 | Rake $2.20 
Board [2c 4c Qs 9c 2d]
Seat 1: ImaPeppaPig (big blind) folded on the River
Seat 2: raiseinthedarkk folded before Flop (didn't bet)
Seat 3: p0pa4poker folded before Flop (didn't bet)
Seat 4: xcinaz (button) folded before Flop (didn't bet)
Seat 6: ddyyjj (small blind) collected ($41.80)



PokerStars Hand #254508887721:  Hold'em No Limit ($0.50/$1.00 USD) - 2025/01/22 0:44:04 WET [2025/01/22 19:44:04 ET]
Table 'Smiley IV' 6-max Seat #6 is the button
Seat 1: ImaPeppaPig ($100 in chips) 
Seat 2: raiseinthedarkk ($100 in chips) 
Seat 3: p0pa4poker ($101.98 in chips) 
Seat 4: xcinaz ($115.81 in chips) 
Seat 6: ddyyjj ($134.64 in chips) 
ImaPeppaPig: posts small blind $0.50
raiseinthedarkk: posts big blind $1
*** HOLE CARDS ***
p0pa4poker: folds 
xcinaz: folds 
ddyyjj: folds 
ImaPeppaPig: folds 
Uncalled bet ($0.50) returned to raiseinthedarkk
raiseinthedarkk collected $1 from pot
raiseinthedarkk: doesn't show hand 
*** SUMMARY ***
Total pot $1 | Rake $0 
Seat 1: ImaPeppaPig (small blind) folded before Flop
Seat 2: raiseinthedarkk (big blind) collected ($1)
Seat 3: p0pa4poker folded before Flop (didn't bet)
Seat 4: xcinaz folded before Flop (didn't bet)
Seat 6: ddyyjj (button) folded before Flop (didn't bet)



PokerStars Hand #254508890556:  Hold'em No Limit ($0.50/$1.00 USD) - 2025/01/22 0:44:20 WET [2025/01/22 19:44:20 ET]
Table 'Smiley IV' 6-max Seat #1 is the button
Seat 1: ImaPeppaPig ($100 in chips) 
Seat 2: raiseinthedarkk ($100.50 in chips) 
Seat 3: p0pa4poker ($101.98 in chips) 
Seat 4: xcinaz ($115.81 in chips) 
Seat 6: ddyyjj ($134.64 in chips) 
raiseinthedarkk: posts small blind $0.50
p0pa4poker: posts big blind $1
*** HOLE CARDS ***
xcinaz: raises $1 to $2
ddyyjj: folds 
ImaPeppaPig: folds 
raiseinthedarkk: folds 
p0pa4poker: folds 
Uncalled bet ($1) returned to xcinaz
xcinaz collected $2.50 from pot
xcinaz: doesn't show hand 
*** SUMMARY ***
Total pot $2.50 | Rake $0 
Seat 1: ImaPeppaPig (button) folded before Flop (didn't bet)
Seat 2: raiseinthedarkk (small blind) folded before Flop
Seat 3: p0pa4poker (big blind) folded before Flop
Seat 4: xcinaz collected ($2.50)
Seat 6: ddyyjj folded before Flop (didn't bet)



PokerStars Hand #254508893612:  Hold'em No Limit ($0.50/$1.00 USD) - 2025/01/22 0:44:36 WET [2025/01/22 19:44:36 ET]
Table 'Smiley IV' 6-max Seat #2 is the button
Seat 1: ImaPeppaPig ($100 in chips) 
Seat 2: raiseinthedarkk ($100 in chips) 
Seat 3: p0pa4poker ($100.98 in chips) 
Seat 4: xcinaz ($117.31 in chips) 
Seat 6: ddyyjj ($134.64 in chips) 
p0pa4poker: posts small blind $0.50
xcinaz: posts big blind $1
*** HOLE CARDS ***
ddyyjj: folds 
XyonKim joins the table at seat #5 
ImaPeppaPig: folds 
raiseinthedarkk: folds 
p0pa4poker: folds 
Uncalled bet ($0.50) returned to xcinaz
XyonKim is disconnected 
xcinaz collected $1 from pot
xcinaz: doesn't show hand 
*** SUMMARY ***
Total pot $1 | Rake $0 
Seat 1: ImaPeppaPig folded before Flop (didn't bet)
Seat 2: raiseinthedarkk (button) folded before Flop (didn't bet)
Seat 3: p0pa4poker (small blind) folded before Flop
Seat 4: xcinaz (big blind) collected ($1)
Seat 6: ddyyjj folded before Flop (didn't bet)



PokerStars Hand #254508896008:  Hold'em No Limit ($0.50/$1.00 USD) - 2025/01/22 0:44:49 WET [2025/01/22 19:44:49 ET]
Table 'Smiley IV' 6-max Seat #3 is the button
Seat 1: ImaPeppaPig ($100 in chips) 
Seat 2: raiseinthedarkk ($100 in chips) 
Seat 3: p0pa4poker ($100.48 in chips) 
Seat 4: xcinaz ($117.81 in chips) 
Seat 5: XyonKim ($80 in chips) 
Seat 6: ddyyjj ($134.64 in chips) 
xcinaz: posts small blind $0.50
XyonKim: posts big blind $1
*** HOLE CARDS ***
ddyyjj: folds 
ImaPeppaPig: folds 
raiseinthedarkk: folds 
p0pa4poker: raises $1.50 to $2.50
xcinaz: folds 
XyonKim: raises $3.50 to $6
p0pa4poker: calls $3.50
*** FLOP *** [2s Kh Ts]
XyonKim: bets $4
p0pa4poker: folds 
Uncalled bet ($4) returned to XyonKim
XyonKim collected $11.88 from pot
*** SUMMARY ***
Total pot $12.50 | Rake $0.62 
Board [2s Kh Ts]
Seat 1: ImaPeppaPig folded before Flop (didn't bet)
Seat 2: raiseinthedarkk folded before Flop (didn't bet)
Seat 3: p0pa4poker (button) folded on the Flop
Seat 4: xcinaz (small blind) folded before Flop
Seat 5: XyonKim (big blind) collected ($11.88)
Seat 6: ddyyjj folded before Flop (didn't bet)



PokerStars Hand #254508903526:  Hold'em No Limit ($0.50/$1.00 USD) - 2025/01/22 0:45:30 WET [2025/01/22 19:45:30 ET]
Table 'Smiley IV' 6-max Seat #4 is the button
Seat 1: ImaPeppaPig ($100 in chips) 
Seat 2: raiseinthedarkk ($100 in chips) 
Seat 3: p0pa4poker ($100 in chips) 
Seat 4: xcinaz ($117.31 in chips) 
Seat 5: XyonKim ($85.88 in chips) 
Seat 6: ddyyjj ($134.64 in chips) 
XyonKim: posts small blind $0.50
ddyyjj: posts big blind $1
*** HOLE CARDS ***
ImaPeppaPig: raises $1 to $2
raiseinthedarkk: folds 
p0pa4poker: folds 
xcinaz: folds 
XyonKim: raises $3 to $5
ddyyjj: folds 
ImaPeppaPig: calls $3
*** FLOP *** [2s 8d 7d]
XyonKim: bets $4
ImaPeppaPig: calls $4
*** TURN *** [2s 8d 7d] [Jc]
XyonKim: bets $6
ImaPeppaPig: calls $6
*** RIVER *** [2s 8d 7d Jc] [5s]
XyonKim: checks 
ImaPeppaPig: bets $22.38
XyonKim: raises $48.50 to $70.88 and is all-in
ImaPeppaPig: calls $48.50
*** SHOW DOWN ***
XyonKim: shows [Kc Kh] (a pair of Kings)
ImaPeppaPig: shows [Kd Jd] (a pair of Jacks)
XyonKim collected $170.26 from pot
*** SUMMARY ***
Total pot $172.76 | Rake $2.50 
Board [2s 8d 7d Jc 5s]
Seat 1: ImaPeppaPig showed [Kd Jd] and lost with a pair of Jacks
Seat 2: raiseinthedarkk folded before Flop (didn't bet)
Seat 3: p0pa4poker folded before Flop (didn't bet)
Seat 4: xcinaz (button) folded before Flop (didn't bet)
Seat 5: XyonKim (small blind) showed [Kc Kh] and won ($170.26) with a pair of Kings
Seat 6: ddyyjj (big blind) folded before Flop



PokerStars Hand #254508921143:  Hold'em No Limit ($0.50/$1.00 USD) - 2025/01/22 0:47:05 WET [2025/01/22 19:47:05 ET]
Table 'Smiley IV' 6-max Seat #5 is the button
Seat 1: ImaPeppaPig ($100 in chips) 
Seat 2: raiseinthedarkk ($100 in chips) 
Seat 3: p0pa4poker ($100 in chips) 
Seat 4: xcinaz ($117.31 in chips) 
Seat 5: XyonKim ($170.26 in chips) 
Seat 6: ddyyjj ($133.64 in chips) 
ddyyjj: posts small blind $0.50
ImaPeppaPig: posts big blind $1
*** HOLE CARDS ***
raiseinthedarkk: folds 
p0pa4poker: folds 
xcinaz: raises $1.20 to $2.20
XyonKim: raises $4.20 to $6.40
ddyyjj: folds 
ImaPeppaPig: folds 
xcinaz: calls $4.20
*** FLOP *** [8c 9s Ks]
xcinaz: checks 
XyonKim: checks 
*** TURN *** [8c 9s Ks] [7h]
xcinaz: checks 
XyonKim: bets $5
xcinaz: folds 
Uncalled bet ($5) returned to XyonKim
XyonKim collected $13.58 from pot
*** SUMMARY ***
Total pot $14.30 | Rake $0.72 
Board [8c 9s Ks 7h]
Seat 1: ImaPeppaPig (big blind) folded before Flop
Seat 2: raiseinthedarkk folded before Flop (didn't bet)
Seat 3: p0pa4poker folded before Flop (didn't bet)
Seat 4: xcinaz folded on the Turn
Seat 5: XyonKim (button) collected ($13.58)
Seat 6: ddyyjj (small blind) folded before Flop



PokerStars Hand #254508934105:  Hold'em No Limit ($0.50/$1.00 USD) - 2025/01/22 0:48:16 WET [2025/01/22 19:48:16 ET]
Table 'Smiley IV' 6-max Seat #6 is the button
Seat 1: ImaPeppaPig ($100 in chips) 
Seat 2: raiseinthedarkk ($100 in chips) 
Seat 3: p0pa4poker ($100 in chips) 
Seat 4: xcinaz ($110.91 in chips) 
Seat 5: XyonKim ($177.44 in chips) 
Seat 6: ddyyjj ($133.14 in chips) 
ImaPeppaPig: posts small blind $0.50
raiseinthedarkk: posts big blind $1
*** HOLE CARDS ***
p0pa4poker: folds 
xcinaz: folds 
XyonKim: folds 
ddyyjj: folds 
XyonKim leaves the table
ImaPeppaPig: raises $2 to $3
raiseinthedarkk: raises $6 to $9
ImaPeppaPig: folds 
Uncalled bet ($6) returned to raiseinthedarkk
raiseinthedarkk collected $6 from pot
raiseinthedarkk: doesn't show hand 
*** SUMMARY ***
Total pot $6 | Rake $0 
Seat 1: ImaPeppaPig (small blind) folded before Flop
Seat 2: raiseinthedarkk (big blind) collected ($6)
Seat 3: p0pa4poker folded before Flop (didn't bet)
Seat 4: xcinaz folded before Flop (didn't bet)
Seat 5: XyonKim folded before Flop (didn't bet)
Seat 6: ddyyjj (button) folded before Flop (didn't bet)



PokerStars Hand #254508938012:  Hold'em No Limit ($0.50/$1.00 USD) - 2025/01/22 0:48:38 WET [2025/01/22 19:48:38 ET]
Table 'Smiley IV' 6-max Seat #1 is the button
Seat 1: ImaPeppaPig ($100 in chips) 
Seat 2: raiseinthedarkk ($103 in chips) 
Seat 3: p0pa4poker ($100 in chips) 
Seat 4: xcinaz ($110.91 in chips) 
Seat 6: ddyyjj ($133.14 in chips) 
raiseinthedarkk: posts small blind $0.50
p0pa4poker: posts big blind $1
*** HOLE CARDS ***
xcinaz: folds 
sutata joins the table at seat #5 
ddyyjj: folds 
ImaPeppaPig: folds 
sutata leaves the table
raiseinthedarkk: folds 
Uncalled bet ($0.50) returned to p0pa4poker
p0pa4poker collected $1 from pot
p0pa4poker: doesn't show hand 
*** SUMMARY ***
Total pot $1 | Rake $0 
Seat 1: ImaPeppaPig (button) folded before Flop (didn't bet)
Seat 2: raiseinthedarkk (small blind) folded before Flop
Seat 3: p0pa4poker (big blind) collected ($1)
Seat 4: xcinaz folded before Flop (didn't bet)
Seat 6: ddyyjj folded before Flop (didn't bet)



PokerStars Hand #254508941220:  Hold'em No Limit ($0.50/$1.00 USD) - 2025/01/22 0:48:55 WET [2025/01/22 19:48:55 ET]
Table 'Smiley IV' 6-max Seat #2 is the button
Seat 1: ImaPeppaPig ($100 in chips) 
Seat 2: raiseinthedarkk ($102.50 in chips) 
Seat 3: p0pa4poker ($100.50 in chips) 
Seat 4: xcinaz ($110.91 in chips) 
Seat 6: ddyyjj ($133.14 in chips) 
p0pa4poker: posts small blind $0.50
xcinaz: posts big blind $1
*** HOLE CARDS ***
ddyyjj: folds 
ImaPeppaPig: folds 
raiseinthedarkk: folds 
p0pa4poker: folds 
Uncalled bet ($0.50) returned to xcinaz
xcinaz collected $1 from pot
xcinaz: doesn't show hand 
*** SUMMARY ***
Total pot $1 | Rake $0 
Seat 1: ImaPeppaPig folded before Flop (didn't bet)
Seat 2: raiseinthedarkk (button) folded before Flop (didn't bet)
Seat 3: p0pa4poker (small blind) folded before Flop
Seat 4: xcinaz (big blind) collected ($1)
Seat 6: ddyyjj folded before Flop (didn't bet)



PokerStars Hand #254508943142:  Hold'em No Limit ($0.50/$1.00 USD) - 2025/01/22 0:49:06 WET [2025/01/22 19:49:06 ET]
Table 'Smiley IV' 6-max Seat #3 is the button
Seat 1: ImaPeppaPig ($100 in chips) 
Seat 2: raiseinthedarkk ($102.50 in chips) 
Seat 3: p0pa4poker ($100 in chips) 
Seat 4: xcinaz ($111.41 in chips) 
Seat 6: ddyyjj ($133.14 in chips) 
xcinaz: posts small blind $0.50
ddyyjj: posts big blind $1
*** HOLE CARDS ***
ImaPeppaPig: raises $1.50 to $2.50
raiseinthedarkk: folds 
p0pa4poker: folds 
xcinaz: folds 
ddyyjj: folds 
Uncalled bet ($1.50) returned to ImaPeppaPig
ImaPeppaPig collected $2.50 from pot
ImaPeppaPig: doesn't show hand 
*** SUMMARY ***
Total pot $2.50 | Rake $0 
Seat 1: ImaPeppaPig collected ($2.50)
Seat 2: raiseinthedarkk folded before Flop (didn't bet)
Seat 3: p0pa4poker (button) folded before Flop (didn't bet)
Seat 4: xcinaz (small blind) folded before Flop
Seat 6: ddyyjj (big blind) folded before Flop



PokerStars Hand #254508946275:  Hold'em No Limit ($0.50/$1.00 USD) - 2025/01/22 0:49:24 WET [2025/01/22 19:49:24 ET]
Table 'Smiley IV' 6-max Seat #4 is the button
Seat 1: ImaPeppaPig ($101.50 in chips) 
Seat 2: raiseinthedarkk ($102.50 in chips) 
Seat 3: p0pa4poker ($100 in chips) 
Seat 4: xcinaz ($110.91 in chips) 
Seat 6: ddyyjj ($132.14 in chips) 
ddyyjj: posts small blind $0.50
ImaPeppaPig: posts big blind $1
*** HOLE CARDS ***
raiseinthedarkk: folds 
p0pa4poker: raises $1.30 to $2.30
xcinaz: raises $5.70 to $8
ddyyjj: folds 
ImaPeppaPig: folds 
p0pa4poker: folds 
Uncalled bet ($5.70) returned to xcinaz
xcinaz collected $6.10 from pot
xcinaz: doesn't show hand 
*** SUMMARY ***
Total pot $6.10 | Rake $0 
Seat 1: ImaPeppaPig (big blind) folded before Flop
Seat 2: raiseinthedarkk folded before Flop (didn't bet)
Seat 3: p0pa4poker folded before Flop
Seat 4: xcinaz (button) collected ($6.10)
Seat 6: ddyyjj (small blind) folded before Flop



PokerStars Hand #254508951067:  Hold'em No Limit ($0.50/$1.00 USD) - 2025/01/22 0:49:50 WET [2025/01/22 19:49:50 ET]
Table 'Smiley IV' 6-max Seat #6 is the button
Seat 1: ImaPeppaPig ($100.50 in chips) 
Seat 2: raiseinthedarkk ($102.50 in chips) 
Seat 3: p0pa4poker ($100 in chips) 
Seat 4: xcinaz ($114.71 in chips) 
Seat 6: ddyyjj ($131.64 in chips) 
ImaPeppaPig: posts small blind $0.50
raiseinthedarkk: posts big blind $1
*** HOLE CARDS ***
p0pa4poker: raises $1 to $2
xcinaz: folds 
ddyyjj: folds 
ImaPeppaPig: folds 
raiseinthedarkk: folds 
Uncalled bet ($1) returned to p0pa4poker
R.M.Farcas joins the table at seat #5 
p0pa4poker collected $2.50 from pot
p0pa4poker: doesn't show hand 
*** SUMMARY ***
Total pot $2.50 | Rake $0 
Seat 1: ImaPeppaPig (small blind) folded before Flop
Seat 2: raiseinthedarkk (big blind) folded before Flop
Seat 3: p0pa4poker collected ($2.50)
Seat 4: xcinaz folded before Flop (didn't bet)
Seat 6: ddyyjj (button) folded before Flop (didn't bet)



PokerStars Hand #254508953480:  Hold'em No Limit ($0.50/$1.00 USD) - 2025/01/22 0:50:04 WET [2025/01/22 19:50:04 ET]
Table 'Smiley IV' 6-max Seat #1 is the button
Seat 5: R.M.Farcas ($100 in chips) is sitting out
Seat 1: ImaPeppaPig ($100 in chips) 
Seat 2: raiseinthedarkk ($101.50 in chips) 
Seat 3: p0pa4poker ($101.50 in chips) 
Seat 4: xcinaz ($114.71 in chips) 
Seat 6: ddyyjj ($131.64 in chips) 
raiseinthedarkk: posts small blind $0.50
p0pa4poker: posts big blind $1
R.M.Farcas: sits out 
*** HOLE CARDS ***
xcinaz: folds 
ddyyjj: folds 
ImaPeppaPig: folds 
raiseinthedarkk: raises $2 to $3
p0pa4poker: calls $2
*** FLOP *** [Ts Ks 4c]
raiseinthedarkk: bets $2
p0pa4poker: raises $8 to $10
raiseinthedarkk: calls $8
*** TURN *** [Ts Ks 4c] [4d]
raiseinthedarkk: checks 
p0pa4poker: bets $19.02
raiseinthedarkk: calls $19.02
*** RIVER *** [Ts Ks 4c 4d] [Tc]
raiseinthedarkk: checks 
p0pa4poker: bets $69.48 and is all-in
raiseinthedarkk: folds 
Uncalled bet ($69.48) returned to p0pa4poker
p0pa4poker collected $61.54 from pot
p0pa4poker: doesn't show hand 
*** SUMMARY ***
Total pot $64.04 | Rake $2.50 
Board [Ts Ks 4c 4d Tc]
Seat 5: R.M.Farcas
Seat 1: ImaPeppaPig (button) folded before Flop (didn't bet)
Seat 2: raiseinthedarkk (small blind) folded on the River
Seat 3: p0pa4poker (big blind) collected ($61.54)
Seat 4: xcinaz folded before Flop (didn't bet)
Seat 6: ddyyjj folded before Flop (didn't bet)



PokerStars Hand #254508976368:  Hold'em No Limit ($0.50/$1.00 USD) - 2025/01/22 0:52:14 WET [2025/01/22 19:52:14 ET]
Table 'Smiley IV' 6-max Seat #2 is the button
Seat 5: R.M.Farcas ($100 in chips) is sitting out
Seat 1: ImaPeppaPig ($100 in chips) 
Seat 2: raiseinthedarkk ($100 in chips) 
Seat 3: p0pa4poker ($131.02 in chips) 
Seat 4: xcinaz ($114.71 in chips) 
Seat 6: ddyyjj ($131.64 in chips) 
p0pa4poker: posts small blind $0.50
xcinaz: posts big blind $1
R.M.Farcas: sits out 
*** HOLE CARDS ***
ddyyjj: folds 
ImaPeppaPig: folds 
raiseinthedarkk: raises $1.50 to $2.50
p0pa4poker: folds 
xcinaz: raises $9 to $11.50
raiseinthedarkk: calls $9
*** FLOP *** [Qs 4h 6c]
xcinaz: bets $7.37
raiseinthedarkk: calls $7.37
*** TURN *** [Qs 4h 6c] [5d]
xcinaz: checks 
raiseinthedarkk: bets $9.08
xcinaz: folds 
Uncalled bet ($9.08) returned to raiseinthedarkk
raiseinthedarkk collected $36.33 from pot
raiseinthedarkk: doesn't show hand 
*** SUMMARY ***
Total pot $38.24 | Rake $1.91 
Board [Qs 4h 6c 5d]
Seat 5: R.M.Farcas
Seat 1: ImaPeppaPig folded before Flop (didn't bet)
Seat 2: raiseinthedarkk (button) collected ($36.33)
Seat 3: p0pa4poker (small blind) folded before Flop
Seat 4: xcinaz (big blind) folded on the Turn
Seat 6: ddyyjj folded before Flop (didn't bet)



PokerStars Hand #254508988475:  Hold'em No Limit ($0.50/$1.00 USD) - 2025/01/22 0:53:22 WET [2025/01/22 19:53:22 ET]
Table 'Smiley IV' 6-max Seat #3 is the button
Seat 1: ImaPeppaPig ($100 in chips) 
Seat 2: raiseinthedarkk ($117.46 in chips) 
Seat 3: p0pa4poker ($130.52 in chips) 
Seat 4: xcinaz ($100 in chips) 
Seat 5: R.M.Farcas ($100 in chips) 
Seat 6: ddyyjj ($131.64 in chips) 
xcinaz: posts small blind $0.50
R.M.Farcas: posts big blind $1
*** HOLE CARDS ***
ddyyjj: folds 
ImaPeppaPig: raises $1.50 to $2.50
raiseinthedarkk: folds 
p0pa4poker: folds 
xcinaz: folds 
R.M.Farcas: folds 
Uncalled bet ($1.50) returned to ImaPeppaPig
ImaPeppaPig collected $2.50 from pot
ImaPeppaPig: doesn't show hand 
*** SUMMARY ***
Total pot $2.50 | Rake $0 
Seat 1: ImaPeppaPig collected ($2.50)
Seat 2: raiseinthedarkk folded before Flop (didn't bet)
Seat 3: p0pa4poker (button) folded before Flop (didn't bet)
Seat 4: xcinaz (small blind) folded before Flop
Seat 5: R.M.Farcas (big blind) folded before Flop
Seat 6: ddyyjj folded before Flop (didn't bet)



PokerStars Hand #254508993382:  Hold'em No Limit ($0.50/$1.00 USD) - 2025/01/22 0:53:50 WET [2025/01/22 19:53:50 ET]
Table 'Smiley IV' 6-max Seat #4 is the button
Seat 1: ImaPeppaPig ($101.50 in chips) 
Seat 2: raiseinthedarkk ($117.46 in chips) 
Seat 3: p0pa4poker ($130.52 in chips) 
Seat 4: xcinaz ($100 in chips) 
Seat 5: R.M.Farcas ($99 in chips) 
Seat 6: ddyyjj ($131.64 in chips) 
R.M.Farcas: posts small blind $0.50
ddyyjj: posts big blind $1
*** HOLE CARDS ***
ImaPeppaPig: folds 
raiseinthedarkk: folds 
p0pa4poker: raises $1.30 to $2.30
xcinaz: folds 
R.M.Farcas: folds 
ddyyjj: folds 
Uncalled bet ($1.30) returned to p0pa4poker
p0pa4poker collected $2.50 from pot
p0pa4poker: doesn't show hand 
*** SUMMARY ***
Total pot $2.50 | Rake $0 
Seat 1: ImaPeppaPig folded before Flop (didn't bet)
Seat 2: raiseinthedarkk folded before Flop (didn't bet)
Seat 3: p0pa4poker collected ($2.50)
Seat 4: xcinaz (button) folded before Flop (didn't bet)
Seat 5: R.M.Farcas (small blind) folded before Flop
Seat 6: ddyyjj (big blind) folded before Flop



PokerStars Hand #254508996169:  Hold'em No Limit ($0.50/$1.00 USD) - 2025/01/22 0:54:06 WET [2025/01/22 19:54:06 ET]
Table 'Smiley IV' 6-max Seat #5 is the button
Seat 1: ImaPeppaPig ($101.50 in chips) 
Seat 2: raiseinthedarkk ($117.46 in chips) 
Seat 3: p0pa4poker ($132.02 in chips) 
Seat 4: xcinaz ($100 in chips) 
Seat 5: R.M.Farcas ($98.50 in chips) 
Seat 6: ddyyjj ($130.64 in chips) 
ddyyjj: posts small blind $0.50
ImaPeppaPig: posts big blind $1
*** HOLE CARDS ***
raiseinthedarkk: folds 
p0pa4poker: folds 
xcinaz: raises $1.20 to $2.20
R.M.Farcas: folds 
ddyyjj: raises $7.80 to $10
ImaPeppaPig: folds 
xcinaz: raises $13 to $23
ddyyjj: raises $107.64 to $130.64 and is all-in
xcinaz: calls $77 and is all-in
Uncalled bet ($30.64) returned to ddyyjj
*** FLOP *** [2d Ks 6d]
*** TURN *** [2d Ks 6d] [9d]
*** RIVER *** [2d Ks 6d 9d] [Jh]
*** SHOW DOWN ***
ddyyjj: shows [Qd Qh] (a pair of Queens)
xcinaz: shows [As Ah] (a pair of Aces)
xcinaz collected $198.50 from pot
*** SUMMARY ***
Total pot $201 | Rake $2.50 
Board [2d Ks 6d 9d Jh]
Seat 1: ImaPeppaPig (big blind) folded before Flop
Seat 2: raiseinthedarkk folded before Flop (didn't bet)
Seat 3: p0pa4poker folded before Flop (didn't bet)
Seat 4: xcinaz showed [As Ah] and won ($198.50) with a pair of Aces
Seat 5: R.M.Farcas (button) folded before Flop (didn't bet)
Seat 6: ddyyjj (small blind) showed [Qd Qh] and lost with a pair of Queens



PokerStars Hand #254509004655:  Hold'em No Limit ($0.50/$1.00 USD) - 2025/01/22 0:54:53 WET [2025/01/22 19:54:53 ET]
Table 'Smiley IV' 6-max Seat #6 is the button
Seat 1: ImaPeppaPig ($100.50 in chips) 
Seat 2: raiseinthedarkk ($117.46 in chips) 
Seat 3: p0pa4poker ($132.02 in chips) 
Seat 4: xcinaz ($198.50 in chips) 
Seat 5: R.M.Farcas ($98.50 in chips) 
Seat 6: ddyyjj ($100 in chips) 
ImaPeppaPig: posts small blind $0.50
raiseinthedarkk: posts big blind $1
*** HOLE CARDS ***
p0pa4poker: folds 
xcinaz: raises $1 to $2
R.M.Farcas: folds 
ddyyjj: folds 
ImaPeppaPig: folds 
raiseinthedarkk: calls $1
*** FLOP *** [5s Ks As]
raiseinthedarkk: checks 
xcinaz: bets $1.07
raiseinthedarkk: folds 
Uncalled bet ($1.07) returned to xcinaz
xcinaz collected $4.28 from pot
xcinaz: doesn't show hand 
*** SUMMARY ***
Total pot $4.50 | Rake $0.22 
Board [5s Ks As]
Seat 1: ImaPeppaPig (small blind) folded before Flop
Seat 2: raiseinthedarkk (big blind) folded on the Flop
Seat 3: p0pa4poker folded before Flop (didn't bet)
Seat 4: xcinaz collected ($4.28)
Seat 5: R.M.Farcas folded before Flop (didn't bet)
Seat 6: ddyyjj (button) folded before Flop (didn't bet)



PokerStars Hand #254509012065:  Hold'em No Limit ($0.50/$1.00 USD) - 2025/01/22 0:55:40 WET [2025/01/22 19:55:40 ET]
Table 'Smiley IV' 6-max Seat #1 is the button
Seat 1: ImaPeppaPig ($100 in chips) 
Seat 2: raiseinthedarkk ($115.46 in chips) 
Seat 3: p0pa4poker ($132.02 in chips) 
Seat 4: xcinaz ($200.78 in chips) 
Seat 5: R.M.Farcas ($98.50 in chips) 
Seat 6: ddyyjj ($100 in chips) 
raiseinthedarkk: posts small blind $0.50
p0pa4poker: posts big blind $1
*** HOLE CARDS ***
xcinaz: folds 
R.M.Farcas: folds 
ddyyjj: folds 
ImaPeppaPig: raises $1.50 to $2.50
raiseinthedarkk: folds 
p0pa4poker: calls $1.50
*** FLOP *** [3s As 6d]
p0pa4poker: checks 
ImaPeppaPig: bets $1.62
p0pa4poker: folds 
Uncalled bet ($1.62) returned to ImaPeppaPig
ImaPeppaPig collected $5.22 from pot
ImaPeppaPig: doesn't show hand 
*** SUMMARY ***
Total pot $5.50 | Rake $0.28 
Board [3s As 6d]
Seat 1: ImaPeppaPig (button) collected ($5.22)
Seat 2: raiseinthedarkk (small blind) folded before Flop
Seat 3: p0pa4poker (big blind) folded on the Flop
Seat 4: xcinaz folded before Flop (didn't bet)
Seat 5: R.M.Farcas folded before Flop (didn't bet)
Seat 6: ddyyjj folded before Flop (didn't bet)



PokerStars Hand #254509016947:  Hold'em No Limit ($0.50/$1.00 USD) - 2025/01/22 0:56:15 WET [2025/01/22 19:56:15 ET]
Table 'Smiley IV' 6-max Seat #2 is the button
Seat 1: ImaPeppaPig ($102.72 in chips) 
Seat 2: raiseinthedarkk ($114.96 in chips) 
Seat 3: p0pa4poker ($129.52 in chips) 
Seat 4: xcinaz ($200.78 in chips) 
Seat 5: R.M.Farcas ($98.50 in chips) 
Seat 6: ddyyjj ($100 in chips) 
p0pa4poker: posts small blind $0.50
xcinaz: posts big blind $1
*** HOLE CARDS ***
R.M.Farcas: folds 
ddyyjj: folds 
ImaPeppaPig: folds 
raiseinthedarkk: raises $1.50 to $2.50
p0pa4poker: raises $9.50 to $12
xcinaz: folds 
raiseinthedarkk: folds 
Uncalled bet ($9.50) returned to p0pa4poker
p0pa4poker collected $6 from pot
p0pa4poker: doesn't show hand 
*** SUMMARY ***
Total pot $6 | Rake $0 
Seat 1: ImaPeppaPig folded before Flop (didn't bet)
Seat 2: raiseinthedarkk (button) folded before Flop
Seat 3: p0pa4poker (small blind) collected ($6)
Seat 4: xcinaz (big blind) folded before Flop
Seat 5: R.M.Farcas folded before Flop (didn't bet)
Seat 6: ddyyjj folded before Flop (didn't bet)



PokerStars Hand #254509021307:  Hold'em No Limit ($0.50/$1.00 USD) - 2025/01/22 0:56:46 WET [2025/01/22 19:56:46 ET]
Table 'Smiley IV' 6-max Seat #3 is the button
Seat 1: ImaPeppaPig ($102.72 in chips) 
Seat 2: raiseinthedarkk ($112.46 in chips) 
Seat 3: p0pa4poker ($133.02 in chips) 
Seat 4: xcinaz ($199.78 in chips) 
Seat 5: R.M.Farcas ($98.50 in chips) 
Seat 6: ddyyjj ($100 in chips) 
xcinaz: posts small blind $0.50
R.M.Farcas: posts big blind $1
*** HOLE CARDS ***
ddyyjj: folds 
ImaPeppaPig: folds 
raiseinthedarkk: folds 
p0pa4poker: raises $1.50 to $2.50
xcinaz: folds 
R.M.Farcas: calls $1.50
*** FLOP *** [8s 5h 6c]
R.M.Farcas: checks 
p0pa4poker: bets $1.72
R.M.Farcas: calls $1.72
*** TURN *** [8s 5h 6c] [Kh]
R.M.Farcas: checks 
p0pa4poker: bets $10.61
R.M.Farcas: folds 
Uncalled bet ($10.61) returned to p0pa4poker
p0pa4poker collected $8.49 from pot
p0pa4poker: doesn't show hand 
*** SUMMARY ***
Total pot $8.94 | Rake $0.45 
Board [8s 5h 6c Kh]
Seat 1: ImaPeppaPig folded before Flop (didn't bet)
Seat 2: raiseinthedarkk folded before Flop (didn't bet)
Seat 3: p0pa4poker (button) collected ($8.49)
Seat 4: xcinaz (small blind) folded before Flop
Seat 5: R.M.Farcas (big blind) folded on the Turn
Seat 6: ddyyjj folded before Flop (didn't bet)



PokerStars Hand #254509026994:  Hold'em No Limit ($0.50/$1.00 USD) - 2025/01/22 0:57:26 WET [2025/01/22 19:57:26 ET]
Table 'Smiley IV' 6-max Seat #4 is the button
Seat 1: ImaPeppaPig ($102.72 in chips) 
Seat 2: raiseinthedarkk ($112.46 in chips) 
Seat 3: p0pa4poker ($137.29 in chips) 
Seat 4: xcinaz ($199.28 in chips) 
Seat 5: R.M.Farcas ($94.28 in chips) 
Seat 6: ddyyjj ($100 in chips) 
R.M.Farcas: posts small blind $0.50
ddyyjj: posts big blind $1
*** HOLE CARDS ***
ImaPeppaPig: folds 
raiseinthedarkk: folds 
p0pa4poker: folds 
xcinaz: folds 
R.M.Farcas: raises $2 to $3
ddyyjj: raises $6 to $9
R.M.Farcas: calls $6
*** FLOP *** [5h Jc 7s]
R.M.Farcas: checks 
ddyyjj: bets $11.12
R.M.Farcas: folds 
Uncalled bet ($11.12) returned to ddyyjj
ddyyjj collected $17.10 from pot
ddyyjj: doesn't show hand 
*** SUMMARY ***
Total pot $18 | Rake $0.90 
Board [5h Jc 7s]
Seat 1: ImaPeppaPig folded before Flop (didn't bet)
Seat 2: raiseinthedarkk folded before Flop (didn't bet)
Seat 3: p0pa4poker folded before Flop (didn't bet)
Seat 4: xcinaz (button) folded before Flop (didn't bet)
Seat 5: R.M.Farcas (small blind) folded on the Flop
Seat 6: ddyyjj (big blind) collected ($17.10)



PokerStars Hand #254509106672:  Hold'em No Limit ($0.50/$1.00 USD) - 2025/01/22 1:05:45 WET [2025/01/22 20:05:45 ET]
Table 'Smiley IV' 6-max Seat #2 is the button
Seat 1: ImaPeppaPig ($111.62 in chips) 
Seat 2: raiseinthedarkk ($100 in chips) 
Seat 3: Baca4b ($84.39 in chips) 
Seat 4: xcinaz ($192.26 in chips) 
Seat 5: R.M.Farcas ($93.14 in chips) 
Seat 6: numapu_33 ($100 in chips) 
Baca4b: posts small blind $0.50
xcinaz: posts big blind $1
*** HOLE CARDS ***
R.M.Farcas: folds 
numapu_33: folds 
ImaPeppaPig: folds 
raiseinthedarkk: raises $1.50 to $2.50
Baca4b: folds 
xcinaz: calls $1.50
*** FLOP *** [5s 5h Td]
xcinaz: checks 
raiseinthedarkk: checks 
*** TURN *** [5s 5h Td] [8s]
xcinaz: checks 
raiseinthedarkk: checks 
*** RIVER *** [5s 5h Td 8s] [Kh]
xcinaz: checks 
raiseinthedarkk: checks 
*** SHOW DOWN ***
xcinaz: shows [Qh 4h] (a pair of Fives)
raiseinthedarkk: shows [Ah 9c] (a pair of Fives - Ace kicker)
raiseinthedarkk collected $5.22 from pot
*** SUMMARY ***
Total pot $5.50 | Rake $0.28 
Board [5s 5h Td 8s Kh]
Seat 1: ImaPeppaPig folded before Flop (didn't bet)
Seat 2: raiseinthedarkk (button) showed [Ah 9c] and won ($5.22) with a pair of Fives
Seat 3: Baca4b (small blind) folded before Flop
Seat 4: xcinaz (big blind) showed [Qh 4h] and lost with a pair of Fives
Seat 5: R.M.Farcas folded before Flop (didn't bet)
Seat 6: numapu_33 folded before Flop (didn't bet)



PokerStars Hand #254509119105:  Hold'em No Limit ($0.50/$1.00 USD) - 2025/01/22 1:06:57 WET [2025/01/22 20:06:57 ET]
Table 'Smiley IV' 6-max Seat #3 is the button
Seat 1: ImaPeppaPig ($111.62 in chips) 
Seat 2: raiseinthedarkk ($102.72 in chips) 
Seat 3: Baca4b ($83.89 in chips) 
Seat 4: xcinaz ($189.76 in chips) 
Seat 5: R.M.Farcas ($93.14 in chips) 
Seat 6: numapu_33 ($100 in chips) 
xcinaz: posts small blind $0.50
R.M.Farcas: posts big blind $1
*** HOLE CARDS ***
numapu_33: folds 
ImaPeppaPig: folds 
raiseinthedarkk: folds 
Baca4b: raises $1.30 to $2.30
xcinaz: folds 
R.M.Farcas: folds 
Uncalled bet ($1.30) returned to Baca4b
Baca4b collected $2.50 from pot
Baca4b: doesn't show hand 
*** SUMMARY ***
Total pot $2.50 | Rake $0 
Seat 1: ImaPeppaPig folded before Flop (didn't bet)
Seat 2: raiseinthedarkk folded before Flop (didn't bet)
Seat 3: Baca4b (button) collected ($2.50)
Seat 4: xcinaz (small blind) folded before Flop
Seat 5: R.M.Farcas (big blind) folded before Flop
Seat 6: numapu_33 folded before Flop (didn't bet)



PokerStars Hand #254509122468:  Hold'em No Limit ($0.50/$1.00 USD) - 2025/01/22 1:07:17 WET [2025/01/22 20:07:17 ET]
Table 'Smiley IV' 6-max Seat #4 is the button
Seat 1: ImaPeppaPig ($111.62 in chips) 
Seat 2: raiseinthedarkk ($102.72 in chips) 
Seat 3: Baca4b ($85.39 in chips) 
Seat 4: xcinaz ($189.26 in chips) 
Seat 5: R.M.Farcas ($92.14 in chips) 
Seat 6: numapu_33 ($100 in chips) 
R.M.Farcas: posts small blind $0.50
numapu_33: posts big blind $1
*** HOLE CARDS ***
ImaPeppaPig: folds 
raiseinthedarkk: raises $1.20 to $2.20
Baca4b: folds 
xcinaz: folds 
R.M.Farcas: folds 
numapu_33: calls $1.20
*** FLOP *** [Qc 2d 8d]
numapu_33: checks 
raiseinthedarkk: bets $3.08
numapu_33: calls $3.08
*** TURN *** [Qc 2d 8d] [Tc]
numapu_33: checks 
raiseinthedarkk: bets $10.50
numapu_33: calls $10.50
*** RIVER *** [Qc 2d 8d Tc] [2h]
numapu_33: checks 
raiseinthedarkk: bets $86.94 and is all-in
numapu_33: calls $84.22 and is all-in
Uncalled bet ($2.72) returned to raiseinthedarkk
*** SHOW DOWN ***
raiseinthedarkk: shows [Ks Ad] (a pair of Deuces)
numapu_33: shows [2c Ac] (three of a kind, Deuces)
numapu_33 collected $198 from pot
*** SUMMARY ***
Total pot $200.50 | Rake $2.50 
Board [Qc 2d 8d Tc 2h]
Seat 1: ImaPeppaPig folded before Flop (didn't bet)
Seat 2: raiseinthedarkk showed [Ks Ad] and lost with a pair of Deuces
Seat 3: Baca4b folded before Flop (didn't bet)
Seat 4: xcinaz (button) folded before Flop (didn't bet)
Seat 5: R.M.Farcas (small blind) folded before Flop
Seat 6: numapu_33 (big blind) showed [2c Ac] and won ($198) with three of a kind, Deuces



PokerStars Hand #254509137418:  Hold'em No Limit ($0.50/$1.00 USD) - 2025/01/22 1:08:44 WET [2025/01/22 20:08:44 ET]
Table 'Smiley IV' 6-max Seat #5 is the button
Seat 1: ImaPeppaPig ($111.62 in chips) 
Seat 2: raiseinthedarkk ($100 in chips) 
Seat 3: Baca4b ($100 in chips) 
Seat 4: xcinaz ($189.26 in chips) 
Seat 5: R.M.Farcas ($91.64 in chips) 
Seat 6: numapu_33 ($198 in chips) 
numapu_33: posts small blind $0.50
ImaPeppaPig: posts big blind $1
*** HOLE CARDS ***
raiseinthedarkk: folds 
Baca4b: raises $1.30 to $2.30
xcinaz: folds 
R.M.Farcas: folds 
numapu_33: folds 
ImaPeppaPig: calls $1.30
*** FLOP *** [9c Kc 7d]
ImaPeppaPig: checks 
Baca4b: bets $1.60
ImaPeppaPig: folds 
Uncalled bet ($1.60) returned to Baca4b
Baca4b collected $4.84 from pot
Baca4b: doesn't show hand 
*** SUMMARY ***
Total pot $5.10 | Rake $0.26 
Board [9c Kc 7d]
Seat 1: ImaPeppaPig (big blind) folded on the Flop
Seat 2: raiseinthedarkk folded before Flop (didn't bet)
Seat 3: Baca4b collected ($4.84)
Seat 4: xcinaz folded before Flop (didn't bet)
Seat 5: R.M.Farcas (button) folded before Flop (didn't bet)
Seat 6: numapu_33 (small blind) folded before Flop



PokerStars Hand #254509142024:  Hold'em No Limit ($0.50/$1.00 USD) - 2025/01/22 1:09:11 WET [2025/01/22 20:09:11 ET]
Table 'Smiley IV' 6-max Seat #6 is the button
Seat 1: ImaPeppaPig ($109.32 in chips) 
Seat 2: raiseinthedarkk ($100 in chips) 
Seat 3: Baca4b ($102.54 in chips) 
Seat 4: xcinaz ($189.26 in chips) 
Seat 5: R.M.Farcas ($91.64 in chips) 
Seat 6: numapu_33 ($197.50 in chips) 
ImaPeppaPig: posts small blind $0.50
raiseinthedarkk: posts big blind $1
*** HOLE CARDS ***
Baca4b: folds 
xcinaz: raises $1 to $2
R.M.Farcas: folds 
numapu_33: folds 
ImaPeppaPig: folds 
raiseinthedarkk: folds 
Uncalled bet ($1) returned to xcinaz
xcinaz collected $2.50 from pot
xcinaz: doesn't show hand 
*** SUMMARY ***
Total pot $2.50 | Rake $0 
Seat 1: ImaPeppaPig (small blind) folded before Flop
Seat 2: raiseinthedarkk (big blind) folded before Flop
Seat 3: Baca4b folded before Flop (didn't bet)
Seat 4: xcinaz collected ($2.50)
Seat 5: R.M.Farcas folded before Flop (didn't bet)
Seat 6: numapu_33 (button) folded before Flop (didn't bet)



PokerStars Hand #254509144306:  Hold'em No Limit ($0.50/$1.00 USD) - 2025/01/22 1:09:24 WET [2025/01/22 20:09:24 ET]
Table 'Smiley IV' 6-max Seat #1 is the button
Seat 1: ImaPeppaPig ($108.82 in chips) 
Seat 2: raiseinthedarkk ($100 in chips) 
Seat 3: Baca4b ($102.54 in chips) 
Seat 4: xcinaz ($190.76 in chips) 
Seat 5: R.M.Farcas ($91.64 in chips) 
Seat 6: numapu_33 ($197.50 in chips) 
raiseinthedarkk: posts small blind $0.50
Baca4b: posts big blind $1
*** HOLE CARDS ***
xcinaz: folds 
R.M.Farcas: folds 
numapu_33: folds 
ImaPeppaPig: raises $1.50 to $2.50
raiseinthedarkk: folds 
Baca4b: folds 
Uncalled bet ($1.50) returned to ImaPeppaPig
ImaPeppaPig collected $2.50 from pot
ImaPeppaPig: doesn't show hand 
*** SUMMARY ***
Total pot $2.50 | Rake $0 
Seat 1: ImaPeppaPig (button) collected ($2.50)
Seat 2: raiseinthedarkk (small blind) folded before Flop
Seat 3: Baca4b (big blind) folded before Flop
Seat 4: xcinaz folded before Flop (didn't bet)
Seat 5: R.M.Farcas folded before Flop (didn't bet)
Seat 6: numapu_33 folded before Flop (didn't bet)



PokerStars Hand #254509146300:  Hold'em No Limit ($0.50/$1.00 USD) - 2025/01/22 1:09:36 WET [2025/01/22 20:09:36 ET]
Table 'Smiley IV' 6-max Seat #2 is the button
Seat 1: ImaPeppaPig ($110.32 in chips) 
Seat 2: raiseinthedarkk ($100 in chips) 
Seat 3: Baca4b ($101.54 in chips) 
Seat 4: xcinaz ($190.76 in chips) 
Seat 5: R.M.Farcas ($91.64 in chips) 
Seat 6: numapu_33 ($197.50 in chips) 
Baca4b: posts small blind $0.50
xcinaz: posts big blind $1
*** HOLE CARDS ***
R.M.Farcas: folds 
numapu_33: raises $1.50 to $2.50
ImaPeppaPig: folds 
raiseinthedarkk: folds 
R.M.Farcas leaves the table
Baca4b: folds 
xcinaz: folds 
Uncalled bet ($1.50) returned to numapu_33
numapu_33 collected $2.50 from pot
numapu_33: doesn't show hand 
*** SUMMARY ***
Total pot $2.50 | Rake $0 
Seat 1: ImaPeppaPig folded before Flop (didn't bet)
Seat 2: raiseinthedarkk (button) folded before Flop (didn't bet)
Seat 3: Baca4b (small blind) folded before Flop
Seat 4: xcinaz (big blind) folded before Flop
Seat 5: R.M.Farcas folded before Flop (didn't bet)
Seat 6: numapu_33 collected ($2.50)



PokerStars Hand #254509148558:  Hold'em No Limit ($0.50/$1.00 USD) - 2025/01/22 1:09:49 WET [2025/01/22 20:09:49 ET]
Table 'Smiley IV' 6-max Seat #3 is the button
Seat 1: ImaPeppaPig ($110.32 in chips) 
Seat 2: raiseinthedarkk ($100 in chips) 
Seat 3: Baca4b ($101.04 in chips) 
Seat 4: xcinaz ($189.76 in chips) 
Seat 6: numapu_33 ($199 in chips) 
xcinaz: posts small blind $0.50
numapu_33: posts big blind $1
*** HOLE CARDS ***
ImaPeppaPig: folds 
raiseinthedarkk: folds 
Baca4b: folds 
xcinaz: folds 
Uncalled bet ($0.50) returned to numapu_33
numapu_33 collected $1 from pot
numapu_33: doesn't show hand 
*** SUMMARY ***
Total pot $1 | Rake $0 
Seat 1: ImaPeppaPig folded before Flop (didn't bet)
Seat 2: raiseinthedarkk folded before Flop (didn't bet)
Seat 3: Baca4b (button) folded before Flop (didn't bet)
Seat 4: xcinaz (small blind) folded before Flop
Seat 6: numapu_33 (big blind) collected ($1)



PokerStars Hand #254509150581:  Hold'em No Limit ($0.50/$1.00 USD) - 2025/01/22 1:10:01 WET [2025/01/22 20:10:01 ET]
Table 'Smiley IV' 6-max Seat #4 is the button
Seat 1: ImaPeppaPig ($110.32 in chips) 
Seat 2: raiseinthedarkk ($100 in chips) 
Seat 3: Baca4b ($101.04 in chips) 
Seat 4: xcinaz ($189.26 in chips) 
Seat 6: numapu_33 ($199.50 in chips) 
numapu_33: posts small blind $0.50
ImaPeppaPig: posts big blind $1
*** HOLE CARDS ***
raiseinthedarkk: folds 
LeaveItYeah joins the table at seat #5 
Baca4b: folds 
xcinaz: folds 
numapu_33: folds 
Uncalled bet ($0.50) returned to ImaPeppaPig
ImaPeppaPig collected $1 from pot
ImaPeppaPig: doesn't show hand 
*** SUMMARY ***
Total pot $1 | Rake $0 
Seat 1: ImaPeppaPig (big blind) collected ($1)
Seat 2: raiseinthedarkk folded before Flop (didn't bet)
Seat 3: Baca4b folded before Flop (didn't bet)
Seat 4: xcinaz (button) folded before Flop (didn't bet)
Seat 6: numapu_33 (small blind) folded before Flop



PokerStars Hand #254509152566:  Hold'em No Limit ($0.50/$1.00 USD) - 2025/01/22 1:10:13 WET [2025/01/22 20:10:13 ET]
Table 'Smiley IV' 6-max Seat #6 is the button
Seat 5: LeaveItYeah ($100 in chips) is sitting out
Seat 1: ImaPeppaPig ($110.82 in chips) 
Seat 2: raiseinthedarkk ($100 in chips) 
Seat 3: Baca4b ($101.04 in chips) 
Seat 4: xcinaz ($189.26 in chips) 
Seat 6: numapu_33 ($199 in chips) 
ImaPeppaPig: posts small blind $0.50
raiseinthedarkk: posts big blind $1
LeaveItYeah: sits out 
*** HOLE CARDS ***
Baca4b: folds 
xcinaz: raises $1.20 to $2.20
numapu_33: folds 
ImaPeppaPig: folds 
raiseinthedarkk: folds 
Uncalled bet ($1.20) returned to xcinaz
xcinaz collected $2.50 from pot
xcinaz: doesn't show hand 
*** SUMMARY ***
Total pot $2.50 | Rake $0 
Seat 5: LeaveItYeah
Seat 1: ImaPeppaPig (small blind) folded before Flop
Seat 2: raiseinthedarkk (big blind) folded before Flop
Seat 3: Baca4b folded before Flop (didn't bet)
Seat 4: xcinaz collected ($2.50)
Seat 6: numapu_33 (button) folded before Flop (didn't bet)



PokerStars Hand #254509155079:  Hold'em No Limit ($0.50/$1.00 USD) - 2025/01/22 1:10:28 WET [2025/01/22 20:10:28 ET]
Table 'Smiley IV' 6-max Seat #1 is the button
Seat 5: LeaveItYeah ($100 in chips) is sitting out
Seat 1: ImaPeppaPig ($110.32 in chips) 
Seat 2: raiseinthedarkk ($100 in chips) 
Seat 3: Baca4b ($101.04 in chips) 
Seat 4: xcinaz ($190.76 in chips) 
Seat 6: numapu_33 ($199 in chips) 
raiseinthedarkk: posts small blind $0.50
Baca4b: posts big blind $1
LeaveItYeah: sits out 
*** HOLE CARDS ***
xcinaz: folds 
numapu_33: folds 
ImaPeppaPig: folds 
raiseinthedarkk: raises $2 to $3
Baca4b: calls $2
*** FLOP *** [5s Kd 6d]
raiseinthedarkk: bets $1.88
Baca4b: calls $1.88
*** TURN *** [5s Kd 6d] [5c]
raiseinthedarkk: checks 
Baca4b: checks 
*** RIVER *** [5s Kd 6d 5c] [3c]
raiseinthedarkk: bets $6.12
Baca4b has timed out
Baca4b: folds 
Uncalled bet ($6.12) returned to raiseinthedarkk
raiseinthedarkk collected $9.27 from pot
raiseinthedarkk: doesn't show hand 
*** SUMMARY ***
Total pot $9.76 | Rake $0.49 
Board [5s Kd 6d 5c 3c]
Seat 5: LeaveItYeah
Seat 1: ImaPeppaPig (button) folded before Flop (didn't bet)
Seat 2: raiseinthedarkk (small blind) collected ($9.27)
Seat 3: Baca4b (big blind) folded on the River
Seat 4: xcinaz folded before Flop (didn't bet)
Seat 6: numapu_33 folded before Flop (didn't bet)



PokerStars Hand #254509174222:  Hold'em No Limit ($0.50/$1.00 USD) - 2025/01/22 1:12:21 WET [2025/01/22 20:12:21 ET]
Table 'Smiley IV' 6-max Seat #2 is the button
Seat 5: LeaveItYeah ($100 in chips) is sitting out
Seat 1: ImaPeppaPig ($110.32 in chips) 
Seat 2: raiseinthedarkk ($104.39 in chips) 
Seat 3: Baca4b ($96.16 in chips) 
Seat 4: xcinaz ($190.76 in chips) 
Seat 6: numapu_33 ($199 in chips) 
Baca4b: posts small blind $0.50
xcinaz: posts big blind $1
LeaveItYeah: sits out 
*** HOLE CARDS ***
numapu_33: folds 
ImaPeppaPig: folds 
raiseinthedarkk: raises $1.50 to $2.50
Baca4b: folds 
xcinaz: raises $9 to $11.50
raiseinthedarkk: raises $12.50 to $24
xcinaz: folds 
Uncalled bet ($12.50) returned to raiseinthedarkk
raiseinthedarkk collected $23.50 from pot
raiseinthedarkk: doesn't show hand 
*** SUMMARY ***
Total pot $23.50 | Rake $0 
Seat 5: LeaveItYeah
Seat 1: ImaPeppaPig folded before Flop (didn't bet)
Seat 2: raiseinthedarkk (button) collected ($23.50)
Seat 3: Baca4b (small blind) folded before Flop
Seat 4: xcinaz (big blind) folded before Flop
Seat 6: numapu_33 folded before Flop (didn't bet)



PokerStars Hand #254509182286:  Hold'em No Limit ($0.50/$1.00 USD) - 2025/01/22 1:13:08 WET [2025/01/22 20:13:08 ET]
Table 'Smiley IV' 6-max Seat #3 is the button
Seat 1: ImaPeppaPig ($110.32 in chips) 
Seat 2: raiseinthedarkk ($116.39 in chips) 
Seat 3: Baca4b ($95.66 in chips) 
Seat 4: xcinaz ($179.26 in chips) 
Seat 5: LeaveItYeah ($100 in chips) 
Seat 6: numapu_33 ($199 in chips) 
xcinaz: posts small blind $0.50
LeaveItYeah: posts big blind $1
*** HOLE CARDS ***
numapu_33: folds 
ImaPeppaPig: folds 
raiseinthedarkk: raises $1.20 to $2.20
Baca4b: folds 
xcinaz: folds 
LeaveItYeah: calls $1.20
*** FLOP *** [Td 2s 4d]
LeaveItYeah: checks 
raiseinthedarkk: bets $2.50
LeaveItYeah: raises $6.50 to $9
raiseinthedarkk: folds 
Uncalled bet ($6.50) returned to LeaveItYeah
LeaveItYeah collected $9.40 from pot
LeaveItYeah: doesn't show hand 
*** SUMMARY ***
Total pot $9.90 | Rake $0.50 
Board [Td 2s 4d]
Seat 1: ImaPeppaPig folded before Flop (didn't bet)
Seat 2: raiseinthedarkk folded on the Flop
Seat 3: Baca4b (button) folded before Flop (didn't bet)
Seat 4: xcinaz (small blind) folded before Flop
Seat 5: LeaveItYeah (big blind) collected ($9.40)
Seat 6: numapu_33 folded before Flop (didn't bet)



PokerStars Hand #254509192107:  Hold'em No Limit ($0.50/$1.00 USD) - 2025/01/22 1:14:07 WET [2025/01/22 20:14:07 ET]
Table 'Smiley IV' 6-max Seat #4 is the button
Seat 1: ImaPeppaPig ($110.32 in chips) 
Seat 2: raiseinthedarkk ($111.69 in chips) 
Seat 3: Baca4b ($100 in chips) 
Seat 4: xcinaz ($178.76 in chips) 
Seat 5: LeaveItYeah ($104.70 in chips) 
Seat 6: numapu_33 ($199 in chips) 
LeaveItYeah: posts small blind $0.50
numapu_33: posts big blind $1
*** HOLE CARDS ***
ImaPeppaPig: folds 
raiseinthedarkk: raises $1.20 to $2.20
Baca4b: calls $2.20
xcinaz: folds 
LeaveItYeah: calls $1.70
numapu_33: folds 
*** FLOP *** [5d Qc 4h]
LeaveItYeah: checks 
raiseinthedarkk: checks 
Baca4b: checks 
*** TURN *** [5d Qc 4h] [Th]
LeaveItYeah: checks 
raiseinthedarkk: bets $4.77
Baca4b: folds 
LeaveItYeah: folds 
Uncalled bet ($4.77) returned to raiseinthedarkk
raiseinthedarkk collected $7.22 from pot
raiseinthedarkk: doesn't show hand 
*** SUMMARY ***
Total pot $7.60 | Rake $0.38 
Board [5d Qc 4h Th]
Seat 1: ImaPeppaPig folded before Flop (didn't bet)
Seat 2: raiseinthedarkk collected ($7.22)
Seat 3: Baca4b folded on the Turn
Seat 4: xcinaz (button) folded before Flop (didn't bet)
Seat 5: LeaveItYeah (small blind) folded on the Turn
Seat 6: numapu_33 (big blind) folded before Flop



PokerStars Hand #254509205657:  Hold'em No Limit ($0.50/$1.00 USD) - 2025/01/22 1:15:27 WET [2025/01/22 20:15:27 ET]
Table 'Smiley IV' 6-max Seat #5 is the button
Seat 1: ImaPeppaPig ($110.32 in chips) 
Seat 2: raiseinthedarkk ($116.71 in chips) 
Seat 3: Baca4b ($100 in chips) 
Seat 4: xcinaz ($178.76 in chips) 
Seat 5: LeaveItYeah ($102.50 in chips) 
Seat 6: numapu_33 ($198 in chips) 
numapu_33: posts small blind $0.50
ImaPeppaPig: posts big blind $1
*** HOLE CARDS ***
raiseinthedarkk: raises $1.20 to $2.20
Baca4b: folds 
xcinaz: folds 
LeaveItYeah: folds 
numapu_33: folds 
ImaPeppaPig: calls $1.20
*** FLOP *** [3s 5s 2c]
ImaPeppaPig: checks 
raiseinthedarkk: bets $3
ImaPeppaPig: raises $10 to $13
raiseinthedarkk: folds 
Uncalled bet ($10) returned to ImaPeppaPig
ImaPeppaPig collected $10.36 from pot
ImaPeppaPig: doesn't show hand 
*** SUMMARY ***
Total pot $10.90 | Rake $0.54 
Board [3s 5s 2c]
Seat 1: ImaPeppaPig (big blind) collected ($10.36)
Seat 2: raiseinthedarkk folded on the Flop
Seat 3: Baca4b folded before Flop (didn't bet)
Seat 4: xcinaz folded before Flop (didn't bet)
Seat 5: LeaveItYeah (button) folded before Flop (didn't bet)
Seat 6: numapu_33 (small blind) folded before Flop



PokerStars Hand #254509212808:  Hold'em No Limit ($0.50/$1.00 USD) - 2025/01/22 1:16:09 WET [2025/01/22 20:16:09 ET]
Table 'Smiley IV' 6-max Seat #6 is the button
Seat 1: ImaPeppaPig ($115.48 in chips) 
Seat 2: raiseinthedarkk ($111.51 in chips) 
Seat 3: Baca4b ($100 in chips) 
Seat 4: xcinaz ($178.76 in chips) 
Seat 5: LeaveItYeah ($102.50 in chips) 
Seat 6: numapu_33 ($197.50 in chips) 
ImaPeppaPig: posts small blind $0.50
raiseinthedarkk: posts big blind $1
*** HOLE CARDS ***
Baca4b: raises $1.30 to $2.30
xcinaz: folds 
LeaveItYeah: folds 
numapu_33: folds 
ImaPeppaPig: folds 
raiseinthedarkk: folds 
Uncalled bet ($1.30) returned to Baca4b
Baca4b collected $2.50 from pot
Baca4b: doesn't show hand 
*** SUMMARY ***
Total pot $2.50 | Rake $0 
Seat 1: ImaPeppaPig (small blind) folded before Flop
Seat 2: raiseinthedarkk (big blind) folded before Flop
Seat 3: Baca4b collected ($2.50)
Seat 4: xcinaz folded before Flop (didn't bet)
Seat 5: LeaveItYeah folded before Flop (didn't bet)
Seat 6: numapu_33 (button) folded before Flop (didn't bet)



PokerStars Hand #254509215852:  Hold'em No Limit ($0.50/$1.00 USD) - 2025/01/22 1:16:27 WET [2025/01/22 20:16:27 ET]
Table 'Smiley IV' 6-max Seat #1 is the button
Seat 3: Baca4b ($101.50 in chips) is sitting out
Seat 1: ImaPeppaPig ($114.98 in chips) 
Seat 2: raiseinthedarkk ($110.51 in chips) 
Seat 4: xcinaz ($178.76 in chips) 
Seat 5: LeaveItYeah ($102.50 in chips) 
Seat 6: numapu_33 ($197.50 in chips) 
raiseinthedarkk: posts small blind $0.50
Baca4b: is sitting out 
xcinaz: posts big blind $1
*** HOLE CARDS ***
LeaveItYeah: folds 
Baca4b leaves the table
numapu_33: raises $1.50 to $2.50
ImaPeppaPig: folds 
raiseinthedarkk: raises $8.50 to $11
LeaveItYeah leaves the table
xcinaz: folds 
numapu_33: folds 
Uncalled bet ($8.50) returned to raiseinthedarkk
raiseinthedarkk collected $6 from pot
raiseinthedarkk: doesn't show hand 
*** SUMMARY ***
Total pot $6 | Rake $0 
Seat 3: Baca4b
Seat 1: ImaPeppaPig (button) folded before Flop (didn't bet)
Seat 2: raiseinthedarkk (small blind) collected ($6)
Seat 4: xcinaz (big blind) folded before Flop
Seat 5: LeaveItYeah folded before Flop (didn't bet)
Seat 6: numapu_33 folded before Flop



PokerStars Hand #254509219617:  Hold'em No Limit ($0.50/$1.00 USD) - 2025/01/22 1:16:50 WET [2025/01/22 20:16:50 ET]
Table 'Smiley IV' 6-max Seat #2 is the button
Seat 1: ImaPeppaPig ($114.98 in chips) 
Seat 2: raiseinthedarkk ($114.01 in chips) 
Seat 4: xcinaz ($177.76 in chips) 
Seat 6: numapu_33 ($195 in chips) 
xcinaz: posts small blind $0.50
numapu_33: posts big blind $1
*** HOLE CARDS ***
ImaPeppaPig: folds 
raiseinthedarkk: raises $1.50 to $2.50
xcinaz: folds 
numapu_33: folds 
Uncalled bet ($1.50) returned to raiseinthedarkk
raiseinthedarkk collected $2.50 from pot
raiseinthedarkk: doesn't show hand 
*** SUMMARY ***
Total pot $2.50 | Rake $0 
Seat 1: ImaPeppaPig folded before Flop (didn't bet)
Seat 2: raiseinthedarkk (button) collected ($2.50)
Seat 4: xcinaz (small blind) folded before Flop
Seat 6: numapu_33 (big blind) folded before Flop



PokerStars Hand #254509222571:  Hold'em No Limit ($0.50/$1.00 USD) - 2025/01/22 1:17:07 WET [2025/01/22 20:17:07 ET]
Table 'Smiley IV' 6-max Seat #4 is the button
Seat 1: ImaPeppaPig ($114.98 in chips) 
Seat 2: raiseinthedarkk ($115.51 in chips) 
Seat 4: xcinaz ($177.26 in chips) 
Seat 6: numapu_33 ($194 in chips) 
numapu_33: posts small blind $0.50
ImaPeppaPig: posts big blind $1
*** HOLE CARDS ***
raiseinthedarkk: raises $1.20 to $2.20
xcinaz: folds 
numapu_33: folds 
ImaPeppaPig: folds 
Uncalled bet ($1.20) returned to raiseinthedarkk
raiseinthedarkk collected $2.50 from pot
raiseinthedarkk: doesn't show hand 
*** SUMMARY ***
Total pot $2.50 | Rake $0 
Seat 1: ImaPeppaPig (big blind) folded before Flop
Seat 2: raiseinthedarkk collected ($2.50)
Seat 4: xcinaz (button) folded before Flop (didn't bet)
Seat 6: numapu_33 (small blind) folded before Flop



