PokerStars Hand #254506290847:  Hold'em No Limit ($0.50/$1.00 USD) - 2025/01/22 21:43:25 WET [2025/01/22 16:43:25 ET]
Table 'Laomedon II' 6-max Seat #4 is the button
Seat 1: z00mba ($102.50 in chips) 
Seat 2: EasyGamerrr ($101 in chips) 
Seat 3: kel3vr4_23 ($32.50 in chips) 
Seat 4: Mr_Dick666 ($100 in chips) 
Seat 5: michasia ($101.50 in chips) 
Seat 6: KFCAFC123 ($123.80 in chips) 
michasia: posts small blind $0.50
KFCAFC123: posts big blind $1
*** HOLE CARDS ***
z00mba: folds 
EasyGamerrr: folds 
kel3vr4_23: raises $1 to $2
Mr_Dick666: raises $3 to $5
michasia: folds 
KFCAFC123: folds 
kel3vr4_23: calls $3
*** FLOP *** [6d 2s 5c]
kel3vr4_23: checks 
Mr_Dick666: checks 
*** TURN *** [6d 2s 5c] [5d]
kel3vr4_23: checks 
Mr_Dick666: bets $3.60
kel3vr4_23: folds 
Uncalled bet ($3.60) returned to Mr_Dick666
Mr_Dick666 collected $10.92 from pot
Mr_Dick666: doesn't show hand 
*** SUMMARY ***
Total pot $11.50 | Rake $0.58 
Board [6d 2s 5c 5d]
Seat 1: z00mba folded before Flop (didn't bet)
Seat 2: EasyGamerrr folded before Flop (didn't bet)
Seat 3: kel3vr4_23 folded on the Turn
Seat 4: Mr_Dick666 (button) collected ($10.92)
Seat 5: michasia (small blind) folded before Flop
Seat 6: KFCAFC123 (big blind) folded before Flop



PokerStars Hand #254506302423:  Hold'em No Limit ($0.50/$1.00 USD) - 2025/01/22 21:44:05 WET [2025/01/22 16:44:05 ET]
Table 'Laomedon II' 6-max Seat #5 is the button
Seat 1: z00mba ($102.50 in chips) 
Seat 2: EasyGamerrr ($101 in chips) 
Seat 3: kel3vr4_23 ($27.50 in chips) 
Seat 4: Mr_Dick666 ($105.92 in chips) 
Seat 5: michasia ($101 in chips) 
Seat 6: KFCAFC123 ($122.80 in chips) 
KFCAFC123: posts small blind $0.50
z00mba: posts big blind $1
*** HOLE CARDS ***
EasyGamerrr: folds 
kel3vr4_23: raises $1 to $2
Mr_Dick666: raises $3 to $5
michasia: folds 
KFCAFC123: calls $4.50
z00mba: folds 
kel3vr4_23: calls $3
*** FLOP *** [6c 3d 9s]
KFCAFC123: checks 
kel3vr4_23: checks 
Mr_Dick666: checks 
*** TURN *** [6c 3d 9s] [9h]
KFCAFC123: bets $3
kel3vr4_23: folds 
Mr_Dick666: calls $3
*** RIVER *** [6c 3d 9s 9h] [3h]
KFCAFC123: bets $6
Mr_Dick666: calls $6
*** SHOW DOWN ***
KFCAFC123: shows [Qc Td] (two pair, Nines and Threes)
Mr_Dick666: shows [Kh Js] (two pair, Nines and Threes - King kicker)
Mr_Dick666 collected $32.30 from pot
*** SUMMARY ***
Total pot $34 | Rake $1.70 
Board [6c 3d 9s 9h 3h]
Seat 1: z00mba (big blind) folded before Flop
Seat 2: EasyGamerrr folded before Flop (didn't bet)
Seat 3: kel3vr4_23 folded on the Turn
Seat 4: Mr_Dick666 showed [Kh Js] and won ($32.30) with two pair, Nines and Threes
Seat 5: michasia (button) folded before Flop (didn't bet)
Seat 6: KFCAFC123 (small blind) showed [Qc Td] and lost with two pair, Nines and Threes



PokerStars Hand #254506319289:  Hold'em No Limit ($0.50/$1.00 USD) - 2025/01/22 21:45:04 WET [2025/01/22 16:45:04 ET]
Table 'Laomedon II' 6-max Seat #6 is the button
Seat 1: z00mba ($101.50 in chips) 
Seat 2: EasyGamerrr ($101 in chips) 
Seat 3: kel3vr4_23 ($22.50 in chips) 
Seat 4: Mr_Dick666 ($124.22 in chips) 
Seat 5: michasia ($101 in chips) 
Seat 6: KFCAFC123 ($108.80 in chips) 
z00mba: posts small blind $0.50
EasyGamerrr: posts big blind $1
*** HOLE CARDS ***
kel3vr4_23: raises $1 to $2
Mr_Dick666: folds 
michasia: folds 
KFCAFC123: folds 
z00mba: folds 
EasyGamerrr: calls $1
*** FLOP *** [7c 6c 8s]
EasyGamerrr: checks 
kel3vr4_23: bets $2
EasyGamerrr: folds 
Uncalled bet ($2) returned to kel3vr4_23
kel3vr4_23 collected $4.28 from pot
kel3vr4_23: doesn't show hand 
*** SUMMARY ***
Total pot $4.50 | Rake $0.22 
Board [7c 6c 8s]
Seat 1: z00mba (small blind) folded before Flop
Seat 2: EasyGamerrr (big blind) folded on the Flop
Seat 3: kel3vr4_23 collected ($4.28)
Seat 4: Mr_Dick666 folded before Flop (didn't bet)
Seat 5: michasia folded before Flop (didn't bet)
Seat 6: KFCAFC123 (button) folded before Flop (didn't bet)



PokerStars Hand #254506329903:  Hold'em No Limit ($0.50/$1.00 USD) - 2025/01/22 21:45:40 WET [2025/01/22 16:45:40 ET]
Table 'Laomedon II' 6-max Seat #1 is the button
Seat 1: z00mba ($101 in chips) 
Seat 2: EasyGamerrr ($100 in chips) 
Seat 3: kel3vr4_23 ($24.78 in chips) 
Seat 4: Mr_Dick666 ($124.22 in chips) 
Seat 5: michasia ($101 in chips) 
Seat 6: KFCAFC123 ($108.80 in chips) 
EasyGamerrr: posts small blind $0.50
kel3vr4_23: posts big blind $1
*** HOLE CARDS ***
Mr_Dick666: raises $1 to $2
michasia: folds 
KFCAFC123: folds 
z00mba: folds 
EasyGamerrr: folds 
kel3vr4_23: folds 
Uncalled bet ($1) returned to Mr_Dick666
Mr_Dick666 collected $2.50 from pot
Mr_Dick666: doesn't show hand 
*** SUMMARY ***
Total pot $2.50 | Rake $0 
Seat 1: z00mba (button) folded before Flop (didn't bet)
Seat 2: EasyGamerrr (small blind) folded before Flop
Seat 3: kel3vr4_23 (big blind) folded before Flop
Seat 4: Mr_Dick666 collected ($2.50)
Seat 5: michasia folded before Flop (didn't bet)
Seat 6: KFCAFC123 folded before Flop (didn't bet)



PokerStars Hand #254506332991:  Hold'em No Limit ($0.50/$1.00 USD) - 2025/01/22 21:45:51 WET [2025/01/22 16:45:51 ET]
Table 'Laomedon II' 6-max Seat #2 is the button
Seat 1: z00mba ($101 in chips) 
Seat 2: EasyGamerrr ($100 in chips) 
Seat 3: kel3vr4_23 ($23.78 in chips) 
Seat 4: Mr_Dick666 ($125.72 in chips) 
Seat 5: michasia ($101 in chips) 
Seat 6: KFCAFC123 ($108.80 in chips) 
kel3vr4_23: posts small blind $0.50
Mr_Dick666: posts big blind $1
*** HOLE CARDS ***
michasia: folds 
KFCAFC123: folds 
z00mba: folds 
EasyGamerrr: raises $1.50 to $2.50
kel3vr4_23: folds 
Mr_Dick666: raises $9.50 to $12
EasyGamerrr: folds 
Uncalled bet ($9.50) returned to Mr_Dick666
Mr_Dick666 collected $5.50 from pot
Mr_Dick666: doesn't show hand 
*** SUMMARY ***
Total pot $5.50 | Rake $0 
Seat 1: z00mba folded before Flop (didn't bet)
Seat 2: EasyGamerrr (button) folded before Flop
Seat 3: kel3vr4_23 (small blind) folded before Flop
Seat 4: Mr_Dick666 (big blind) collected ($5.50)
Seat 5: michasia folded before Flop (didn't bet)
Seat 6: KFCAFC123 folded before Flop (didn't bet)



PokerStars Hand #254506339064:  Hold'em No Limit ($0.50/$1.00 USD) - 2025/01/22 21:46:13 WET [2025/01/22 16:46:13 ET]
Table 'Laomedon II' 6-max Seat #3 is the button
Seat 1: z00mba ($101 in chips) 
Seat 2: EasyGamerrr ($100 in chips) 
Seat 3: kel3vr4_23 ($23.28 in chips) 
Seat 4: Mr_Dick666 ($128.72 in chips) 
Seat 5: michasia ($101 in chips) 
Seat 6: KFCAFC123 ($108.80 in chips) 
Mr_Dick666: posts small blind $0.50
michasia: posts big blind $1
*** HOLE CARDS ***
KFCAFC123: raises $1 to $2
z00mba: folds 
EasyGamerrr: folds 
kel3vr4_23: folds 
Mr_Dick666: folds 
michasia: folds 
Uncalled bet ($1) returned to KFCAFC123
KFCAFC123 collected $2.50 from pot
*** SUMMARY ***
Total pot $2.50 | Rake $0 
Seat 1: z00mba folded before Flop (didn't bet)
Seat 2: EasyGamerrr folded before Flop (didn't bet)
Seat 3: kel3vr4_23 (button) folded before Flop (didn't bet)
Seat 4: Mr_Dick666 (small blind) folded before Flop
Seat 5: michasia (big blind) folded before Flop
Seat 6: KFCAFC123 collected ($2.50)



PokerStars Hand #254506342563:  Hold'em No Limit ($0.50/$1.00 USD) - 2025/01/22 21:46:25 WET [2025/01/22 16:46:25 ET]
Table 'Laomedon II' 6-max Seat #4 is the button
Seat 1: z00mba ($101 in chips) 
Seat 2: EasyGamerrr ($100 in chips) 
Seat 3: kel3vr4_23 ($23.28 in chips) 
Seat 4: Mr_Dick666 ($128.22 in chips) 
Seat 5: michasia ($100 in chips) 
Seat 6: KFCAFC123 ($110.30 in chips) 
michasia: posts small blind $0.50
KFCAFC123: posts big blind $1
*** HOLE CARDS ***
z00mba: folds 
EasyGamerrr: folds 
kel3vr4_23: folds 
Mr_Dick666: raises $1.50 to $2.50
michasia: folds 
KFCAFC123: folds 
Uncalled bet ($1.50) returned to Mr_Dick666
Mr_Dick666 collected $2.50 from pot
Mr_Dick666: doesn't show hand 
*** SUMMARY ***
Total pot $2.50 | Rake $0 
Seat 1: z00mba folded before Flop (didn't bet)
Seat 2: EasyGamerrr folded before Flop (didn't bet)
Seat 3: kel3vr4_23 folded before Flop (didn't bet)
Seat 4: Mr_Dick666 (button) collected ($2.50)
Seat 5: michasia (small blind) folded before Flop
Seat 6: KFCAFC123 (big blind) folded before Flop



PokerStars Hand #254506348205:  Hold'em No Limit ($0.50/$1.00 USD) - 2025/01/22 21:46:45 WET [2025/01/22 16:46:45 ET]
Table 'Laomedon II' 6-max Seat #5 is the button
Seat 1: z00mba ($101 in chips) 
Seat 2: EasyGamerrr ($100 in chips) 
Seat 3: kel3vr4_23 ($23.28 in chips) 
Seat 4: Mr_Dick666 ($129.72 in chips) 
Seat 5: michasia ($100 in chips) 
Seat 6: KFCAFC123 ($109.30 in chips) 
KFCAFC123: posts small blind $0.50
z00mba: posts big blind $1
*** HOLE CARDS ***
EasyGamerrr: raises $1.50 to $2.50
kel3vr4_23: folds 
Mr_Dick666: folds 
michasia: folds 
KFCAFC123: calls $2
z00mba: calls $1.50
*** FLOP *** [5s 2d 3h]
KFCAFC123: bets $1
z00mba: folds 
EasyGamerrr: calls $1
*** TURN *** [5s 2d 3h] [2h]
KFCAFC123: bets $2
EasyGamerrr: calls $2
*** RIVER *** [5s 2d 3h 2h] [6c]
KFCAFC123: bets $5.41
EasyGamerrr: folds 
Uncalled bet ($5.41) returned to KFCAFC123
KFCAFC123 collected $12.82 from pot
*** SUMMARY ***
Total pot $13.50 | Rake $0.68 
Board [5s 2d 3h 2h 6c]
Seat 1: z00mba (big blind) folded on the Flop
Seat 2: EasyGamerrr folded on the River
Seat 3: kel3vr4_23 folded before Flop (didn't bet)
Seat 4: Mr_Dick666 folded before Flop (didn't bet)
Seat 5: michasia (button) folded before Flop (didn't bet)
Seat 6: KFCAFC123 (small blind) collected ($12.82)



PokerStars Hand #254506366713:  Hold'em No Limit ($0.50/$1.00 USD) - 2025/01/22 21:47:50 WET [2025/01/22 16:47:50 ET]
Table 'Laomedon II' 6-max Seat #6 is the button
Seat 1: z00mba ($100 in chips) 
Seat 2: EasyGamerrr ($100 in chips) 
Seat 3: kel3vr4_23 ($23.28 in chips) 
Seat 4: Mr_Dick666 ($129.72 in chips) 
Seat 5: michasia ($100 in chips) 
Seat 6: KFCAFC123 ($116.62 in chips) 
z00mba: posts small blind $0.50
EasyGamerrr: posts big blind $1
*** HOLE CARDS ***
kel3vr4_23: folds 
Mr_Dick666: raises $1 to $2
michasia: folds 
KFCAFC123: folds 
z00mba: folds 
EasyGamerrr: folds 
Uncalled bet ($1) returned to Mr_Dick666
Mr_Dick666 collected $2.50 from pot
Mr_Dick666: doesn't show hand 
*** SUMMARY ***
Total pot $2.50 | Rake $0 
Seat 1: z00mba (small blind) folded before Flop
Seat 2: EasyGamerrr (big blind) folded before Flop
Seat 3: kel3vr4_23 folded before Flop (didn't bet)
Seat 4: Mr_Dick666 collected ($2.50)
Seat 5: michasia folded before Flop (didn't bet)
Seat 6: KFCAFC123 (button) folded before Flop (didn't bet)



PokerStars Hand #254506372591:  Hold'em No Limit ($0.50/$1.00 USD) - 2025/01/22 21:48:11 WET [2025/01/22 16:48:11 ET]
Table 'Laomedon II' 6-max Seat #1 is the button
Seat 1: z00mba ($100 in chips) 
Seat 2: EasyGamerrr ($100 in chips) 
Seat 3: kel3vr4_23 ($23.28 in chips) 
Seat 4: Mr_Dick666 ($131.22 in chips) 
Seat 5: michasia ($100 in chips) 
Seat 6: KFCAFC123 ($116.62 in chips) 
EasyGamerrr: posts small blind $0.50
kel3vr4_23: posts big blind $1
*** HOLE CARDS ***
Mr_Dick666: folds 
michasia: folds 
KFCAFC123: raises $1 to $2
z00mba: folds 
EasyGamerrr: folds 
kel3vr4_23: calls $1
*** FLOP *** [Ac 8s Qh]
kel3vr4_23: checks 
KFCAFC123: bets $1
kel3vr4_23: calls $1
*** TURN *** [Ac 8s Qh] [8h]
kel3vr4_23: checks 
KFCAFC123: bets $2
kel3vr4_23: raises $6 to $8
KFCAFC123: folds 
Uncalled bet ($6) returned to kel3vr4_23
kel3vr4_23 collected $9.98 from pot
kel3vr4_23: doesn't show hand 
*** SUMMARY ***
Total pot $10.50 | Rake $0.52 
Board [Ac 8s Qh 8h]
Seat 1: z00mba (button) folded before Flop (didn't bet)
Seat 2: EasyGamerrr (small blind) folded before Flop
Seat 3: kel3vr4_23 (big blind) collected ($9.98)
Seat 4: Mr_Dick666 folded before Flop (didn't bet)
Seat 5: michasia folded before Flop (didn't bet)
Seat 6: KFCAFC123 folded on the Turn



PokerStars Hand #254506386156:  Hold'em No Limit ($0.50/$1.00 USD) - 2025/01/22 21:48:58 WET [2025/01/22 16:48:58 ET]
Table 'Laomedon II' 6-max Seat #2 is the button
Seat 1: z00mba ($100 in chips) 
Seat 2: EasyGamerrr ($100 in chips) 
Seat 3: kel3vr4_23 ($28.26 in chips) 
Seat 4: Mr_Dick666 ($131.22 in chips) 
Seat 5: michasia ($100 in chips) 
Seat 6: KFCAFC123 ($111.62 in chips) 
kel3vr4_23: posts small blind $0.50
Mr_Dick666: posts big blind $1
*** HOLE CARDS ***
michasia: raises $1.60 to $2.60
KFCAFC123: folds 
z00mba: folds 
EasyGamerrr: folds 
kel3vr4_23: folds 
Mr_Dick666: folds 
Uncalled bet ($1.60) returned to michasia
michasia collected $2.50 from pot
michasia: doesn't show hand 
*** SUMMARY ***
Total pot $2.50 | Rake $0 
Seat 1: z00mba folded before Flop (didn't bet)
Seat 2: EasyGamerrr (button) folded before Flop (didn't bet)
Seat 3: kel3vr4_23 (small blind) folded before Flop
Seat 4: Mr_Dick666 (big blind) folded before Flop
Seat 5: michasia collected ($2.50)
Seat 6: KFCAFC123 folded before Flop (didn't bet)



PokerStars Hand #254506390263:  Hold'em No Limit ($0.50/$1.00 USD) - 2025/01/22 21:49:13 WET [2025/01/22 16:49:13 ET]
Table 'Laomedon II' 6-max Seat #3 is the button
Seat 1: z00mba ($100 in chips) 
Seat 2: EasyGamerrr ($100 in chips) 
Seat 3: kel3vr4_23 ($27.76 in chips) 
Seat 4: Mr_Dick666 ($130.22 in chips) 
Seat 5: michasia ($101.50 in chips) 
Seat 6: KFCAFC123 ($111.62 in chips) 
Mr_Dick666: posts small blind $0.50
michasia: posts big blind $1
*** HOLE CARDS ***
KFCAFC123: folds 
z00mba: raises $1.50 to $2.50
EasyGamerrr: raises $5 to $7.50
kel3vr4_23: folds 
Mr_Dick666: folds 
michasia: folds 
z00mba: calls $5
*** FLOP *** [6h 2c Kh]
z00mba: checks 
EasyGamerrr: bets $5.17
z00mba: calls $5.17
*** TURN *** [6h 2c Kh] [7s]
z00mba: checks 
EasyGamerrr: checks 
*** RIVER *** [6h 2c Kh 7s] [Ks]
z00mba: checks 
EasyGamerrr: checks 
*** SHOW DOWN ***
z00mba: shows [Qh Qc] (two pair, Kings and Queens)
EasyGamerrr: mucks hand 
z00mba collected $25.50 from pot
*** SUMMARY ***
Total pot $26.84 | Rake $1.34 
Board [6h 2c Kh 7s Ks]
Seat 1: z00mba showed [Qh Qc] and won ($25.50) with two pair, Kings and Queens
Seat 2: EasyGamerrr mucked
Seat 3: kel3vr4_23 (button) folded before Flop (didn't bet)
Seat 4: Mr_Dick666 (small blind) folded before Flop
Seat 5: michasia (big blind) folded before Flop
Seat 6: KFCAFC123 folded before Flop (didn't bet)



PokerStars Hand #254506409871:  Hold'em No Limit ($0.50/$1.00 USD) - 2025/01/22 21:50:22 WET [2025/01/22 16:50:22 ET]
Table 'Laomedon II' 6-max Seat #4 is the button
Seat 1: z00mba ($112.83 in chips) 
Seat 2: EasyGamerrr ($100 in chips) 
Seat 3: kel3vr4_23 ($27.76 in chips) 
Seat 4: Mr_Dick666 ($129.72 in chips) 
Seat 5: michasia ($100.50 in chips) 
Seat 6: KFCAFC123 ($111.62 in chips) 
michasia: posts small blind $0.50
KFCAFC123: posts big blind $1
*** HOLE CARDS ***
z00mba: folds 
EasyGamerrr: folds 
kel3vr4_23: folds 
Mr_Dick666: raises $2 to $3
michasia: folds 
KFCAFC123: calls $2
*** FLOP *** [2c 2s 3h]
KFCAFC123: bets $2
Mr_Dick666: raises $5 to $7
KFCAFC123: calls $5
*** TURN *** [2c 2s 3h] [As]
KFCAFC123: checks 
Mr_Dick666: checks 
*** RIVER *** [2c 2s 3h As] [8s]
KFCAFC123: bets $9.74
Mr_Dick666: calls $9.74
*** SHOW DOWN ***
KFCAFC123: shows [Ad 3c] (two pair, Aces and Threes)
Mr_Dick666: mucks hand 
KFCAFC123 collected $37.98 from pot
*** SUMMARY ***
Total pot $39.98 | Rake $2 
Board [2c 2s 3h As 8s]
Seat 1: z00mba folded before Flop (didn't bet)
Seat 2: EasyGamerrr folded before Flop (didn't bet)
Seat 3: kel3vr4_23 folded before Flop (didn't bet)
Seat 4: Mr_Dick666 (button) mucked
Seat 5: michasia (small blind) folded before Flop
Seat 6: KFCAFC123 (big blind) showed [Ad 3c] and won ($37.98) with two pair, Aces and Threes



PokerStars Hand #254506427985:  Hold'em No Limit ($0.50/$1.00 USD) - 2025/01/22 21:51:27 WET [2025/01/22 16:51:27 ET]
Table 'Laomedon II' 6-max Seat #5 is the button
Seat 1: z00mba ($112.83 in chips) 
Seat 2: EasyGamerrr ($100 in chips) 
Seat 3: kel3vr4_23 ($27.76 in chips) 
Seat 4: Mr_Dick666 ($109.98 in chips) 
Seat 5: michasia ($100 in chips) 
Seat 6: KFCAFC123 ($129.86 in chips) 
KFCAFC123: posts small blind $0.50
z00mba: posts big blind $1
*** HOLE CARDS ***
EasyGamerrr: folds 
kel3vr4_23: folds 
Mr_Dick666: folds 
michasia: folds 
KFCAFC123: calls $0.50
z00mba: checks 
*** FLOP *** [Ac Td 7h]
KFCAFC123: checks 
z00mba: checks 
*** TURN *** [Ac Td 7h] [Jh]
KFCAFC123: bets $1
z00mba: folds 
Uncalled bet ($1) returned to KFCAFC123
KFCAFC123 collected $1.90 from pot
*** SUMMARY ***
Total pot $2 | Rake $0.10 
Board [Ac Td 7h Jh]
Seat 1: z00mba (big blind) folded on the Turn
Seat 2: EasyGamerrr folded before Flop (didn't bet)
Seat 3: kel3vr4_23 folded before Flop (didn't bet)
Seat 4: Mr_Dick666 folded before Flop (didn't bet)
Seat 5: michasia (button) folded before Flop (didn't bet)
Seat 6: KFCAFC123 (small blind) collected ($1.90)



PokerStars Hand #254506437325:  Hold'em No Limit ($0.50/$1.00 USD) - 2025/01/22 21:52:01 WET [2025/01/22 16:52:01 ET]
Table 'Laomedon II' 6-max Seat #6 is the button
Seat 1: z00mba ($111.83 in chips) 
Seat 2: EasyGamerrr ($100 in chips) 
Seat 3: kel3vr4_23 ($27.76 in chips) 
Seat 4: Mr_Dick666 ($109.98 in chips) 
Seat 5: michasia ($100 in chips) 
Seat 6: KFCAFC123 ($130.76 in chips) 
z00mba: posts small blind $0.50
EasyGamerrr: posts big blind $1
*** HOLE CARDS ***
kel3vr4_23: raises $1 to $2
Mr_Dick666: raises $3 to $5
michasia: folds 
KFCAFC123: folds 
z00mba: folds 
EasyGamerrr: raises $15 to $20
kel3vr4_23: folds 
Mr_Dick666: folds 
Uncalled bet ($15) returned to EasyGamerrr
EasyGamerrr collected $12.50 from pot
EasyGamerrr: doesn't show hand 
*** SUMMARY ***
Total pot $12.50 | Rake $0 
Seat 1: z00mba (small blind) folded before Flop
Seat 2: EasyGamerrr (big blind) collected ($12.50)
Seat 3: kel3vr4_23 folded before Flop
Seat 4: Mr_Dick666 folded before Flop
Seat 5: michasia folded before Flop (didn't bet)
Seat 6: KFCAFC123 (button) folded before Flop (didn't bet)



PokerStars Hand #254506445761:  Hold'em No Limit ($0.50/$1.00 USD) - 2025/01/22 21:52:31 WET [2025/01/22 16:52:31 ET]
Table 'Laomedon II' 6-max Seat #1 is the button
Seat 1: z00mba ($111.33 in chips) 
Seat 2: EasyGamerrr ($107.50 in chips) 
Seat 3: kel3vr4_23 ($25.76 in chips) 
Seat 4: Mr_Dick666 ($104.98 in chips) 
Seat 5: michasia ($100 in chips) 
Seat 6: KFCAFC123 ($130.76 in chips) 
EasyGamerrr: posts small blind $0.50
kel3vr4_23: posts big blind $1
*** HOLE CARDS ***
Mr_Dick666: raises $1 to $2
michasia: folds 
KFCAFC123: folds 
z00mba: folds 
EasyGamerrr: folds 
kel3vr4_23: calls $1
*** FLOP *** [4h 4s 2d]
kel3vr4_23: checks 
Mr_Dick666: bets $2.14
kel3vr4_23: calls $2.14
*** TURN *** [4h 4s 2d] [8h]
kel3vr4_23: checks 
Mr_Dick666: checks 
*** RIVER *** [4h 4s 2d 8h] [5h]
kel3vr4_23: bets $6
Mr_Dick666: calls $6
*** SHOW DOWN ***
kel3vr4_23: shows [Ah Tc] (a pair of Fours)
Mr_Dick666: shows [As 5s] (two pair, Fives and Fours)
Mr_Dick666 collected $19.74 from pot
*** SUMMARY ***
Total pot $20.78 | Rake $1.04 
Board [4h 4s 2d 8h 5h]
Seat 1: z00mba (button) folded before Flop (didn't bet)
Seat 2: EasyGamerrr (small blind) folded before Flop
Seat 3: kel3vr4_23 (big blind) showed [Ah Tc] and lost with a pair of Fours
Seat 4: Mr_Dick666 showed [As 5s] and won ($19.74) with two pair, Fives and Fours
Seat 5: michasia folded before Flop (didn't bet)
Seat 6: KFCAFC123 folded before Flop (didn't bet)



PokerStars Hand #254506457040:  Hold'em No Limit ($0.50/$1.00 USD) - 2025/01/22 21:53:11 WET [2025/01/22 16:53:11 ET]
Table 'Laomedon II' 6-max Seat #2 is the button
Seat 1: z00mba ($111.33 in chips) 
Seat 2: EasyGamerrr ($107 in chips) 
Seat 3: kel3vr4_23 ($15.62 in chips) 
Seat 4: Mr_Dick666 ($114.58 in chips) 
Seat 5: michasia ($100 in chips) 
Seat 6: KFCAFC123 ($130.76 in chips) 
kel3vr4_23: posts small blind $0.50
Mr_Dick666: posts big blind $1
*** HOLE CARDS ***
michasia: folds 
KFCAFC123: folds 
z00mba: folds 
EasyGamerrr: raises $1.50 to $2.50
kel3vr4_23: folds 
Mr_Dick666: folds 
Uncalled bet ($1.50) returned to EasyGamerrr
EasyGamerrr collected $2.50 from pot
EasyGamerrr: doesn't show hand 
*** SUMMARY ***
Total pot $2.50 | Rake $0 
Seat 1: z00mba folded before Flop (didn't bet)
Seat 2: EasyGamerrr (button) collected ($2.50)
Seat 3: kel3vr4_23 (small blind) folded before Flop
Seat 4: Mr_Dick666 (big blind) folded before Flop
Seat 5: michasia folded before Flop (didn't bet)
Seat 6: KFCAFC123 folded before Flop (didn't bet)



PokerStars Hand #254506463572:  Hold'em No Limit ($0.50/$1.00 USD) - 2025/01/22 21:53:35 WET [2025/01/22 16:53:35 ET]
Table 'Laomedon II' 6-max Seat #3 is the button
Seat 1: z00mba ($111.33 in chips) 
Seat 2: EasyGamerrr ($108.50 in chips) 
Seat 3: kel3vr4_23 ($15.12 in chips) 
Seat 4: Mr_Dick666 ($113.58 in chips) 
Seat 5: michasia ($100 in chips) 
Seat 6: KFCAFC123 ($130.76 in chips) 
Mr_Dick666: posts small blind $0.50
michasia: posts big blind $1
*** HOLE CARDS ***
KFCAFC123: folds 
z00mba: folds 
EasyGamerrr: folds 
kel3vr4_23: folds 
Mr_Dick666: raises $2 to $3
michasia: folds 
Uncalled bet ($2) returned to Mr_Dick666
Mr_Dick666 collected $2 from pot
Mr_Dick666: doesn't show hand 
*** SUMMARY ***
Total pot $2 | Rake $0 
Seat 1: z00mba folded before Flop (didn't bet)
Seat 2: EasyGamerrr folded before Flop (didn't bet)
Seat 3: kel3vr4_23 (button) folded before Flop (didn't bet)
Seat 4: Mr_Dick666 (small blind) collected ($2)
Seat 5: michasia (big blind) folded before Flop
Seat 6: KFCAFC123 folded before Flop (didn't bet)



PokerStars Hand #254506468888:  Hold'em No Limit ($0.50/$1.00 USD) - 2025/01/22 21:53:54 WET [2025/01/22 16:53:54 ET]
Table 'Laomedon II' 6-max Seat #4 is the button
Seat 1: z00mba ($111.33 in chips) 
Seat 2: EasyGamerrr ($108.50 in chips) 
Seat 3: kel3vr4_23 ($15.12 in chips) 
Seat 4: Mr_Dick666 ($114.58 in chips) 
Seat 5: michasia ($100 in chips) 
Seat 6: KFCAFC123 ($130.76 in chips) 
michasia: posts small blind $0.50
KFCAFC123: posts big blind $1
*** HOLE CARDS ***
z00mba: folds 
EasyGamerrr: folds 
kel3vr4_23: folds 
Mr_Dick666: folds 
michasia: raises $2 to $3
KFCAFC123: calls $2
*** FLOP *** [As Kd Tc]
michasia: bets $3.80
KFCAFC123: folds 
Uncalled bet ($3.80) returned to michasia
michasia collected $5.70 from pot
michasia: doesn't show hand 
*** SUMMARY ***
Total pot $6 | Rake $0.30 
Board [As Kd Tc]
Seat 1: z00mba folded before Flop (didn't bet)
Seat 2: EasyGamerrr folded before Flop (didn't bet)
Seat 3: kel3vr4_23 folded before Flop (didn't bet)
Seat 4: Mr_Dick666 (button) folded before Flop (didn't bet)
Seat 5: michasia (small blind) collected ($5.70)
Seat 6: KFCAFC123 (big blind) folded on the Flop



PokerStars Hand #254506477403:  Hold'em No Limit ($0.50/$1.00 USD) - 2025/01/22 21:54:25 WET [2025/01/22 16:54:25 ET]
Table 'Laomedon II' 6-max Seat #5 is the button
Seat 1: z00mba ($111.33 in chips) 
Seat 2: EasyGamerrr ($108.50 in chips) 
Seat 3: kel3vr4_23 ($15.12 in chips) 
Seat 4: Mr_Dick666 ($114.58 in chips) 
Seat 5: michasia ($102.70 in chips) 
Seat 6: KFCAFC123 ($127.76 in chips) 
KFCAFC123: posts small blind $0.50
z00mba: posts big blind $1
*** HOLE CARDS ***
EasyGamerrr: folds 
kel3vr4_23: folds 
Mr_Dick666: folds 
michasia: folds 
KFCAFC123: calls $0.50
z00mba: checks 
*** FLOP *** [4s Ks Th]
KFCAFC123: checks 
z00mba: checks 
*** TURN *** [4s Ks Th] [7h]
KFCAFC123: bets $1
z00mba: folds 
Uncalled bet ($1) returned to KFCAFC123
KFCAFC123 collected $1.90 from pot
*** SUMMARY ***
Total pot $2 | Rake $0.10 
Board [4s Ks Th 7h]
Seat 1: z00mba (big blind) folded on the Turn
Seat 2: EasyGamerrr folded before Flop (didn't bet)
Seat 3: kel3vr4_23 folded before Flop (didn't bet)
Seat 4: Mr_Dick666 folded before Flop (didn't bet)
Seat 5: michasia (button) folded before Flop (didn't bet)
Seat 6: KFCAFC123 (small blind) collected ($1.90)



PokerStars Hand #254506485569:  Hold'em No Limit ($0.50/$1.00 USD) - 2025/01/22 21:54:54 WET [2025/01/22 16:54:54 ET]
Table 'Laomedon II' 6-max Seat #6 is the button
Seat 1: z00mba ($110.33 in chips) 
Seat 2: EasyGamerrr ($108.50 in chips) 
Seat 3: kel3vr4_23 ($15.12 in chips) 
Seat 4: Mr_Dick666 ($114.58 in chips) 
Seat 5: michasia ($102.70 in chips) 
Seat 6: KFCAFC123 ($128.66 in chips) 
z00mba: posts small blind $0.50
EasyGamerrr: posts big blind $1
*** HOLE CARDS ***
kel3vr4_23: folds 
Mr_Dick666: folds 
michasia: folds 
KFCAFC123: raises $1 to $2
z00mba: folds 
EasyGamerrr: folds 
Uncalled bet ($1) returned to KFCAFC123
KFCAFC123 collected $2.50 from pot
*** SUMMARY ***
Total pot $2.50 | Rake $0 
Seat 1: z00mba (small blind) folded before Flop
Seat 2: EasyGamerrr (big blind) folded before Flop
Seat 3: kel3vr4_23 folded before Flop (didn't bet)
Seat 4: Mr_Dick666 folded before Flop (didn't bet)
Seat 5: michasia folded before Flop (didn't bet)
Seat 6: KFCAFC123 (button) collected ($2.50)



PokerStars Hand #254506493083:  Hold'em No Limit ($0.50/$1.00 USD) - 2025/01/22 21:55:24 WET [2025/01/22 16:55:24 ET]
Table 'Laomedon II' 6-max Seat #1 is the button
Seat 1: z00mba ($109.83 in chips) 
Seat 2: EasyGamerrr ($107.50 in chips) 
Seat 3: kel3vr4_23 ($15.12 in chips) 
Seat 4: Mr_Dick666 ($114.58 in chips) 
Seat 5: michasia ($102.70 in chips) 
Seat 6: KFCAFC123 ($130.16 in chips) 
EasyGamerrr: posts small blind $0.50
kel3vr4_23: posts big blind $1
*** HOLE CARDS ***
Mr_Dick666: folds 
michasia: folds 
KFCAFC123: folds 
z00mba: folds 
EasyGamerrr: folds 
Uncalled bet ($0.50) returned to kel3vr4_23
kel3vr4_23 collected $1 from pot
kel3vr4_23: doesn't show hand 
*** SUMMARY ***
Total pot $1 | Rake $0 
Seat 1: z00mba (button) folded before Flop (didn't bet)
Seat 2: EasyGamerrr (small blind) folded before Flop
Seat 3: kel3vr4_23 (big blind) collected ($1)
Seat 4: Mr_Dick666 folded before Flop (didn't bet)
Seat 5: michasia folded before Flop (didn't bet)
Seat 6: KFCAFC123 folded before Flop (didn't bet)



PokerStars Hand #254506496058:  Hold'em No Limit ($0.50/$1.00 USD) - 2025/01/22 21:55:38 WET [2025/01/22 16:55:38 ET]
Table 'Laomedon II' 6-max Seat #2 is the button
Seat 1: z00mba ($109.83 in chips) 
Seat 2: EasyGamerrr ($107 in chips) 
Seat 3: kel3vr4_23 ($15.62 in chips) 
Seat 4: Mr_Dick666 ($114.58 in chips) 
Seat 5: michasia ($102.70 in chips) 
Seat 6: KFCAFC123 ($130.16 in chips) 
kel3vr4_23: posts small blind $0.50
Mr_Dick666: posts big blind $1
*** HOLE CARDS ***
michasia: folds 
KFCAFC123: folds 
z00mba: folds 
EasyGamerrr: folds 
kel3vr4_23: raises $2 to $3
Mr_Dick666: calls $2
*** FLOP *** [9s 5h Kc]
kel3vr4_23: checks 
Mr_Dick666: checks 
*** TURN *** [9s 5h Kc] [Kd]
kel3vr4_23: bets $2
Mr_Dick666: folds 
Uncalled bet ($2) returned to kel3vr4_23
kel3vr4_23 collected $5.70 from pot
kel3vr4_23: doesn't show hand 
*** SUMMARY ***
Total pot $6 | Rake $0.30 
Board [9s 5h Kc Kd]
Seat 1: z00mba folded before Flop (didn't bet)
Seat 2: EasyGamerrr (button) folded before Flop (didn't bet)
Seat 3: kel3vr4_23 (small blind) collected ($5.70)
Seat 4: Mr_Dick666 (big blind) folded on the Turn
Seat 5: michasia folded before Flop (didn't bet)
Seat 6: KFCAFC123 folded before Flop (didn't bet)



PokerStars Hand #254506502526:  Hold'em No Limit ($0.50/$1.00 USD) - 2025/01/22 21:56:11 WET [2025/01/22 16:56:11 ET]
Table 'Laomedon II' 6-max Seat #3 is the button
Seat 1: z00mba ($109.83 in chips) 
Seat 2: EasyGamerrr ($107 in chips) 
Seat 3: kel3vr4_23 ($18.32 in chips) 
Seat 4: Mr_Dick666 ($111.58 in chips) 
Seat 5: michasia ($102.70 in chips) 
Seat 6: KFCAFC123 ($130.16 in chips) 
Mr_Dick666: posts small blind $0.50
michasia: posts big blind $1
*** HOLE CARDS ***
KFCAFC123: calls $1
z00mba: folds 
EasyGamerrr: folds 
kel3vr4_23: folds 
Mr_Dick666: folds 
michasia: raises $2.50 to $3.50
KFCAFC123: calls $2.50
*** FLOP *** [Td Jh Ad]
michasia: checks 
KFCAFC123: bets $2
michasia: calls $2
*** TURN *** [Td Jh Ad] [8d]
michasia: checks 
KFCAFC123: bets $3
michasia: calls $3
*** RIVER *** [Td Jh Ad 8d] [3s]
michasia: checks 
KFCAFC123: bets $8.31
michasia: calls $8.31
*** SHOW DOWN ***
KFCAFC123: shows [5c Ah] (a pair of Aces)
michasia: shows [7d As] (a pair of Aces)
michasia collected $16.21 from pot
KFCAFC123 collected $16.20 from pot
*** SUMMARY ***
Total pot $34.12 | Rake $1.71 
Board [Td Jh Ad 8d 3s]
Seat 1: z00mba folded before Flop (didn't bet)
Seat 2: EasyGamerrr folded before Flop (didn't bet)
Seat 3: kel3vr4_23 (button) folded before Flop (didn't bet)
Seat 4: Mr_Dick666 (small blind) folded before Flop
Seat 5: michasia (big blind) showed [7d As] and won ($16.21) with a pair of Aces
Seat 6: KFCAFC123 showed [5c Ah] and won ($16.20) with a pair of Aces



PokerStars Hand #254506510755:  Hold'em No Limit ($0.50/$1.00 USD) - 2025/01/22 21:56:52 WET [2025/01/22 16:56:52 ET]
Table 'Laomedon II' 6-max Seat #4 is the button
Seat 1: z00mba ($109.83 in chips) 
Seat 2: EasyGamerrr ($107 in chips) 
Seat 3: kel3vr4_23 ($18.32 in chips) 
Seat 4: Mr_Dick666 ($111.08 in chips) 
Seat 5: michasia ($102.10 in chips) 
Seat 6: KFCAFC123 ($129.55 in chips) 
michasia: posts small blind $0.50
KFCAFC123: posts big blind $1
*** HOLE CARDS ***
z00mba: folds 
EasyGamerrr: folds 
kel3vr4_23: folds 
Mr_Dick666: folds 
michasia: raises $2 to $3
KFCAFC123: folds 
Uncalled bet ($2) returned to michasia
michasia collected $2 from pot
michasia: doesn't show hand 
*** SUMMARY ***
Total pot $2 | Rake $0 
Seat 1: z00mba folded before Flop (didn't bet)
Seat 2: EasyGamerrr folded before Flop (didn't bet)
Seat 3: kel3vr4_23 folded before Flop (didn't bet)
Seat 4: Mr_Dick666 (button) folded before Flop (didn't bet)
Seat 5: michasia (small blind) collected ($2)
Seat 6: KFCAFC123 (big blind) folded before Flop



PokerStars Hand #254506516578:  Hold'em No Limit ($0.50/$1.00 USD) - 2025/01/22 21:57:20 WET [2025/01/22 16:57:20 ET]
Table 'Laomedon II' 6-max Seat #5 is the button
Seat 1: z00mba ($109.83 in chips) 
Seat 2: EasyGamerrr ($107 in chips) 
Seat 3: kel3vr4_23 ($18.32 in chips) 
Seat 4: Mr_Dick666 ($111.08 in chips) 
Seat 5: michasia ($103.10 in chips) 
Seat 6: KFCAFC123 ($128.55 in chips) 
KFCAFC123: posts small blind $0.50
z00mba: posts big blind $1
*** HOLE CARDS ***
EasyGamerrr: folds 
kel3vr4_23: folds 
Mr_Dick666: folds 
michasia: folds 
KFCAFC123: raises $1 to $2
z00mba: calls $1
*** FLOP *** [Kh 3h 2s]
KFCAFC123: checks 
z00mba: bets $2
KFCAFC123: raises $2 to $4
z00mba: calls $2
*** TURN *** [Kh 3h 2s] [8d]
KFCAFC123: bets $5.70
z00mba: folds 
Uncalled bet ($5.70) returned to KFCAFC123
KFCAFC123 collected $11.40 from pot
*** SUMMARY ***
Total pot $12 | Rake $0.60 
Board [Kh 3h 2s 8d]
Seat 1: z00mba (big blind) folded on the Turn
Seat 2: EasyGamerrr folded before Flop (didn't bet)
Seat 3: kel3vr4_23 folded before Flop (didn't bet)
Seat 4: Mr_Dick666 folded before Flop (didn't bet)
Seat 5: michasia (button) folded before Flop (didn't bet)
Seat 6: KFCAFC123 (small blind) collected ($11.40)



PokerStars Hand #254506525932:  Hold'em No Limit ($0.50/$1.00 USD) - 2025/01/22 21:58:06 WET [2025/01/22 16:58:06 ET]
Table 'Laomedon II' 6-max Seat #6 is the button
Seat 1: z00mba ($103.83 in chips) 
Seat 2: EasyGamerrr ($107 in chips) 
Seat 3: kel3vr4_23 ($18.32 in chips) 
Seat 4: Mr_Dick666 ($111.08 in chips) 
Seat 5: michasia ($103.10 in chips) 
Seat 6: KFCAFC123 ($133.95 in chips) 
z00mba: posts small blind $0.50
EasyGamerrr: posts big blind $1
*** HOLE CARDS ***
kel3vr4_23: folds 
Mr_Dick666: raises $1 to $2
michasia: folds 
KFCAFC123: folds 
z00mba: folds 
EasyGamerrr: folds 
Uncalled bet ($1) returned to Mr_Dick666
Mr_Dick666 collected $2.50 from pot
Mr_Dick666: doesn't show hand 
*** SUMMARY ***
Total pot $2.50 | Rake $0 
Seat 1: z00mba (small blind) folded before Flop
Seat 2: EasyGamerrr (big blind) folded before Flop
Seat 3: kel3vr4_23 folded before Flop (didn't bet)
Seat 4: Mr_Dick666 collected ($2.50)
Seat 5: michasia folded before Flop (didn't bet)
Seat 6: KFCAFC123 (button) folded before Flop (didn't bet)



PokerStars Hand #254506530391:  Hold'em No Limit ($0.50/$1.00 USD) - 2025/01/22 21:58:28 WET [2025/01/22 16:58:28 ET]
Table 'Laomedon II' 6-max Seat #1 is the button
Seat 1: z00mba ($103.33 in chips) 
Seat 2: EasyGamerrr ($106 in chips) 
Seat 3: kel3vr4_23 ($18.32 in chips) 
Seat 4: Mr_Dick666 ($112.58 in chips) 
Seat 5: michasia ($103.10 in chips) 
Seat 6: KFCAFC123 ($133.95 in chips) 
EasyGamerrr: posts small blind $0.50
kel3vr4_23: posts big blind $1
*** HOLE CARDS ***
Mr_Dick666: folds 
michasia: raises $1.60 to $2.60
KFCAFC123: calls $2.60
z00mba: folds 
EasyGamerrr: folds 
kel3vr4_23: calls $1.60
*** FLOP *** [Kh Td 4d]
kel3vr4_23: checks 
michasia: checks 
KFCAFC123: bets $1
kel3vr4_23: calls $1
michasia: calls $1
*** TURN *** [Kh Td 4d] [9h]
kel3vr4_23: checks 
michasia: checks 
KFCAFC123: bets $2
kel3vr4_23: calls $2
michasia: calls $2
*** RIVER *** [Kh Td 4d 9h] [3c]
kel3vr4_23: checks 
michasia: checks 
KFCAFC123: bets $5
kel3vr4_23: folds 
michasia: calls $5
*** SHOW DOWN ***
KFCAFC123: shows [9s Kc] (two pair, Kings and Nines)
michasia: mucks hand 
KFCAFC123 collected $25.94 from pot
*** SUMMARY ***
Total pot $27.30 | Rake $1.36 
Board [Kh Td 4d 9h 3c]
Seat 1: z00mba (button) folded before Flop (didn't bet)
Seat 2: EasyGamerrr (small blind) folded before Flop
Seat 3: kel3vr4_23 (big blind) folded on the River
Seat 4: Mr_Dick666 folded before Flop (didn't bet)
Seat 5: michasia mucked
Seat 6: KFCAFC123 showed [9s Kc] and won ($25.94) with two pair, Kings and Nines



PokerStars Hand #254506541607:  Hold'em No Limit ($0.50/$1.00 USD) - 2025/01/22 21:59:23 WET [2025/01/22 16:59:23 ET]
Table 'Laomedon II' 6-max Seat #2 is the button
Seat 1: z00mba ($103.33 in chips) 
Seat 2: EasyGamerrr ($105.50 in chips) 
Seat 3: kel3vr4_23 ($12.72 in chips) 
Seat 4: Mr_Dick666 ($112.58 in chips) 
Seat 5: michasia ($100 in chips) 
Seat 6: KFCAFC123 ($149.29 in chips) 
kel3vr4_23: posts small blind $0.50
Mr_Dick666: posts big blind $1
*** HOLE CARDS ***
michasia: folds 
KFCAFC123: folds 
z00mba: folds 
EasyGamerrr: folds 
kel3vr4_23: folds 
Uncalled bet ($0.50) returned to Mr_Dick666
Mr_Dick666 collected $1 from pot
Mr_Dick666: doesn't show hand 
*** SUMMARY ***
Total pot $1 | Rake $0 
Seat 1: z00mba folded before Flop (didn't bet)
Seat 2: EasyGamerrr (button) folded before Flop (didn't bet)
Seat 3: kel3vr4_23 (small blind) folded before Flop
Seat 4: Mr_Dick666 (big blind) collected ($1)
Seat 5: michasia folded before Flop (didn't bet)
Seat 6: KFCAFC123 folded before Flop (didn't bet)



PokerStars Hand #254506545128:  Hold'em No Limit ($0.50/$1.00 USD) - 2025/01/22 21:59:40 WET [2025/01/22 16:59:40 ET]
Table 'Laomedon II' 6-max Seat #3 is the button
Seat 1: z00mba ($103.33 in chips) 
Seat 2: EasyGamerrr ($105.50 in chips) 
Seat 3: kel3vr4_23 ($12.22 in chips) 
Seat 4: Mr_Dick666 ($113.08 in chips) 
Seat 5: michasia ($100 in chips) 
Seat 6: KFCAFC123 ($149.29 in chips) 
Mr_Dick666: posts small blind $0.50
michasia: posts big blind $1
*** HOLE CARDS ***
KFCAFC123: folds 
z00mba: folds 
EasyGamerrr: folds 
kel3vr4_23: folds 
Mr_Dick666: folds 
Uncalled bet ($0.50) returned to michasia
michasia collected $1 from pot
michasia: doesn't show hand 
*** SUMMARY ***
Total pot $1 | Rake $0 
Seat 1: z00mba folded before Flop (didn't bet)
Seat 2: EasyGamerrr folded before Flop (didn't bet)
Seat 3: kel3vr4_23 (button) folded before Flop (didn't bet)
Seat 4: Mr_Dick666 (small blind) folded before Flop
Seat 5: michasia (big blind) collected ($1)
Seat 6: KFCAFC123 folded before Flop (didn't bet)



PokerStars Hand #254506549462:  Hold'em No Limit ($0.50/$1.00 USD) - 2025/01/22 22:00:01 WET [2025/01/22 17:00:01 ET]
Table 'Laomedon II' 6-max Seat #4 is the button
Seat 1: z00mba ($103.33 in chips) 
Seat 2: EasyGamerrr ($105.50 in chips) 
Seat 3: kel3vr4_23 ($12.22 in chips) 
Seat 4: Mr_Dick666 ($112.58 in chips) 
Seat 5: michasia ($100.50 in chips) 
Seat 6: KFCAFC123 ($149.29 in chips) 
michasia: posts small blind $0.50
KFCAFC123: posts big blind $1
*** HOLE CARDS ***
z00mba: folds 
EasyGamerrr: folds 
kel3vr4_23: folds 
Mr_Dick666: folds 
michasia: raises $2 to $3
KFCAFC123: raises $2 to $5
michasia: calls $2
*** FLOP *** [7c 6h 9h]
michasia: checks 
KFCAFC123: bets $2
michasia: raises $4 to $6
KFCAFC123: calls $4
*** TURN *** [7c 6h 9h] [Ad]
michasia: checks 
KFCAFC123: bets $10.45
michasia: folds 
Uncalled bet ($10.45) returned to KFCAFC123
KFCAFC123 collected $20.90 from pot
*** SUMMARY ***
Total pot $22 | Rake $1.10 
Board [7c 6h 9h Ad]
Seat 1: z00mba folded before Flop (didn't bet)
Seat 2: EasyGamerrr folded before Flop (didn't bet)
Seat 3: kel3vr4_23 folded before Flop (didn't bet)
Seat 4: Mr_Dick666 (button) folded before Flop (didn't bet)
Seat 5: michasia (small blind) folded on the Turn
Seat 6: KFCAFC123 (big blind) collected ($20.90)



PokerStars Hand #254506557296:  Hold'em No Limit ($0.50/$1.00 USD) - 2025/01/22 22:00:38 WET [2025/01/22 17:00:38 ET]
Table 'Laomedon II' 6-max Seat #5 is the button
Seat 1: z00mba ($103.33 in chips) 
Seat 2: EasyGamerrr ($105.50 in chips) 
Seat 3: kel3vr4_23 ($12.22 in chips) 
Seat 4: Mr_Dick666 ($112.58 in chips) 
Seat 5: michasia ($100 in chips) 
Seat 6: KFCAFC123 ($159.19 in chips) 
KFCAFC123: posts small blind $0.50
z00mba: posts big blind $1
*** HOLE CARDS ***
EasyGamerrr: raises $1 to $2
kel3vr4_23: folds 
Mr_Dick666: folds 
michasia: folds 
KFCAFC123: folds 
z00mba: folds 
Uncalled bet ($1) returned to EasyGamerrr
EasyGamerrr collected $2.50 from pot
EasyGamerrr: doesn't show hand 
*** SUMMARY ***
Total pot $2.50 | Rake $0 
Seat 1: z00mba (big blind) folded before Flop
Seat 2: EasyGamerrr collected ($2.50)
Seat 3: kel3vr4_23 folded before Flop (didn't bet)
Seat 4: Mr_Dick666 folded before Flop (didn't bet)
Seat 5: michasia (button) folded before Flop (didn't bet)
Seat 6: KFCAFC123 (small blind) folded before Flop



PokerStars Hand #254506564885:  Hold'em No Limit ($0.50/$1.00 USD) - 2025/01/22 22:01:11 WET [2025/01/22 17:01:11 ET]
Table 'Laomedon II' 6-max Seat #6 is the button
Seat 2: EasyGamerrr ($107 in chips) is sitting out
Seat 1: z00mba ($102.33 in chips) 
Seat 3: kel3vr4_23 ($12.22 in chips) 
Seat 4: Mr_Dick666 ($112.58 in chips) 
Seat 5: michasia ($100 in chips) 
Seat 6: KFCAFC123 ($158.69 in chips) 
z00mba: posts small blind $0.50
EasyGamerrr: is sitting out 
kel3vr4_23: posts big blind $1
*** HOLE CARDS ***
EasyGamerrr leaves the table
Mr_Dick666: folds 
michasia: raises $1.80 to $2.80
KFCAFC123: folds 
z00mba: folds 
kel3vr4_23: folds 
Uncalled bet ($1.80) returned to michasia
michasia collected $2.50 from pot
michasia: doesn't show hand 
*** SUMMARY ***
Total pot $2.50 | Rake $0 
Seat 2: EasyGamerrr
Seat 1: z00mba (small blind) folded before Flop
Seat 3: kel3vr4_23 (big blind) folded before Flop
Seat 4: Mr_Dick666 folded before Flop (didn't bet)
Seat 5: michasia collected ($2.50)
Seat 6: KFCAFC123 (button) folded before Flop (didn't bet)



PokerStars Hand #254506572821:  Hold'em No Limit ($0.50/$1.00 USD) - 2025/01/22 22:01:41 WET [2025/01/22 17:01:41 ET]
Table 'Laomedon II' 6-max Seat #1 is the button
Seat 1: z00mba ($101.83 in chips) 
Seat 3: kel3vr4_23 ($11.22 in chips) 
Seat 4: Mr_Dick666 ($112.58 in chips) 
Seat 5: michasia ($101.50 in chips) 
Seat 6: KFCAFC123 ($158.69 in chips) 
kel3vr4_23: posts small blind $0.50
Mr_Dick666: posts big blind $1
*** HOLE CARDS ***
michasia: raises $1.60 to $2.60
KFCAFC123: folds 
z00mba: folds 
kel3vr4_23: folds 
henri789 joins the table at seat #2 
Mr_Dick666: folds 
Uncalled bet ($1.60) returned to michasia
michasia collected $2.50 from pot
michasia: doesn't show hand 
*** SUMMARY ***
Total pot $2.50 | Rake $0 
Seat 1: z00mba (button) folded before Flop (didn't bet)
Seat 3: kel3vr4_23 (small blind) folded before Flop
Seat 4: Mr_Dick666 (big blind) folded before Flop
Seat 5: michasia collected ($2.50)
Seat 6: KFCAFC123 folded before Flop (didn't bet)



PokerStars Hand #254506576159:  Hold'em No Limit ($0.50/$1.00 USD) - 2025/01/22 22:01:54 WET [2025/01/22 17:01:54 ET]
Table 'Laomedon II' 6-max Seat #3 is the button
Seat 2: henri789 ($100 in chips) is sitting out
Seat 1: z00mba ($101.83 in chips) 
Seat 3: kel3vr4_23 ($10.72 in chips) 
Seat 4: Mr_Dick666 ($111.58 in chips) 
Seat 5: michasia ($103 in chips) 
Seat 6: KFCAFC123 ($158.69 in chips) 
Mr_Dick666: posts small blind $0.50
michasia: posts big blind $1
henri789: sits out 
*** HOLE CARDS ***
KFCAFC123: folds 
z00mba: folds 
kel3vr4_23: folds 
Mr_Dick666: folds 
Uncalled bet ($0.50) returned to michasia
michasia collected $1 from pot
michasia: doesn't show hand 
*** SUMMARY ***
Total pot $1 | Rake $0 
Seat 2: henri789
Seat 1: z00mba folded before Flop (didn't bet)
Seat 3: kel3vr4_23 (button) folded before Flop (didn't bet)
Seat 4: Mr_Dick666 (small blind) folded before Flop
Seat 5: michasia (big blind) collected ($1)
Seat 6: KFCAFC123 folded before Flop (didn't bet)



PokerStars Hand #254506580474:  Hold'em No Limit ($0.50/$1.00 USD) - 2025/01/22 22:02:10 WET [2025/01/22 17:02:10 ET]
Table 'Laomedon II' 6-max Seat #4 is the button
Seat 2: henri789 ($100 in chips) is sitting out
Seat 1: z00mba ($101.83 in chips) 
Seat 3: kel3vr4_23 ($10.72 in chips) 
Seat 4: Mr_Dick666 ($111.08 in chips) 
Seat 5: michasia ($103.50 in chips) 
Seat 6: KFCAFC123 ($158.69 in chips) 
michasia: posts small blind $0.50
KFCAFC123: posts big blind $1
henri789: sits out 
*** HOLE CARDS ***
z00mba: folds 
kel3vr4_23: folds 
Mr_Dick666: raises $1.50 to $2.50
michasia: folds 
KFCAFC123: calls $1.50
*** FLOP *** [5h 7c 5c]
KFCAFC123: checks 
Mr_Dick666: checks 
*** TURN *** [5h 7c 5c] [Kh]
KFCAFC123: bets $1
Mr_Dick666: folds 
Uncalled bet ($1) returned to KFCAFC123
KFCAFC123 collected $5.22 from pot
*** SUMMARY ***
Total pot $5.50 | Rake $0.28 
Board [5h 7c 5c Kh]
Seat 2: henri789
Seat 1: z00mba folded before Flop (didn't bet)
Seat 3: kel3vr4_23 folded before Flop (didn't bet)
Seat 4: Mr_Dick666 (button) folded on the Turn
Seat 5: michasia (small blind) folded before Flop
Seat 6: KFCAFC123 (big blind) collected ($5.22)



PokerStars Hand #254506589063:  Hold'em No Limit ($0.50/$1.00 USD) - 2025/01/22 22:02:42 WET [2025/01/22 17:02:42 ET]
Table 'Laomedon II' 6-max Seat #5 is the button
Seat 2: henri789 ($100 in chips) is sitting out
Seat 1: z00mba ($101.83 in chips) 
Seat 3: kel3vr4_23 ($10.72 in chips) 
Seat 4: Mr_Dick666 ($108.58 in chips) 
Seat 5: michasia ($103 in chips) 
Seat 6: KFCAFC123 ($161.41 in chips) 
KFCAFC123: posts small blind $0.50
z00mba: posts big blind $1
henri789: sits out 
*** HOLE CARDS ***
kel3vr4_23: folds 
Mr_Dick666: folds 
michasia: folds 
KFCAFC123: calls $0.50
z00mba: raises $3 to $4
KFCAFC123: folds 
Uncalled bet ($3) returned to z00mba
z00mba collected $2 from pot
z00mba: doesn't show hand 
*** SUMMARY ***
Total pot $2 | Rake $0 
Seat 2: henri789
Seat 1: z00mba (big blind) collected ($2)
Seat 3: kel3vr4_23 folded before Flop (didn't bet)
Seat 4: Mr_Dick666 folded before Flop (didn't bet)
Seat 5: michasia (button) folded before Flop (didn't bet)
Seat 6: KFCAFC123 (small blind) folded before Flop



PokerStars Hand #254506594738:  Hold'em No Limit ($0.50/$1.00 USD) - 2025/01/22 22:03:02 WET [2025/01/22 17:03:02 ET]
Table 'Laomedon II' 6-max Seat #6 is the button
Seat 1: z00mba ($102.83 in chips) 
Seat 2: henri789 ($100 in chips) 
Seat 3: kel3vr4_23 ($10.72 in chips) 
Seat 4: Mr_Dick666 ($108.58 in chips) 
Seat 5: michasia ($103 in chips) 
Seat 6: KFCAFC123 ($160.41 in chips) 
z00mba: posts small blind $0.50
henri789: posts big blind $1
*** HOLE CARDS ***
kel3vr4_23: folds 
Mr_Dick666: folds 
michasia: folds 
KFCAFC123: calls $1
z00mba: calls $0.50
henri789: checks 
*** FLOP *** [Jc 3c 6d]
z00mba: checks 
henri789: checks 
KFCAFC123: bets $1
z00mba: calls $1
henri789: folds 
*** TURN *** [Jc 3c 6d] [5c]
z00mba: checks 
KFCAFC123: bets $1
z00mba: calls $1
*** RIVER *** [Jc 3c 6d 5c] [2c]
z00mba: checks 
KFCAFC123: bets $3
z00mba: calls $3
*** SHOW DOWN ***
KFCAFC123: shows [Ad 6h] (a pair of Sixes)
z00mba: shows [Js Tc] (a flush, Jack high)
z00mba collected $12.35 from pot
*** SUMMARY ***
Total pot $13 | Rake $0.65 
Board [Jc 3c 6d 5c 2c]
Seat 1: z00mba (small blind) showed [Js Tc] and won ($12.35) with a flush, Jack high
Seat 2: henri789 (big blind) folded on the Flop
Seat 3: kel3vr4_23 folded before Flop (didn't bet)
Seat 4: Mr_Dick666 folded before Flop (didn't bet)
Seat 5: michasia folded before Flop (didn't bet)
Seat 6: KFCAFC123 (button) showed [Ad 6h] and lost with a pair of Sixes



PokerStars Hand #254506614134:  Hold'em No Limit ($0.50/$1.00 USD) - 2025/01/22 22:04:12 WET [2025/01/22 17:04:12 ET]
Table 'Laomedon II' 6-max Seat #1 is the button
Seat 3: kel3vr4_23 ($10.72 in chips) is sitting out
Seat 1: z00mba ($109.18 in chips) 
Seat 2: henri789 ($100 in chips) 
Seat 4: Mr_Dick666 ($108.58 in chips) 
Seat 5: michasia ($103 in chips) 
Seat 6: KFCAFC123 ($154.41 in chips) 
henri789: posts small blind $0.50
kel3vr4_23: is sitting out 
Mr_Dick666: posts big blind $1
*** HOLE CARDS ***
michasia: raises $1.60 to $2.60
KFCAFC123: folds 
z00mba: folds 
henri789: folds 
Mr_Dick666: calls $1.60
*** FLOP *** [Jh Th 6s]
Mr_Dick666: checks 
michasia: bets $3.61
Mr_Dick666: folds 
Uncalled bet ($3.61) returned to michasia
michasia collected $5.42 from pot
michasia: doesn't show hand 
*** SUMMARY ***
Total pot $5.70 | Rake $0.28 
Board [Jh Th 6s]
Seat 3: kel3vr4_23
Seat 1: z00mba (button) folded before Flop (didn't bet)
Seat 2: henri789 (small blind) folded before Flop
Seat 4: Mr_Dick666 (big blind) folded on the Flop
Seat 5: michasia collected ($5.42)
Seat 6: KFCAFC123 folded before Flop (didn't bet)



PokerStars Hand #254506621165:  Hold'em No Limit ($0.50/$1.00 USD) - 2025/01/22 22:04:37 WET [2025/01/22 17:04:37 ET]
Table 'Laomedon II' 6-max Seat #2 is the button
Seat 3: kel3vr4_23 ($10.72 in chips) is sitting out
Seat 1: z00mba ($109.18 in chips) 
Seat 2: henri789 ($100 in chips) 
Seat 4: Mr_Dick666 ($105.98 in chips) 
Seat 5: michasia ($105.82 in chips) 
Seat 6: KFCAFC123 ($154.41 in chips) 
Mr_Dick666: posts small blind $0.50
michasia: posts big blind $1
*** HOLE CARDS ***
KFCAFC123: folds 
z00mba: folds 
henri789: folds 
Mr_Dick666: folds 
Uncalled bet ($0.50) returned to michasia
michasia collected $1 from pot
michasia: doesn't show hand 
*** SUMMARY ***
Total pot $1 | Rake $0 
Seat 3: kel3vr4_23
Seat 1: z00mba folded before Flop (didn't bet)
Seat 2: henri789 (button) folded before Flop (didn't bet)
Seat 4: Mr_Dick666 (small blind) folded before Flop
Seat 5: michasia (big blind) collected ($1)
Seat 6: KFCAFC123 folded before Flop (didn't bet)



PokerStars Hand #254506624366:  Hold'em No Limit ($0.50/$1.00 USD) - 2025/01/22 22:04:48 WET [2025/01/22 17:04:48 ET]
Table 'Laomedon II' 6-max Seat #4 is the button
Seat 3: kel3vr4_23 ($10.72 in chips) is sitting out
Seat 1: z00mba ($109.18 in chips) 
Seat 2: henri789 ($100 in chips) 
Seat 4: Mr_Dick666 ($105.48 in chips) 
Seat 5: michasia ($106.32 in chips) 
Seat 6: KFCAFC123 ($154.41 in chips) 
michasia: posts small blind $0.50
KFCAFC123: posts big blind $1
*** HOLE CARDS ***
z00mba: folds 
henri789: folds 
Mr_Dick666: raises $1.50 to $2.50
michasia: folds 
KFCAFC123: calls $1.50
*** FLOP *** [9h 3d Th]
KFCAFC123: bets $1
Mr_Dick666: raises $4.77 to $5.77
KFCAFC123: calls $4.77
*** TURN *** [9h 3d Th] [4h]
KFCAFC123: checks 
Mr_Dick666: checks 
*** RIVER *** [9h 3d Th 4h] [2s]
KFCAFC123: bets $8.10
Mr_Dick666: folds 
Uncalled bet ($8.10) returned to KFCAFC123
KFCAFC123 collected $16.19 from pot
*** SUMMARY ***
Total pot $17.04 | Rake $0.85 
Board [9h 3d Th 4h 2s]
Seat 3: kel3vr4_23
Seat 1: z00mba folded before Flop (didn't bet)
Seat 2: henri789 folded before Flop (didn't bet)
Seat 4: Mr_Dick666 (button) folded on the River
Seat 5: michasia (small blind) folded before Flop
Seat 6: KFCAFC123 (big blind) collected ($16.19)



PokerStars Hand #254506641751:  Hold'em No Limit ($0.50/$1.00 USD) - 2025/01/22 22:05:51 WET [2025/01/22 17:05:51 ET]
Table 'Laomedon II' 6-max Seat #5 is the button
Seat 3: kel3vr4_23 ($10.72 in chips) is sitting out
Seat 1: z00mba ($109.18 in chips) 
Seat 2: henri789 ($100 in chips) 
Seat 4: Mr_Dick666 ($100 in chips) 
Seat 5: michasia ($105.82 in chips) 
Seat 6: KFCAFC123 ($162.33 in chips) 
KFCAFC123: posts small blind $0.50
z00mba: posts big blind $1
*** HOLE CARDS ***
henri789: folds 
Mr_Dick666: folds 
michasia: raises $1.80 to $2.80
KFCAFC123: calls $2.30
z00mba: folds 
*** FLOP *** [2h 4s 6d]
KFCAFC123: checks 
michasia: bets $2.07
KFCAFC123: folds 
Uncalled bet ($2.07) returned to michasia
michasia collected $6.27 from pot
michasia: doesn't show hand 
*** SUMMARY ***
Total pot $6.60 | Rake $0.33 
Board [2h 4s 6d]
Seat 3: kel3vr4_23
Seat 1: z00mba (big blind) folded before Flop
Seat 2: henri789 folded before Flop (didn't bet)
Seat 4: Mr_Dick666 folded before Flop (didn't bet)
Seat 5: michasia (button) collected ($6.27)
Seat 6: KFCAFC123 (small blind) folded on the Flop



PokerStars Hand #254506651007:  Hold'em No Limit ($0.50/$1.00 USD) - 2025/01/22 22:06:24 WET [2025/01/22 17:06:24 ET]
Table 'Laomedon II' 6-max Seat #6 is the button
Seat 3: kel3vr4_23 ($10.72 in chips) is sitting out
Seat 1: z00mba ($108.18 in chips) 
Seat 2: henri789 ($100 in chips) 
Seat 4: Mr_Dick666 ($100 in chips) 
Seat 5: michasia ($109.29 in chips) 
Seat 6: KFCAFC123 ($159.53 in chips) 
z00mba: posts small blind $0.50
henri789: posts big blind $1
*** HOLE CARDS ***
Mr_Dick666: folds 
michasia: raises $1.80 to $2.80
KFCAFC123: calls $2.80
z00mba: folds 
henri789: folds 
*** FLOP *** [9d 8h Th]
michasia: bets $4.49
KFCAFC123: calls $4.49
*** TURN *** [9d 8h Th] [Kd]
michasia: bets $10.19
KFCAFC123: calls $10.19
*** RIVER *** [9d 8h Th Kd] [8c]
michasia: bets $91.81 and is all-in
KFCAFC123: folds 
Uncalled bet ($91.81) returned to michasia
michasia collected $34.64 from pot
michasia: doesn't show hand 
*** SUMMARY ***
Total pot $36.46 | Rake $1.82 
Board [9d 8h Th Kd 8c]
Seat 3: kel3vr4_23
Seat 1: z00mba (small blind) folded before Flop
Seat 2: henri789 (big blind) folded before Flop
Seat 4: Mr_Dick666 folded before Flop (didn't bet)
Seat 5: michasia collected ($34.64)
Seat 6: KFCAFC123 (button) folded on the River



PokerStars Hand #254506666310:  Hold'em No Limit ($0.50/$1.00 USD) - 2025/01/22 22:07:19 WET [2025/01/22 17:07:19 ET]
Table 'Laomedon II' 6-max Seat #1 is the button
Seat 3: kel3vr4_23 ($10.72 in chips) is sitting out
Seat 1: z00mba ($107.68 in chips) 
Seat 2: henri789 ($100 in chips) 
Seat 4: Mr_Dick666 ($100 in chips) 
Seat 5: michasia ($126.45 in chips) 
Seat 6: KFCAFC123 ($142.05 in chips) 
henri789: posts small blind $0.50
Mr_Dick666: posts big blind $1
*** HOLE CARDS ***
michasia: folds 
KFCAFC123: folds 
z00mba: folds 
henri789: folds 
Uncalled bet ($0.50) returned to Mr_Dick666
Mr_Dick666 collected $1 from pot
Mr_Dick666: doesn't show hand 
*** SUMMARY ***
Total pot $1 | Rake $0 
Seat 3: kel3vr4_23
Seat 1: z00mba (button) folded before Flop (didn't bet)
Seat 2: henri789 (small blind) folded before Flop
Seat 4: Mr_Dick666 (big blind) collected ($1)
Seat 5: michasia folded before Flop (didn't bet)
Seat 6: KFCAFC123 folded before Flop (didn't bet)



PokerStars Hand #254506671825:  Hold'em No Limit ($0.50/$1.00 USD) - 2025/01/22 22:07:38 WET [2025/01/22 17:07:38 ET]
Table 'Laomedon II' 6-max Seat #2 is the button
Seat 3: kel3vr4_23 ($10.72 in chips) is sitting out
Seat 1: z00mba ($107.68 in chips) 
Seat 2: henri789 ($100 in chips) 
Seat 4: Mr_Dick666 ($100.50 in chips) 
Seat 5: michasia ($126.45 in chips) 
Seat 6: KFCAFC123 ($142.05 in chips) 
Mr_Dick666: posts small blind $0.50
michasia: posts big blind $1
*** HOLE CARDS ***
KFCAFC123: raises $1 to $2
z00mba: folds 
henri789: folds 
Mr_Dick666: folds 
michasia: folds 
Uncalled bet ($1) returned to KFCAFC123
KFCAFC123 collected $2.50 from pot
*** SUMMARY ***
Total pot $2.50 | Rake $0 
Seat 3: kel3vr4_23
Seat 1: z00mba folded before Flop (didn't bet)
Seat 2: henri789 (button) folded before Flop (didn't bet)
Seat 4: Mr_Dick666 (small blind) folded before Flop
Seat 5: michasia (big blind) folded before Flop
Seat 6: KFCAFC123 collected ($2.50)



PokerStars Hand #254506676208:  Hold'em No Limit ($0.50/$1.00 USD) - 2025/01/22 22:07:53 WET [2025/01/22 17:07:53 ET]
Table 'Laomedon II' 6-max Seat #4 is the button
Seat 3: kel3vr4_23 ($10.72 in chips) is sitting out
Seat 1: z00mba ($107.68 in chips) 
Seat 2: henri789 ($100 in chips) 
Seat 4: Mr_Dick666 ($100 in chips) 
Seat 5: michasia ($125.45 in chips) 
Seat 6: KFCAFC123 ($143.55 in chips) 
michasia: posts small blind $0.50
KFCAFC123: posts big blind $1
kel3vr4_23: sits out 
*** HOLE CARDS ***
z00mba: folds 
henri789: folds 
Mr_Dick666: folds 
michasia: folds 
Uncalled bet ($0.50) returned to KFCAFC123
KFCAFC123 collected $1 from pot
*** SUMMARY ***
Total pot $1 | Rake $0 
Seat 3: kel3vr4_23
Seat 1: z00mba folded before Flop (didn't bet)
Seat 2: henri789 folded before Flop (didn't bet)
Seat 4: Mr_Dick666 (button) folded before Flop (didn't bet)
Seat 5: michasia (small blind) folded before Flop
Seat 6: KFCAFC123 (big blind) collected ($1)



PokerStars Hand #254506679686:  Hold'em No Limit ($0.50/$1.00 USD) - 2025/01/22 22:08:06 WET [2025/01/22 17:08:06 ET]
Table 'Laomedon II' 6-max Seat #5 is the button
Seat 3: kel3vr4_23 ($10.72 in chips) is sitting out
Seat 1: z00mba ($107.68 in chips) 
Seat 2: henri789 ($100 in chips) 
Seat 4: Mr_Dick666 ($100 in chips) 
Seat 5: michasia ($124.95 in chips) 
Seat 6: KFCAFC123 ($144.05 in chips) 
KFCAFC123: posts small blind $0.50
z00mba: posts big blind $1
kel3vr4_23: sits out 
*** HOLE CARDS ***
henri789: folds 
Mr_Dick666: folds 
michasia: folds 
KFCAFC123: calls $0.50
z00mba: checks 
*** FLOP *** [6s Th 4h]
KFCAFC123: bets $1
z00mba: calls $1
*** TURN *** [6s Th 4h] [Kc]
KFCAFC123: checks 
z00mba: bets $2
KFCAFC123: folds 
Uncalled bet ($2) returned to z00mba
z00mba collected $3.80 from pot
z00mba: doesn't show hand 
*** SUMMARY ***
Total pot $4 | Rake $0.20 
Board [6s Th 4h Kc]
Seat 3: kel3vr4_23
Seat 1: z00mba (big blind) collected ($3.80)
Seat 2: henri789 folded before Flop (didn't bet)
Seat 4: Mr_Dick666 folded before Flop (didn't bet)
Seat 5: michasia (button) folded before Flop (didn't bet)
Seat 6: KFCAFC123 (small blind) folded on the Turn



PokerStars Hand #254506688494:  Hold'em No Limit ($0.50/$1.00 USD) - 2025/01/22 22:08:36 WET [2025/01/22 17:08:36 ET]
Table 'Laomedon II' 6-max Seat #6 is the button
Seat 3: kel3vr4_23 ($10.72 in chips) is sitting out
Seat 1: z00mba ($109.48 in chips) 
Seat 2: henri789 ($100 in chips) 
Seat 4: Mr_Dick666 ($100 in chips) 
Seat 5: michasia ($124.95 in chips) 
Seat 6: KFCAFC123 ($142.05 in chips) 
z00mba: posts small blind $0.50
henri789: posts big blind $1
kel3vr4_23: sits out 
*** HOLE CARDS ***
Mr_Dick666: folds 
michasia: raises $1.80 to $2.80
KFCAFC123: calls $2.80
z00mba: folds 
henri789: folds 
*** FLOP *** [2h 8d 6c]
michasia: bets $2.22
KFCAFC123: calls $2.22
*** TURN *** [2h 8d 6c] [Ah]
michasia: checks 
KFCAFC123: bets $3
michasia: folds 
Uncalled bet ($3) returned to KFCAFC123
KFCAFC123 collected $10.96 from pot
*** SUMMARY ***
Total pot $11.54 | Rake $0.58 
Board [2h 8d 6c Ah]
Seat 3: kel3vr4_23
Seat 1: z00mba (small blind) folded before Flop
Seat 2: henri789 (big blind) folded before Flop
Seat 4: Mr_Dick666 folded before Flop (didn't bet)
Seat 5: michasia folded on the Turn
Seat 6: KFCAFC123 (button) collected ($10.96)



PokerStars Hand #254506696087:  Hold'em No Limit ($0.50/$1.00 USD) - 2025/01/22 22:09:03 WET [2025/01/22 17:09:03 ET]
Table 'Laomedon II' 6-max Seat #1 is the button
Seat 1: z00mba ($108.98 in chips) 
Seat 2: henri789 ($100 in chips) 
Seat 3: kel3vr4_23 ($10.72 in chips) 
Seat 4: Mr_Dick666 ($100 in chips) 
Seat 5: michasia ($119.93 in chips) 
Seat 6: KFCAFC123 ($147.99 in chips) 
henri789: posts small blind $0.50
kel3vr4_23: posts big blind $1
*** HOLE CARDS ***
Mr_Dick666: folds 
michasia: folds 
KFCAFC123: calls $1
z00mba: folds 
henri789: folds 
kel3vr4_23: raises $9.72 to $10.72 and is all-in
KFCAFC123: folds 
Uncalled bet ($9.72) returned to kel3vr4_23
kel3vr4_23 collected $2.50 from pot
kel3vr4_23: doesn't show hand 
*** SUMMARY ***
Total pot $2.50 | Rake $0 
Seat 1: z00mba (button) folded before Flop (didn't bet)
Seat 2: henri789 (small blind) folded before Flop
Seat 3: kel3vr4_23 (big blind) collected ($2.50)
Seat 4: Mr_Dick666 folded before Flop (didn't bet)
Seat 5: michasia folded before Flop (didn't bet)
Seat 6: KFCAFC123 folded before Flop



PokerStars Hand #254506704246:  Hold'em No Limit ($0.50/$1.00 USD) - 2025/01/22 22:09:32 WET [2025/01/22 17:09:32 ET]
Table 'Laomedon II' 6-max Seat #2 is the button
Seat 1: z00mba ($108.98 in chips) 
Seat 2: henri789 ($100 in chips) 
Seat 3: kel3vr4_23 ($12.22 in chips) 
Seat 4: Mr_Dick666 ($100 in chips) 
Seat 5: michasia ($119.93 in chips) 
Seat 6: KFCAFC123 ($146.99 in chips) 
kel3vr4_23: posts small blind $0.50
Mr_Dick666: posts big blind $1
*** HOLE CARDS ***
michasia: folds 
KFCAFC123: folds 
z00mba: folds 
henri789: raises $1.20 to $2.20
kel3vr4_23: folds 
Mr_Dick666: folds 
Uncalled bet ($1.20) returned to henri789
henri789 collected $2.50 from pot
henri789: doesn't show hand 
*** SUMMARY ***
Total pot $2.50 | Rake $0 
Seat 1: z00mba folded before Flop (didn't bet)
Seat 2: henri789 (button) collected ($2.50)
Seat 3: kel3vr4_23 (small blind) folded before Flop
Seat 4: Mr_Dick666 (big blind) folded before Flop
Seat 5: michasia folded before Flop (didn't bet)
Seat 6: KFCAFC123 folded before Flop (didn't bet)



PokerStars Hand #254506712222:  Hold'em No Limit ($0.50/$1.00 USD) - 2025/01/22 22:09:59 WET [2025/01/22 17:09:59 ET]
Table 'Laomedon II' 6-max Seat #3 is the button
Seat 1: z00mba ($108.98 in chips) 
Seat 2: henri789 ($101.50 in chips) 
Seat 3: kel3vr4_23 ($11.72 in chips) 
Seat 4: Mr_Dick666 ($100 in chips) 
Seat 5: michasia ($119.93 in chips) 
Seat 6: KFCAFC123 ($146.99 in chips) 
Mr_Dick666: posts small blind $0.50
michasia: posts big blind $1
*** HOLE CARDS ***
KFCAFC123: folds 
z00mba: folds 
henri789: folds 
kel3vr4_23: raises $1 to $2
Mr_Dick666: folds 
michasia: folds 
Uncalled bet ($1) returned to kel3vr4_23
kel3vr4_23 collected $2.50 from pot
kel3vr4_23: doesn't show hand 
*** SUMMARY ***
Total pot $2.50 | Rake $0 
Seat 1: z00mba folded before Flop (didn't bet)
Seat 2: henri789 folded before Flop (didn't bet)
Seat 3: kel3vr4_23 (button) collected ($2.50)
Seat 4: Mr_Dick666 (small blind) folded before Flop
Seat 5: michasia (big blind) folded before Flop
Seat 6: KFCAFC123 folded before Flop (didn't bet)



PokerStars Hand #254506716313:  Hold'em No Limit ($0.50/$1.00 USD) - 2025/01/22 22:10:14 WET [2025/01/22 17:10:14 ET]
Table 'Laomedon II' 6-max Seat #4 is the button
Seat 1: z00mba ($108.98 in chips) 
Seat 2: henri789 ($101.50 in chips) 
Seat 3: kel3vr4_23 ($13.22 in chips) 
Seat 4: Mr_Dick666 ($100 in chips) 
Seat 5: michasia ($118.93 in chips) 
Seat 6: KFCAFC123 ($146.99 in chips) 
michasia: posts small blind $0.50
KFCAFC123: posts big blind $1
*** HOLE CARDS ***
z00mba: raises $1.50 to $2.50
henri789: folds 
kel3vr4_23: folds 
Mr_Dick666: folds 
michasia: folds 
KFCAFC123: raises $1.50 to $4
z00mba: calls $1.50
*** FLOP *** [Kh 9d Ts]
KFCAFC123: bets $1
z00mba: calls $1
*** TURN *** [Kh 9d Ts] [Qd]
KFCAFC123: bets $2
z00mba: calls $2
*** RIVER *** [Kh 9d Ts Qd] [2c]
KFCAFC123: bets $4
z00mba: calls $4
*** SHOW DOWN ***
KFCAFC123: shows [4d 4s] (a pair of Fours)
z00mba: shows [Ks Qc] (two pair, Kings and Queens)
z00mba collected $21.38 from pot
*** SUMMARY ***
Total pot $22.50 | Rake $1.12 
Board [Kh 9d Ts Qd 2c]
Seat 1: z00mba showed [Ks Qc] and won ($21.38) with two pair, Kings and Queens
Seat 2: henri789 folded before Flop (didn't bet)
Seat 3: kel3vr4_23 folded before Flop (didn't bet)
Seat 4: Mr_Dick666 (button) folded before Flop (didn't bet)
Seat 5: michasia (small blind) folded before Flop
Seat 6: KFCAFC123 (big blind) showed [4d 4s] and lost with a pair of Fours



PokerStars Hand #254506726858:  Hold'em No Limit ($0.50/$1.00 USD) - 2025/01/22 22:10:51 WET [2025/01/22 17:10:51 ET]
Table 'Laomedon II' 6-max Seat #5 is the button
Seat 1: z00mba ($119.36 in chips) 
Seat 2: henri789 ($101.50 in chips) 
Seat 3: kel3vr4_23 ($13.22 in chips) 
Seat 4: Mr_Dick666 ($100 in chips) 
Seat 5: michasia ($118.43 in chips) 
Seat 6: KFCAFC123 ($135.99 in chips) 
KFCAFC123: posts small blind $0.50
z00mba: posts big blind $1
*** HOLE CARDS ***
henri789: folds 
kel3vr4_23: folds 
Mr_Dick666: folds 
michasia: folds 
KFCAFC123: calls $0.50
z00mba: checks 
*** FLOP *** [Jh 3s 2c]
KFCAFC123: checks 
z00mba: checks 
*** TURN *** [Jh 3s 2c] [4h]
KFCAFC123: bets $1
z00mba: raises $2 to $3
KFCAFC123: calls $2
*** RIVER *** [Jh 3s 2c 4h] [Th]
KFCAFC123: bets $3
z00mba: calls $3
*** SHOW DOWN ***
KFCAFC123: shows [5d 7c] (high card Jack)
z00mba: shows [7s 4d] (a pair of Fours)
z00mba collected $13.30 from pot
*** SUMMARY ***
Total pot $14 | Rake $0.70 
Board [Jh 3s 2c 4h Th]
Seat 1: z00mba (big blind) showed [7s 4d] and won ($13.30) with a pair of Fours
Seat 2: henri789 folded before Flop (didn't bet)
Seat 3: kel3vr4_23 folded before Flop (didn't bet)
Seat 4: Mr_Dick666 folded before Flop (didn't bet)
Seat 5: michasia (button) folded before Flop (didn't bet)
Seat 6: KFCAFC123 (small blind) showed [5d 7c] and lost with high card Jack



PokerStars Hand #254506737643:  Hold'em No Limit ($0.50/$1.00 USD) - 2025/01/22 22:11:29 WET [2025/01/22 17:11:29 ET]
Table 'Laomedon II' 6-max Seat #6 is the button
Seat 1: z00mba ($125.66 in chips) 
Seat 2: henri789 ($101.50 in chips) 
Seat 3: kel3vr4_23 ($13.22 in chips) 
Seat 4: Mr_Dick666 ($100 in chips) 
Seat 5: michasia ($118.43 in chips) 
Seat 6: KFCAFC123 ($128.99 in chips) 
z00mba: posts small blind $0.50
henri789: posts big blind $1
*** HOLE CARDS ***
kel3vr4_23: folds 
Mr_Dick666: folds 
michasia: raises $1.80 to $2.80
KFCAFC123: folds 
z00mba: folds 
henri789: calls $1.80
*** FLOP *** [6d Kc 8d]
henri789: checks 
michasia: checks 
*** TURN *** [6d Kc 8d] [6c]
henri789: bets $4.35
michasia: calls $4.35
*** RIVER *** [6d Kc 8d 6c] [Jd]
henri789: bets $12.65
michasia: calls $12.65
*** SHOW DOWN ***
henri789: shows [7s 9s] (a pair of Sixes)
michasia: shows [Ad Jc] (two pair, Jacks and Sixes)
michasia collected $38.10 from pot
*** SUMMARY ***
Total pot $40.10 | Rake $2 
Board [6d Kc 8d 6c Jd]
Seat 1: z00mba (small blind) folded before Flop
Seat 2: henri789 (big blind) showed [7s 9s] and lost with a pair of Sixes
Seat 3: kel3vr4_23 folded before Flop (didn't bet)
Seat 4: Mr_Dick666 folded before Flop (didn't bet)
Seat 5: michasia showed [Ad Jc] and won ($38.10) with two pair, Jacks and Sixes
Seat 6: KFCAFC123 (button) folded before Flop (didn't bet)



PokerStars Hand #254506755639:  Hold'em No Limit ($0.50/$1.00 USD) - 2025/01/22 22:12:32 WET [2025/01/22 17:12:32 ET]
Table 'Laomedon II' 6-max Seat #1 is the button
Seat 1: z00mba ($125.16 in chips) 
Seat 2: henri789 ($100 in chips) 
Seat 3: kel3vr4_23 ($13.22 in chips) 
Seat 4: Mr_Dick666 ($100 in chips) 
Seat 5: michasia ($136.73 in chips) 
Seat 6: KFCAFC123 ($128.99 in chips) 
henri789: posts small blind $0.50
kel3vr4_23: posts big blind $1
*** HOLE CARDS ***
Mr_Dick666: raises $1 to $2
michasia: folds 
KFCAFC123: calls $2
z00mba: calls $2
henri789: folds 
kel3vr4_23: folds 
*** FLOP *** [Qd 5s 9h]
Mr_Dick666: checks 
KFCAFC123: bets $1
z00mba: calls $1
Mr_Dick666: folds 
*** TURN *** [Qd 5s 9h] [4h]
KFCAFC123: bets $2
z00mba: calls $2
*** RIVER *** [Qd 5s 9h 4h] [Jh]
KFCAFC123: bets $3
z00mba: folds 
Uncalled bet ($3) returned to KFCAFC123
KFCAFC123 collected $12.82 from pot
*** SUMMARY ***
Total pot $13.50 | Rake $0.68 
Board [Qd 5s 9h 4h Jh]
Seat 1: z00mba (button) folded on the River
Seat 2: henri789 (small blind) folded before Flop
Seat 3: kel3vr4_23 (big blind) folded before Flop
Seat 4: Mr_Dick666 folded on the Flop
Seat 5: michasia folded before Flop (didn't bet)
Seat 6: KFCAFC123 collected ($12.82)



PokerStars Hand #254506771727:  Hold'em No Limit ($0.50/$1.00 USD) - 2025/01/22 22:13:29 WET [2025/01/22 17:13:29 ET]
Table 'Laomedon II' 6-max Seat #2 is the button
Seat 1: z00mba ($120.16 in chips) 
Seat 2: henri789 ($100 in chips) 
Seat 3: kel3vr4_23 ($12.22 in chips) 
Seat 4: Mr_Dick666 ($100 in chips) 
Seat 5: michasia ($136.73 in chips) 
Seat 6: KFCAFC123 ($136.81 in chips) 
kel3vr4_23: posts small blind $0.50
Mr_Dick666: posts big blind $1
*** HOLE CARDS ***
michasia: folds 
KFCAFC123: folds 
z00mba: folds 
henri789: raises $1.20 to $2.20
kel3vr4_23: folds 
Mr_Dick666: folds 
Uncalled bet ($1.20) returned to henri789
henri789 collected $2.50 from pot
henri789: doesn't show hand 
*** SUMMARY ***
Total pot $2.50 | Rake $0 
Seat 1: z00mba folded before Flop (didn't bet)
Seat 2: henri789 (button) collected ($2.50)
Seat 3: kel3vr4_23 (small blind) folded before Flop
Seat 4: Mr_Dick666 (big blind) folded before Flop
Seat 5: michasia folded before Flop (didn't bet)
Seat 6: KFCAFC123 folded before Flop (didn't bet)



PokerStars Hand #254506777000:  Hold'em No Limit ($0.50/$1.00 USD) - 2025/01/22 22:13:48 WET [2025/01/22 17:13:48 ET]
Table 'Laomedon II' 6-max Seat #3 is the button
Seat 1: z00mba ($120.16 in chips) 
Seat 2: henri789 ($101.50 in chips) 
Seat 3: kel3vr4_23 ($11.72 in chips) 
Seat 4: Mr_Dick666 ($100 in chips) 
Seat 5: michasia ($136.73 in chips) 
Seat 6: KFCAFC123 ($136.81 in chips) 
Mr_Dick666: posts small blind $0.50
michasia: posts big blind $1
*** HOLE CARDS ***
KFCAFC123: calls $1
z00mba: raises $2.50 to $3.50
henri789: folds 
kel3vr4_23: folds 
Mr_Dick666: folds 
michasia: folds 
KFCAFC123: calls $2.50
*** FLOP *** [Tc 9c 3c]
KFCAFC123: bets $1
z00mba: folds 
Uncalled bet ($1) returned to KFCAFC123
KFCAFC123 collected $8.08 from pot
*** SUMMARY ***
Total pot $8.50 | Rake $0.42 
Board [Tc 9c 3c]
Seat 1: z00mba folded on the Flop
Seat 2: henri789 folded before Flop (didn't bet)
Seat 3: kel3vr4_23 (button) folded before Flop (didn't bet)
Seat 4: Mr_Dick666 (small blind) folded before Flop
Seat 5: michasia (big blind) folded before Flop
Seat 6: KFCAFC123 collected ($8.08)



PokerStars Hand #254506787866:  Hold'em No Limit ($0.50/$1.00 USD) - 2025/01/22 22:14:26 WET [2025/01/22 17:14:26 ET]
Table 'Laomedon II' 6-max Seat #4 is the button
Seat 1: z00mba ($116.66 in chips) 
Seat 2: henri789 ($101.50 in chips) 
Seat 3: kel3vr4_23 ($11.72 in chips) 
Seat 4: Mr_Dick666 ($100 in chips) 
Seat 5: michasia ($135.73 in chips) 
Seat 6: KFCAFC123 ($141.39 in chips) 
michasia: posts small blind $0.50
KFCAFC123: posts big blind $1
*** HOLE CARDS ***
z00mba: folds 
henri789: folds 
kel3vr4_23: raises $1 to $2
Mr_Dick666: folds 
michasia: folds 
KFCAFC123: calls $1
*** FLOP *** [6c 3d Kh]
KFCAFC123: checks 
kel3vr4_23: bets $2
KFCAFC123: folds 
Uncalled bet ($2) returned to kel3vr4_23
kel3vr4_23 collected $4.28 from pot
kel3vr4_23: doesn't show hand 
*** SUMMARY ***
Total pot $4.50 | Rake $0.22 
Board [6c 3d Kh]
Seat 1: z00mba folded before Flop (didn't bet)
Seat 2: henri789 folded before Flop (didn't bet)
Seat 3: kel3vr4_23 collected ($4.28)
Seat 4: Mr_Dick666 (button) folded before Flop (didn't bet)
Seat 5: michasia (small blind) folded before Flop
Seat 6: KFCAFC123 (big blind) folded on the Flop



PokerStars Hand #254506793274:  Hold'em No Limit ($0.50/$1.00 USD) - 2025/01/22 22:14:45 WET [2025/01/22 17:14:45 ET]
Table 'Laomedon II' 6-max Seat #5 is the button
Seat 1: z00mba ($116.66 in chips) 
Seat 2: henri789 ($101.50 in chips) 
Seat 3: kel3vr4_23 ($14 in chips) 
Seat 4: Mr_Dick666 ($100 in chips) 
Seat 5: michasia ($135.23 in chips) 
Seat 6: KFCAFC123 ($139.39 in chips) 
KFCAFC123: posts small blind $0.50
z00mba: posts big blind $1
*** HOLE CARDS ***
henri789: folds 
kel3vr4_23: folds 
Mr_Dick666: folds 
michasia: raises $1.80 to $2.80
KFCAFC123: calls $2.30
z00mba: folds 
*** FLOP *** [8c Kh Tc]
KFCAFC123: checks 
michasia: bets $4.18
KFCAFC123: folds 
Uncalled bet ($4.18) returned to michasia
michasia collected $6.27 from pot
michasia: doesn't show hand 
*** SUMMARY ***
Total pot $6.60 | Rake $0.33 
Board [8c Kh Tc]
Seat 1: z00mba (big blind) folded before Flop
Seat 2: henri789 folded before Flop (didn't bet)
Seat 3: kel3vr4_23 folded before Flop (didn't bet)
Seat 4: Mr_Dick666 folded before Flop (didn't bet)
Seat 5: michasia (button) collected ($6.27)
Seat 6: KFCAFC123 (small blind) folded on the Flop



PokerStars Hand #254506804104:  Hold'em No Limit ($0.50/$1.00 USD) - 2025/01/22 22:15:23 WET [2025/01/22 17:15:23 ET]
Table 'Laomedon II' 6-max Seat #6 is the button
Seat 1: z00mba ($115.66 in chips) 
Seat 2: henri789 ($101.50 in chips) 
Seat 3: kel3vr4_23 ($14 in chips) 
Seat 4: Mr_Dick666 ($100 in chips) 
Seat 5: michasia ($138.70 in chips) 
Seat 6: KFCAFC123 ($136.59 in chips) 
z00mba: posts small blind $0.50
henri789: posts big blind $1
*** HOLE CARDS ***
kel3vr4_23: folds 
Mr_Dick666: folds 
michasia: folds 
KFCAFC123: folds 
z00mba: raises $2 to $3
henri789: calls $2
*** FLOP *** [7d Th 3c]
z00mba: checks 
henri789: bets $2.79
z00mba: folds 
Uncalled bet ($2.79) returned to henri789
henri789 collected $5.70 from pot
henri789: doesn't show hand 
*** SUMMARY ***
Total pot $6 | Rake $0.30 
Board [7d Th 3c]
Seat 1: z00mba (small blind) folded on the Flop
Seat 2: henri789 (big blind) collected ($5.70)
Seat 3: kel3vr4_23 folded before Flop (didn't bet)
Seat 4: Mr_Dick666 folded before Flop (didn't bet)
Seat 5: michasia folded before Flop (didn't bet)
Seat 6: KFCAFC123 (button) folded before Flop (didn't bet)



PokerStars Hand #254506813821:  Hold'em No Limit ($0.50/$1.00 USD) - 2025/01/22 22:15:58 WET [2025/01/22 17:15:58 ET]
Table 'Laomedon II' 6-max Seat #1 is the button
Seat 1: z00mba ($112.66 in chips) 
Seat 2: henri789 ($104.20 in chips) 
Seat 3: kel3vr4_23 ($14 in chips) 
Seat 4: Mr_Dick666 ($100 in chips) 
Seat 5: michasia ($138.70 in chips) 
Seat 6: KFCAFC123 ($136.59 in chips) 
henri789: posts small blind $0.50
kel3vr4_23: posts big blind $1
*** HOLE CARDS ***
Mr_Dick666: raises $1 to $2
michasia: raises $4 to $6
KFCAFC123: folds 
z00mba: folds 
henri789: folds 
kel3vr4_23: folds 
Mr_Dick666: folds 
Uncalled bet ($4) returned to michasia
michasia collected $5.50 from pot
michasia: doesn't show hand 
*** SUMMARY ***
Total pot $5.50 | Rake $0 
Seat 1: z00mba (button) folded before Flop (didn't bet)
Seat 2: henri789 (small blind) folded before Flop
Seat 3: kel3vr4_23 (big blind) folded before Flop
Seat 4: Mr_Dick666 folded before Flop
Seat 5: michasia collected ($5.50)
Seat 6: KFCAFC123 folded before Flop (didn't bet)



PokerStars Hand #254506819679:  Hold'em No Limit ($0.50/$1.00 USD) - 2025/01/22 22:16:18 WET [2025/01/22 17:16:18 ET]
Table 'Laomedon II' 6-max Seat #2 is the button
Seat 1: z00mba ($112.66 in chips) 
Seat 2: henri789 ($103.70 in chips) 
Seat 3: kel3vr4_23 ($13 in chips) 
Seat 4: Mr_Dick666 ($100 in chips) 
Seat 5: michasia ($142.20 in chips) 
Seat 6: KFCAFC123 ($136.59 in chips) 
kel3vr4_23: posts small blind $0.50
Mr_Dick666: posts big blind $1
*** HOLE CARDS ***
michasia: folds 
KFCAFC123: folds 
z00mba: folds 
henri789: folds 
kel3vr4_23: folds 
Uncalled bet ($0.50) returned to Mr_Dick666
Mr_Dick666 collected $1 from pot
Mr_Dick666: doesn't show hand 
*** SUMMARY ***
Total pot $1 | Rake $0 
Seat 1: z00mba folded before Flop (didn't bet)
Seat 2: henri789 (button) folded before Flop (didn't bet)
Seat 3: kel3vr4_23 (small blind) folded before Flop
Seat 4: Mr_Dick666 (big blind) collected ($1)
Seat 5: michasia folded before Flop (didn't bet)
Seat 6: KFCAFC123 folded before Flop (didn't bet)



PokerStars Hand #254506822581:  Hold'em No Limit ($0.50/$1.00 USD) - 2025/01/22 22:16:29 WET [2025/01/22 17:16:29 ET]
Table 'Laomedon II' 6-max Seat #3 is the button
Seat 1: z00mba ($112.66 in chips) 
Seat 2: henri789 ($103.70 in chips) 
Seat 3: kel3vr4_23 ($12.50 in chips) 
Seat 4: Mr_Dick666 ($100.50 in chips) 
Seat 5: michasia ($142.20 in chips) 
Seat 6: KFCAFC123 ($136.59 in chips) 
Mr_Dick666: posts small blind $0.50
michasia: posts big blind $1
*** HOLE CARDS ***
KFCAFC123: folds 
z00mba: folds 
henri789: folds 
kel3vr4_23: folds 
Mr_Dick666: folds 
Uncalled bet ($0.50) returned to michasia
michasia collected $1 from pot
michasia: doesn't show hand 
*** SUMMARY ***
Total pot $1 | Rake $0 
Seat 1: z00mba folded before Flop (didn't bet)
Seat 2: henri789 folded before Flop (didn't bet)
Seat 3: kel3vr4_23 (button) folded before Flop (didn't bet)
Seat 4: Mr_Dick666 (small blind) folded before Flop
Seat 5: michasia (big blind) collected ($1)
Seat 6: KFCAFC123 folded before Flop (didn't bet)



PokerStars Hand #254506826627:  Hold'em No Limit ($0.50/$1.00 USD) - 2025/01/22 22:16:42 WET [2025/01/22 17:16:42 ET]
Table 'Laomedon II' 6-max Seat #4 is the button
Seat 1: z00mba ($112.66 in chips) 
Seat 2: henri789 ($103.70 in chips) 
Seat 3: kel3vr4_23 ($12.50 in chips) 
Seat 4: Mr_Dick666 ($100 in chips) 
Seat 5: michasia ($142.70 in chips) 
Seat 6: KFCAFC123 ($136.59 in chips) 
michasia: posts small blind $0.50
KFCAFC123: posts big blind $1
*** HOLE CARDS ***
z00mba: folds 
henri789: folds 
kel3vr4_23: folds 
Mr_Dick666: raises $2 to $3
michasia: folds 
KFCAFC123: raises $2 to $5
Mr_Dick666: calls $2
*** FLOP *** [2c Jh Tc]
KFCAFC123: bets $1
Mr_Dick666: calls $1
*** TURN *** [2c Jh Tc] [9h]
KFCAFC123: bets $2
Mr_Dick666: calls $2
*** RIVER *** [2c Jh Tc 9h] [6h]
KFCAFC123: bets $4
Mr_Dick666: raises $30.44 to $34.44
KFCAFC123: folds 
Uncalled bet ($30.44) returned to Mr_Dick666
Mr_Dick666 collected $23.28 from pot
Mr_Dick666: doesn't show hand 
*** SUMMARY ***
Total pot $24.50 | Rake $1.22 
Board [2c Jh Tc 9h 6h]
Seat 1: z00mba folded before Flop (didn't bet)
Seat 2: henri789 folded before Flop (didn't bet)
Seat 3: kel3vr4_23 folded before Flop (didn't bet)
Seat 4: Mr_Dick666 (button) collected ($23.28)
Seat 5: michasia (small blind) folded before Flop
Seat 6: KFCAFC123 (big blind) folded on the River



PokerStars Hand #254506845682:  Hold'em No Limit ($0.50/$1.00 USD) - 2025/01/22 22:17:50 WET [2025/01/22 17:17:50 ET]
Table 'Laomedon II' 6-max Seat #5 is the button
Seat 1: z00mba ($112.66 in chips) 
Seat 2: henri789 ($103.70 in chips) 
Seat 3: kel3vr4_23 ($12.50 in chips) 
Seat 4: Mr_Dick666 ($111.28 in chips) 
Seat 5: michasia ($142.20 in chips) 
Seat 6: KFCAFC123 ($124.59 in chips) 
KFCAFC123: posts small blind $0.50
z00mba: posts big blind $1
*** HOLE CARDS ***
henri789: folds 
kel3vr4_23: raises $1 to $2
Mr_Dick666: folds 
michasia: folds 
KFCAFC123: calls $1.50
z00mba: calls $1
*** FLOP *** [2s 9d 4d]
KFCAFC123: bets $1
z00mba: calls $1
kel3vr4_23: raises $9.50 to $10.50 and is all-in
KFCAFC123: folds 
z00mba: calls $9.50
*** TURN *** [2s 9d 4d] [2h]
*** RIVER *** [2s 9d 4d 2h] [5c]
*** SHOW DOWN ***
z00mba: shows [Jd 3d] (a pair of Deuces)
kel3vr4_23: shows [Kc 9c] (two pair, Nines and Deuces)
kel3vr4_23 collected $26.60 from pot
*** SUMMARY ***
Total pot $28 | Rake $1.40 
Board [2s 9d 4d 2h 5c]
Seat 1: z00mba (big blind) showed [Jd 3d] and lost with a pair of Deuces
Seat 2: henri789 folded before Flop (didn't bet)
Seat 3: kel3vr4_23 showed [Kc 9c] and won ($26.60) with two pair, Nines and Deuces
Seat 4: Mr_Dick666 folded before Flop (didn't bet)
Seat 5: michasia (button) folded before Flop (didn't bet)
Seat 6: KFCAFC123 (small blind) folded on the Flop



PokerStars Hand #254506859089:  Hold'em No Limit ($0.50/$1.00 USD) - 2025/01/22 22:18:37 WET [2025/01/22 17:18:37 ET]
Table 'Laomedon II' 6-max Seat #6 is the button
Seat 1: z00mba ($100.16 in chips) 
Seat 2: henri789 ($103.70 in chips) 
Seat 3: kel3vr4_23 ($26.60 in chips) 
Seat 4: Mr_Dick666 ($111.28 in chips) 
Seat 5: michasia ($142.20 in chips) 
Seat 6: KFCAFC123 ($121.59 in chips) 
z00mba: posts small blind $0.50
henri789: posts big blind $1
*** HOLE CARDS ***
kel3vr4_23: folds 
Mr_Dick666: folds 
michasia: folds 
KFCAFC123: folds 
z00mba: raises $2 to $3
henri789: raises $6 to $9
z00mba: calls $6
*** FLOP *** [9h Qc Qh]
z00mba: checks 
henri789: bets $8.38
z00mba: folds 
Uncalled bet ($8.38) returned to henri789
henri789 collected $17.10 from pot
henri789: doesn't show hand 
*** SUMMARY ***
Total pot $18 | Rake $0.90 
Board [9h Qc Qh]
Seat 1: z00mba (small blind) folded on the Flop
Seat 2: henri789 (big blind) collected ($17.10)
Seat 3: kel3vr4_23 folded before Flop (didn't bet)
Seat 4: Mr_Dick666 folded before Flop (didn't bet)
Seat 5: michasia folded before Flop (didn't bet)
Seat 6: KFCAFC123 (button) folded before Flop (didn't bet)



PokerStars Hand #254506874103:  Hold'em No Limit ($0.50/$1.00 USD) - 2025/01/22 22:19:30 WET [2025/01/22 17:19:30 ET]
Table 'Laomedon II' 6-max Seat #1 is the button
Seat 1: z00mba ($100 in chips) 
Seat 2: henri789 ($111.80 in chips) 
Seat 3: kel3vr4_23 ($26.60 in chips) 
Seat 4: Mr_Dick666 ($111.28 in chips) 
Seat 5: michasia ($142.20 in chips) 
Seat 6: KFCAFC123 ($121.59 in chips) 
henri789: posts small blind $0.50
kel3vr4_23: posts big blind $1
*** HOLE CARDS ***
Mr_Dick666: folds 
michasia: folds 
KFCAFC123: calls $1
z00mba: folds 
henri789: folds 
kel3vr4_23: checks 
*** FLOP *** [5s 8h 9d]
kel3vr4_23: checks 
KFCAFC123: checks 
*** TURN *** [5s 8h 9d] [Qc]
kel3vr4_23: checks 
KFCAFC123: bets $1
kel3vr4_23: calls $1
*** RIVER *** [5s 8h 9d Qc] [Js]
kel3vr4_23: checks 
KFCAFC123: bets $2
kel3vr4_23: calls $2
*** SHOW DOWN ***
KFCAFC123: shows [2h 2c] (a pair of Deuces)
kel3vr4_23: shows [Jc 3h] (a pair of Jacks)
kel3vr4_23 collected $8.08 from pot
*** SUMMARY ***
Total pot $8.50 | Rake $0.42 
Board [5s 8h 9d Qc Js]
Seat 1: z00mba (button) folded before Flop (didn't bet)
Seat 2: henri789 (small blind) folded before Flop
Seat 3: kel3vr4_23 (big blind) showed [Jc 3h] and won ($8.08) with a pair of Jacks
Seat 4: Mr_Dick666 folded before Flop (didn't bet)
Seat 5: michasia folded before Flop (didn't bet)
Seat 6: KFCAFC123 showed [2h 2c] and lost with a pair of Deuces



PokerStars Hand #254506882785:  Hold'em No Limit ($0.50/$1.00 USD) - 2025/01/22 22:20:02 WET [2025/01/22 17:20:02 ET]
Table 'Laomedon II' 6-max Seat #2 is the button
Seat 1: z00mba ($100 in chips) 
Seat 2: henri789 ($111.30 in chips) 
Seat 3: kel3vr4_23 ($30.68 in chips) 
Seat 4: Mr_Dick666 ($111.28 in chips) 
Seat 5: michasia ($142.20 in chips) 
Seat 6: KFCAFC123 ($117.59 in chips) 
kel3vr4_23: posts small blind $0.50
Mr_Dick666: posts big blind $1
*** HOLE CARDS ***
michasia: folds 
KFCAFC123: folds 
z00mba: raises $1.50 to $2.50
henri789: folds 
kel3vr4_23: folds 
Mr_Dick666: calls $1.50
*** FLOP *** [7s 6h 8c]
Mr_Dick666: bets $1.72
z00mba: raises $6.78 to $8.50
Mr_Dick666: raises $9.50 to $18
z00mba: calls $9.50
*** TURN *** [7s 6h 8c] [Td]
Mr_Dick666: checks 
z00mba: checks 
*** RIVER *** [7s 6h 8c Td] [Qd]
Mr_Dick666: checks 
z00mba: checks 
*** SHOW DOWN ***
Mr_Dick666: shows [Kd Tc] (a pair of Tens)
z00mba: shows [6d 6s] (three of a kind, Sixes)
z00mba collected $39.42 from pot
*** SUMMARY ***
Total pot $41.50 | Rake $2.08 
Board [7s 6h 8c Td Qd]
Seat 1: z00mba showed [6d 6s] and won ($39.42) with three of a kind, Sixes
Seat 2: henri789 (button) folded before Flop (didn't bet)
Seat 3: kel3vr4_23 (small blind) folded before Flop
Seat 4: Mr_Dick666 (big blind) showed [Kd Tc] and lost with a pair of Tens
Seat 5: michasia folded before Flop (didn't bet)
Seat 6: KFCAFC123 folded before Flop (didn't bet)



PokerStars Hand #254506907110:  Hold'em No Limit ($0.50/$1.00 USD) - 2025/01/22 22:21:29 WET [2025/01/22 17:21:29 ET]
Table 'Laomedon II' 6-max Seat #3 is the button
Seat 1: z00mba ($118.92 in chips) 
Seat 2: henri789 ($111.30 in chips) 
Seat 3: kel3vr4_23 ($30.18 in chips) 
Seat 4: Mr_Dick666 ($100 in chips) 
Seat 5: michasia ($142.20 in chips) 
Seat 6: KFCAFC123 ($117.59 in chips) 
Mr_Dick666: posts small blind $0.50
michasia: posts big blind $1
*** HOLE CARDS ***
KFCAFC123: folds 
z00mba: folds 
henri789: folds 
kel3vr4_23: folds 
Mr_Dick666: folds 
Uncalled bet ($0.50) returned to michasia
michasia collected $1 from pot
michasia: doesn't show hand 
*** SUMMARY ***
Total pot $1 | Rake $0 
Seat 1: z00mba folded before Flop (didn't bet)
Seat 2: henri789 folded before Flop (didn't bet)
Seat 3: kel3vr4_23 (button) folded before Flop (didn't bet)
Seat 4: Mr_Dick666 (small blind) folded before Flop
Seat 5: michasia (big blind) collected ($1)
Seat 6: KFCAFC123 folded before Flop (didn't bet)



PokerStars Hand #254506912145:  Hold'em No Limit ($0.50/$1.00 USD) - 2025/01/22 22:21:47 WET [2025/01/22 17:21:47 ET]
Table 'Laomedon II' 6-max Seat #4 is the button
Seat 1: z00mba ($118.92 in chips) 
Seat 2: henri789 ($111.30 in chips) 
Seat 3: kel3vr4_23 ($30.18 in chips) 
Seat 4: Mr_Dick666 ($100 in chips) 
Seat 5: michasia ($142.70 in chips) 
Seat 6: KFCAFC123 ($117.59 in chips) 
michasia: posts small blind $0.50
KFCAFC123: posts big blind $1
*** HOLE CARDS ***
z00mba: folds 
henri789: folds 
kel3vr4_23: folds 
Mr_Dick666: raises $1.50 to $2.50
michasia: folds 
KFCAFC123: calls $1.50
*** FLOP *** [6d 5h 7s]
KFCAFC123: bets $1
Mr_Dick666: calls $1
*** TURN *** [6d 5h 7s] [Qd]
KFCAFC123: checks 
Mr_Dick666: checks 
*** RIVER *** [6d 5h 7s Qd] [Ac]
KFCAFC123: bets $2
Mr_Dick666: folds 
Uncalled bet ($2) returned to KFCAFC123
KFCAFC123 collected $7.12 from pot
*** SUMMARY ***
Total pot $7.50 | Rake $0.38 
Board [6d 5h 7s Qd Ac]
Seat 1: z00mba folded before Flop (didn't bet)
Seat 2: henri789 folded before Flop (didn't bet)
Seat 3: kel3vr4_23 folded before Flop (didn't bet)
Seat 4: Mr_Dick666 (button) folded on the River
Seat 5: michasia (small blind) folded before Flop
Seat 6: KFCAFC123 (big blind) collected ($7.12)



PokerStars Hand #254506926585:  Hold'em No Limit ($0.50/$1.00 USD) - 2025/01/22 22:22:39 WET [2025/01/22 17:22:39 ET]
Table 'Laomedon II' 6-max Seat #5 is the button
Seat 1: z00mba ($118.92 in chips) 
Seat 2: henri789 ($111.30 in chips) 
Seat 3: kel3vr4_23 ($30.18 in chips) 
Seat 4: Mr_Dick666 ($100 in chips) 
Seat 5: michasia ($142.20 in chips) 
Seat 6: KFCAFC123 ($121.21 in chips) 
KFCAFC123: posts small blind $0.50
z00mba: posts big blind $1
*** HOLE CARDS ***
henri789: folds 
kel3vr4_23: folds 
Mr_Dick666: folds 
michasia: folds 
KFCAFC123: calls $0.50
z00mba: checks 
*** FLOP *** [3s Qc Qh]
KFCAFC123: checks 
z00mba: checks 
*** TURN *** [3s Qc Qh] [8d]
KFCAFC123: checks 
z00mba: checks 
*** RIVER *** [3s Qc Qh 8d] [2h]
KFCAFC123: bets $2
z00mba: folds 
Uncalled bet ($2) returned to KFCAFC123
KFCAFC123 collected $1.90 from pot
*** SUMMARY ***
Total pot $2 | Rake $0.10 
Board [3s Qc Qh 8d 2h]
Seat 1: z00mba (big blind) folded on the River
Seat 2: henri789 folded before Flop (didn't bet)
Seat 3: kel3vr4_23 folded before Flop (didn't bet)
Seat 4: Mr_Dick666 folded before Flop (didn't bet)
Seat 5: michasia (button) folded before Flop (didn't bet)
Seat 6: KFCAFC123 (small blind) collected ($1.90)



PokerStars Hand #254506939852:  Hold'em No Limit ($0.50/$1.00 USD) - 2025/01/22 22:23:27 WET [2025/01/22 17:23:27 ET]
Table 'Laomedon II' 6-max Seat #6 is the button
Seat 1: z00mba ($117.92 in chips) 
Seat 2: henri789 ($111.30 in chips) 
Seat 3: kel3vr4_23 ($30.18 in chips) 
Seat 4: Mr_Dick666 ($100 in chips) 
Seat 5: michasia ($142.20 in chips) 
Seat 6: KFCAFC123 ($122.11 in chips) 
z00mba: posts small blind $0.50
henri789: posts big blind $1
*** HOLE CARDS ***
kel3vr4_23: folds 
Mr_Dick666: folds 
michasia: folds 
KFCAFC123: calls $1
z00mba: raises $3.50 to $4.50
henri789: calls $3.50
KFCAFC123: folds 
*** FLOP *** [Qh Ac Tc]
z00mba: bets $4.66
henri789: calls $4.66
*** TURN *** [Qh Ac Tc] [Js]
z00mba: checks 
henri789: checks 
*** RIVER *** [Qh Ac Tc Js] [8h]
z00mba: checks 
henri789: checks 
*** SHOW DOWN ***
z00mba: shows [Ad Ts] (two pair, Aces and Tens)
henri789: mucks hand 
z00mba collected $18.35 from pot
*** SUMMARY ***
Total pot $19.32 | Rake $0.97 
Board [Qh Ac Tc Js 8h]
Seat 1: z00mba (small blind) showed [Ad Ts] and won ($18.35) with two pair, Aces and Tens
Seat 2: henri789 (big blind) mucked
Seat 3: kel3vr4_23 folded before Flop (didn't bet)
Seat 4: Mr_Dick666 folded before Flop (didn't bet)
Seat 5: michasia folded before Flop (didn't bet)
Seat 6: KFCAFC123 (button) folded before Flop



PokerStars Hand #254506965082:  Hold'em No Limit ($0.50/$1.00 USD) - 2025/01/22 22:24:57 WET [2025/01/22 17:24:57 ET]
Table 'Laomedon II' 6-max Seat #1 is the button
Seat 1: z00mba ($127.11 in chips) 
Seat 2: henri789 ($102.14 in chips) 
Seat 3: kel3vr4_23 ($30.18 in chips) 
Seat 4: Mr_Dick666 ($100 in chips) 
Seat 5: michasia ($142.20 in chips) 
Seat 6: KFCAFC123 ($121.11 in chips) 
henri789: posts small blind $0.50
kel3vr4_23: posts big blind $1
*** HOLE CARDS ***
Mr_Dick666: folds 
michasia: folds 
KFCAFC123: folds 
z00mba: raises $1.50 to $2.50
henri789: folds 
kel3vr4_23: folds 
Uncalled bet ($1.50) returned to z00mba
z00mba collected $2.50 from pot
z00mba: doesn't show hand 
*** SUMMARY ***
Total pot $2.50 | Rake $0 
Seat 1: z00mba (button) collected ($2.50)
Seat 2: henri789 (small blind) folded before Flop
Seat 3: kel3vr4_23 (big blind) folded before Flop
Seat 4: Mr_Dick666 folded before Flop (didn't bet)
Seat 5: michasia folded before Flop (didn't bet)
Seat 6: KFCAFC123 folded before Flop (didn't bet)



PokerStars Hand #254506970065:  Hold'em No Limit ($0.50/$1.00 USD) - 2025/01/22 22:25:14 WET [2025/01/22 17:25:14 ET]
Table 'Laomedon II' 6-max Seat #2 is the button
Seat 1: z00mba ($128.61 in chips) 
Seat 2: henri789 ($101.64 in chips) 
Seat 3: kel3vr4_23 ($29.18 in chips) 
Seat 4: Mr_Dick666 ($100 in chips) 
Seat 5: michasia ($142.20 in chips) 
Seat 6: KFCAFC123 ($121.11 in chips) 
kel3vr4_23: posts small blind $0.50
Mr_Dick666: posts big blind $1
*** HOLE CARDS ***
michasia: folds 
KFCAFC123: folds 
z00mba: folds 
henri789: folds 
kel3vr4_23: raises $2 to $3
Mr_Dick666: folds 
Uncalled bet ($2) returned to kel3vr4_23
kel3vr4_23 collected $2 from pot
kel3vr4_23: doesn't show hand 
*** SUMMARY ***
Total pot $2 | Rake $0 
Seat 1: z00mba folded before Flop (didn't bet)
Seat 2: henri789 (button) folded before Flop (didn't bet)
Seat 3: kel3vr4_23 (small blind) collected ($2)
Seat 4: Mr_Dick666 (big blind) folded before Flop
Seat 5: michasia folded before Flop (didn't bet)
Seat 6: KFCAFC123 folded before Flop (didn't bet)



PokerStars Hand #254506973976:  Hold'em No Limit ($0.50/$1.00 USD) - 2025/01/22 22:25:28 WET [2025/01/22 17:25:28 ET]
Table 'Laomedon II' 6-max Seat #3 is the button
Seat 1: z00mba ($128.61 in chips) 
Seat 2: henri789 ($101.64 in chips) 
Seat 3: kel3vr4_23 ($30.18 in chips) 
Seat 4: Mr_Dick666 ($100 in chips) 
Seat 5: michasia ($142.20 in chips) 
Seat 6: KFCAFC123 ($121.11 in chips) 
Mr_Dick666: posts small blind $0.50
michasia: posts big blind $1
*** HOLE CARDS ***
KFCAFC123: folds 
z00mba: folds 
henri789: raises $1.20 to $2.20
kel3vr4_23: folds 
Mr_Dick666: folds 
michasia: folds 
Uncalled bet ($1.20) returned to henri789
henri789 collected $2.50 from pot
henri789: doesn't show hand 
*** SUMMARY ***
Total pot $2.50 | Rake $0 
Seat 1: z00mba folded before Flop (didn't bet)
Seat 2: henri789 collected ($2.50)
Seat 3: kel3vr4_23 (button) folded before Flop (didn't bet)
Seat 4: Mr_Dick666 (small blind) folded before Flop
Seat 5: michasia (big blind) folded before Flop
Seat 6: KFCAFC123 folded before Flop (didn't bet)



PokerStars Hand #254506979146:  Hold'em No Limit ($0.50/$1.00 USD) - 2025/01/22 22:25:47 WET [2025/01/22 17:25:47 ET]
Table 'Laomedon II' 6-max Seat #4 is the button
Seat 1: z00mba ($128.61 in chips) 
Seat 2: henri789 ($103.14 in chips) 
Seat 3: kel3vr4_23 ($30.18 in chips) 
Seat 4: Mr_Dick666 ($100 in chips) 
Seat 5: michasia ($141.20 in chips) 
Seat 6: KFCAFC123 ($121.11 in chips) 
michasia: posts small blind $0.50
KFCAFC123: posts big blind $1
*** HOLE CARDS ***
z00mba: folds 
henri789: folds 
kel3vr4_23: raises $1 to $2
Mr_Dick666: folds 
michasia: raises $6 to $8
KFCAFC123: folds 
kel3vr4_23: folds 
Uncalled bet ($6) returned to michasia
michasia collected $5 from pot
michasia: doesn't show hand 
*** SUMMARY ***
Total pot $5 | Rake $0 
Seat 1: z00mba folded before Flop (didn't bet)
Seat 2: henri789 folded before Flop (didn't bet)
Seat 3: kel3vr4_23 folded before Flop
Seat 4: Mr_Dick666 (button) folded before Flop (didn't bet)
Seat 5: michasia (small blind) collected ($5)
Seat 6: KFCAFC123 (big blind) folded before Flop



PokerStars Hand #254506986064:  Hold'em No Limit ($0.50/$1.00 USD) - 2025/01/22 22:26:11 WET [2025/01/22 17:26:11 ET]
Table 'Laomedon II' 6-max Seat #5 is the button
Seat 1: z00mba ($128.61 in chips) 
Seat 2: henri789 ($103.14 in chips) 
Seat 3: kel3vr4_23 ($28.18 in chips) 
Seat 4: Mr_Dick666 ($100 in chips) 
Seat 5: michasia ($144.20 in chips) 
Seat 6: KFCAFC123 ($120.11 in chips) 
KFCAFC123: posts small blind $0.50
z00mba: posts big blind $1
*** HOLE CARDS ***
henri789: folds 
kel3vr4_23: folds 
Mr_Dick666: folds 
michasia: folds 
KFCAFC123: calls $0.50
z00mba: checks 
*** FLOP *** [6s 4s Td]
KFCAFC123: bets $1
z00mba: folds 
Uncalled bet ($1) returned to KFCAFC123
KFCAFC123 collected $1.90 from pot
*** SUMMARY ***
Total pot $2 | Rake $0.10 
Board [6s 4s Td]
Seat 1: z00mba (big blind) folded on the Flop
Seat 2: henri789 folded before Flop (didn't bet)
Seat 3: kel3vr4_23 folded before Flop (didn't bet)
Seat 4: Mr_Dick666 folded before Flop (didn't bet)
Seat 5: michasia (button) folded before Flop (didn't bet)
Seat 6: KFCAFC123 (small blind) collected ($1.90)



PokerStars Hand #254506992030:  Hold'em No Limit ($0.50/$1.00 USD) - 2025/01/22 22:26:33 WET [2025/01/22 17:26:33 ET]
Table 'Laomedon II' 6-max Seat #6 is the button
Seat 1: z00mba ($127.61 in chips) 
Seat 2: henri789 ($103.14 in chips) 
Seat 3: kel3vr4_23 ($28.18 in chips) 
Seat 4: Mr_Dick666 ($100 in chips) 
Seat 5: michasia ($144.20 in chips) 
Seat 6: KFCAFC123 ($121.01 in chips) 
z00mba: posts small blind $0.50
henri789: posts big blind $1
*** HOLE CARDS ***
kel3vr4_23: folds 
Mr_Dick666: folds 
michasia: raises $1.80 to $2.80
KFCAFC123: calls $2.80
z00mba: folds 
henri789: folds 
*** FLOP *** [Ac 2h 6h]
michasia: bets $4.49
KFCAFC123: folds 
Uncalled bet ($4.49) returned to michasia
michasia collected $6.74 from pot
michasia: doesn't show hand 
*** SUMMARY ***
Total pot $7.10 | Rake $0.36 
Board [Ac 2h 6h]
Seat 1: z00mba (small blind) folded before Flop
Seat 2: henri789 (big blind) folded before Flop
Seat 3: kel3vr4_23 folded before Flop (didn't bet)
Seat 4: Mr_Dick666 folded before Flop (didn't bet)
Seat 5: michasia collected ($6.74)
Seat 6: KFCAFC123 (button) folded on the Flop



PokerStars Hand #254506998871:  Hold'em No Limit ($0.50/$1.00 USD) - 2025/01/22 22:26:57 WET [2025/01/22 17:26:57 ET]
Table 'Laomedon II' 6-max Seat #1 is the button
Seat 1: z00mba ($127.11 in chips) 
Seat 2: henri789 ($102.14 in chips) 
Seat 3: kel3vr4_23 ($28.18 in chips) 
Seat 4: Mr_Dick666 ($100 in chips) 
Seat 5: michasia ($148.14 in chips) 
Seat 6: KFCAFC123 ($118.21 in chips) 
henri789: posts small blind $0.50
kel3vr4_23: posts big blind $1
*** HOLE CARDS ***
Mr_Dick666: folds 
michasia: folds 
KFCAFC123: folds 
z00mba: raises $1.50 to $2.50
henri789: folds 
kel3vr4_23: calls $1.50
*** FLOP *** [2c 7h 3h]
kel3vr4_23: checks 
z00mba: bets $1.67
kel3vr4_23: calls $1.67
*** TURN *** [2c 7h 3h] [7s]
kel3vr4_23: checks 
z00mba: bets $5
kel3vr4_23: raises $19.01 to $24.01 and is all-in
z00mba: folds 
Uncalled bet ($19.01) returned to kel3vr4_23
kel3vr4_23 collected $17.90 from pot
kel3vr4_23: doesn't show hand 
*** SUMMARY ***
Total pot $18.84 | Rake $0.94 
Board [2c 7h 3h 7s]
Seat 1: z00mba (button) folded on the Turn
Seat 2: henri789 (small blind) folded before Flop
Seat 3: kel3vr4_23 (big blind) collected ($17.90)
Seat 4: Mr_Dick666 folded before Flop (didn't bet)
Seat 5: michasia folded before Flop (didn't bet)
Seat 6: KFCAFC123 folded before Flop (didn't bet)



PokerStars Hand #254507014083:  Hold'em No Limit ($0.50/$1.00 USD) - 2025/01/22 22:27:51 WET [2025/01/22 17:27:51 ET]
Table 'Laomedon II' 6-max Seat #2 is the button
Seat 1: z00mba ($117.94 in chips) 
Seat 2: henri789 ($101.64 in chips) 
Seat 3: kel3vr4_23 ($36.91 in chips) 
Seat 4: Mr_Dick666 ($100 in chips) 
Seat 5: michasia ($148.14 in chips) 
Seat 6: KFCAFC123 ($118.21 in chips) 
kel3vr4_23: posts small blind $0.50
Mr_Dick666: posts big blind $1
*** HOLE CARDS ***
michasia: folds 
KFCAFC123: raises $1 to $2
z00mba: folds 
henri789: folds 
kel3vr4_23: folds 
Mr_Dick666: folds 
Uncalled bet ($1) returned to KFCAFC123
KFCAFC123 collected $2.50 from pot
*** SUMMARY ***
Total pot $2.50 | Rake $0 
Seat 1: z00mba folded before Flop (didn't bet)
Seat 2: henri789 (button) folded before Flop (didn't bet)
Seat 3: kel3vr4_23 (small blind) folded before Flop
Seat 4: Mr_Dick666 (big blind) folded before Flop
Seat 5: michasia folded before Flop (didn't bet)
Seat 6: KFCAFC123 collected ($2.50)



PokerStars Hand #254507019408:  Hold'em No Limit ($0.50/$1.00 USD) - 2025/01/22 22:28:10 WET [2025/01/22 17:28:10 ET]
Table 'Laomedon II' 6-max Seat #3 is the button
Seat 1: z00mba ($117.94 in chips) 
Seat 2: henri789 ($101.64 in chips) 
Seat 3: kel3vr4_23 ($36.41 in chips) 
Seat 4: Mr_Dick666 ($100 in chips) 
Seat 5: michasia ($148.14 in chips) 
Seat 6: KFCAFC123 ($119.71 in chips) 
Mr_Dick666: posts small blind $0.50
michasia: posts big blind $1
*** HOLE CARDS ***
KFCAFC123: folds 
z00mba: folds 
henri789: folds 
kel3vr4_23: folds 
Mr_Dick666: raises $2 to $3
michasia: raises $6 to $9
Mr_Dick666: folds 
Uncalled bet ($6) returned to michasia
michasia collected $6 from pot
michasia: doesn't show hand 
*** SUMMARY ***
Total pot $6 | Rake $0 
Seat 1: z00mba folded before Flop (didn't bet)
Seat 2: henri789 folded before Flop (didn't bet)
Seat 3: kel3vr4_23 (button) folded before Flop (didn't bet)
Seat 4: Mr_Dick666 (small blind) folded before Flop
Seat 5: michasia (big blind) collected ($6)
Seat 6: KFCAFC123 folded before Flop (didn't bet)



PokerStars Hand #254507027960:  Hold'em No Limit ($0.50/$1.00 USD) - 2025/01/22 22:28:41 WET [2025/01/22 17:28:41 ET]
Table 'Laomedon II' 6-max Seat #4 is the button
Seat 1: z00mba ($117.94 in chips) 
Seat 2: henri789 ($101.64 in chips) 
Seat 3: kel3vr4_23 ($36.41 in chips) 
Seat 4: Mr_Dick666 ($100 in chips) 
Seat 5: michasia ($151.14 in chips) 
Seat 6: KFCAFC123 ($119.71 in chips) 
michasia: posts small blind $0.50
KFCAFC123: posts big blind $1
*** HOLE CARDS ***
z00mba: folds 
henri789: folds 
kel3vr4_23: folds 
Mr_Dick666: folds 
michasia: raises $2 to $3
KFCAFC123: raises $2 to $5
michasia: calls $2
*** FLOP *** [Jh Qd 3h]
michasia: checks 
KFCAFC123: bets $2
michasia: calls $2
*** TURN *** [Jh Qd 3h] [6d]
michasia: checks 
KFCAFC123: bets $4
michasia: calls $4
*** RIVER *** [Jh Qd 3h 6d] [5d]
michasia: checks 
KFCAFC123: bets $10.45
michasia: raises $97.55 to $108
KFCAFC123: folds 
Uncalled bet ($97.55) returned to michasia
michasia collected $40.76 from pot
michasia: doesn't show hand 
*** SUMMARY ***
Total pot $42.90 | Rake $2.14 
Board [Jh Qd 3h 6d 5d]
Seat 1: z00mba folded before Flop (didn't bet)
Seat 2: henri789 folded before Flop (didn't bet)
Seat 3: kel3vr4_23 folded before Flop (didn't bet)
Seat 4: Mr_Dick666 (button) folded before Flop (didn't bet)
Seat 5: michasia (small blind) collected ($40.76)
Seat 6: KFCAFC123 (big blind) folded on the River



PokerStars Hand #254507051496:  Hold'em No Limit ($0.50/$1.00 USD) - 2025/01/22 22:30:05 WET [2025/01/22 17:30:05 ET]
Table 'Laomedon II' 6-max Seat #5 is the button
Seat 1: z00mba ($117.94 in chips) 
Seat 2: henri789 ($101.64 in chips) 
Seat 3: kel3vr4_23 ($36.41 in chips) 
Seat 4: Mr_Dick666 ($100 in chips) 
Seat 5: michasia ($170.45 in chips) 
Seat 6: KFCAFC123 ($98.26 in chips) 
KFCAFC123: posts small blind $0.50
z00mba: posts big blind $1
*** HOLE CARDS ***
henri789: folds 
kel3vr4_23: raises $1 to $2
Mr_Dick666: folds 
michasia: folds 
KFCAFC123: calls $1.50
z00mba: calls $1
*** FLOP *** [Kc 3s Th]
KFCAFC123: checks 
z00mba: checks 
kel3vr4_23: checks 
*** TURN *** [Kc 3s Th] [As]
KFCAFC123: bets $1
z00mba: calls $1
kel3vr4_23: raises $3 to $4
KFCAFC123: calls $3
z00mba: calls $3
*** RIVER *** [Kc 3s Th As] [4c]
KFCAFC123: checks 
z00mba: checks 
kel3vr4_23: bets $8.55
KFCAFC123: folds 
z00mba: calls $8.55
*** SHOW DOWN ***
kel3vr4_23: shows [3h Ah] (two pair, Aces and Threes)
z00mba: mucks hand 
kel3vr4_23 collected $33.34 from pot
*** SUMMARY ***
Total pot $35.10 | Rake $1.76 
Board [Kc 3s Th As 4c]
Seat 1: z00mba (big blind) mucked
Seat 2: henri789 folded before Flop (didn't bet)
Seat 3: kel3vr4_23 showed [3h Ah] and won ($33.34) with two pair, Aces and Threes
Seat 4: Mr_Dick666 folded before Flop (didn't bet)
Seat 5: michasia (button) folded before Flop (didn't bet)
Seat 6: KFCAFC123 (small blind) folded on the River



PokerStars Hand #254507075880:  Hold'em No Limit ($0.50/$1.00 USD) - 2025/01/22 22:31:33 WET [2025/01/22 17:31:33 ET]
Table 'Laomedon II' 6-max Seat #6 is the button
Seat 1: z00mba ($103.39 in chips) 
Seat 2: henri789 ($101.64 in chips) 
Seat 3: kel3vr4_23 ($55.20 in chips) 
Seat 4: Mr_Dick666 ($100 in chips) 
Seat 5: michasia ($170.45 in chips) 
Seat 6: KFCAFC123 ($92.26 in chips) 
z00mba: posts small blind $0.50
henri789: posts big blind $1
*** HOLE CARDS ***
kel3vr4_23: folds 
Mr_Dick666: folds 
michasia: folds 
KFCAFC123: folds 
z00mba: raises $2 to $3
henri789: folds 
Uncalled bet ($2) returned to z00mba
z00mba collected $2 from pot
z00mba: doesn't show hand 
*** SUMMARY ***
Total pot $2 | Rake $0 
Seat 1: z00mba (small blind) collected ($2)
Seat 2: henri789 (big blind) folded before Flop
Seat 3: kel3vr4_23 folded before Flop (didn't bet)
Seat 4: Mr_Dick666 folded before Flop (didn't bet)
Seat 5: michasia folded before Flop (didn't bet)
Seat 6: KFCAFC123 (button) folded before Flop (didn't bet)



PokerStars Hand #254507081148:  Hold'em No Limit ($0.50/$1.00 USD) - 2025/01/22 22:31:52 WET [2025/01/22 17:31:52 ET]
Table 'Laomedon II' 6-max Seat #1 is the button
Seat 1: z00mba ($104.39 in chips) 
Seat 2: henri789 ($100.64 in chips) 
Seat 3: kel3vr4_23 ($55.20 in chips) 
Seat 4: Mr_Dick666 ($100 in chips) 
Seat 5: michasia ($170.45 in chips) 
Seat 6: KFCAFC123 ($92.26 in chips) 
henri789: posts small blind $0.50
kel3vr4_23: posts big blind $1
*** HOLE CARDS ***
Mr_Dick666: raises $1 to $2
michasia: folds 
KFCAFC123: folds 
z00mba: folds 
henri789: folds 
kel3vr4_23: calls $1
*** FLOP *** [9d Td 5c]
kel3vr4_23: checks 
Mr_Dick666: bets $2.35
kel3vr4_23: folds 
Uncalled bet ($2.35) returned to Mr_Dick666
Mr_Dick666 collected $4.28 from pot
Mr_Dick666: doesn't show hand 
*** SUMMARY ***
Total pot $4.50 | Rake $0.22 
Board [9d Td 5c]
Seat 1: z00mba (button) folded before Flop (didn't bet)
Seat 2: henri789 (small blind) folded before Flop
Seat 3: kel3vr4_23 (big blind) folded on the Flop
Seat 4: Mr_Dick666 collected ($4.28)
Seat 5: michasia folded before Flop (didn't bet)
Seat 6: KFCAFC123 folded before Flop (didn't bet)



PokerStars Hand #254507092132:  Hold'em No Limit ($0.50/$1.00 USD) - 2025/01/22 22:32:32 WET [2025/01/22 17:32:32 ET]
Table 'Laomedon II' 6-max Seat #2 is the button
Seat 4: Mr_Dick666 ($102.28 in chips) is sitting out
Seat 1: z00mba ($104.39 in chips) 
Seat 2: henri789 ($100.14 in chips) 
Seat 3: kel3vr4_23 ($53.20 in chips) 
Seat 5: michasia ($170.45 in chips) 
Seat 6: KFCAFC123 ($92.26 in chips) 
kel3vr4_23: posts small blind $0.50
Mr_Dick666: is sitting out 
Mr_Dick666 leaves the table
michasia: posts big blind $1
*** HOLE CARDS ***
KFCAFC123: calls $1
z00mba: folds 
henri789: folds 
kel3vr4_23: folds 
michasia: checks 
*** FLOP *** [7s 6d 9s]
BumHuntKing joins the table at seat #4 
michasia: checks 
KFCAFC123: bets $1
michasia: calls $1
*** TURN *** [7s 6d 9s] [Qs]
michasia: checks 
KFCAFC123: bets $1
michasia: folds 
Uncalled bet ($1) returned to KFCAFC123
KFCAFC123 collected $4.28 from pot
*** SUMMARY ***
Total pot $4.50 | Rake $0.22 
Board [7s 6d 9s Qs]
Seat 4: Mr_Dick666
Seat 1: z00mba folded before Flop (didn't bet)
Seat 2: henri789 (button) folded before Flop (didn't bet)
Seat 3: kel3vr4_23 (small blind) folded before Flop
Seat 5: michasia (big blind) folded on the Turn
Seat 6: KFCAFC123 collected ($4.28)



PokerStars Hand #254507100326:  Hold'em No Limit ($0.50/$1.00 USD) - 2025/01/22 22:33:02 WET [2025/01/22 17:33:02 ET]
Table 'Laomedon II' 6-max Seat #3 is the button
Seat 4: BumHuntKing ($100 in chips) is sitting out
Seat 1: z00mba ($104.39 in chips) 
Seat 2: henri789 ($100.14 in chips) 
Seat 3: kel3vr4_23 ($52.70 in chips) 
Seat 5: michasia ($168.45 in chips) 
Seat 6: KFCAFC123 ($94.54 in chips) 
michasia: posts small blind $0.50
KFCAFC123: posts big blind $1
*** HOLE CARDS ***
z00mba: folds 
henri789: folds 
kel3vr4_23: folds 
michasia: folds 
Uncalled bet ($0.50) returned to KFCAFC123
KFCAFC123 collected $1 from pot
*** SUMMARY ***
Total pot $1 | Rake $0 
Seat 4: BumHuntKing
Seat 1: z00mba folded before Flop (didn't bet)
Seat 2: henri789 folded before Flop (didn't bet)
Seat 3: kel3vr4_23 (button) folded before Flop (didn't bet)
Seat 5: michasia (small blind) folded before Flop
Seat 6: KFCAFC123 (big blind) collected ($1)



PokerStars Hand #254507102190:  Hold'em No Limit ($0.50/$1.00 USD) - 2025/01/22 22:33:09 WET [2025/01/22 17:33:09 ET]
Table 'Laomedon II' 6-max Seat #5 is the button
Seat 4: BumHuntKing ($100 in chips) is sitting out
Seat 1: z00mba ($104.39 in chips) 
Seat 2: henri789 ($100.14 in chips) 
Seat 3: kel3vr4_23 ($52.70 in chips) 
Seat 5: michasia ($167.95 in chips) 
Seat 6: KFCAFC123 ($95.04 in chips) 
KFCAFC123: posts small blind $0.50
z00mba: posts big blind $1
BumHuntKing: sits out 
*** HOLE CARDS ***
henri789: folds 
kel3vr4_23: folds 
michasia: folds 
KFCAFC123: calls $0.50
z00mba: raises $3 to $4
KFCAFC123: calls $3
*** FLOP *** [3c 4s 4h]
KFCAFC123: bets $3.80
z00mba: calls $3.80
*** TURN *** [3c 4s 4h] [Tc]
KFCAFC123: bets $7.41
z00mba: calls $7.41
*** RIVER *** [3c 4s 4h Tc] [6h]
KFCAFC123: bets $14.45
z00mba: calls $14.45
*** SHOW DOWN ***
KFCAFC123: shows [6d Jd] (two pair, Sixes and Fours)
z00mba: shows [Qc Qs] (two pair, Queens and Fours)
z00mba collected $56.82 from pot
*** SUMMARY ***
Total pot $59.32 | Rake $2.50 
Board [3c 4s 4h Tc 6h]
Seat 4: BumHuntKing
Seat 1: z00mba (big blind) showed [Qc Qs] and won ($56.82) with two pair, Queens and Fours
Seat 2: henri789 folded before Flop (didn't bet)
Seat 3: kel3vr4_23 folded before Flop (didn't bet)
Seat 5: michasia (button) folded before Flop (didn't bet)
Seat 6: KFCAFC123 (small blind) showed [6d Jd] and lost with two pair, Sixes and Fours



PokerStars Hand #254507115607:  Hold'em No Limit ($0.50/$1.00 USD) - 2025/01/22 22:33:59 WET [2025/01/22 17:33:59 ET]
Table 'Laomedon II' 6-max Seat #6 is the button
Seat 4: BumHuntKing ($100 in chips) is sitting out
Seat 1: z00mba ($131.55 in chips) 
Seat 2: henri789 ($100.14 in chips) 
Seat 3: kel3vr4_23 ($52.70 in chips) 
Seat 5: michasia ($167.95 in chips) 
Seat 6: KFCAFC123 ($65.38 in chips) 
z00mba: posts small blind $0.50
henri789: posts big blind $1
BumHuntKing: sits out 
*** HOLE CARDS ***
kel3vr4_23: folds 
michasia: folds 
KFCAFC123: raises $6 to $7
z00mba: folds 
henri789: folds 
Uncalled bet ($6) returned to KFCAFC123
KFCAFC123 collected $2.50 from pot
*** SUMMARY ***
Total pot $2.50 | Rake $0 
Seat 4: BumHuntKing
Seat 1: z00mba (small blind) folded before Flop
Seat 2: henri789 (big blind) folded before Flop
Seat 3: kel3vr4_23 folded before Flop (didn't bet)
Seat 5: michasia folded before Flop (didn't bet)
Seat 6: KFCAFC123 (button) collected ($2.50)



PokerStars Hand #254507122133:  Hold'em No Limit ($0.50/$1.00 USD) - 2025/01/22 22:34:23 WET [2025/01/22 17:34:23 ET]
Table 'Laomedon II' 6-max Seat #1 is the button
Seat 4: BumHuntKing ($100 in chips) is sitting out
Seat 1: z00mba ($131.05 in chips) 
Seat 2: henri789 ($100 in chips) 
Seat 3: kel3vr4_23 ($52.70 in chips) 
Seat 5: michasia ($167.95 in chips) 
Seat 6: KFCAFC123 ($66.88 in chips) 
henri789: posts small blind $0.50
kel3vr4_23: posts big blind $1
BumHuntKing: sits out 
*** HOLE CARDS ***
michasia: folds 
KFCAFC123: folds 
z00mba: folds 
henri789: folds 
Uncalled bet ($0.50) returned to kel3vr4_23
kel3vr4_23 collected $1 from pot
kel3vr4_23: doesn't show hand 
*** SUMMARY ***
Total pot $1 | Rake $0 
Seat 4: BumHuntKing
Seat 1: z00mba (button) folded before Flop (didn't bet)
Seat 2: henri789 (small blind) folded before Flop
Seat 3: kel3vr4_23 (big blind) collected ($1)
Seat 5: michasia folded before Flop (didn't bet)
Seat 6: KFCAFC123 folded before Flop (didn't bet)



PokerStars Hand #254507127826:  Hold'em No Limit ($0.50/$1.00 USD) - 2025/01/22 22:34:44 WET [2025/01/22 17:34:44 ET]
Table 'Laomedon II' 6-max Seat #2 is the button
Seat 1: z00mba ($131.05 in chips) 
Seat 2: henri789 ($100 in chips) 
Seat 3: kel3vr4_23 ($53.20 in chips) 
Seat 4: BumHuntKing ($100 in chips) 
Seat 5: michasia ($167.95 in chips) 
Seat 6: KFCAFC123 ($66.88 in chips) 
kel3vr4_23: posts small blind $0.50
BumHuntKing: posts big blind $1
*** HOLE CARDS ***
michasia: folds 
KFCAFC123: calls $1
z00mba: calls $1
henri789: raises $3.50 to $4.50
kel3vr4_23: folds 
BumHuntKing: folds 
KFCAFC123: calls $3.50
z00mba: calls $3.50
*** FLOP *** [Th 8h Ad]
KFCAFC123: checks 
z00mba: checks 
henri789: bets $4.70
KFCAFC123: folds 
z00mba: folds 
Uncalled bet ($4.70) returned to henri789
henri789 collected $14.25 from pot
henri789: doesn't show hand 
*** SUMMARY ***
Total pot $15 | Rake $0.75 
Board [Th 8h Ad]
Seat 1: z00mba folded on the Flop
Seat 2: henri789 (button) collected ($14.25)
Seat 3: kel3vr4_23 (small blind) folded before Flop
Seat 4: BumHuntKing (big blind) folded before Flop
Seat 5: michasia folded before Flop (didn't bet)
Seat 6: KFCAFC123 folded on the Flop



PokerStars Hand #254507142114:  Hold'em No Limit ($0.50/$1.00 USD) - 2025/01/22 22:35:37 WET [2025/01/22 17:35:37 ET]
Table 'Laomedon II' 6-max Seat #3 is the button
Seat 1: z00mba ($126.55 in chips) 
Seat 2: henri789 ($109.75 in chips) 
Seat 3: kel3vr4_23 ($52.70 in chips) 
Seat 4: BumHuntKing ($100 in chips) 
Seat 5: michasia ($167.95 in chips) 
Seat 6: KFCAFC123 ($62.38 in chips) 
BumHuntKing: posts small blind $0.50
michasia: posts big blind $1
*** HOLE CARDS ***
KFCAFC123: raises $1 to $2
z00mba: folds 
henri789: folds 
kel3vr4_23: folds 
BumHuntKing: folds 
michasia: folds 
Uncalled bet ($1) returned to KFCAFC123
KFCAFC123 collected $2.50 from pot
*** SUMMARY ***
Total pot $2.50 | Rake $0 
Seat 1: z00mba folded before Flop (didn't bet)
Seat 2: henri789 folded before Flop (didn't bet)
Seat 3: kel3vr4_23 (button) folded before Flop (didn't bet)
Seat 4: BumHuntKing (small blind) folded before Flop
Seat 5: michasia (big blind) folded before Flop
Seat 6: KFCAFC123 collected ($2.50)



PokerStars Hand #254507145001:  Hold'em No Limit ($0.50/$1.00 USD) - 2025/01/22 22:35:47 WET [2025/01/22 17:35:47 ET]
Table 'Laomedon II' 6-max Seat #4 is the button
Seat 1: z00mba ($126.55 in chips) 
Seat 2: henri789 ($109.75 in chips) 
Seat 3: kel3vr4_23 ($52.70 in chips) 
Seat 4: BumHuntKing ($100 in chips) 
Seat 5: michasia ($166.95 in chips) 
Seat 6: KFCAFC123 ($63.88 in chips) 
michasia: posts small blind $0.50
KFCAFC123: posts big blind $1
*** HOLE CARDS ***
z00mba: folds 
henri789: folds 
kel3vr4_23: folds 
BumHuntKing: folds 
michasia: folds 
Uncalled bet ($0.50) returned to KFCAFC123
KFCAFC123 collected $1 from pot
*** SUMMARY ***
Total pot $1 | Rake $0 
Seat 1: z00mba folded before Flop (didn't bet)
Seat 2: henri789 folded before Flop (didn't bet)
Seat 3: kel3vr4_23 folded before Flop (didn't bet)
Seat 4: BumHuntKing (button) folded before Flop (didn't bet)
Seat 5: michasia (small blind) folded before Flop
Seat 6: KFCAFC123 (big blind) collected ($1)



PokerStars Hand #254507147954:  Hold'em No Limit ($0.50/$1.00 USD) - 2025/01/22 22:35:58 WET [2025/01/22 17:35:58 ET]
Table 'Laomedon II' 6-max Seat #5 is the button
Seat 1: z00mba ($126.55 in chips) 
Seat 2: henri789 ($109.75 in chips) 
Seat 3: kel3vr4_23 ($52.70 in chips) 
Seat 4: BumHuntKing ($100 in chips) 
Seat 5: michasia ($166.45 in chips) 
Seat 6: KFCAFC123 ($64.38 in chips) 
KFCAFC123: posts small blind $0.50
z00mba: posts big blind $1
*** HOLE CARDS ***
henri789: folds 
kel3vr4_23: folds 
BumHuntKing: raises $1.20 to $2.20
michasia: raises $4.40 to $6.60
KFCAFC123: folds 
z00mba: folds 
BumHuntKing: folds 
Uncalled bet ($4.40) returned to michasia
michasia collected $5.90 from pot
michasia: doesn't show hand 
*** SUMMARY ***
Total pot $5.90 | Rake $0 
Seat 1: z00mba (big blind) folded before Flop
Seat 2: henri789 folded before Flop (didn't bet)
Seat 3: kel3vr4_23 folded before Flop (didn't bet)
Seat 4: BumHuntKing folded before Flop
Seat 5: michasia (button) collected ($5.90)
Seat 6: KFCAFC123 (small blind) folded before Flop



PokerStars Hand #254507153019:  Hold'em No Limit ($0.50/$1.00 USD) - 2025/01/22 22:36:17 WET [2025/01/22 17:36:17 ET]
Table 'Laomedon II' 6-max Seat #6 is the button
Seat 1: z00mba ($125.55 in chips) 
Seat 2: henri789 ($109.75 in chips) 
Seat 3: kel3vr4_23 ($52.70 in chips) 
Seat 4: BumHuntKing ($100 in chips) 
Seat 5: michasia ($170.15 in chips) 
Seat 6: KFCAFC123 ($63.88 in chips) 
z00mba: posts small blind $0.50
henri789: posts big blind $1
*** HOLE CARDS ***
kel3vr4_23: folds 
BumHuntKing: raises $1.20 to $2.20
michasia: folds 
KFCAFC123: folds 
z00mba: folds 
henri789: folds 
Uncalled bet ($1.20) returned to BumHuntKing
BumHuntKing collected $2.50 from pot
BumHuntKing: doesn't show hand 
*** SUMMARY ***
Total pot $2.50 | Rake $0 
Seat 1: z00mba (small blind) folded before Flop
Seat 2: henri789 (big blind) folded before Flop
Seat 3: kel3vr4_23 folded before Flop (didn't bet)
Seat 4: BumHuntKing collected ($2.50)
Seat 5: michasia folded before Flop (didn't bet)
Seat 6: KFCAFC123 (button) folded before Flop (didn't bet)



PokerStars Hand #254507158174:  Hold'em No Limit ($0.50/$1.00 USD) - 2025/01/22 22:36:36 WET [2025/01/22 17:36:36 ET]
Table 'Laomedon II' 6-max Seat #1 is the button
Seat 3: kel3vr4_23 ($52.70 in chips) is sitting out
Seat 1: z00mba ($125.05 in chips) 
Seat 2: henri789 ($108.75 in chips) 
Seat 4: BumHuntKing ($101.50 in chips) 
Seat 5: michasia ($170.15 in chips) 
Seat 6: KFCAFC123 ($63.88 in chips) 
henri789: posts small blind $0.50
kel3vr4_23: is sitting out 
BumHuntKing: posts big blind $1
*** HOLE CARDS ***
michasia: folds 
KFCAFC123: raises $1 to $2
z00mba: folds 
henri789: raises $8 to $10
BumHuntKing: folds 
KFCAFC123: calls $8
*** FLOP *** [5d 7d Ts]
henri789: bets $5.19
KFCAFC123: raises $5.19 to $10.38
henri789: calls $5.19
*** TURN *** [5d 7d Ts] [6s]
henri789: checks 
KFCAFC123: bets $39.67
henri789: folds 
Uncalled bet ($39.67) returned to KFCAFC123
KFCAFC123 collected $39.67 from pot
*** SUMMARY ***
Total pot $41.76 | Rake $2.09 
Board [5d 7d Ts 6s]
Seat 3: kel3vr4_23
Seat 1: z00mba (button) folded before Flop (didn't bet)
Seat 2: henri789 (small blind) folded on the Turn
Seat 4: BumHuntKing (big blind) folded before Flop
Seat 5: michasia folded before Flop (didn't bet)
Seat 6: KFCAFC123 collected ($39.67)



PokerStars Hand #254507177837:  Hold'em No Limit ($0.50/$1.00 USD) - 2025/01/22 22:37:49 WET [2025/01/22 17:37:49 ET]
Table 'Laomedon II' 6-max Seat #2 is the button
Seat 3: kel3vr4_23 ($52.70 in chips) is sitting out
Seat 1: z00mba ($125.05 in chips) 
Seat 2: henri789 ($100 in chips) 
Seat 4: BumHuntKing ($100.50 in chips) 
Seat 5: michasia ($170.15 in chips) 
Seat 6: KFCAFC123 ($83.17 in chips) 
BumHuntKing: posts small blind $0.50
michasia: posts big blind $1
*** HOLE CARDS ***
KFCAFC123: folds 
z00mba: folds 
henri789: raises $1.20 to $2.20
BumHuntKing: folds 
michasia: folds 
Uncalled bet ($1.20) returned to henri789
henri789 collected $2.50 from pot
henri789: doesn't show hand 
*** SUMMARY ***
Total pot $2.50 | Rake $0 
Seat 3: kel3vr4_23
Seat 1: z00mba folded before Flop (didn't bet)
Seat 2: henri789 (button) collected ($2.50)
Seat 4: BumHuntKing (small blind) folded before Flop
Seat 5: michasia (big blind) folded before Flop
Seat 6: KFCAFC123 folded before Flop (didn't bet)



PokerStars Hand #254507183315:  Hold'em No Limit ($0.50/$1.00 USD) - 2025/01/22 22:38:09 WET [2025/01/22 17:38:09 ET]
Table 'Laomedon II' 6-max Seat #4 is the button
Seat 3: kel3vr4_23 ($52.70 in chips) is sitting out
Seat 1: z00mba ($125.05 in chips) 
Seat 2: henri789 ($101.50 in chips) 
Seat 4: BumHuntKing ($100 in chips) 
Seat 5: michasia ($169.15 in chips) 
Seat 6: KFCAFC123 ($83.17 in chips) 
michasia: posts small blind $0.50
KFCAFC123: posts big blind $1
*** HOLE CARDS ***
z00mba: folds 
henri789: folds 
BumHuntKing: folds 
michasia: folds 
Uncalled bet ($0.50) returned to KFCAFC123
KFCAFC123 collected $1 from pot
*** SUMMARY ***
Total pot $1 | Rake $0 
Seat 3: kel3vr4_23
Seat 1: z00mba folded before Flop (didn't bet)
Seat 2: henri789 folded before Flop (didn't bet)
Seat 4: BumHuntKing (button) folded before Flop (didn't bet)
Seat 5: michasia (small blind) folded before Flop
Seat 6: KFCAFC123 (big blind) collected ($1)



PokerStars Hand #254507186969:  Hold'em No Limit ($0.50/$1.00 USD) - 2025/01/22 22:38:23 WET [2025/01/22 17:38:23 ET]
Table 'Laomedon II' 6-max Seat #5 is the button
Seat 3: kel3vr4_23 ($52.70 in chips) is sitting out
Seat 1: z00mba ($125.05 in chips) 
Seat 2: henri789 ($101.50 in chips) 
Seat 4: BumHuntKing ($100 in chips) 
Seat 5: michasia ($168.65 in chips) 
Seat 6: KFCAFC123 ($83.67 in chips) 
KFCAFC123: posts small blind $0.50
z00mba: posts big blind $1
*** HOLE CARDS ***
henri789: folds 
BumHuntKing: folds 
michasia: folds 
KFCAFC123: folds 
Uncalled bet ($0.50) returned to z00mba
z00mba collected $1 from pot
z00mba: doesn't show hand 
*** SUMMARY ***
Total pot $1 | Rake $0 
Seat 3: kel3vr4_23
Seat 1: z00mba (big blind) collected ($1)
Seat 2: henri789 folded before Flop (didn't bet)
Seat 4: BumHuntKing folded before Flop (didn't bet)
Seat 5: michasia (button) folded before Flop (didn't bet)
Seat 6: KFCAFC123 (small blind) folded before Flop



PokerStars Hand #254507192393:  Hold'em No Limit ($0.50/$1.00 USD) - 2025/01/22 22:38:42 WET [2025/01/22 17:38:42 ET]
Table 'Laomedon II' 6-max Seat #6 is the button
Seat 3: kel3vr4_23 ($52.70 in chips) is sitting out
Seat 1: z00mba ($125.55 in chips) 
Seat 2: henri789 ($101.50 in chips) 
Seat 4: BumHuntKing ($100 in chips) 
Seat 5: michasia ($168.65 in chips) 
Seat 6: KFCAFC123 ($83.17 in chips) 
z00mba: posts small blind $0.50
henri789: posts big blind $1
*** HOLE CARDS ***
BumHuntKing: folds 
michasia: folds 
KFCAFC123: folds 
z00mba: raises $2 to $3
henri789: calls $2
*** FLOP *** [2c 7c 6c]
z00mba: bets $3
henri789: calls $3
*** TURN *** [2c 7c 6c] [Kc]
z00mba: checks 
henri789: checks 
*** RIVER *** [2c 7c 6c Kc] [9c]
z00mba: bets $5.59
henri789: calls $5.59
*** SHOW DOWN ***
z00mba: shows [Qc 3c] (a flush, King high)
henri789: mucks hand 
z00mba collected $22.02 from pot
*** SUMMARY ***
Total pot $23.18 | Rake $1.16 
Board [2c 7c 6c Kc 9c]
Seat 3: kel3vr4_23
Seat 1: z00mba (small blind) showed [Qc 3c] and won ($22.02) with a flush, King high
Seat 2: henri789 (big blind) mucked
Seat 4: BumHuntKing folded before Flop (didn't bet)
Seat 5: michasia folded before Flop (didn't bet)
Seat 6: KFCAFC123 (button) folded before Flop (didn't bet)



PokerStars Hand #254507213025:  Hold'em No Limit ($0.50/$1.00 USD) - 2025/01/22 22:39:59 WET [2025/01/22 17:39:59 ET]
Table 'Laomedon II' 6-max Seat #1 is the button
Seat 1: z00mba ($135.98 in chips) 
Seat 2: henri789 ($100 in chips) 
Seat 3: kel3vr4_23 ($52.70 in chips) 
Seat 4: BumHuntKing ($100 in chips) 
Seat 5: michasia ($168.65 in chips) 
Seat 6: KFCAFC123 ($83.17 in chips) 
henri789: posts small blind $0.50
kel3vr4_23: posts big blind $1
*** HOLE CARDS ***
BumHuntKing: folds 
michasia: folds 
KFCAFC123: folds 
z00mba: raises $1.50 to $2.50
henri789: raises $8.50 to $11
kel3vr4_23: calls $10
z00mba: folds 
*** FLOP *** [6h Qh 7h]
henri789: bets $4.50
kel3vr4_23: calls $4.50
*** TURN *** [6h Qh 7h] [6s]
henri789: bets $8.27
kel3vr4_23: calls $8.27
*** RIVER *** [6h Qh 7h 6s] [9c]
henri789: bets $42.79
kel3vr4_23: folds 
Uncalled bet ($42.79) returned to henri789
henri789 collected $47.54 from pot
henri789: doesn't show hand 
*** SUMMARY ***
Total pot $50.04 | Rake $2.50 
Board [6h Qh 7h 6s 9c]
Seat 1: z00mba (button) folded before Flop
Seat 2: henri789 (small blind) collected ($47.54)
Seat 3: kel3vr4_23 (big blind) folded on the River
Seat 4: BumHuntKing folded before Flop (didn't bet)
Seat 5: michasia folded before Flop (didn't bet)
Seat 6: KFCAFC123 folded before Flop (didn't bet)



PokerStars Hand #254507245220:  Hold'em No Limit ($0.50/$1.00 USD) - 2025/01/22 22:41:58 WET [2025/01/22 17:41:58 ET]
Table 'Laomedon II' 6-max Seat #2 is the button
Seat 1: z00mba ($133.48 in chips) 
Seat 2: henri789 ($123.77 in chips) 
Seat 3: kel3vr4_23 ($28.93 in chips) 
Seat 4: BumHuntKing ($100 in chips) 
Seat 5: michasia ($168.65 in chips) 
Seat 6: KFCAFC123 ($83.17 in chips) 
kel3vr4_23: posts small blind $0.50
BumHuntKing: posts big blind $1
*** HOLE CARDS ***
michasia: folds 
KFCAFC123: folds 
z00mba: folds 
henri789: folds 
kel3vr4_23: folds 
Uncalled bet ($0.50) returned to BumHuntKing
BumHuntKing collected $1 from pot
BumHuntKing: doesn't show hand 
*** SUMMARY ***
Total pot $1 | Rake $0 
Seat 1: z00mba folded before Flop (didn't bet)
Seat 2: henri789 (button) folded before Flop (didn't bet)
Seat 3: kel3vr4_23 (small blind) folded before Flop
Seat 4: BumHuntKing (big blind) collected ($1)
Seat 5: michasia folded before Flop (didn't bet)
Seat 6: KFCAFC123 folded before Flop (didn't bet)



PokerStars Hand #254507255466:  Hold'em No Limit ($0.50/$1.00 USD) - 2025/01/22 22:42:37 WET [2025/01/22 17:42:37 ET]
Table 'Laomedon II' 6-max Seat #3 is the button
Seat 1: z00mba ($133.48 in chips) 
Seat 2: henri789 ($123.77 in chips) 
Seat 3: kel3vr4_23 ($28.43 in chips) 
Seat 4: BumHuntKing ($100.50 in chips) 
Seat 5: michasia ($168.65 in chips) 
Seat 6: KFCAFC123 ($83.17 in chips) 
BumHuntKing: posts small blind $0.50
michasia: posts big blind $1
*** HOLE CARDS ***
KFCAFC123: folds 
z00mba: folds 
henri789: raises $1.20 to $2.20
kel3vr4_23: calls $2.20
BumHuntKing: folds 
michasia: folds 
*** FLOP *** [4s 4d Ts]
henri789: checks 
kel3vr4_23: bets $2
henri789: calls $2
*** TURN *** [4s 4d Ts] [6h]
henri789: checks 
kel3vr4_23: bets $4.70
henri789: folds 
Uncalled bet ($4.70) returned to kel3vr4_23
kel3vr4_23 collected $9.40 from pot
kel3vr4_23: doesn't show hand 
*** SUMMARY ***
Total pot $9.90 | Rake $0.50 
Board [4s 4d Ts 6h]
Seat 1: z00mba folded before Flop (didn't bet)
Seat 2: henri789 folded on the Turn
Seat 3: kel3vr4_23 (button) collected ($9.40)
Seat 4: BumHuntKing (small blind) folded before Flop
Seat 5: michasia (big blind) folded before Flop
Seat 6: KFCAFC123 folded before Flop (didn't bet)



PokerStars Hand #254507271777:  Hold'em No Limit ($0.50/$1.00 USD) - 2025/01/22 22:43:38 WET [2025/01/22 17:43:38 ET]
Table 'Laomedon II' 6-max Seat #4 is the button
Seat 1: z00mba ($133.48 in chips) 
Seat 2: henri789 ($119.57 in chips) 
Seat 3: kel3vr4_23 ($33.63 in chips) 
Seat 4: BumHuntKing ($100 in chips) 
Seat 5: michasia ($167.65 in chips) 
Seat 6: KFCAFC123 ($83.17 in chips) 
michasia: posts small blind $0.50
KFCAFC123: posts big blind $1
*** HOLE CARDS ***
z00mba: raises $1.50 to $2.50
henri789: folds 
kel3vr4_23: calls $2.50
BumHuntKing: folds 
michasia: folds 
KFCAFC123: folds 
*** FLOP *** [Kc 9c 8d]
z00mba: checks 
kel3vr4_23: checks 
*** TURN *** [Kc 9c 8d] [7d]
z00mba: bets $4.70
kel3vr4_23: folds 
Uncalled bet ($4.70) returned to z00mba
z00mba collected $6.18 from pot
z00mba: doesn't show hand 
*** SUMMARY ***
Total pot $6.50 | Rake $0.32 
Board [Kc 9c 8d 7d]
Seat 1: z00mba collected ($6.18)
Seat 2: henri789 folded before Flop (didn't bet)
Seat 3: kel3vr4_23 folded on the Turn
Seat 4: BumHuntKing (button) folded before Flop (didn't bet)
Seat 5: michasia (small blind) folded before Flop
Seat 6: KFCAFC123 (big blind) folded before Flop



PokerStars Hand #254507281949:  Hold'em No Limit ($0.50/$1.00 USD) - 2025/01/22 22:44:16 WET [2025/01/22 17:44:16 ET]
Table 'Laomedon II' 6-max Seat #5 is the button
Seat 1: z00mba ($137.16 in chips) 
Seat 2: henri789 ($119.57 in chips) 
Seat 3: kel3vr4_23 ($31.13 in chips) 
Seat 4: BumHuntKing ($100 in chips) 
Seat 5: michasia ($167.15 in chips) 
Seat 6: KFCAFC123 ($82.17 in chips) 
KFCAFC123: posts small blind $0.50
z00mba: posts big blind $1
*** HOLE CARDS ***
henri789: folds 
kel3vr4_23: folds 
BumHuntKing: folds 
michasia: raises $1.80 to $2.80
KFCAFC123: folds 
z00mba: folds 
Uncalled bet ($1.80) returned to michasia
michasia collected $2.50 from pot
michasia: doesn't show hand 
*** SUMMARY ***
Total pot $2.50 | Rake $0 
Seat 1: z00mba (big blind) folded before Flop
Seat 2: henri789 folded before Flop (didn't bet)
Seat 3: kel3vr4_23 folded before Flop (didn't bet)
Seat 4: BumHuntKing folded before Flop (didn't bet)
Seat 5: michasia (button) collected ($2.50)
Seat 6: KFCAFC123 (small blind) folded before Flop



PokerStars Hand #254507289089:  Hold'em No Limit ($0.50/$1.00 USD) - 2025/01/22 22:44:43 WET [2025/01/22 17:44:43 ET]
Table 'Laomedon II' 6-max Seat #6 is the button
Seat 1: z00mba ($136.16 in chips) 
Seat 2: henri789 ($119.57 in chips) 
Seat 3: kel3vr4_23 ($31.13 in chips) 
Seat 4: BumHuntKing ($100 in chips) 
Seat 5: michasia ($168.65 in chips) 
Seat 6: KFCAFC123 ($81.67 in chips) 
z00mba: posts small blind $0.50
henri789: posts big blind $1
*** HOLE CARDS ***
kel3vr4_23: folds 
BumHuntKing: raises $1.20 to $2.20
michasia: folds 
KFCAFC123: calls $2.20
z00mba: folds 
henri789: folds 
*** FLOP *** [4s 2h 6h]
BumHuntKing: checks 
KFCAFC123: bets $1
BumHuntKing: calls $1
*** TURN *** [4s 2h 6h] [Ad]
BumHuntKing: checks 
KFCAFC123: bets $3.75
BumHuntKing: folds 
Uncalled bet ($3.75) returned to KFCAFC123
KFCAFC123 collected $7.50 from pot
*** SUMMARY ***
Total pot $7.90 | Rake $0.40 
Board [4s 2h 6h Ad]
Seat 1: z00mba (small blind) folded before Flop
Seat 2: henri789 (big blind) folded before Flop
Seat 3: kel3vr4_23 folded before Flop (didn't bet)
Seat 4: BumHuntKing folded on the Turn
Seat 5: michasia folded before Flop (didn't bet)
Seat 6: KFCAFC123 (button) collected ($7.50)



PokerStars Hand #254507298632:  Hold'em No Limit ($0.50/$1.00 USD) - 2025/01/22 22:45:19 WET [2025/01/22 17:45:19 ET]
Table 'Laomedon II' 6-max Seat #1 is the button
Seat 1: z00mba ($135.66 in chips) 
Seat 2: henri789 ($118.57 in chips) 
Seat 3: kel3vr4_23 ($31.13 in chips) 
Seat 4: BumHuntKing ($100 in chips) 
Seat 5: michasia ($168.65 in chips) 
Seat 6: KFCAFC123 ($85.97 in chips) 
henri789: posts small blind $0.50
kel3vr4_23: posts big blind $1
*** HOLE CARDS ***
BumHuntKing: raises $1.20 to $2.20
michasia: folds 
KFCAFC123: raises $1.20 to $3.40
z00mba: folds 
henri789: folds 
kel3vr4_23: folds 
BumHuntKing: calls $1.20
*** FLOP *** [Jd 6d 6s]
BumHuntKing: checks 
KFCAFC123: bets $1
BumHuntKing: folds 
Uncalled bet ($1) returned to KFCAFC123
KFCAFC123 collected $7.88 from pot
*** SUMMARY ***
Total pot $8.30 | Rake $0.42 
Board [Jd 6d 6s]
Seat 1: z00mba (button) folded before Flop (didn't bet)
Seat 2: henri789 (small blind) folded before Flop
Seat 3: kel3vr4_23 (big blind) folded before Flop
Seat 4: BumHuntKing folded on the Flop
Seat 5: michasia folded before Flop (didn't bet)
Seat 6: KFCAFC123 collected ($7.88)



PokerStars Hand #254507309632:  Hold'em No Limit ($0.50/$1.00 USD) - 2025/01/22 22:46:00 WET [2025/01/22 17:46:00 ET]
Table 'Laomedon II' 6-max Seat #2 is the button
Seat 1: z00mba ($135.66 in chips) 
Seat 2: henri789 ($118.07 in chips) 
Seat 3: kel3vr4_23 ($30.13 in chips) 
Seat 4: BumHuntKing ($100 in chips) 
Seat 5: michasia ($168.65 in chips) 
Seat 6: KFCAFC123 ($90.45 in chips) 
kel3vr4_23: posts small blind $0.50
BumHuntKing: posts big blind $1
*** HOLE CARDS ***
michasia: raises $1.60 to $2.60
KFCAFC123: folds 
z00mba: folds 
henri789: folds 
kel3vr4_23: folds 
BumHuntKing: folds 
Uncalled bet ($1.60) returned to michasia
michasia collected $2.50 from pot
michasia: doesn't show hand 
*** SUMMARY ***
Total pot $2.50 | Rake $0 
Seat 1: z00mba folded before Flop (didn't bet)
Seat 2: henri789 (button) folded before Flop (didn't bet)
Seat 3: kel3vr4_23 (small blind) folded before Flop
Seat 4: BumHuntKing (big blind) folded before Flop
Seat 5: michasia collected ($2.50)
Seat 6: KFCAFC123 folded before Flop (didn't bet)



PokerStars Hand #254507315877:  Hold'em No Limit ($0.50/$1.00 USD) - 2025/01/22 22:46:23 WET [2025/01/22 17:46:23 ET]
Table 'Laomedon II' 6-max Seat #3 is the button
Seat 1: z00mba ($135.66 in chips) 
Seat 2: henri789 ($118.07 in chips) 
Seat 3: kel3vr4_23 ($29.63 in chips) 
Seat 4: BumHuntKing ($100 in chips) 
Seat 5: michasia ($170.15 in chips) 
Seat 6: KFCAFC123 ($90.45 in chips) 
BumHuntKing: posts small blind $0.50
michasia: posts big blind $1
*** HOLE CARDS ***
KFCAFC123: folds 
z00mba: folds 
henri789: folds 
kel3vr4_23: folds 
BumHuntKing: raises $2 to $3
michasia: folds 
Uncalled bet ($2) returned to BumHuntKing
BumHuntKing collected $2 from pot
BumHuntKing: doesn't show hand 
*** SUMMARY ***
Total pot $2 | Rake $0 
Seat 1: z00mba folded before Flop (didn't bet)
Seat 2: henri789 folded before Flop (didn't bet)
Seat 3: kel3vr4_23 (button) folded before Flop (didn't bet)
Seat 4: BumHuntKing (small blind) collected ($2)
Seat 5: michasia (big blind) folded before Flop
Seat 6: KFCAFC123 folded before Flop (didn't bet)



PokerStars Hand #254507320331:  Hold'em No Limit ($0.50/$1.00 USD) - 2025/01/22 22:46:40 WET [2025/01/22 17:46:40 ET]
Table 'Laomedon II' 6-max Seat #4 is the button
Seat 1: z00mba ($135.66 in chips) 
Seat 2: henri789 ($118.07 in chips) 
Seat 3: kel3vr4_23 ($29.63 in chips) 
Seat 4: BumHuntKing ($101 in chips) 
Seat 5: michasia ($169.15 in chips) 
Seat 6: KFCAFC123 ($90.45 in chips) 
michasia: posts small blind $0.50
KFCAFC123: posts big blind $1
*** HOLE CARDS ***
z00mba: folds 
henri789: folds 
kel3vr4_23: folds 
BumHuntKing: folds 
michasia: raises $2 to $3
KFCAFC123: calls $2
*** FLOP *** [As 4s Td]
michasia: bets $3.80
KFCAFC123: calls $3.80
*** TURN *** [As 4s Td] [3c]
michasia: checks 
KFCAFC123: bets $2
michasia: folds 
Uncalled bet ($2) returned to KFCAFC123
KFCAFC123 collected $12.92 from pot
*** SUMMARY ***
Total pot $13.60 | Rake $0.68 
Board [As 4s Td 3c]
Seat 1: z00mba folded before Flop (didn't bet)
Seat 2: henri789 folded before Flop (didn't bet)
Seat 3: kel3vr4_23 folded before Flop (didn't bet)
Seat 4: BumHuntKing (button) folded before Flop (didn't bet)
Seat 5: michasia (small blind) folded on the Turn
Seat 6: KFCAFC123 (big blind) collected ($12.92)



PokerStars Hand #254507328171:  Hold'em No Limit ($0.50/$1.00 USD) - 2025/01/22 22:47:09 WET [2025/01/22 17:47:09 ET]
Table 'Laomedon II' 6-max Seat #5 is the button
Seat 1: z00mba ($135.66 in chips) 
Seat 2: henri789 ($118.07 in chips) 
Seat 3: kel3vr4_23 ($29.63 in chips) 
Seat 4: BumHuntKing ($101 in chips) 
Seat 5: michasia ($162.35 in chips) 
Seat 6: KFCAFC123 ($96.57 in chips) 
KFCAFC123: posts small blind $0.50
z00mba: posts big blind $1
*** HOLE CARDS ***
henri789: raises $1.20 to $2.20
kel3vr4_23: folds 
BumHuntKing: folds 
michasia: folds 
KFCAFC123: calls $1.70
z00mba: calls $1.20
*** FLOP *** [Th Kc 3h]
KFCAFC123: checks 
z00mba: checks 
henri789: checks 
*** TURN *** [Th Kc 3h] [Td]
KFCAFC123: bets $1
z00mba: folds 
henri789: calls $1
*** RIVER *** [Th Kc 3h Td] [4s]
KFCAFC123: bets $3
henri789: folds 
Uncalled bet ($3) returned to KFCAFC123
KFCAFC123 collected $8.17 from pot
*** SUMMARY ***
Total pot $8.60 | Rake $0.43 
Board [Th Kc 3h Td 4s]
Seat 1: z00mba (big blind) folded on the Turn
Seat 2: henri789 folded on the River
Seat 3: kel3vr4_23 folded before Flop (didn't bet)
Seat 4: BumHuntKing folded before Flop (didn't bet)
Seat 5: michasia (button) folded before Flop (didn't bet)
Seat 6: KFCAFC123 (small blind) collected ($8.17)



PokerStars Hand #254507346621:  Hold'em No Limit ($0.50/$1.00 USD) - 2025/01/22 22:48:17 WET [2025/01/22 17:48:17 ET]
Table 'Laomedon II' 6-max Seat #6 is the button
Seat 1: z00mba ($133.46 in chips) 
Seat 2: henri789 ($114.87 in chips) 
Seat 3: kel3vr4_23 ($29.63 in chips) 
Seat 4: BumHuntKing ($101 in chips) 
Seat 5: michasia ($162.35 in chips) 
Seat 6: KFCAFC123 ($101.54 in chips) 
z00mba: posts small blind $0.50
henri789: posts big blind $1
*** HOLE CARDS ***
kel3vr4_23: folds 
BumHuntKing: folds 
michasia: folds 
KFCAFC123: folds 
z00mba: folds 
Uncalled bet ($0.50) returned to henri789
henri789 collected $1 from pot
henri789: doesn't show hand 
*** SUMMARY ***
Total pot $1 | Rake $0 
Seat 1: z00mba (small blind) folded before Flop
Seat 2: henri789 (big blind) collected ($1)
Seat 3: kel3vr4_23 folded before Flop (didn't bet)
Seat 4: BumHuntKing folded before Flop (didn't bet)
Seat 5: michasia folded before Flop (didn't bet)
Seat 6: KFCAFC123 (button) folded before Flop (didn't bet)



PokerStars Hand #254507351173:  Hold'em No Limit ($0.50/$1.00 USD) - 2025/01/22 22:48:34 WET [2025/01/22 17:48:34 ET]
Table 'Laomedon II' 6-max Seat #1 is the button
Seat 1: z00mba ($132.96 in chips) 
Seat 2: henri789 ($115.37 in chips) 
Seat 3: kel3vr4_23 ($29.63 in chips) 
Seat 4: BumHuntKing ($101 in chips) 
Seat 5: michasia ($162.35 in chips) 
Seat 6: KFCAFC123 ($101.54 in chips) 
henri789: posts small blind $0.50
kel3vr4_23: posts big blind $1
*** HOLE CARDS ***
BumHuntKing: raises $1.20 to $2.20
michasia: folds 
KFCAFC123: folds 
z00mba: folds 
henri789: folds 
kel3vr4_23: folds 
Uncalled bet ($1.20) returned to BumHuntKing
BumHuntKing collected $2.50 from pot
BumHuntKing: doesn't show hand 
*** SUMMARY ***
Total pot $2.50 | Rake $0 
Seat 1: z00mba (button) folded before Flop (didn't bet)
Seat 2: henri789 (small blind) folded before Flop
Seat 3: kel3vr4_23 (big blind) folded before Flop
Seat 4: BumHuntKing collected ($2.50)
Seat 5: michasia folded before Flop (didn't bet)
Seat 6: KFCAFC123 folded before Flop (didn't bet)



PokerStars Hand #254507358132:  Hold'em No Limit ($0.50/$1.00 USD) - 2025/01/22 22:49:00 WET [2025/01/22 17:49:00 ET]
Table 'Laomedon II' 6-max Seat #2 is the button
Seat 1: z00mba ($132.96 in chips) 
Seat 2: henri789 ($114.87 in chips) 
Seat 3: kel3vr4_23 ($28.63 in chips) 
Seat 4: BumHuntKing ($102.50 in chips) 
Seat 5: michasia ($162.35 in chips) 
Seat 6: KFCAFC123 ($101.54 in chips) 
kel3vr4_23: posts small blind $0.50
BumHuntKing: posts big blind $1
*** HOLE CARDS ***
michasia: folds 
KFCAFC123: folds 
z00mba: folds 
henri789: raises $1.20 to $2.20
kel3vr4_23: folds 
BumHuntKing: folds 
Uncalled bet ($1.20) returned to henri789
henri789 collected $2.50 from pot
henri789: doesn't show hand 
*** SUMMARY ***
Total pot $2.50 | Rake $0 
Seat 1: z00mba folded before Flop (didn't bet)
Seat 2: henri789 (button) collected ($2.50)
Seat 3: kel3vr4_23 (small blind) folded before Flop
Seat 4: BumHuntKing (big blind) folded before Flop
Seat 5: michasia folded before Flop (didn't bet)
Seat 6: KFCAFC123 folded before Flop (didn't bet)



PokerStars Hand #254507364899:  Hold'em No Limit ($0.50/$1.00 USD) - 2025/01/22 22:49:25 WET [2025/01/22 17:49:25 ET]
Table 'Laomedon II' 6-max Seat #3 is the button
Seat 1: z00mba ($132.96 in chips) 
Seat 2: henri789 ($116.37 in chips) 
Seat 3: kel3vr4_23 ($28.13 in chips) 
Seat 4: BumHuntKing ($101.50 in chips) 
Seat 5: michasia ($162.35 in chips) 
Seat 6: KFCAFC123 ($101.54 in chips) 
BumHuntKing: posts small blind $0.50
michasia: posts big blind $1
*** HOLE CARDS ***
KFCAFC123: calls $1
z00mba: folds 
henri789: folds 
kel3vr4_23: folds 
BumHuntKing: folds 
michasia: checks 
*** FLOP *** [Ah 2d Kh]
michasia: checks 
KFCAFC123: checks 
*** TURN *** [Ah 2d Kh] [6c]
michasia: checks 
KFCAFC123: bets $1
michasia: calls $1
*** RIVER *** [Ah 2d Kh 6c] [8s]
michasia: checks 
KFCAFC123: bets $2
michasia: calls $2
*** SHOW DOWN ***
KFCAFC123: shows [Jd Ad] (a pair of Aces)
michasia: mucks hand 
KFCAFC123 collected $8.08 from pot
*** SUMMARY ***
Total pot $8.50 | Rake $0.42 
Board [Ah 2d Kh 6c 8s]
Seat 1: z00mba folded before Flop (didn't bet)
Seat 2: henri789 folded before Flop (didn't bet)
Seat 3: kel3vr4_23 (button) folded before Flop (didn't bet)
Seat 4: BumHuntKing (small blind) folded before Flop
Seat 5: michasia (big blind) mucked
Seat 6: KFCAFC123 showed [Jd Ad] and won ($8.08) with a pair of Aces



PokerStars Hand #254507373342:  Hold'em No Limit ($0.50/$1.00 USD) - 2025/01/22 22:49:57 WET [2025/01/22 17:49:57 ET]
Table 'Laomedon II' 6-max Seat #4 is the button
Seat 1: z00mba ($132.96 in chips) 
Seat 2: henri789 ($116.37 in chips) 
Seat 3: kel3vr4_23 ($28.13 in chips) 
Seat 4: BumHuntKing ($101 in chips) 
Seat 5: michasia ($158.35 in chips) 
Seat 6: KFCAFC123 ($105.62 in chips) 
michasia: posts small blind $0.50
KFCAFC123: posts big blind $1
*** HOLE CARDS ***
z00mba: folds 
henri789: raises $1.20 to $2.20
kel3vr4_23: folds 
BumHuntKing: folds 
michasia: folds 
KFCAFC123: calls $1.20
*** FLOP *** [Th 9h 3s]
KFCAFC123: checks 
henri789: bets $2.28
KFCAFC123: folds 
Uncalled bet ($2.28) returned to henri789
henri789 collected $4.66 from pot
henri789: doesn't show hand 
*** SUMMARY ***
Total pot $4.90 | Rake $0.24 
Board [Th 9h 3s]
Seat 1: z00mba folded before Flop (didn't bet)
Seat 2: henri789 collected ($4.66)
Seat 3: kel3vr4_23 folded before Flop (didn't bet)
Seat 4: BumHuntKing (button) folded before Flop (didn't bet)
Seat 5: michasia (small blind) folded before Flop
Seat 6: KFCAFC123 (big blind) folded on the Flop



PokerStars Hand #254507384716:  Hold'em No Limit ($0.50/$1.00 USD) - 2025/01/22 22:50:39 WET [2025/01/22 17:50:39 ET]
Table 'Laomedon II' 6-max Seat #5 is the button
Seat 1: z00mba ($132.96 in chips) 
Seat 2: henri789 ($118.83 in chips) 
Seat 3: kel3vr4_23 ($28.13 in chips) 
Seat 4: BumHuntKing ($101 in chips) 
Seat 5: michasia ($157.85 in chips) 
Seat 6: KFCAFC123 ($103.42 in chips) 
KFCAFC123: posts small blind $0.50
z00mba: posts big blind $1
*** HOLE CARDS ***
henri789: folds 
kel3vr4_23: folds 
BumHuntKing: folds 
michasia: folds 
KFCAFC123: folds 
Uncalled bet ($0.50) returned to z00mba
z00mba collected $1 from pot
z00mba: doesn't show hand 
*** SUMMARY ***
Total pot $1 | Rake $0 
Seat 1: z00mba (big blind) collected ($1)
Seat 2: henri789 folded before Flop (didn't bet)
Seat 3: kel3vr4_23 folded before Flop (didn't bet)
Seat 4: BumHuntKing folded before Flop (didn't bet)
Seat 5: michasia (button) folded before Flop (didn't bet)
Seat 6: KFCAFC123 (small blind) folded before Flop



PokerStars Hand #254507387773:  Hold'em No Limit ($0.50/$1.00 USD) - 2025/01/22 22:50:51 WET [2025/01/22 17:50:51 ET]
Table 'Laomedon II' 6-max Seat #6 is the button
Seat 1: z00mba ($133.46 in chips) 
Seat 2: henri789 ($118.83 in chips) 
Seat 3: kel3vr4_23 ($28.13 in chips) 
Seat 4: BumHuntKing ($101 in chips) 
Seat 5: michasia ($157.85 in chips) 
Seat 6: KFCAFC123 ($102.92 in chips) 
z00mba: posts small blind $0.50
henri789: posts big blind $1
*** HOLE CARDS ***
kel3vr4_23: raises $1 to $2
BumHuntKing: folds 
michasia: folds 
KFCAFC123: raises $2 to $4
z00mba: folds 
henri789: folds 
kel3vr4_23: calls $2
*** FLOP *** [Jd 7c 6c]
kel3vr4_23: checks 
KFCAFC123: bets $2
kel3vr4_23: calls $2
*** TURN *** [Jd 7c 6c] [Ad]
kel3vr4_23: checks 
KFCAFC123: bets $4
kel3vr4_23: calls $4
*** RIVER *** [Jd 7c 6c Ad] [9c]
kel3vr4_23: checks 
KFCAFC123: bets $10.21
kel3vr4_23: calls $10.21
*** SHOW DOWN ***
KFCAFC123: shows [8s 8d] (a pair of Eights)
kel3vr4_23: shows [As Qd] (a pair of Aces)
kel3vr4_23 collected $39.82 from pot
*** SUMMARY ***
Total pot $41.92 | Rake $2.10 
Board [Jd 7c 6c Ad 9c]
Seat 1: z00mba (small blind) folded before Flop
Seat 2: henri789 (big blind) folded before Flop
Seat 3: kel3vr4_23 showed [As Qd] and won ($39.82) with a pair of Aces
Seat 4: BumHuntKing folded before Flop (didn't bet)
Seat 5: michasia folded before Flop (didn't bet)
Seat 6: KFCAFC123 (button) showed [8s 8d] and lost with a pair of Eights



PokerStars Hand #254507397541:  Hold'em No Limit ($0.50/$1.00 USD) - 2025/01/22 22:51:28 WET [2025/01/22 17:51:28 ET]
Table 'Laomedon II' 6-max Seat #1 is the button
Seat 1: z00mba ($132.96 in chips) 
Seat 2: henri789 ($117.83 in chips) 
Seat 3: kel3vr4_23 ($47.74 in chips) 
Seat 4: BumHuntKing ($101 in chips) 
Seat 5: michasia ($157.85 in chips) 
Seat 6: KFCAFC123 ($82.71 in chips) 
henri789: posts small blind $0.50
kel3vr4_23: posts big blind $1
*** HOLE CARDS ***
BumHuntKing: raises $1.20 to $2.20
michasia: folds 
KFCAFC123: calls $2.20
z00mba: folds 
henri789: folds 
kel3vr4_23: folds 
*** FLOP *** [Qh 6d Kh]
BumHuntKing: bets $1.85
KFCAFC123: folds 
Uncalled bet ($1.85) returned to BumHuntKing
BumHuntKing collected $5.60 from pot
BumHuntKing: doesn't show hand 
*** SUMMARY ***
Total pot $5.90 | Rake $0.30 
Board [Qh 6d Kh]
Seat 1: z00mba (button) folded before Flop (didn't bet)
Seat 2: henri789 (small blind) folded before Flop
Seat 3: kel3vr4_23 (big blind) folded before Flop
Seat 4: BumHuntKing collected ($5.60)
Seat 5: michasia folded before Flop (didn't bet)
Seat 6: KFCAFC123 folded on the Flop



PokerStars Hand #254507403318:  Hold'em No Limit ($0.50/$1.00 USD) - 2025/01/22 22:51:49 WET [2025/01/22 17:51:49 ET]
Table 'Laomedon II' 6-max Seat #2 is the button
Seat 1: z00mba ($132.96 in chips) 
Seat 2: henri789 ($117.33 in chips) 
Seat 3: kel3vr4_23 ($46.74 in chips) 
Seat 4: BumHuntKing ($104.40 in chips) 
Seat 5: michasia ($157.85 in chips) 
Seat 6: KFCAFC123 ($80.51 in chips) 
kel3vr4_23: posts small blind $0.50
BumHuntKing: posts big blind $1
*** HOLE CARDS ***
michasia: folds 
KFCAFC123: raises $1 to $2
z00mba: folds 
henri789: folds 
kel3vr4_23: folds 
BumHuntKing: raises $10 to $12
KFCAFC123: calls $10
*** FLOP *** [8h 2d Jh]
BumHuntKing: bets $11.64
KFCAFC123: calls $11.64
*** TURN *** [8h 2d Jh] [5s]
BumHuntKing: checks 
KFCAFC123: checks 
*** RIVER *** [8h 2d Jh 5s] [Ac]
BumHuntKing: checks 
KFCAFC123: bets $22.70
BumHuntKing: raises $58.06 to $80.76 and is all-in
KFCAFC123: folds 
Uncalled bet ($58.06) returned to BumHuntKing
BumHuntKing collected $90.68 from pot
BumHuntKing: doesn't show hand 
*** SUMMARY ***
Total pot $93.18 | Rake $2.50 
Board [8h 2d Jh 5s Ac]
Seat 1: z00mba folded before Flop (didn't bet)
Seat 2: henri789 (button) folded before Flop (didn't bet)
Seat 3: kel3vr4_23 (small blind) folded before Flop
Seat 4: BumHuntKing (big blind) collected ($90.68)
Seat 5: michasia folded before Flop (didn't bet)
Seat 6: KFCAFC123 folded on the River



PokerStars Hand #254507417648:  Hold'em No Limit ($0.50/$1.00 USD) - 2025/01/22 22:52:44 WET [2025/01/22 17:52:44 ET]
Table 'Laomedon II' 6-max Seat #3 is the button
Seat 1: z00mba ($132.96 in chips) 
Seat 2: henri789 ($117.33 in chips) 
Seat 3: kel3vr4_23 ($46.24 in chips) 
Seat 4: BumHuntKing ($148.74 in chips) 
Seat 5: michasia ($157.85 in chips) 
Seat 6: KFCAFC123 ($34.17 in chips) 
BumHuntKing: posts small blind $0.50
michasia: posts big blind $1
*** HOLE CARDS ***
KFCAFC123: raises $1 to $2
z00mba: calls $2
henri789: folds 
kel3vr4_23: folds 
BumHuntKing: raises $13 to $15
michasia: folds 
KFCAFC123: raises $13 to $28
z00mba: folds 
BumHuntKing: raises $13 to $41
KFCAFC123: calls $6.17 and is all-in
Uncalled bet ($6.83) returned to BumHuntKing
*** FLOP *** [Ah Qs 8s]
*** TURN *** [Ah Qs 8s] [Ac]
*** RIVER *** [Ah Qs 8s Ac] [6h]
*** SHOW DOWN ***
BumHuntKing: shows [Ts Td] (two pair, Aces and Tens)
KFCAFC123: shows [Kc Qc] (two pair, Aces and Queens)
KFCAFC123 collected $68.84 from pot
*** SUMMARY ***
Total pot $71.34 | Rake $2.50 
Board [Ah Qs 8s Ac 6h]
Seat 1: z00mba folded before Flop
Seat 2: henri789 folded before Flop (didn't bet)
Seat 3: kel3vr4_23 (button) folded before Flop (didn't bet)
Seat 4: BumHuntKing (small blind) showed [Ts Td] and lost with two pair, Aces and Tens
Seat 5: michasia (big blind) folded before Flop
Seat 6: KFCAFC123 showed [Kc Qc] and won ($68.84) with two pair, Aces and Queens



PokerStars Hand #254507429594:  Hold'em No Limit ($0.50/$1.00 USD) - 2025/01/22 22:53:30 WET [2025/01/22 17:53:30 ET]
Table 'Laomedon II' 6-max Seat #4 is the button
Seat 1: z00mba ($130.96 in chips) 
Seat 2: henri789 ($117.33 in chips) 
Seat 3: kel3vr4_23 ($46.24 in chips) 
Seat 4: BumHuntKing ($114.57 in chips) 
Seat 5: michasia ($156.85 in chips) 
Seat 6: KFCAFC123 ($68.84 in chips) 
michasia: posts small blind $0.50
KFCAFC123: posts big blind $1
*** HOLE CARDS ***
z00mba: folds 
henri789: folds 
kel3vr4_23: folds 
BumHuntKing: raises $1.50 to $2.50
michasia: folds 
KFCAFC123: raises $1.50 to $4
BumHuntKing: calls $1.50
*** FLOP *** [5s Js Jh]
KFCAFC123: checks 
BumHuntKing: bets $1.50
KFCAFC123: raises $1.50 to $3
BumHuntKing: raises $14.08 to $17.08
KFCAFC123: folds 
Uncalled bet ($14.08) returned to BumHuntKing
BumHuntKing collected $13.78 from pot
BumHuntKing: doesn't show hand 
*** SUMMARY ***
Total pot $14.50 | Rake $0.72 
Board [5s Js Jh]
Seat 1: z00mba folded before Flop (didn't bet)
Seat 2: henri789 folded before Flop (didn't bet)
Seat 3: kel3vr4_23 folded before Flop (didn't bet)
Seat 4: BumHuntKing (button) collected ($13.78)
Seat 5: michasia (small blind) folded before Flop
Seat 6: KFCAFC123 (big blind) folded on the Flop



PokerStars Hand #254507445472:  Hold'em No Limit ($0.50/$1.00 USD) - 2025/01/22 22:54:31 WET [2025/01/22 17:54:31 ET]
Table 'Laomedon II' 6-max Seat #5 is the button
Seat 1: z00mba ($130.96 in chips) is sitting out
Seat 2: henri789 ($117.33 in chips) 
Seat 3: kel3vr4_23 ($46.24 in chips) 
Seat 4: BumHuntKing ($121.35 in chips) 
Seat 5: michasia ($156.35 in chips) 
Seat 6: KFCAFC123 ($61.84 in chips) 
KFCAFC123: posts small blind $0.50
z00mba: is sitting out 
henri789: posts big blind $1
*** HOLE CARDS ***
kel3vr4_23: raises $1 to $2
BumHuntKing: folds 
michasia: raises $4 to $6
KFCAFC123: raises $4 to $10
henri789: folds 
kel3vr4_23: raises $36.24 to $46.24 and is all-in
michasia: folds 
KFCAFC123: calls $36.24
*** FLOP *** [Ad 3h Jh]
*** TURN *** [Ad 3h Jh] [5c]
*** RIVER *** [Ad 3h Jh 5c] [Th]
*** SHOW DOWN ***
KFCAFC123: shows [Kc Tc] (a pair of Tens)
kel3vr4_23: shows [Kd Ac] (a pair of Aces)
kel3vr4_23 collected $96.98 from pot
*** SUMMARY ***
Total pot $99.48 | Rake $2.50 
Board [Ad 3h Jh 5c Th]
Seat 1: z00mba
Seat 2: henri789 (big blind) folded before Flop
Seat 3: kel3vr4_23 showed [Kd Ac] and won ($96.98) with a pair of Aces
Seat 4: BumHuntKing folded before Flop (didn't bet)
Seat 5: michasia (button) folded before Flop
Seat 6: KFCAFC123 (small blind) showed [Kc Tc] and lost with a pair of Tens



PokerStars Hand #254507454373:  Hold'em No Limit ($0.50/$1.00 USD) - 2025/01/22 22:55:05 WET [2025/01/22 17:55:05 ET]
Table 'Laomedon II' 6-max Seat #6 is the button
Seat 1: z00mba ($130.96 in chips) is sitting out
Seat 2: henri789 ($116.33 in chips) 
Seat 3: kel3vr4_23 ($96.98 in chips) 
Seat 4: BumHuntKing ($121.35 in chips) 
Seat 5: michasia ($150.35 in chips) 
Seat 6: KFCAFC123 ($15.60 in chips) 
henri789: posts small blind $0.50
kel3vr4_23: posts big blind $1
*** HOLE CARDS ***
BumHuntKing: raises $1.20 to $2.20
michasia: folds 
KFCAFC123: calls $2.20
henri789: folds 
kel3vr4_23: folds 
*** FLOP *** [Qs Jh 9s]
BumHuntKing: bets $1.40
KFCAFC123: folds 
Uncalled bet ($1.40) returned to BumHuntKing
BumHuntKing collected $5.60 from pot
BumHuntKing: doesn't show hand 
*** SUMMARY ***
Total pot $5.90 | Rake $0.30 
Board [Qs Jh 9s]
Seat 1: z00mba
Seat 2: henri789 (small blind) folded before Flop
Seat 3: kel3vr4_23 (big blind) folded before Flop
Seat 4: BumHuntKing collected ($5.60)
Seat 5: michasia folded before Flop (didn't bet)
Seat 6: KFCAFC123 (button) folded on the Flop



PokerStars Hand #254507460461:  Hold'em No Limit ($0.50/$1.00 USD) - 2025/01/22 22:55:33 WET [2025/01/22 17:55:33 ET]
Table 'Laomedon II' 6-max Seat #2 is the button
Seat 1: z00mba ($130.96 in chips) is sitting out
Seat 2: henri789 ($115.83 in chips) 
Seat 3: kel3vr4_23 ($95.98 in chips) 
Seat 4: BumHuntKing ($124.75 in chips) 
Seat 5: michasia ($150.35 in chips) 
Seat 6: KFCAFC123 ($13.40 in chips) 
kel3vr4_23: posts small blind $0.50
BumHuntKing: posts big blind $1
z00mba: sits out 
*** HOLE CARDS ***
michasia: folds 
KFCAFC123: raises $1 to $2
henri789: folds 
kel3vr4_23: folds 
BumHuntKing: folds 
Uncalled bet ($1) returned to KFCAFC123
KFCAFC123 collected $2.50 from pot
*** SUMMARY ***
Total pot $2.50 | Rake $0 
Seat 1: z00mba
Seat 2: henri789 (button) folded before Flop (didn't bet)
Seat 3: kel3vr4_23 (small blind) folded before Flop
Seat 4: BumHuntKing (big blind) folded before Flop
Seat 5: michasia folded before Flop (didn't bet)
Seat 6: KFCAFC123 collected ($2.50)



PokerStars Hand #254507462622:  Hold'em No Limit ($0.50/$1.00 USD) - 2025/01/22 22:55:44 WET [2025/01/22 17:55:44 ET]
Table 'Laomedon II' 6-max Seat #3 is the button
Seat 1: z00mba ($130.96 in chips) is sitting out
Seat 2: henri789 ($115.83 in chips) 
Seat 3: kel3vr4_23 ($95.48 in chips) 
Seat 4: BumHuntKing ($123.75 in chips) 
Seat 5: michasia ($150.35 in chips) 
Seat 6: KFCAFC123 ($14.90 in chips) 
BumHuntKing: posts small blind $0.50
michasia: posts big blind $1
z00mba: sits out 
*** HOLE CARDS ***
KFCAFC123: raises $1 to $2
henri789: raises $4 to $6
kel3vr4_23: folds 
BumHuntKing: folds 
michasia: folds 
KFCAFC123: calls $4
*** FLOP *** [5h 3d 6d]
KFCAFC123: bets $8.90 and is all-in
henri789: calls $8.90
*** TURN *** [5h 3d 6d] [4s]
*** RIVER *** [5h 3d 6d 4s] [Qd]
*** SHOW DOWN ***
KFCAFC123: shows [8c Tc] (high card Queen)
henri789: shows [Qc Ac] (a pair of Queens)
henri789 collected $29.74 from pot
*** SUMMARY ***
Total pot $31.30 | Rake $1.56 
Board [5h 3d 6d 4s Qd]
Seat 1: z00mba
Seat 2: henri789 showed [Qc Ac] and won ($29.74) with a pair of Queens
Seat 3: kel3vr4_23 (button) folded before Flop (didn't bet)
Seat 4: BumHuntKing (small blind) folded before Flop
Seat 5: michasia (big blind) folded before Flop
Seat 6: KFCAFC123 showed [8c Tc] and lost with high card Queen



PokerStars Hand #254507469642:  Hold'em No Limit ($0.50/$1.00 USD) - 2025/01/22 22:56:20 WET [2025/01/22 17:56:20 ET]
Table 'Laomedon II' 6-max Seat #4 is the button
Seat 6: KFCAFC123 ($0 in chips) is sitting out
Seat 1: z00mba ($130.96 in chips) 
Seat 2: henri789 ($130.67 in chips) 
Seat 3: kel3vr4_23 ($95.48 in chips) 
Seat 4: BumHuntKing ($123.25 in chips) 
Seat 5: michasia ($149.35 in chips) 
michasia: posts small blind $0.50
z00mba: posts big blind $1
*** HOLE CARDS ***
henri789: folds 
kel3vr4_23: raises $1 to $2
BumHuntKing: folds 
michasia: folds 
KFCAFC123 leaves the table
z00mba: folds 
Uncalled bet ($1) returned to kel3vr4_23
kel3vr4_23 collected $2.50 from pot
kel3vr4_23: doesn't show hand 
*** SUMMARY ***
Total pot $2.50 | Rake $0 
Seat 6: KFCAFC123
Seat 1: z00mba (big blind) folded before Flop
Seat 2: henri789 folded before Flop (didn't bet)
Seat 3: kel3vr4_23 collected ($2.50)
Seat 4: BumHuntKing (button) folded before Flop (didn't bet)
Seat 5: michasia (small blind) folded before Flop



PokerStars Hand #254507472095:  Hold'em No Limit ($0.50/$1.00 USD) - 2025/01/22 22:56:32 WET [2025/01/22 17:56:32 ET]
Table 'Laomedon II' 6-max Seat #5 is the button
Seat 1: z00mba ($129.96 in chips) 
Seat 2: henri789 ($130.67 in chips) 
Seat 3: kel3vr4_23 ($96.98 in chips) 
Seat 4: BumHuntKing ($123.25 in chips) 
Seat 5: michasia ($148.85 in chips) 
z00mba: posts small blind $0.50
henri789: posts big blind $1
*** HOLE CARDS ***
kel3vr4_23: folds 
BumHuntKing: raises $1.20 to $2.20
michasia: folds 
z00mba: raises $9.30 to $11.50
henri789: folds 
BumHuntKing: folds 
Uncalled bet ($9.30) returned to z00mba
z00mba collected $5.40 from pot
z00mba: doesn't show hand 
*** SUMMARY ***
Total pot $5.40 | Rake $0 
Seat 1: z00mba (small blind) collected ($5.40)
Seat 2: henri789 (big blind) folded before Flop
Seat 3: kel3vr4_23 folded before Flop (didn't bet)
Seat 4: BumHuntKing folded before Flop
Seat 5: michasia (button) folded before Flop (didn't bet)



PokerStars Hand #254507477265:  Hold'em No Limit ($0.50/$1.00 USD) - 2025/01/22 22:56:58 WET [2025/01/22 17:56:58 ET]
Table 'Laomedon II' 6-max Seat #1 is the button
Seat 1: z00mba ($133.16 in chips) 
Seat 2: henri789 ($129.67 in chips) 
Seat 3: kel3vr4_23 ($96.98 in chips) 
Seat 4: BumHuntKing ($121.05 in chips) 
Seat 5: michasia ($148.85 in chips) 
henri789: posts small blind $0.50
kel3vr4_23: posts big blind $1
*** HOLE CARDS ***
BumHuntKing: folds 
michasia: raises $1.80 to $2.80
z00mba: folds 
henri789: folds 
kel3vr4_23: folds 
Uncalled bet ($1.80) returned to michasia
tukeiron joins the table at seat #6 
michasia collected $2.50 from pot
michasia: doesn't show hand 
*** SUMMARY ***
Total pot $2.50 | Rake $0 
Seat 1: z00mba (button) folded before Flop (didn't bet)
Seat 2: henri789 (small blind) folded before Flop
Seat 3: kel3vr4_23 (big blind) folded before Flop
Seat 4: BumHuntKing folded before Flop (didn't bet)
Seat 5: michasia collected ($2.50)



PokerStars Hand #254507480388:  Hold'em No Limit ($0.50/$1.00 USD) - 2025/01/22 22:57:13 WET [2025/01/22 17:57:13 ET]
Table 'Laomedon II' 6-max Seat #2 is the button
Seat 6: tukeiron ($100 in chips) is sitting out
Seat 1: z00mba ($133.16 in chips) 
Seat 2: henri789 ($129.17 in chips) 
Seat 3: kel3vr4_23 ($95.98 in chips) 
Seat 4: BumHuntKing ($121.05 in chips) 
Seat 5: michasia ($150.35 in chips) 
kel3vr4_23: posts small blind $0.50
BumHuntKing: posts big blind $1
tukeiron: sits out 
*** HOLE CARDS ***
michasia: folds 
z00mba: folds 
henri789: raises $1.20 to $2.20
kel3vr4_23: folds 
BumHuntKing: folds 
Uncalled bet ($1.20) returned to henri789
henri789 collected $2.50 from pot
henri789: doesn't show hand 
*** SUMMARY ***
Total pot $2.50 | Rake $0 
Seat 6: tukeiron
Seat 1: z00mba folded before Flop (didn't bet)
Seat 2: henri789 (button) collected ($2.50)
Seat 3: kel3vr4_23 (small blind) folded before Flop
Seat 4: BumHuntKing (big blind) folded before Flop
Seat 5: michasia folded before Flop (didn't bet)



PokerStars Hand #254507483189:  Hold'em No Limit ($0.50/$1.00 USD) - 2025/01/22 22:57:27 WET [2025/01/22 17:57:27 ET]
Table 'Laomedon II' 6-max Seat #3 is the button
Seat 5: michasia ($150.35 in chips) is sitting out
Seat 1: z00mba ($133.16 in chips) 
Seat 2: henri789 ($130.67 in chips) 
Seat 3: kel3vr4_23 ($95.48 in chips) 
Seat 4: BumHuntKing ($120.05 in chips) 
Seat 6: tukeiron ($100 in chips) 
BumHuntKing: posts small blind $0.50
tukeiron: posts big blind $1
*** HOLE CARDS ***
z00mba: folds 
henri789: folds 
kel3vr4_23: folds 
BumHuntKing: raises $2 to $3
z00mba leaves the table
p0pa4poker joins the table at seat #1 
tukeiron: folds 
Uncalled bet ($2) returned to BumHuntKing
BumHuntKing collected $2 from pot
BumHuntKing: doesn't show hand 
*** SUMMARY ***
Total pot $2 | Rake $0 
Seat 5: michasia
Seat 1: z00mba folded before Flop (didn't bet)
Seat 2: henri789 folded before Flop (didn't bet)
Seat 3: kel3vr4_23 (button) folded before Flop (didn't bet)
Seat 4: BumHuntKing (small blind) collected ($2)
Seat 6: tukeiron (big blind) folded before Flop



PokerStars Hand #254507486332:  Hold'em No Limit ($0.50/$1.00 USD) - 2025/01/22 22:57:43 WET [2025/01/22 17:57:43 ET]
Table 'Laomedon II' 6-max Seat #4 is the button
Seat 5: michasia ($150.35 in chips) is sitting out
Seat 1: p0pa4poker ($100 in chips) 
Seat 2: henri789 ($130.67 in chips) 
Seat 3: kel3vr4_23 ($95.48 in chips) 
Seat 4: BumHuntKing ($121.05 in chips) 
Seat 6: tukeiron ($100 in chips) 
tukeiron: posts small blind $0.50
p0pa4poker: posts big blind $1
*** HOLE CARDS ***
henri789: folds 
kel3vr4_23: folds 
BumHuntKing: folds 
BumHuntKing leaves the table
tukeiron: raises $2 to $3
henri789 leaves the table
p0pa4poker: folds 
Uncalled bet ($2) returned to tukeiron
tukeiron collected $2 from pot
*** SUMMARY ***
Total pot $2 | Rake $0 
Seat 5: michasia
Seat 1: p0pa4poker (big blind) folded before Flop
Seat 2: henri789 folded before Flop (didn't bet)
Seat 3: kel3vr4_23 folded before Flop (didn't bet)
Seat 4: BumHuntKing (button) folded before Flop (didn't bet)
Seat 6: tukeiron (small blind) collected ($2)



PokerStars Hand #254507488733:  Hold'em No Limit ($0.50/$1.00 USD) - 2025/01/22 22:57:55 WET [2025/01/22 17:57:55 ET]
Table 'Laomedon II' 6-max Seat #6 is the button
Seat 5: michasia ($150.35 in chips) is sitting out
Seat 1: p0pa4poker ($99 in chips) 
Seat 3: kel3vr4_23 ($95.48 in chips) 
Seat 6: tukeiron ($101 in chips) 
p0pa4poker: posts small blind $0.50
kel3vr4_23: posts big blind $1
*** HOLE CARDS ***
tukeiron: folds 
p0pa4poker: raises $2 to $3
kel3vr4_23: calls $2
*** FLOP *** [2s 8c Kd]
p0pa4poker: bets $1.88
kel3vr4_23: folds 
Uncalled bet ($1.88) returned to p0pa4poker
p0pa4poker collected $5.70 from pot
p0pa4poker: doesn't show hand 
*** SUMMARY ***
Total pot $6 | Rake $0.30 
Board [2s 8c Kd]
Seat 5: michasia
Seat 1: p0pa4poker (small blind) collected ($5.70)
Seat 3: kel3vr4_23 (big blind) folded on the Flop
Seat 6: tukeiron (button) folded before Flop (didn't bet)



PokerStars Hand #254507493905:  Hold'em No Limit ($0.50/$1.00 USD) - 2025/01/22 22:58:20 WET [2025/01/22 17:58:20 ET]
Table 'Laomedon II' 6-max Seat #1 is the button
Seat 5: michasia ($150.35 in chips) is sitting out
Seat 1: p0pa4poker ($101.70 in chips) 
Seat 3: kel3vr4_23 ($92.48 in chips) 
Seat 6: tukeiron ($101 in chips) 
kel3vr4_23: posts small blind $0.50
tukeiron: posts big blind $1
*** HOLE CARDS ***
p0pa4poker: folds 
kel3vr4_23: folds 
Uncalled bet ($0.50) returned to tukeiron
tukeiron collected $1 from pot
*** SUMMARY ***
Total pot $1 | Rake $0 
Seat 5: michasia
Seat 1: p0pa4poker (button) folded before Flop (didn't bet)
Seat 3: kel3vr4_23 (small blind) folded before Flop
Seat 6: tukeiron (big blind) collected ($1)



PokerStars Hand #254507495685:  Hold'em No Limit ($0.50/$1.00 USD) - 2025/01/22 22:58:29 WET [2025/01/22 17:58:29 ET]
Table 'Laomedon II' 6-max Seat #3 is the button
Seat 5: michasia ($150.35 in chips) is sitting out
Seat 1: p0pa4poker ($101.70 in chips) 
Seat 3: kel3vr4_23 ($91.98 in chips) 
Seat 6: tukeiron ($101.50 in chips) 
tukeiron: posts small blind $0.50
p0pa4poker: posts big blind $1
*** HOLE CARDS ***
kel3vr4_23: folds 
tukeiron: folds 
Uncalled bet ($0.50) returned to p0pa4poker
p0pa4poker collected $1 from pot
p0pa4poker: doesn't show hand 
*** SUMMARY ***
Total pot $1 | Rake $0 
Seat 5: michasia
Seat 1: p0pa4poker (big blind) collected ($1)
Seat 3: kel3vr4_23 (button) folded before Flop (didn't bet)
Seat 6: tukeiron (small blind) folded before Flop



PokerStars Hand #254507496930:  Hold'em No Limit ($0.50/$1.00 USD) - 2025/01/22 22:58:36 WET [2025/01/22 17:58:36 ET]
Table 'Laomedon II' 6-max Seat #6 is the button
Seat 5: michasia ($150.35 in chips) is sitting out
Seat 1: p0pa4poker ($102.20 in chips) 
Seat 3: kel3vr4_23 ($91.98 in chips) 
Seat 6: tukeiron ($101 in chips) 
p0pa4poker: posts small blind $0.50
kel3vr4_23: posts big blind $1
*** HOLE CARDS ***
tukeiron: raises $1.50 to $2.50
p0pa4poker: raises $9.50 to $12
kel3vr4_23: folds 
tukeiron: calls $9.50
*** FLOP *** [4s Qh Jh]
p0pa4poker: bets $12
tukeiron: folds 
Uncalled bet ($12) returned to p0pa4poker
p0pa4poker collected $24 from pot
p0pa4poker: doesn't show hand 
tukeiron leaves the table
*** SUMMARY ***
Total pot $25 | Rake $1 
Board [4s Qh Jh]
Seat 5: michasia
Seat 1: p0pa4poker (small blind) collected ($24)
Seat 3: kel3vr4_23 (big blind) folded before Flop
Seat 6: tukeiron (button) folded on the Flop



PokerStars Hand #254507506987:  Hold'em No Limit ($0.50/$1.00 USD) - 2025/01/22 22:59:25 WET [2025/01/22 17:59:25 ET]
Table 'Laomedon II' 6-max Seat #3 is the button
Seat 5: michasia ($150.35 in chips) is sitting out
Seat 1: p0pa4poker ($114.20 in chips) 
Seat 3: kel3vr4_23 ($90.98 in chips) 
kel3vr4_23: posts small blind $0.50
p0pa4poker: posts big blind $1
*** HOLE CARDS ***
kel3vr4_23: raises $2 to $3
p0pa4poker: folds 
Uncalled bet ($2) returned to kel3vr4_23
p0pa4poker leaves the table
kel3vr4_23 collected $2 from pot
kel3vr4_23: doesn't show hand 
*** SUMMARY ***
Total pot $2 | Rake $0 
Seat 5: michasia
Seat 1: p0pa4poker (big blind) folded before Flop
Seat 3: kel3vr4_23 (button) (small blind) collected ($2)



