PokerStars Hand #254501995344:  Hold'em No Limit ($0.50/$1.00 USD) - 2025/01/22 17:55:32 WET [2025/01/22 12:55:32 ET]
Table 'Daedalus IV' 6-max Seat #2 is the button
Seat 1: rossieboy222 ($0 in chips) is sitting out
Seat 2: reiyser ($114.17 in chips) 
Seat 3: tukeiron ($103.20 in chips) 
Seat 4: UnderC@t ($100 in chips) 
Seat 5: Manifestorr ($100 in chips) 
Seat 6: Trojanovich ($113.30 in chips) 
tukeiron: posts small blind $0.50
UnderC@t: posts big blind $1
*** HOLE CARDS ***
Manifestorr: folds 
Trojanovich: raises $1.50 to $2.50
reiyser: folds 
rossieboy222 leaves the table
tukeiron: folds 
UnderC@t: folds 
Uncalled bet ($1.50) returned to Trojanovich
Trojanovich collected $2.50 from pot
Trojanovich: doesn't show hand 
*** SUMMARY ***
Total pot $2.50 | Rake $0 
Seat 1: rossieboy222
Seat 2: reiyser (button) folded before Flop (didn't bet)
Seat 3: tukeiron (small blind) folded before Flop
Seat 4: UnderC@t (big blind) folded before Flop
Seat 5: Manifestorr folded before Flop (didn't bet)
Seat 6: Trojanovich collected ($2.50)



PokerStars Hand #254501997976:  Hold'em No Limit ($0.50/$1.00 USD) - 2025/01/22 17:55:46 WET [2025/01/22 12:55:46 ET]
Table 'Daedalus IV' 6-max Seat #3 is the button
Seat 2: reiyser ($114.17 in chips) 
Seat 3: tukeiron ($102.70 in chips) 
Seat 4: UnderC@t ($100 in chips) 
Seat 5: Manifestorr ($100 in chips) 
Seat 6: Trojanovich ($114.80 in chips) 
UnderC@t: posts small blind $0.50
Manifestorr: posts big blind $1
*** HOLE CARDS ***
Trojanovich: folds 
reiyser: folds 
tukeiron: folds 
UnderC@t: folds 
Uncalled bet ($0.50) returned to Manifestorr
Manifestorr collected $1 from pot
*** SUMMARY ***
Total pot $1 | Rake $0 
Seat 2: reiyser folded before Flop (didn't bet)
Seat 3: tukeiron (button) folded before Flop (didn't bet)
Seat 4: UnderC@t (small blind) folded before Flop
Seat 5: Manifestorr (big blind) collected ($1)
Seat 6: Trojanovich folded before Flop (didn't bet)



PokerStars Hand #254502000653:  Hold'em No Limit ($0.50/$1.00 USD) - 2025/01/22 17:56:00 WET [2025/01/22 12:56:00 ET]
Table 'Daedalus IV' 6-max Seat #4 is the button
Seat 2: reiyser ($114.17 in chips) 
Seat 3: tukeiron ($102.70 in chips) 
Seat 4: UnderC@t ($100 in chips) 
Seat 5: Manifestorr ($100.50 in chips) 
Seat 6: Trojanovich ($114.80 in chips) 
Manifestorr: posts small blind $0.50
Trojanovich: posts big blind $1
*** HOLE CARDS ***
reiyser: raises $1.23 to $2.23
tukeiron: folds 
UnderC@t: folds 
Manifestorr: folds 
Trojanovich: raises $8.77 to $11
reiyser: folds 
Uncalled bet ($8.77) returned to Trojanovich
Trojanovich collected $4.96 from pot
Trojanovich: doesn't show hand 
GuigaMan joins the table at seat #1 
*** SUMMARY ***
Total pot $4.96 | Rake $0 
Seat 2: reiyser folded before Flop
Seat 3: tukeiron folded before Flop (didn't bet)
Seat 4: UnderC@t (button) folded before Flop (didn't bet)
Seat 5: Manifestorr (small blind) folded before Flop
Seat 6: Trojanovich (big blind) collected ($4.96)



PokerStars Hand #254502006704:  Hold'em No Limit ($0.50/$1.00 USD) - 2025/01/22 17:56:32 WET [2025/01/22 12:56:32 ET]
Table 'Daedalus IV' 6-max Seat #5 is the button
Seat 1: GuigaMan ($100 in chips) 
Seat 2: reiyser ($111.94 in chips) 
Seat 3: tukeiron ($102.70 in chips) 
Seat 4: UnderC@t ($100 in chips) 
Seat 5: Manifestorr ($100 in chips) 
Seat 6: Trojanovich ($117.53 in chips) 
Trojanovich: posts small blind $0.50
GuigaMan: posts big blind $1
*** HOLE CARDS ***
reiyser: folds 
tukeiron: folds 
UnderC@t: folds 
Manifestorr: folds 
Trojanovich: raises $2 to $3
GuigaMan: folds 
Uncalled bet ($2) returned to Trojanovich
Trojanovich collected $2 from pot
Trojanovich: doesn't show hand 
*** SUMMARY ***
Total pot $2 | Rake $0 
Seat 1: GuigaMan (big blind) folded before Flop
Seat 2: reiyser folded before Flop (didn't bet)
Seat 3: tukeiron folded before Flop (didn't bet)
Seat 4: UnderC@t folded before Flop (didn't bet)
Seat 5: Manifestorr (button) folded before Flop (didn't bet)
Seat 6: Trojanovich (small blind) collected ($2)



PokerStars Hand #254502010288:  Hold'em No Limit ($0.50/$1.00 USD) - 2025/01/22 17:56:50 WET [2025/01/22 12:56:50 ET]
Table 'Daedalus IV' 6-max Seat #6 is the button
Seat 2: reiyser ($111.94 in chips) is sitting out
Seat 1: GuigaMan ($100 in chips) 
Seat 3: tukeiron ($102.70 in chips) 
Seat 4: UnderC@t ($100 in chips) 
Seat 5: Manifestorr ($100 in chips) 
Seat 6: Trojanovich ($118.53 in chips) 
GuigaMan: posts small blind $0.50
reiyser: is sitting out 
tukeiron: posts big blind $1
*** HOLE CARDS ***
UnderC@t: folds 
reiyser leaves the table
Manifestorr: folds 
Trojanovich: folds 
GuigaMan: raises $2 to $3
tukeiron: folds 
Uncalled bet ($2) returned to GuigaMan
GuigaMan collected $2 from pot
*** SUMMARY ***
Total pot $2 | Rake $0 
Seat 2: reiyser
Seat 1: GuigaMan (small blind) collected ($2)
Seat 3: tukeiron (big blind) folded before Flop
Seat 4: UnderC@t folded before Flop (didn't bet)
Seat 5: Manifestorr folded before Flop (didn't bet)
Seat 6: Trojanovich (button) folded before Flop (didn't bet)



PokerStars Hand #254502013719:  Hold'em No Limit ($0.50/$1.00 USD) - 2025/01/22 17:57:07 WET [2025/01/22 12:57:07 ET]
Table 'Daedalus IV' 6-max Seat #1 is the button
Seat 1: GuigaMan ($101 in chips) 
Seat 3: tukeiron ($101.70 in chips) 
Seat 4: UnderC@t ($100 in chips) 
Seat 5: Manifestorr ($100 in chips) 
Seat 6: Trojanovich ($118.53 in chips) 
tukeiron: posts small blind $0.50
UnderC@t: posts big blind $1
*** HOLE CARDS ***
Manifestorr: folds 
Trojanovich: folds 
GuigaMan: raises $1.50 to $2.50
tukeiron: folds 
UnderC@t: folds 
Uncalled bet ($1.50) returned to GuigaMan
GuigaMan collected $2.50 from pot
*** SUMMARY ***
Total pot $2.50 | Rake $0 
Seat 1: GuigaMan (button) collected ($2.50)
Seat 3: tukeiron (small blind) folded before Flop
Seat 4: UnderC@t (big blind) folded before Flop
Seat 5: Manifestorr folded before Flop (didn't bet)
Seat 6: Trojanovich folded before Flop (didn't bet)



PokerStars Hand #254502016390:  Hold'em No Limit ($0.50/$1.00 USD) - 2025/01/22 17:57:21 WET [2025/01/22 12:57:21 ET]
Table 'Daedalus IV' 6-max Seat #3 is the button
Seat 1: GuigaMan ($102.50 in chips) 
Seat 3: tukeiron ($101.20 in chips) 
Seat 4: UnderC@t ($100 in chips) 
Seat 5: Manifestorr ($100 in chips) 
Seat 6: Trojanovich ($118.53 in chips) 
UnderC@t: posts small blind $0.50
Manifestorr: posts big blind $1
*** HOLE CARDS ***
Trojanovich: folds 
GuigaMan: raises $1.50 to $2.50
tukeiron: folds 
UnderC@t: folds 
Manifestorr: folds 
Uncalled bet ($1.50) returned to GuigaMan
GuigaMan collected $2.50 from pot
*** SUMMARY ***
Total pot $2.50 | Rake $0 
Seat 1: GuigaMan collected ($2.50)
Seat 3: tukeiron (button) folded before Flop (didn't bet)
Seat 4: UnderC@t (small blind) folded before Flop
Seat 5: Manifestorr (big blind) folded before Flop
Seat 6: Trojanovich folded before Flop (didn't bet)



PokerStars Hand #254502019388:  Hold'em No Limit ($0.50/$1.00 USD) - 2025/01/22 17:57:36 WET [2025/01/22 12:57:36 ET]
Table 'Daedalus IV' 6-max Seat #4 is the button
Seat 6: Trojanovich ($118.53 in chips) is sitting out
Seat 1: GuigaMan ($104 in chips) 
Seat 3: tukeiron ($101.20 in chips) 
Seat 4: UnderC@t ($100 in chips) 
Seat 5: Manifestorr ($100 in chips) 
Manifestorr: posts small blind $0.50
Trojanovich: is sitting out 
GuigaMan: posts big blind $1
*** HOLE CARDS ***
tukeiron: raises $1.50 to $2.50
UnderC@t: folds 
Manifestorr: folds 
GuigaMan: folds 
Uncalled bet ($1.50) returned to tukeiron
Trojanovich leaves the table
tukeiron collected $2.50 from pot
*** SUMMARY ***
Total pot $2.50 | Rake $0 
Seat 6: Trojanovich
Seat 1: GuigaMan (big blind) folded before Flop
Seat 3: tukeiron collected ($2.50)
Seat 4: UnderC@t (button) folded before Flop (didn't bet)
Seat 5: Manifestorr (small blind) folded before Flop



PokerStars Hand #254502022243:  Hold'em No Limit ($0.50/$1.00 USD) - 2025/01/22 17:57:51 WET [2025/01/22 12:57:51 ET]
Table 'Daedalus IV' 6-max Seat #5 is the button
Seat 1: GuigaMan ($103 in chips) 
Seat 3: tukeiron ($102.70 in chips) 
Seat 4: UnderC@t ($100 in chips) 
Seat 5: Manifestorr ($100 in chips) 
GuigaMan: posts small blind $0.50
tukeiron: posts big blind $1
*** HOLE CARDS ***
UnderC@t: folds 
Manifestorr: folds 
Quantumwish joins the table at seat #6 
GuigaMan: folds 
Uncalled bet ($0.50) returned to tukeiron
z00mba joins the table at seat #2 
tukeiron collected $1 from pot
*** SUMMARY ***
Total pot $1 | Rake $0 
Seat 1: GuigaMan (small blind) folded before Flop
Seat 3: tukeiron (big blind) collected ($1)
Seat 4: UnderC@t folded before Flop (didn't bet)
Seat 5: Manifestorr (button) folded before Flop (didn't bet)



PokerStars Hand #254502025937:  Hold'em No Limit ($0.50/$1.00 USD) - 2025/01/22 17:58:10 WET [2025/01/22 12:58:10 ET]
Table 'Daedalus IV' 6-max Seat #1 is the button
Seat 2: z00mba ($100 in chips) is sitting out
Seat 6: Quantumwish ($72.34 in chips) is sitting out
Seat 1: GuigaMan ($102.50 in chips) 
Seat 3: tukeiron ($103.20 in chips) 
Seat 4: UnderC@t ($100 in chips) 
Seat 5: Manifestorr ($100 in chips) 
tukeiron: posts small blind $0.50
UnderC@t: posts big blind $1
Quantumwish: sits out 
*** HOLE CARDS ***
Manifestorr: folds 
GuigaMan: raises $1.50 to $2.50
tukeiron: folds 
UnderC@t: folds 
Uncalled bet ($1.50) returned to GuigaMan
GuigaMan collected $2.50 from pot
*** SUMMARY ***
Total pot $2.50 | Rake $0 
Seat 2: z00mba
Seat 6: Quantumwish
Seat 1: GuigaMan (button) collected ($2.50)
Seat 3: tukeiron (small blind) folded before Flop
Seat 4: UnderC@t (big blind) folded before Flop
Seat 5: Manifestorr folded before Flop (didn't bet)



PokerStars Hand #254502028700:  Hold'em No Limit ($0.50/$1.00 USD) - 2025/01/22 17:58:24 WET [2025/01/22 12:58:24 ET]
Table 'Daedalus IV' 6-max Seat #3 is the button
Seat 2: z00mba ($100 in chips) is sitting out
Seat 6: Quantumwish ($72.34 in chips) is sitting out
Seat 1: GuigaMan ($104 in chips) 
Seat 3: tukeiron ($102.70 in chips) 
Seat 4: UnderC@t ($100 in chips) 
Seat 5: Manifestorr ($100 in chips) 
UnderC@t: posts small blind $0.50
Manifestorr: posts big blind $1
Quantumwish: sits out 
z00mba: sits out 
*** HOLE CARDS ***
GuigaMan: raises $1.20 to $2.20
tukeiron: folds 
UnderC@t: folds 
Manifestorr: folds 
Uncalled bet ($1.20) returned to GuigaMan
GuigaMan collected $2.50 from pot
*** SUMMARY ***
Total pot $2.50 | Rake $0 
Seat 2: z00mba
Seat 6: Quantumwish
Seat 1: GuigaMan collected ($2.50)
Seat 3: tukeiron (button) folded before Flop (didn't bet)
Seat 4: UnderC@t (small blind) folded before Flop
Seat 5: Manifestorr (big blind) folded before Flop



PokerStars Hand #254502062738:  Hold'em No Limit ($0.50/$1.00 USD) - 2025/01/22 18:01:16 WET [2025/01/22 13:01:16 ET]
Table 'Daedalus IV' 6-max Seat #2 is the button
Seat 1: GuigaMan ($104 in chips) 
Seat 2: z00mba ($100 in chips) 
Seat 3: tukeiron ($100 in chips) 
Seat 4: UnderC@t ($103 in chips) 
Seat 5: Manifestorr ($100 in chips) 
Seat 6: Quantumwish ($79.33 in chips) 
tukeiron: posts small blind $0.50
UnderC@t: posts big blind $1
*** HOLE CARDS ***
Manifestorr: folds 
Quantumwish: folds 
GuigaMan: folds 
z00mba: folds 
tukeiron: raises $2 to $3
UnderC@t: folds 
Uncalled bet ($2) returned to tukeiron
tukeiron collected $2 from pot
*** SUMMARY ***
Total pot $2 | Rake $0 
Seat 1: GuigaMan folded before Flop (didn't bet)
Seat 2: z00mba (button) folded before Flop (didn't bet)
Seat 3: tukeiron (small blind) collected ($2)
Seat 4: UnderC@t (big blind) folded before Flop
Seat 5: Manifestorr folded before Flop (didn't bet)
Seat 6: Quantumwish folded before Flop (didn't bet)



PokerStars Hand #254502066120:  Hold'em No Limit ($0.50/$1.00 USD) - 2025/01/22 18:01:31 WET [2025/01/22 13:01:31 ET]
Table 'Daedalus IV' 6-max Seat #3 is the button
Seat 1: GuigaMan ($104 in chips) 
Seat 2: z00mba ($100 in chips) 
Seat 3: tukeiron ($101 in chips) 
Seat 4: UnderC@t ($102 in chips) 
Seat 5: Manifestorr ($100 in chips) 
Seat 6: Quantumwish ($79.33 in chips) 
UnderC@t: posts small blind $0.50
Manifestorr: posts big blind $1
*** HOLE CARDS ***
Quantumwish: folds 
GuigaMan: folds 
z00mba: raises $1.50 to $2.50
tukeiron: folds 
UnderC@t: folds 
Manifestorr: folds 
Uncalled bet ($1.50) returned to z00mba
z00mba collected $2.50 from pot
z00mba: doesn't show hand 
*** SUMMARY ***
Total pot $2.50 | Rake $0 
Seat 1: GuigaMan folded before Flop (didn't bet)
Seat 2: z00mba collected ($2.50)
Seat 3: tukeiron (button) folded before Flop (didn't bet)
Seat 4: UnderC@t (small blind) folded before Flop
Seat 5: Manifestorr (big blind) folded before Flop
Seat 6: Quantumwish folded before Flop (didn't bet)



PokerStars Hand #254501882601:  Hold'em No Limit ($0.50/$1.00 USD) - 2025/01/22 17:48:07 WET [2025/01/22 12:48:07 ET]
Table 'Daedalus IV' 6-max Seat #5 is the button
Seat 1: Poker9803 ($10 in chips) 
Seat 2: sta$igk ($100 in chips) 
Seat 3: tukeiron ($100 in chips) 
Seat 5: Manifestorr ($100 in chips) 
Seat 6: Trojanovich ($100 in chips) 
Trojanovich: posts small blind $0.50
Poker9803: posts big blind $1
*** HOLE CARDS ***
sta$igk: folds 
tukeiron: raises $1.50 to $2.50
Manifestorr: raises $5.50 to $8
Trojanovich: folds 
Poker9803: folds 
tukeiron: folds 
Uncalled bet ($5.50) returned to Manifestorr
Manifestorr collected $6.50 from pot
*** SUMMARY ***
Total pot $6.50 | Rake $0 
Seat 1: Poker9803 (big blind) folded before Flop
Seat 2: sta$igk folded before Flop (didn't bet)
Seat 3: tukeiron folded before Flop
Seat 5: Manifestorr (button) collected ($6.50)
Seat 6: Trojanovich (small blind) folded before Flop



PokerStars Hand #254501887085:  Hold'em No Limit ($0.50/$1.00 USD) - 2025/01/22 17:48:24 WET [2025/01/22 12:48:24 ET]
Table 'Daedalus IV' 6-max Seat #6 is the button
Seat 1: Poker9803 ($100 in chips) 
Seat 2: sta$igk ($100 in chips) 
Seat 3: tukeiron ($100 in chips) 
Seat 5: Manifestorr ($104 in chips) 
Seat 6: Trojanovich ($100 in chips) 
Poker9803: posts small blind $0.50
sta$igk: posts big blind $1
*** HOLE CARDS ***
tukeiron: folds 
Manifestorr: raises $1.20 to $2.20
Trojanovich: folds 
Poker9803: folds 
sta$igk: folds 
Uncalled bet ($1.20) returned to Manifestorr
Manifestorr collected $2.50 from pot
*** SUMMARY ***
Total pot $2.50 | Rake $0 
Seat 1: Poker9803 (small blind) folded before Flop
Seat 2: sta$igk (big blind) folded before Flop
Seat 3: tukeiron folded before Flop (didn't bet)
Seat 5: Manifestorr collected ($2.50)
Seat 6: Trojanovich (button) folded before Flop (didn't bet)



PokerStars Hand #254501889562:  Hold'em No Limit ($0.50/$1.00 USD) - 2025/01/22 17:48:34 WET [2025/01/22 12:48:34 ET]
Table 'Daedalus IV' 6-max Seat #1 is the button
Seat 1: Poker9803 ($99.50 in chips) 
Seat 2: sta$igk ($100 in chips) 
Seat 3: tukeiron ($100 in chips) 
Seat 5: Manifestorr ($105.50 in chips) 
Seat 6: Trojanovich ($100 in chips) 
sta$igk: posts small blind $0.50
tukeiron: posts big blind $1
*** HOLE CARDS ***
Manifestorr: folds 
Trojanovich: folds 
Poker9803: folds 
sta$igk: folds 
Uncalled bet ($0.50) returned to tukeiron
tukeiron collected $1 from pot
*** SUMMARY ***
Total pot $1 | Rake $0 
Seat 1: Poker9803 (button) folded before Flop (didn't bet)
Seat 2: sta$igk (small blind) folded before Flop
Seat 3: tukeiron (big blind) collected ($1)
Seat 5: Manifestorr folded before Flop (didn't bet)
Seat 6: Trojanovich folded before Flop (didn't bet)



PokerStars Hand #254501891772:  Hold'em No Limit ($0.50/$1.00 USD) - 2025/01/22 17:48:42 WET [2025/01/22 12:48:42 ET]
Table 'Daedalus IV' 6-max Seat #2 is the button
Seat 1: Poker9803 ($99.50 in chips) 
Seat 2: sta$igk ($100 in chips) 
Seat 3: tukeiron ($100.50 in chips) 
Seat 5: Manifestorr ($105.50 in chips) 
Seat 6: Trojanovich ($100 in chips) 
tukeiron: posts small blind $0.50
Manifestorr: posts big blind $1
*** HOLE CARDS ***
Trojanovich: raises $1.50 to $2.50
Poker9803: folds 
sta$igk: folds 
tukeiron: folds 
Manifestorr: calls $1.50
*** FLOP *** [5h Js 9h]
Manifestorr: checks 
Trojanovich: checks 
*** TURN *** [5h Js 9h] [8s]
Manifestorr: bets $7.05
Trojanovich: folds 
Uncalled bet ($7.05) returned to Manifestorr
Manifestorr collected $5.22 from pot
*** SUMMARY ***
Total pot $5.50 | Rake $0.28 
Board [5h Js 9h 8s]
Seat 1: Poker9803 folded before Flop (didn't bet)
Seat 2: sta$igk (button) folded before Flop (didn't bet)
Seat 3: tukeiron (small blind) folded before Flop
Seat 5: Manifestorr (big blind) collected ($5.22)
Seat 6: Trojanovich folded on the Turn



PokerStars Hand #254501904866:  Hold'em No Limit ($0.50/$1.00 USD) - 2025/01/22 17:49:33 WET [2025/01/22 12:49:33 ET]
Table 'Daedalus IV' 6-max Seat #3 is the button
Seat 1: Poker9803 ($99.50 in chips) 
Seat 2: sta$igk ($100 in chips) 
Seat 3: tukeiron ($100 in chips) 
Seat 5: Manifestorr ($108.22 in chips) 
Seat 6: Trojanovich ($100 in chips) 
Manifestorr: posts small blind $0.50
Trojanovich: posts big blind $1
*** HOLE CARDS ***
Poker9803: folds 
sta$igk: folds 
Poker9803 leaves the table
tukeiron: raises $1.50 to $2.50
Manifestorr: folds 
Trojanovich: folds 
Uncalled bet ($1.50) returned to tukeiron
tukeiron collected $2.50 from pot
*** SUMMARY ***
Total pot $2.50 | Rake $0 
Seat 1: Poker9803 folded before Flop (didn't bet)
Seat 2: sta$igk folded before Flop (didn't bet)
Seat 3: tukeiron (button) collected ($2.50)
Seat 5: Manifestorr (small blind) folded before Flop
Seat 6: Trojanovich (big blind) folded before Flop



PokerStars Hand #254501908854:  Hold'em No Limit ($0.50/$1.00 USD) - 2025/01/22 17:49:49 WET [2025/01/22 12:49:49 ET]
Table 'Daedalus IV' 6-max Seat #5 is the button
Seat 2: sta$igk ($100 in chips) is sitting out
Seat 3: tukeiron ($101.50 in chips) 
Seat 5: Manifestorr ($107.72 in chips) 
Seat 6: Trojanovich ($100 in chips) 
Trojanovich: posts small blind $0.50
sta$igk: is sitting out 
tukeiron: posts big blind $1
*** HOLE CARDS ***
Manifestorr: folds 
Trojanovich: folds 
Uncalled bet ($0.50) returned to tukeiron
sta$igk leaves the table
tukeiron collected $1 from pot
*** SUMMARY ***
Total pot $1 | Rake $0 
Seat 2: sta$igk
Seat 3: tukeiron (big blind) collected ($1)
Seat 5: Manifestorr (button) folded before Flop (didn't bet)
Seat 6: Trojanovich (small blind) folded before Flop



PokerStars Hand #254501910583:  Hold'em No Limit ($0.50/$1.00 USD) - 2025/01/22 17:49:55 WET [2025/01/22 12:49:55 ET]
Table 'Daedalus IV' 6-max Seat #3 is the button
Seat 5: Manifestorr ($107.72 in chips) is sitting out
Seat 3: tukeiron ($102 in chips) 
Seat 6: Trojanovich ($100 in chips) 
tukeiron: posts small blind $0.50
Manifestorr: is sitting out 
Trojanovich: posts big blind $1
*** HOLE CARDS ***
tukeiron: folds 
Uncalled bet ($0.50) returned to Trojanovich
Manifestorr leaves the table
Trojanovich collected $1 from pot
Trojanovich: doesn't show hand 
*** SUMMARY ***
Total pot $1 | Rake $0 
Seat 5: Manifestorr
Seat 3: tukeiron (button) (small blind) folded before Flop
Seat 6: Trojanovich (big blind) collected ($1)



PokerStars Hand #254501912163:  Hold'em No Limit ($0.50/$1.00 USD) - 2025/01/22 17:50:01 WET [2025/01/22 12:50:01 ET]
Table 'Daedalus IV' 6-max Seat #6 is the button
Seat 3: tukeiron ($101.50 in chips) 
Seat 6: Trojanovich ($100.50 in chips) 
Trojanovich: posts small blind $0.50
tukeiron: posts big blind $1
*** HOLE CARDS ***
Trojanovich: folds 
Uncalled bet ($0.50) returned to tukeiron
tukeiron collected $1 from pot
*** SUMMARY ***
Total pot $1 | Rake $0 
Seat 3: tukeiron (big blind) collected ($1)
Seat 6: Trojanovich (button) (small blind) folded before Flop



PokerStars Hand #254501913648:  Hold'em No Limit ($0.50/$1.00 USD) - 2025/01/22 17:50:07 WET [2025/01/22 12:50:07 ET]
Table 'Daedalus IV' 6-max Seat #3 is the button
Seat 3: tukeiron ($102 in chips) 
Seat 6: Trojanovich ($100 in chips) 
tukeiron: posts small blind $0.50
Trojanovich: posts big blind $1
*** HOLE CARDS ***
tukeiron: raises $2 to $3
Trojanovich: calls $2
*** FLOP *** [5c 5h Ah]
Trojanovich: checks 
tukeiron: checks 
*** TURN *** [5c 5h Ah] [3d]
Trojanovich: checks 
tukeiron: bets $2.50
Trojanovich: folds 
Uncalled bet ($2.50) returned to tukeiron
tukeiron collected $5.70 from pot
*** SUMMARY ***
Total pot $6 | Rake $0.30 
Board [5c 5h Ah 3d]
Seat 3: tukeiron (button) (small blind) collected ($5.70)
Seat 6: Trojanovich (big blind) folded on the Turn



PokerStars Hand #254501925479:  Hold'em No Limit ($0.50/$1.00 USD) - 2025/01/22 17:50:54 WET [2025/01/22 12:50:54 ET]
Table 'Daedalus IV' 6-max Seat #6 is the button
Seat 3: tukeiron ($104.70 in chips) 
Seat 6: Trojanovich ($100 in chips) 
Trojanovich: posts small blind $0.50
tukeiron: posts big blind $1
*** HOLE CARDS ***
Trojanovich: raises $1.50 to $2.50
tukeiron: folds 
Uncalled bet ($1.50) returned to Trojanovich
Trojanovich collected $2 from pot
Trojanovich: doesn't show hand 
blistein joins the table at seat #2 
sta$igk joins the table at seat #4 
rossieboy222 joins the table at seat #1 
rossieboy222 is disconnected 
*** SUMMARY ***
Total pot $2 | Rake $0 
Seat 3: tukeiron (big blind) folded before Flop
Seat 6: Trojanovich (button) (small blind) collected ($2)



PokerStars Hand #254501927428:  Hold'em No Limit ($0.50/$1.00 USD) - 2025/01/22 17:51:02 WET [2025/01/22 12:51:02 ET]
Table 'Daedalus IV' 6-max Seat #3 is the button
Seat 2: blistein ($100 in chips) is sitting out
Seat 4: sta$igk ($100 in chips) is sitting out
Seat 1: rossieboy222 ($14.17 in chips) 
Seat 3: tukeiron ($103.70 in chips) 
Seat 6: Trojanovich ($101 in chips) 
Trojanovich: posts small blind $0.50
rossieboy222 is connected 
rossieboy222: posts big blind $1
blistein: sits out 
*** HOLE CARDS ***
Manifestorr joins the table at seat #5 
tukeiron: raises $1.50 to $2.50
Trojanovich: folds 
rossieboy222: folds 
Uncalled bet ($1.50) returned to tukeiron
tukeiron collected $2.50 from pot
*** SUMMARY ***
Total pot $2.50 | Rake $0 
Seat 2: blistein
Seat 4: sta$igk
Seat 1: rossieboy222 (big blind) folded before Flop
Seat 3: tukeiron (button) collected ($2.50)
Seat 6: Trojanovich (small blind) folded before Flop



PokerStars Hand #254501933300:  Hold'em No Limit ($0.50/$1.00 USD) - 2025/01/22 17:51:25 WET [2025/01/22 12:51:25 ET]
Table 'Daedalus IV' 6-max Seat #6 is the button
Seat 4: sta$igk ($100 in chips) is sitting out
Seat 5: Manifestorr ($107.72 in chips) is sitting out
Seat 1: rossieboy222 ($13.17 in chips) 
Seat 2: blistein ($100 in chips) 
Seat 3: tukeiron ($105.20 in chips) 
Seat 6: Trojanovich ($100.50 in chips) 
rossieboy222: posts small blind $0.50
blistein: posts big blind $1
sta$igk: sits out 
Manifestorr: sits out 
*** HOLE CARDS ***
tukeiron: folds 
Trojanovich: raises $1.50 to $2.50
rossieboy222: folds 
blistein: folds 
Uncalled bet ($1.50) returned to Trojanovich
Trojanovich collected $2.50 from pot
Trojanovich: doesn't show hand 
*** SUMMARY ***
Total pot $2.50 | Rake $0 
Seat 4: sta$igk
Seat 5: Manifestorr
Seat 1: rossieboy222 (small blind) folded before Flop
Seat 2: blistein (big blind) folded before Flop
Seat 3: tukeiron folded before Flop (didn't bet)
Seat 6: Trojanovich (button) collected ($2.50)



PokerStars Hand #254501936571:  Hold'em No Limit ($0.50/$1.00 USD) - 2025/01/22 17:51:37 WET [2025/01/22 12:51:37 ET]
Table 'Daedalus IV' 6-max Seat #1 is the button
Seat 4: sta$igk ($100 in chips) is sitting out
Seat 5: Manifestorr ($107.72 in chips) is sitting out
Seat 1: rossieboy222 ($12.67 in chips) 
Seat 2: blistein ($100 in chips) 
Seat 3: tukeiron ($105.20 in chips) 
Seat 6: Trojanovich ($102 in chips) 
blistein: posts small blind $0.50
tukeiron: posts big blind $1
sta$igk: sits out 
Manifestorr: sits out 
*** HOLE CARDS ***
Trojanovich: folds 
rossieboy222: folds 
blistein: folds 
Uncalled bet ($0.50) returned to tukeiron
tukeiron collected $1 from pot
*** SUMMARY ***
Total pot $1 | Rake $0 
Seat 4: sta$igk
Seat 5: Manifestorr
Seat 1: rossieboy222 (button) folded before Flop (didn't bet)
Seat 2: blistein (small blind) folded before Flop
Seat 3: tukeiron (big blind) collected ($1)
Seat 6: Trojanovich folded before Flop (didn't bet)



PokerStars Hand #254501938469:  Hold'em No Limit ($0.50/$1.00 USD) - 2025/01/22 17:51:45 WET [2025/01/22 12:51:45 ET]
Table 'Daedalus IV' 6-max Seat #2 is the button
Seat 5: Manifestorr ($107.72 in chips) is sitting out
Seat 1: rossieboy222 ($12.67 in chips) 
Seat 2: blistein ($100 in chips) 
Seat 3: tukeiron ($105.70 in chips) 
Seat 4: sta$igk ($100 in chips) 
Seat 6: Trojanovich ($102 in chips) 
tukeiron: posts small blind $0.50
sta$igk: posts big blind $1
Manifestorr: sits out 
*** HOLE CARDS ***
Trojanovich: folds 
rossieboy222: folds 
blistein: folds 
tukeiron: raises $2 to $3
sta$igk: raises $6 to $9
tukeiron: folds 
Uncalled bet ($6) returned to sta$igk
sta$igk collected $6 from pot
sta$igk: doesn't show hand 
*** SUMMARY ***
Total pot $6 | Rake $0 
Seat 5: Manifestorr
Seat 1: rossieboy222 folded before Flop (didn't bet)
Seat 2: blistein (button) folded before Flop (didn't bet)
Seat 3: tukeiron (small blind) folded before Flop
Seat 4: sta$igk (big blind) collected ($6)
Seat 6: Trojanovich folded before Flop (didn't bet)



PokerStars Hand #254501945897:  Hold'em No Limit ($0.50/$1.00 USD) - 2025/01/22 17:52:14 WET [2025/01/22 12:52:14 ET]
Table 'Daedalus IV' 6-max Seat #3 is the button
Seat 1: rossieboy222 ($12.67 in chips) 
Seat 2: blistein ($100 in chips) 
Seat 3: tukeiron ($102.70 in chips) 
Seat 4: sta$igk ($103 in chips) 
Seat 5: Manifestorr ($107.72 in chips) 
Seat 6: Trojanovich ($102 in chips) 
sta$igk: posts small blind $0.50
Manifestorr: posts big blind $1
*** HOLE CARDS ***
Trojanovich: raises $1.50 to $2.50
rossieboy222: folds 
blistein: folds 
tukeiron: folds 
sta$igk: folds 
Manifestorr: folds 
Uncalled bet ($1.50) returned to Trojanovich
Trojanovich collected $2.50 from pot
Trojanovich: doesn't show hand 
*** SUMMARY ***
Total pot $2.50 | Rake $0 
Seat 1: rossieboy222 folded before Flop (didn't bet)
Seat 2: blistein folded before Flop (didn't bet)
Seat 3: tukeiron (button) folded before Flop (didn't bet)
Seat 4: sta$igk (small blind) folded before Flop
Seat 5: Manifestorr (big blind) folded before Flop
Seat 6: Trojanovich collected ($2.50)



PokerStars Hand #254501948912:  Hold'em No Limit ($0.50/$1.00 USD) - 2025/01/22 17:52:26 WET [2025/01/22 12:52:26 ET]
Table 'Daedalus IV' 6-max Seat #4 is the button
Seat 1: rossieboy222 ($12.67 in chips) 
Seat 2: blistein ($100 in chips) 
Seat 3: tukeiron ($102.70 in chips) 
Seat 4: sta$igk ($102.50 in chips) 
Seat 5: Manifestorr ($106.72 in chips) 
Seat 6: Trojanovich ($103.50 in chips) 
Manifestorr: posts small blind $0.50
Trojanovich: posts big blind $1
*** HOLE CARDS ***
rossieboy222: folds 
blistein: folds 
tukeiron: raises $1.10 to $2.10
sta$igk: folds 
Manifestorr: folds 
Trojanovich: folds 
Uncalled bet ($1.10) returned to tukeiron
tukeiron collected $2.50 from pot
*** SUMMARY ***
Total pot $2.50 | Rake $0 
Seat 1: rossieboy222 folded before Flop (didn't bet)
Seat 2: blistein folded before Flop (didn't bet)
Seat 3: tukeiron collected ($2.50)
Seat 4: sta$igk (button) folded before Flop (didn't bet)
Seat 5: Manifestorr (small blind) folded before Flop
Seat 6: Trojanovich (big blind) folded before Flop



PokerStars Hand #254501952279:  Hold'em No Limit ($0.50/$1.00 USD) - 2025/01/22 17:52:39 WET [2025/01/22 12:52:39 ET]
Table 'Daedalus IV' 6-max Seat #5 is the button
Seat 1: rossieboy222 ($12.67 in chips) 
Seat 2: blistein ($100 in chips) 
Seat 3: tukeiron ($104.20 in chips) 
Seat 4: sta$igk ($102.50 in chips) 
Seat 5: Manifestorr ($106.22 in chips) 
Seat 6: Trojanovich ($102.50 in chips) 
Trojanovich: posts small blind $0.50
rossieboy222: posts big blind $1
*** HOLE CARDS ***
blistein: folds 
blistein leaves the table
tukeiron: folds 
sta$igk: folds 
Manifestorr: raises $1.20 to $2.20
Trojanovich: folds 
rossieboy222: raises $10.47 to $12.67 and is all-in
Manifestorr: folds 
Uncalled bet ($10.47) returned to rossieboy222
rossieboy222 collected $4.90 from pot
*** SUMMARY ***
Total pot $4.90 | Rake $0 
Seat 1: rossieboy222 (big blind) collected ($4.90)
Seat 2: blistein folded before Flop (didn't bet)
Seat 3: tukeiron folded before Flop (didn't bet)
Seat 4: sta$igk folded before Flop (didn't bet)
Seat 5: Manifestorr (button) folded before Flop
Seat 6: Trojanovich (small blind) folded before Flop



PokerStars Hand #254501956243:  Hold'em No Limit ($0.50/$1.00 USD) - 2025/01/22 17:52:54 WET [2025/01/22 12:52:54 ET]
Table 'Daedalus IV' 6-max Seat #6 is the button
Seat 1: rossieboy222 ($15.37 in chips) 
Seat 3: tukeiron ($104.20 in chips) 
Seat 4: sta$igk ($102.50 in chips) 
Seat 5: Manifestorr ($104.02 in chips) 
Seat 6: Trojanovich ($102 in chips) 
rossieboy222: posts small blind $0.50
tukeiron: posts big blind $1
*** HOLE CARDS ***
sta$igk: folds 
Manifestorr: raises $1.20 to $2.20
reiyser joins the table at seat #2 
Trojanovich: raises $4.80 to $7
sta$igk leaves the table
rossieboy222: folds 
tukeiron: folds 
Manifestorr: calls $4.80
*** FLOP *** [Kd 2s 9c]
Manifestorr: checks 
Trojanovich: bets $4.86
Manifestorr: folds 
Uncalled bet ($4.86) returned to Trojanovich
Trojanovich collected $14.72 from pot
Trojanovich: doesn't show hand 
*** SUMMARY ***
Total pot $15.50 | Rake $0.78 
Board [Kd 2s 9c]
Seat 1: rossieboy222 (small blind) folded before Flop
Seat 3: tukeiron (big blind) folded before Flop
Seat 4: sta$igk folded before Flop (didn't bet)
Seat 5: Manifestorr folded on the Flop
Seat 6: Trojanovich (button) collected ($14.72)



PokerStars Hand #254501967942:  Hold'em No Limit ($0.50/$1.00 USD) - 2025/01/22 17:53:40 WET [2025/01/22 12:53:40 ET]
Table 'Daedalus IV' 6-max Seat #1 is the button
Seat 2: reiyser ($100 in chips) is sitting out
Seat 1: rossieboy222 ($14.87 in chips) 
Seat 3: tukeiron ($103.20 in chips) 
Seat 5: Manifestorr ($100 in chips) 
Seat 6: Trojanovich ($109.72 in chips) 
tukeiron: posts small blind $0.50
Manifestorr: posts big blind $1
*** HOLE CARDS ***
Trojanovich: folds 
rossieboy222: folds 
tukeiron: raises $2 to $3
Manifestorr: folds 
Uncalled bet ($2) returned to tukeiron
tukeiron collected $2 from pot
*** SUMMARY ***
Total pot $2 | Rake $0 
Seat 2: reiyser
Seat 1: rossieboy222 (button) folded before Flop (didn't bet)
Seat 3: tukeiron (small blind) collected ($2)
Seat 5: Manifestorr (big blind) folded before Flop
Seat 6: Trojanovich folded before Flop (didn't bet)



PokerStars Hand #254501971368:  Hold'em No Limit ($0.50/$1.00 USD) - 2025/01/22 17:53:53 WET [2025/01/22 12:53:53 ET]
Table 'Daedalus IV' 6-max Seat #3 is the button
Seat 2: reiyser ($100 in chips) is sitting out
Seat 1: rossieboy222 ($14.87 in chips) 
Seat 3: tukeiron ($104.20 in chips) 
Seat 5: Manifestorr ($100 in chips) 
Seat 6: Trojanovich ($109.72 in chips) 
Manifestorr: posts small blind $0.50
Trojanovich: posts big blind $1
reiyser: sits out 
*** HOLE CARDS ***
rossieboy222: raises $1 to $2
tukeiron: folds 
Manifestorr: folds 
Trojanovich: calls $1
*** FLOP *** [Jh Qs 8c]
Trojanovich: checks 
rossieboy222: bets $2
Trojanovich: raises $3 to $5
rossieboy222: folds 
Uncalled bet ($3) returned to Trojanovich
Trojanovich collected $8.08 from pot
Trojanovich: doesn't show hand 
*** SUMMARY ***
Total pot $8.50 | Rake $0.42 
Board [Jh Qs 8c]
Seat 2: reiyser
Seat 1: rossieboy222 folded on the Flop
Seat 3: tukeiron (button) folded before Flop (didn't bet)
Seat 5: Manifestorr (small blind) folded before Flop
Seat 6: Trojanovich (big blind) collected ($8.08)



PokerStars Hand #254501983641:  Hold'em No Limit ($0.50/$1.00 USD) - 2025/01/22 17:54:42 WET [2025/01/22 12:54:42 ET]
Table 'Daedalus IV' 6-max Seat #5 is the button
Seat 2: reiyser ($100 in chips) is sitting out
Seat 1: rossieboy222 ($10.87 in chips) 
Seat 3: tukeiron ($104.20 in chips) 
Seat 5: Manifestorr ($100 in chips) 
Seat 6: Trojanovich ($113.80 in chips) 
Trojanovich: posts small blind $0.50
rossieboy222: posts big blind $1
reiyser: sits out 
*** HOLE CARDS ***
tukeiron: folds 
Manifestorr: folds 
Trojanovich: folds 
Uncalled bet ($0.50) returned to rossieboy222
rossieboy222 collected $1 from pot
*** SUMMARY ***
Total pot $1 | Rake $0 
Seat 2: reiyser
Seat 1: rossieboy222 (big blind) collected ($1)
Seat 3: tukeiron folded before Flop (didn't bet)
Seat 5: Manifestorr (button) folded before Flop (didn't bet)
Seat 6: Trojanovich (small blind) folded before Flop



PokerStars Hand #254501985474:  Hold'em No Limit ($0.50/$1.00 USD) - 2025/01/22 17:54:49 WET [2025/01/22 12:54:49 ET]
Table 'Daedalus IV' 6-max Seat #6 is the button
Seat 1: rossieboy222 ($11.37 in chips) 
Seat 2: reiyser ($100 in chips) 
Seat 3: tukeiron ($104.20 in chips) 
Seat 5: Manifestorr ($100 in chips) 
Seat 6: Trojanovich ($113.30 in chips) 
rossieboy222: posts small blind $0.50
reiyser: posts big blind $1
*** HOLE CARDS ***
tukeiron: folds 
Manifestorr: folds 
Trojanovich: folds 
rossieboy222: raises $10.37 to $11.37 and is all-in
reiyser: folds 
Uncalled bet ($10.37) returned to rossieboy222
rossieboy222 collected $2 from pot
*** SUMMARY ***
Total pot $2 | Rake $0 
Seat 1: rossieboy222 (small blind) collected ($2)
Seat 2: reiyser (big blind) folded before Flop
Seat 3: tukeiron folded before Flop (didn't bet)
Seat 5: Manifestorr folded before Flop (didn't bet)
Seat 6: Trojanovich (button) folded before Flop (didn't bet)



PokerStars Hand #254501988504:  Hold'em No Limit ($0.50/$1.00 USD) - 2025/01/22 17:55:01 WET [2025/01/22 12:55:01 ET]
Table 'Daedalus IV' 6-max Seat #1 is the button
Seat 1: rossieboy222 ($12.37 in chips) 
Seat 2: reiyser ($100 in chips) 
Seat 3: tukeiron ($104.20 in chips) 
Seat 5: Manifestorr ($100 in chips) 
Seat 6: Trojanovich ($113.30 in chips) 
reiyser: posts small blind $0.50
tukeiron: posts big blind $1
*** HOLE CARDS ***
UnderC@t joins the table at seat #4 
Manifestorr: raises $1.20 to $2.20
Trojanovich: folds 
rossieboy222: raises $10.17 to $12.37 and is all-in
reiyser: raises $10.17 to $22.54
tukeiron: folds 
Manifestorr: folds 
Uncalled bet ($10.17) returned to reiyser
*** FLOP *** [3c 9s 5d]
*** TURN *** [3c 9s 5d] [2h]
*** RIVER *** [3c 9s 5d 2h] [2s]
*** SHOW DOWN ***
reiyser: shows [Kd Ad] (a pair of Deuces)
rossieboy222: shows [Ah Ts] (a pair of Deuces - lower kicker)
reiyser collected $26.54 from pot
*** SUMMARY ***
Total pot $27.94 | Rake $1.40 
Board [3c 9s 5d 2h 2s]
Seat 1: rossieboy222 (button) showed [Ah Ts] and lost with a pair of Deuces
Seat 2: reiyser (small blind) showed [Kd Ad] and won ($26.54) with a pair of Deuces
Seat 3: tukeiron (big blind) folded before Flop
Seat 5: Manifestorr folded before Flop
Seat 6: Trojanovich folded before Flop (didn't bet)



PokerStars Hand #254502070763:  Hold'em No Limit ($0.50/$1.00 USD) - 2025/01/22 18:01:51 WET [2025/01/22 13:01:51 ET]
Table 'Daedalus IV' 6-max Seat #4 is the button
Seat 1: GuigaMan ($104 in chips) 
Seat 2: z00mba ($101.50 in chips) 
Seat 3: tukeiron ($101 in chips) 
Seat 4: UnderC@t ($101.50 in chips) 
Seat 5: Manifestorr ($100 in chips) 
Seat 6: Quantumwish ($79.33 in chips) 
Manifestorr: posts small blind $0.50
Quantumwish: posts big blind $1
*** HOLE CARDS ***
GuigaMan: folds 
z00mba: folds 
tukeiron: raises $1.50 to $2.50
UnderC@t: raises $5.50 to $8
Manifestorr: folds 
Quantumwish: folds 
tukeiron: folds 
Uncalled bet ($5.50) returned to UnderC@t
UnderC@t collected $6.50 from pot
UnderC@t: doesn't show hand 
*** SUMMARY ***
Total pot $6.50 | Rake $0 
Seat 1: GuigaMan folded before Flop (didn't bet)
Seat 2: z00mba folded before Flop (didn't bet)
Seat 3: tukeiron folded before Flop
Seat 4: UnderC@t (button) collected ($6.50)
Seat 5: Manifestorr (small blind) folded before Flop
Seat 6: Quantumwish (big blind) folded before Flop



PokerStars Hand #254502076277:  Hold'em No Limit ($0.50/$1.00 USD) - 2025/01/22 18:02:14 WET [2025/01/22 13:02:14 ET]
Table 'Daedalus IV' 6-max Seat #5 is the button
Seat 1: GuigaMan ($104 in chips) 
Seat 2: z00mba ($101.50 in chips) 
Seat 3: tukeiron ($100 in chips) 
Seat 4: UnderC@t ($105.50 in chips) 
Seat 5: Manifestorr ($100 in chips) 
Seat 6: Quantumwish ($78.33 in chips) 
Quantumwish: posts small blind $0.50
GuigaMan: posts big blind $1
*** HOLE CARDS ***
z00mba: folds 
tukeiron: folds 
UnderC@t: raises $1.50 to $2.50
Manifestorr: folds 
Quantumwish: folds 
GuigaMan: calls $1.50
*** FLOP *** [8c 9c 5c]
GuigaMan: checks 
UnderC@t: checks 
*** TURN *** [8c 9c 5c] [Td]
GuigaMan: checks 
UnderC@t: bets $1.57
GuigaMan: folds 
Uncalled bet ($1.57) returned to UnderC@t
UnderC@t collected $5.22 from pot
UnderC@t: doesn't show hand 
*** SUMMARY ***
Total pot $5.50 | Rake $0.28 
Board [8c 9c 5c Td]
Seat 1: GuigaMan (big blind) folded on the Turn
Seat 2: z00mba folded before Flop (didn't bet)
Seat 3: tukeiron folded before Flop (didn't bet)
Seat 4: UnderC@t collected ($5.22)
Seat 5: Manifestorr (button) folded before Flop (didn't bet)
Seat 6: Quantumwish (small blind) folded before Flop



PokerStars Hand #254502086084:  Hold'em No Limit ($0.50/$1.00 USD) - 2025/01/22 18:02:51 WET [2025/01/22 13:02:51 ET]
Table 'Daedalus IV' 6-max Seat #6 is the button
Seat 1: GuigaMan ($101.50 in chips) 
Seat 2: z00mba ($101.50 in chips) 
Seat 3: tukeiron ($100 in chips) 
Seat 4: UnderC@t ($108.22 in chips) 
Seat 5: Manifestorr ($100 in chips) 
Seat 6: Quantumwish ($77.83 in chips) 
GuigaMan: posts small blind $0.50
z00mba: posts big blind $1
*** HOLE CARDS ***
tukeiron: folds 
UnderC@t: raises $1.50 to $2.50
Manifestorr: folds 
Quantumwish: folds 
GuigaMan: folds 
z00mba: folds 
Uncalled bet ($1.50) returned to UnderC@t
UnderC@t collected $2.50 from pot
UnderC@t: doesn't show hand 
*** SUMMARY ***
Total pot $2.50 | Rake $0 
Seat 1: GuigaMan (small blind) folded before Flop
Seat 2: z00mba (big blind) folded before Flop
Seat 3: tukeiron folded before Flop (didn't bet)
Seat 4: UnderC@t collected ($2.50)
Seat 5: Manifestorr folded before Flop (didn't bet)
Seat 6: Quantumwish (button) folded before Flop (didn't bet)



PokerStars Hand #254502090063:  Hold'em No Limit ($0.50/$1.00 USD) - 2025/01/22 18:03:07 WET [2025/01/22 13:03:07 ET]
Table 'Daedalus IV' 6-max Seat #1 is the button
Seat 1: GuigaMan ($101 in chips) 
Seat 2: z00mba ($100.50 in chips) 
Seat 3: tukeiron ($100 in chips) 
Seat 4: UnderC@t ($109.72 in chips) 
Seat 5: Manifestorr ($100 in chips) 
Seat 6: Quantumwish ($77.83 in chips) 
z00mba: posts small blind $0.50
tukeiron: posts big blind $1
*** HOLE CARDS ***
UnderC@t: folds 
Manifestorr: folds 
Quantumwish: raises $1.50 to $2.50
GuigaMan: folds 
z00mba: folds 
tukeiron: folds 
Uncalled bet ($1.50) returned to Quantumwish
Quantumwish collected $2.50 from pot
Quantumwish: doesn't show hand 
*** SUMMARY ***
Total pot $2.50 | Rake $0 
Seat 1: GuigaMan (button) folded before Flop (didn't bet)
Seat 2: z00mba (small blind) folded before Flop
Seat 3: tukeiron (big blind) folded before Flop
Seat 4: UnderC@t folded before Flop (didn't bet)
Seat 5: Manifestorr folded before Flop (didn't bet)
Seat 6: Quantumwish collected ($2.50)



PokerStars Hand #254502095116:  Hold'em No Limit ($0.50/$1.00 USD) - 2025/01/22 18:03:28 WET [2025/01/22 13:03:28 ET]
Table 'Daedalus IV' 6-max Seat #2 is the button
Seat 1: GuigaMan ($101 in chips) 
Seat 2: z00mba ($100 in chips) 
Seat 3: tukeiron ($100 in chips) 
Seat 4: UnderC@t ($109.72 in chips) 
Seat 5: Manifestorr ($100 in chips) 
Seat 6: Quantumwish ($79.33 in chips) 
tukeiron: posts small blind $0.50
UnderC@t: posts big blind $1
*** HOLE CARDS ***
Manifestorr: folds 
Quantumwish: raises $2 to $3
GuigaMan: folds 
z00mba: folds 
tukeiron: calls $2.50
UnderC@t: folds 
*** FLOP *** [Qs Ts Td]
tukeiron: checks 
Quantumwish: checks 
*** TURN *** [Qs Ts Td] [2d]
tukeiron: checks 
Quantumwish: bets $4.32
tukeiron: folds 
Uncalled bet ($4.32) returned to Quantumwish
Quantumwish collected $6.65 from pot
Quantumwish: doesn't show hand 
*** SUMMARY ***
Total pot $7 | Rake $0.35 
Board [Qs Ts Td 2d]
Seat 1: GuigaMan folded before Flop (didn't bet)
Seat 2: z00mba (button) folded before Flop (didn't bet)
Seat 3: tukeiron (small blind) folded on the Turn
Seat 4: UnderC@t (big blind) folded before Flop
Seat 5: Manifestorr folded before Flop (didn't bet)
Seat 6: Quantumwish collected ($6.65)



PokerStars Hand #254502105544:  Hold'em No Limit ($0.50/$1.00 USD) - 2025/01/22 18:04:08 WET [2025/01/22 13:04:08 ET]
Table 'Daedalus IV' 6-max Seat #3 is the button
Seat 1: GuigaMan ($101 in chips) 
Seat 2: z00mba ($100 in chips) 
Seat 3: tukeiron ($100 in chips) 
Seat 4: UnderC@t ($108.72 in chips) 
Seat 5: Manifestorr ($100 in chips) 
Seat 6: Quantumwish ($82.98 in chips) 
UnderC@t: posts small blind $0.50
Manifestorr: posts big blind $1
*** HOLE CARDS ***
Quantumwish: folds 
GuigaMan: folds 
z00mba: raises $1.50 to $2.50
tukeiron: folds 
UnderC@t: folds 
Manifestorr: raises $9.50 to $12
z00mba: folds 
Uncalled bet ($9.50) returned to Manifestorr
Manifestorr collected $5.50 from pot
*** SUMMARY ***
Total pot $5.50 | Rake $0 
Seat 1: GuigaMan folded before Flop (didn't bet)
Seat 2: z00mba folded before Flop
Seat 3: tukeiron (button) folded before Flop (didn't bet)
Seat 4: UnderC@t (small blind) folded before Flop
Seat 5: Manifestorr (big blind) collected ($5.50)
Seat 6: Quantumwish folded before Flop (didn't bet)



PokerStars Hand #254502115668:  Hold'em No Limit ($0.50/$1.00 USD) - 2025/01/22 18:04:48 WET [2025/01/22 13:04:48 ET]
Table 'Daedalus IV' 6-max Seat #4 is the button
Seat 1: GuigaMan ($101 in chips) 
Seat 2: z00mba ($100 in chips) 
Seat 3: tukeiron ($100 in chips) 
Seat 4: UnderC@t ($108.22 in chips) 
Seat 5: Manifestorr ($103 in chips) 
Seat 6: Quantumwish ($82.98 in chips) 
Manifestorr: posts small blind $0.50
Quantumwish: posts big blind $1
*** HOLE CARDS ***
GuigaMan: folds 
z00mba: folds 
tukeiron: folds 
UnderC@t: raises $1.50 to $2.50
Manifestorr: folds 
Quantumwish: calls $1.50
*** FLOP *** [8d 5s 7d]
Quantumwish: checks 
UnderC@t: checks 
*** TURN *** [8d 5s 7d] [Ac]
Quantumwish: checks 
UnderC@t: bets $1.57
Quantumwish: folds 
Uncalled bet ($1.57) returned to UnderC@t
UnderC@t collected $5.22 from pot
UnderC@t: doesn't show hand 
*** SUMMARY ***
Total pot $5.50 | Rake $0.28 
Board [8d 5s 7d Ac]
Seat 1: GuigaMan folded before Flop (didn't bet)
Seat 2: z00mba folded before Flop (didn't bet)
Seat 3: tukeiron folded before Flop (didn't bet)
Seat 4: UnderC@t (button) collected ($5.22)
Seat 5: Manifestorr (small blind) folded before Flop
Seat 6: Quantumwish (big blind) folded on the Turn



PokerStars Hand #254502124230:  Hold'em No Limit ($0.50/$1.00 USD) - 2025/01/22 18:05:21 WET [2025/01/22 13:05:21 ET]
Table 'Daedalus IV' 6-max Seat #5 is the button
Seat 1: GuigaMan ($101 in chips) 
Seat 2: z00mba ($100 in chips) 
Seat 3: tukeiron ($100 in chips) 
Seat 4: UnderC@t ($110.94 in chips) 
Seat 5: Manifestorr ($102.50 in chips) 
Seat 6: Quantumwish ($80.48 in chips) 
Quantumwish: posts small blind $0.50
GuigaMan: posts big blind $1
*** HOLE CARDS ***
z00mba: folds 
tukeiron: folds 
UnderC@t: raises $1.50 to $2.50
Manifestorr: folds 
Quantumwish: folds 
GuigaMan: folds 
Uncalled bet ($1.50) returned to UnderC@t
UnderC@t collected $2.50 from pot
UnderC@t: doesn't show hand 
*** SUMMARY ***
Total pot $2.50 | Rake $0 
Seat 1: GuigaMan (big blind) folded before Flop
Seat 2: z00mba folded before Flop (didn't bet)
Seat 3: tukeiron folded before Flop (didn't bet)
Seat 4: UnderC@t collected ($2.50)
Seat 5: Manifestorr (button) folded before Flop (didn't bet)
Seat 6: Quantumwish (small blind) folded before Flop



PokerStars Hand #254502128981:  Hold'em No Limit ($0.50/$1.00 USD) - 2025/01/22 18:05:39 WET [2025/01/22 13:05:39 ET]
Table 'Daedalus IV' 6-max Seat #6 is the button
Seat 1: GuigaMan ($100 in chips) 
Seat 2: z00mba ($100 in chips) 
Seat 3: tukeiron ($100 in chips) 
Seat 4: UnderC@t ($112.44 in chips) 
Seat 5: Manifestorr ($102.50 in chips) 
Seat 6: Quantumwish ($79.98 in chips) 
GuigaMan: posts small blind $0.50
z00mba: posts big blind $1
*** HOLE CARDS ***
tukeiron: folds 
UnderC@t: folds 
Manifestorr: raises $1.20 to $2.20
Quantumwish: folds 
GuigaMan: folds 
z00mba: folds 
Uncalled bet ($1.20) returned to Manifestorr
Manifestorr collected $2.50 from pot
*** SUMMARY ***
Total pot $2.50 | Rake $0 
Seat 1: GuigaMan (small blind) folded before Flop
Seat 2: z00mba (big blind) folded before Flop
Seat 3: tukeiron folded before Flop (didn't bet)
Seat 4: UnderC@t folded before Flop (didn't bet)
Seat 5: Manifestorr collected ($2.50)
Seat 6: Quantumwish (button) folded before Flop (didn't bet)



PokerStars Hand #254502133274:  Hold'em No Limit ($0.50/$1.00 USD) - 2025/01/22 18:05:56 WET [2025/01/22 13:05:56 ET]
Table 'Daedalus IV' 6-max Seat #1 is the button
Seat 1: GuigaMan ($100 in chips) 
Seat 2: z00mba ($100 in chips) 
Seat 3: tukeiron ($100 in chips) 
Seat 4: UnderC@t ($112.44 in chips) 
Seat 5: Manifestorr ($104 in chips) 
Seat 6: Quantumwish ($79.98 in chips) 
z00mba: posts small blind $0.50
tukeiron: posts big blind $1
*** HOLE CARDS ***
UnderC@t: folds 
Manifestorr: folds 
Quantumwish: folds 
GuigaMan: raises $1.50 to $2.50
z00mba: folds 
tukeiron: folds 
Uncalled bet ($1.50) returned to GuigaMan
GuigaMan collected $2.50 from pot
*** SUMMARY ***
Total pot $2.50 | Rake $0 
Seat 1: GuigaMan (button) collected ($2.50)
Seat 2: z00mba (small blind) folded before Flop
Seat 3: tukeiron (big blind) folded before Flop
Seat 4: UnderC@t folded before Flop (didn't bet)
Seat 5: Manifestorr folded before Flop (didn't bet)
Seat 6: Quantumwish folded before Flop (didn't bet)



PokerStars Hand #254502137882:  Hold'em No Limit ($0.50/$1.00 USD) - 2025/01/22 18:06:14 WET [2025/01/22 13:06:14 ET]
Table 'Daedalus IV' 6-max Seat #2 is the button
Seat 1: GuigaMan ($101.50 in chips) 
Seat 2: z00mba ($100 in chips) 
Seat 3: tukeiron ($100 in chips) 
Seat 4: UnderC@t ($112.44 in chips) 
Seat 5: Manifestorr ($104 in chips) 
Seat 6: Quantumwish ($79.98 in chips) 
tukeiron: posts small blind $0.50
UnderC@t: posts big blind $1
*** HOLE CARDS ***
Manifestorr: folds 
Quantumwish: raises $1.50 to $2.50
GuigaMan: folds 
z00mba: folds 
tukeiron: folds 
UnderC@t: folds 
Uncalled bet ($1.50) returned to Quantumwish
Quantumwish collected $2.50 from pot
Quantumwish: doesn't show hand 
*** SUMMARY ***
Total pot $2.50 | Rake $0 
Seat 1: GuigaMan folded before Flop (didn't bet)
Seat 2: z00mba (button) folded before Flop (didn't bet)
Seat 3: tukeiron (small blind) folded before Flop
Seat 4: UnderC@t (big blind) folded before Flop
Seat 5: Manifestorr folded before Flop (didn't bet)
Seat 6: Quantumwish collected ($2.50)



PokerStars Hand #254502142040:  Hold'em No Limit ($0.50/$1.00 USD) - 2025/01/22 18:06:30 WET [2025/01/22 13:06:30 ET]
Table 'Daedalus IV' 6-max Seat #3 is the button
Seat 5: Manifestorr ($104 in chips) is sitting out
Seat 1: GuigaMan ($101.50 in chips) 
Seat 2: z00mba ($100 in chips) 
Seat 3: tukeiron ($100 in chips) 
Seat 4: UnderC@t ($111.44 in chips) 
Seat 6: Quantumwish ($81.48 in chips) 
UnderC@t: posts small blind $0.50
Manifestorr: is sitting out 
Quantumwish: posts big blind $1
*** HOLE CARDS ***
Manifestorr leaves the table
GuigaMan: folds 
z00mba: raises $1.50 to $2.50
tukeiron: folds 
UnderC@t: folds 
Quantumwish: folds 
Uncalled bet ($1.50) returned to z00mba
Trojanovich joins the table at seat #5 
z00mba collected $2.50 from pot
z00mba: doesn't show hand 
*** SUMMARY ***
Total pot $2.50 | Rake $0 
Seat 5: Manifestorr
Seat 1: GuigaMan folded before Flop (didn't bet)
Seat 2: z00mba collected ($2.50)
Seat 3: tukeiron (button) folded before Flop (didn't bet)
Seat 4: UnderC@t (small blind) folded before Flop
Seat 6: Quantumwish (big blind) folded before Flop



PokerStars Hand #254502145796:  Hold'em No Limit ($0.50/$1.00 USD) - 2025/01/22 18:06:45 WET [2025/01/22 13:06:45 ET]
Table 'Daedalus IV' 6-max Seat #4 is the button
Seat 5: Trojanovich ($118.53 in chips) is sitting out
Seat 1: GuigaMan ($101.50 in chips) 
Seat 2: z00mba ($101.50 in chips) 
Seat 3: tukeiron ($100 in chips) 
Seat 4: UnderC@t ($110.94 in chips) 
Seat 6: Quantumwish ($80.48 in chips) 
Quantumwish: posts small blind $0.50
GuigaMan: posts big blind $1
*** HOLE CARDS ***
z00mba: folds 
tukeiron: folds 
UnderC@t: folds 
Quantumwish: raises $2 to $3
GuigaMan: folds 
Uncalled bet ($2) returned to Quantumwish
Quantumwish collected $2 from pot
Quantumwish: doesn't show hand 
*** SUMMARY ***
Total pot $2 | Rake $0 
Seat 5: Trojanovich
Seat 1: GuigaMan (big blind) folded before Flop
Seat 2: z00mba folded before Flop (didn't bet)
Seat 3: tukeiron folded before Flop (didn't bet)
Seat 4: UnderC@t (button) folded before Flop (didn't bet)
Seat 6: Quantumwish (small blind) collected ($2)



PokerStars Hand #254502150022:  Hold'em No Limit ($0.50/$1.00 USD) - 2025/01/22 18:07:01 WET [2025/01/22 13:07:01 ET]
Table 'Daedalus IV' 6-max Seat #6 is the button
Seat 5: Trojanovich ($118.53 in chips) is sitting out
Seat 1: GuigaMan ($100.50 in chips) 
Seat 2: z00mba ($101.50 in chips) 
Seat 3: tukeiron ($100 in chips) 
Seat 4: UnderC@t ($110.94 in chips) 
Seat 6: Quantumwish ($81.48 in chips) 
GuigaMan: posts small blind $0.50
z00mba: posts big blind $1
Trojanovich: sits out 
*** HOLE CARDS ***
tukeiron: raises $1.50 to $2.50
UnderC@t: folds 
Quantumwish: folds 
GuigaMan: folds 
z00mba: folds 
Uncalled bet ($1.50) returned to tukeiron
tukeiron collected $2.50 from pot
*** SUMMARY ***
Total pot $2.50 | Rake $0 
Seat 5: Trojanovich
Seat 1: GuigaMan (small blind) folded before Flop
Seat 2: z00mba (big blind) folded before Flop
Seat 3: tukeiron collected ($2.50)
Seat 4: UnderC@t folded before Flop (didn't bet)
Seat 6: Quantumwish (button) folded before Flop (didn't bet)



PokerStars Hand #254502153398:  Hold'em No Limit ($0.50/$1.00 USD) - 2025/01/22 18:07:14 WET [2025/01/22 13:07:14 ET]
Table 'Daedalus IV' 6-max Seat #1 is the button
Seat 5: Trojanovich ($118.53 in chips) is sitting out
Seat 1: GuigaMan ($100 in chips) 
Seat 2: z00mba ($100.50 in chips) 
Seat 3: tukeiron ($101.50 in chips) 
Seat 4: UnderC@t ($110.94 in chips) 
Seat 6: Quantumwish ($81.48 in chips) 
z00mba: posts small blind $0.50
tukeiron: posts big blind $1
Trojanovich: sits out 
*** HOLE CARDS ***
UnderC@t: folds 
Quantumwish: raises $2 to $3
GuigaMan: raises $5 to $8
z00mba: folds 
tukeiron: folds 
Quantumwish: calls $5
*** FLOP *** [6s Tc As]
Quantumwish: checks 
GuigaMan: bets $4.99
Quantumwish: calls $4.99
*** TURN *** [6s Tc As] [Th]
Quantumwish: checks 
GuigaMan: checks 
*** RIVER *** [6s Tc As Th] [Qc]
Quantumwish: checks 
GuigaMan: checks 
*** SHOW DOWN ***
Quantumwish: shows [Kc 2c] (a pair of Tens)
GuigaMan: shows [Ac Js] (two pair, Aces and Tens)
GuigaMan collected $26.11 from pot
*** SUMMARY ***
Total pot $27.48 | Rake $1.37 
Board [6s Tc As Th Qc]
Seat 5: Trojanovich
Seat 1: GuigaMan (button) showed [Ac Js] and won ($26.11) with two pair, Aces and Tens
Seat 2: z00mba (small blind) folded before Flop
Seat 3: tukeiron (big blind) folded before Flop
Seat 4: UnderC@t folded before Flop (didn't bet)
Seat 6: Quantumwish showed [Kc 2c] and lost with a pair of Tens



PokerStars Hand #254502167547:  Hold'em No Limit ($0.50/$1.00 USD) - 2025/01/22 18:08:08 WET [2025/01/22 13:08:08 ET]
Table 'Daedalus IV' 6-max Seat #2 is the button
Seat 5: Trojanovich ($118.53 in chips) is sitting out
Seat 1: GuigaMan ($113.12 in chips) 
Seat 2: z00mba ($100 in chips) 
Seat 3: tukeiron ($100.50 in chips) 
Seat 4: UnderC@t ($110.94 in chips) 
Seat 6: Quantumwish ($68.49 in chips) 
tukeiron: posts small blind $0.50
UnderC@t: posts big blind $1
Trojanovich: sits out 
*** HOLE CARDS ***
Quantumwish: folds 
GuigaMan: folds 
z00mba: raises $1.50 to $2.50
tukeiron: folds 
UnderC@t: folds 
Uncalled bet ($1.50) returned to z00mba
z00mba collected $2.50 from pot
z00mba: doesn't show hand 
*** SUMMARY ***
Total pot $2.50 | Rake $0 
Seat 5: Trojanovich
Seat 1: GuigaMan folded before Flop (didn't bet)
Seat 2: z00mba (button) collected ($2.50)
Seat 3: tukeiron (small blind) folded before Flop
Seat 4: UnderC@t (big blind) folded before Flop
Seat 6: Quantumwish folded before Flop (didn't bet)



PokerStars Hand #254502172722:  Hold'em No Limit ($0.50/$1.00 USD) - 2025/01/22 18:08:28 WET [2025/01/22 13:08:28 ET]
Table 'Daedalus IV' 6-max Seat #3 is the button
Seat 1: GuigaMan ($113.12 in chips) 
Seat 2: z00mba ($101.50 in chips) 
Seat 3: tukeiron ($100 in chips) 
Seat 4: UnderC@t ($109.94 in chips) 
Seat 5: Trojanovich ($118.53 in chips) 
Seat 6: Quantumwish ($68.49 in chips) 
UnderC@t: posts small blind $0.50
Trojanovich: posts big blind $1
*** HOLE CARDS ***
Quantumwish: folds 
GuigaMan: folds 
z00mba: folds 
tukeiron: raises $1.50 to $2.50
UnderC@t: folds 
Trojanovich: calls $1.50
*** FLOP *** [4d Kd 4c]
Trojanovich: checks 
tukeiron: bets $1.31
Trojanovich: folds 
Uncalled bet ($1.31) returned to tukeiron
tukeiron collected $5.22 from pot
*** SUMMARY ***
Total pot $5.50 | Rake $0.28 
Board [4d Kd 4c]
Seat 1: GuigaMan folded before Flop (didn't bet)
Seat 2: z00mba folded before Flop (didn't bet)
Seat 3: tukeiron (button) collected ($5.22)
Seat 4: UnderC@t (small blind) folded before Flop
Seat 5: Trojanovich (big blind) folded on the Flop
Seat 6: Quantumwish folded before Flop (didn't bet)



PokerStars Hand #254502186903:  Hold'em No Limit ($0.50/$1.00 USD) - 2025/01/22 18:09:22 WET [2025/01/22 13:09:22 ET]
Table 'Daedalus IV' 6-max Seat #4 is the button
Seat 1: GuigaMan ($113.12 in chips) 
Seat 2: z00mba ($101.50 in chips) 
Seat 3: tukeiron ($102.72 in chips) 
Seat 4: UnderC@t ($109.44 in chips) 
Seat 5: Trojanovich ($116.03 in chips) 
Seat 6: Quantumwish ($68.49 in chips) 
Trojanovich: posts small blind $0.50
Quantumwish: posts big blind $1
*** HOLE CARDS ***
GuigaMan: folds 
z00mba: folds 
tukeiron: raises $1.20 to $2.20
UnderC@t: folds 
Trojanovich: folds 
Quantumwish: calls $1.20
*** FLOP *** [2d 9c Qh]
Quantumwish: checks 
tukeiron: checks 
*** TURN *** [2d 9c Qh] [4c]
Quantumwish: bets $3.03
tukeiron: calls $3.03
*** RIVER *** [2d 9c Qh 4c] [Qs]
Quantumwish: bets $6.77
tukeiron: calls $6.77
*** SHOW DOWN ***
Quantumwish: shows [Ah 5h] (a pair of Queens)
tukeiron: shows [3h 3c] (two pair, Queens and Threes)
tukeiron collected $23.28 from pot
*** SUMMARY ***
Total pot $24.50 | Rake $1.22 
Board [2d 9c Qh 4c Qs]
Seat 1: GuigaMan folded before Flop (didn't bet)
Seat 2: z00mba folded before Flop (didn't bet)
Seat 3: tukeiron showed [3h 3c] and won ($23.28) with two pair, Queens and Threes
Seat 4: UnderC@t (button) folded before Flop (didn't bet)
Seat 5: Trojanovich (small blind) folded before Flop
Seat 6: Quantumwish (big blind) showed [Ah 5h] and lost with a pair of Queens



PokerStars Hand #254502197201:  Hold'em No Limit ($0.50/$1.00 USD) - 2025/01/22 18:10:01 WET [2025/01/22 13:10:01 ET]
Table 'Daedalus IV' 6-max Seat #5 is the button
Seat 1: GuigaMan ($113.12 in chips) 
Seat 2: z00mba ($101.50 in chips) 
Seat 3: tukeiron ($114 in chips) 
Seat 4: UnderC@t ($109.44 in chips) 
Seat 5: Trojanovich ($115.53 in chips) 
Seat 6: Quantumwish ($56.49 in chips) 
Quantumwish: posts small blind $0.50
GuigaMan: posts big blind $1
*** HOLE CARDS ***
z00mba: folds 
tukeiron: raises $1.50 to $2.50
UnderC@t: folds 
Trojanovich: folds 
Quantumwish: raises $6 to $8.50
GuigaMan: folds 
tukeiron: raises $18.50 to $27
Quantumwish: folds 
Uncalled bet ($18.50) returned to tukeiron
tukeiron collected $18 from pot
tukeiron: doesn't show hand 
*** SUMMARY ***
Total pot $18 | Rake $0 
Seat 1: GuigaMan (big blind) folded before Flop
Seat 2: z00mba folded before Flop (didn't bet)
Seat 3: tukeiron collected ($18)
Seat 4: UnderC@t folded before Flop (didn't bet)
Seat 5: Trojanovich (button) folded before Flop (didn't bet)
Seat 6: Quantumwish (small blind) folded before Flop



PokerStars Hand #254502209004:  Hold'em No Limit ($0.50/$1.00 USD) - 2025/01/22 18:10:47 WET [2025/01/22 13:10:47 ET]
Table 'Daedalus IV' 6-max Seat #6 is the button
Seat 1: GuigaMan ($112.12 in chips) 
Seat 2: z00mba ($101.50 in chips) 
Seat 3: tukeiron ($123.50 in chips) 
Seat 4: UnderC@t ($109.44 in chips) 
Seat 5: Trojanovich ($115.53 in chips) 
Seat 6: Quantumwish ($47.99 in chips) 
GuigaMan: posts small blind $0.50
z00mba: posts big blind $1
*** HOLE CARDS ***
tukeiron: folds 
UnderC@t: folds 
Trojanovich: folds 
Quantumwish: folds 
GuigaMan: folds 
Uncalled bet ($0.50) returned to z00mba
z00mba collected $1 from pot
z00mba: doesn't show hand 
*** SUMMARY ***
Total pot $1 | Rake $0 
Seat 1: GuigaMan (small blind) folded before Flop
Seat 2: z00mba (big blind) collected ($1)
Seat 3: tukeiron folded before Flop (didn't bet)
Seat 4: UnderC@t folded before Flop (didn't bet)
Seat 5: Trojanovich folded before Flop (didn't bet)
Seat 6: Quantumwish (button) folded before Flop (didn't bet)



PokerStars Hand #254502211237:  Hold'em No Limit ($0.50/$1.00 USD) - 2025/01/22 18:10:55 WET [2025/01/22 13:10:55 ET]
Table 'Daedalus IV' 6-max Seat #1 is the button
Seat 1: GuigaMan ($111.62 in chips) 
Seat 2: z00mba ($102 in chips) 
Seat 3: tukeiron ($123.50 in chips) 
Seat 4: UnderC@t ($109.44 in chips) 
Seat 5: Trojanovich ($115.53 in chips) 
Seat 6: Quantumwish ($47.99 in chips) 
z00mba: posts small blind $0.50
tukeiron: posts big blind $1
*** HOLE CARDS ***
UnderC@t: folds 
Trojanovich: folds 
Quantumwish: raises $2 to $3
GuigaMan: folds 
z00mba: folds 
tukeiron: calls $2
*** FLOP *** [Kh 2h 6h]
tukeiron: checks 
Quantumwish: bets $1.85
tukeiron: calls $1.85
*** TURN *** [Kh 2h 6h] [2s]
tukeiron: checks 
Quantumwish: checks 
*** RIVER *** [Kh 2h 6h 2s] [7d]
tukeiron: checks 
Quantumwish: checks 
*** SHOW DOWN ***
tukeiron: shows [8d Qh] (a pair of Deuces)
Quantumwish: shows [Qs 8s] (a pair of Deuces)
tukeiron collected $4.85 from pot
Quantumwish collected $4.84 from pot
*** SUMMARY ***
Total pot $10.20 | Rake $0.51 
Board [Kh 2h 6h 2s 7d]
Seat 1: GuigaMan (button) folded before Flop (didn't bet)
Seat 2: z00mba (small blind) folded before Flop
Seat 3: tukeiron (big blind) showed [8d Qh] and won ($4.85) with a pair of Deuces
Seat 4: UnderC@t folded before Flop (didn't bet)
Seat 5: Trojanovich folded before Flop (didn't bet)
Seat 6: Quantumwish showed [Qs 8s] and won ($4.84) with a pair of Deuces



PokerStars Hand #254502221662:  Hold'em No Limit ($0.50/$1.00 USD) - 2025/01/22 18:11:35 WET [2025/01/22 13:11:35 ET]
Table 'Daedalus IV' 6-max Seat #2 is the button
Seat 1: GuigaMan ($111.62 in chips) 
Seat 2: z00mba ($101.50 in chips) 
Seat 3: tukeiron ($123.50 in chips) 
Seat 4: UnderC@t ($109.44 in chips) 
Seat 5: Trojanovich ($115.53 in chips) 
Seat 6: Quantumwish ($47.98 in chips) 
tukeiron: posts small blind $0.50
UnderC@t: posts big blind $1
*** HOLE CARDS ***
Trojanovich: raises $1.50 to $2.50
Quantumwish: folds 
GuigaMan: folds 
z00mba: raises $5 to $7.50
tukeiron: folds 
UnderC@t: folds 
Trojanovich: folds 
Uncalled bet ($5) returned to z00mba
z00mba collected $6.50 from pot
z00mba: doesn't show hand 
*** SUMMARY ***
Total pot $6.50 | Rake $0 
Seat 1: GuigaMan folded before Flop (didn't bet)
Seat 2: z00mba (button) collected ($6.50)
Seat 3: tukeiron (small blind) folded before Flop
Seat 4: UnderC@t (big blind) folded before Flop
Seat 5: Trojanovich folded before Flop
Seat 6: Quantumwish folded before Flop (didn't bet)



PokerStars Hand #254502227789:  Hold'em No Limit ($0.50/$1.00 USD) - 2025/01/22 18:11:57 WET [2025/01/22 13:11:57 ET]
Table 'Daedalus IV' 6-max Seat #3 is the button
Seat 1: GuigaMan ($111.62 in chips) 
Seat 2: z00mba ($105.50 in chips) 
Seat 3: tukeiron ($123 in chips) 
Seat 4: UnderC@t ($108.44 in chips) 
Seat 5: Trojanovich ($113.03 in chips) 
Seat 6: Quantumwish ($47.98 in chips) 
UnderC@t: posts small blind $0.50
Trojanovich: posts big blind $1
*** HOLE CARDS ***
Quantumwish has timed out
Quantumwish: folds 
GuigaMan: folds 
z00mba: folds 
tukeiron: raises $1.50 to $2.50
UnderC@t: folds 
Trojanovich: raises $8.50 to $11
tukeiron: folds 
Uncalled bet ($8.50) returned to Trojanovich
Trojanovich collected $5.50 from pot
Trojanovich: doesn't show hand 
*** SUMMARY ***
Total pot $5.50 | Rake $0 
Seat 1: GuigaMan folded before Flop (didn't bet)
Seat 2: z00mba folded before Flop (didn't bet)
Seat 3: tukeiron (button) folded before Flop
Seat 4: UnderC@t (small blind) folded before Flop
Seat 5: Trojanovich (big blind) collected ($5.50)
Seat 6: Quantumwish folded before Flop (didn't bet)



PokerStars Hand #254502239041:  Hold'em No Limit ($0.50/$1.00 USD) - 2025/01/22 18:12:39 WET [2025/01/22 13:12:39 ET]
Table 'Daedalus IV' 6-max Seat #4 is the button
Seat 1: GuigaMan ($111.62 in chips) 
Seat 2: z00mba ($105.50 in chips) 
Seat 3: tukeiron ($120.50 in chips) 
Seat 4: UnderC@t ($107.94 in chips) 
Seat 5: Trojanovich ($116.03 in chips) 
Seat 6: Quantumwish ($47.98 in chips) 
Trojanovich: posts small blind $0.50
Quantumwish: posts big blind $1
*** HOLE CARDS ***
GuigaMan: folds 
z00mba: raises $1.50 to $2.50
tukeiron: folds 
UnderC@t: folds 
Trojanovich: folds 
Quantumwish: calls $1.50
*** FLOP *** [7c Qc 8c]
Quantumwish: checks 
z00mba: checks 
*** TURN *** [7c Qc 8c] [Kd]
Quantumwish: bets $3.39
z00mba: folds 
Uncalled bet ($3.39) returned to Quantumwish
Quantumwish collected $5.22 from pot
Quantumwish: doesn't show hand 
*** SUMMARY ***
Total pot $5.50 | Rake $0.28 
Board [7c Qc 8c Kd]
Seat 1: GuigaMan folded before Flop (didn't bet)
Seat 2: z00mba folded on the Turn
Seat 3: tukeiron folded before Flop (didn't bet)
Seat 4: UnderC@t (button) folded before Flop (didn't bet)
Seat 5: Trojanovich (small blind) folded before Flop
Seat 6: Quantumwish (big blind) collected ($5.22)



PokerStars Hand #254502247975:  Hold'em No Limit ($0.50/$1.00 USD) - 2025/01/22 18:13:13 WET [2025/01/22 13:13:13 ET]
Table 'Daedalus IV' 6-max Seat #5 is the button
Seat 1: GuigaMan ($111.62 in chips) 
Seat 2: z00mba ($103 in chips) 
Seat 3: tukeiron ($120.50 in chips) 
Seat 4: UnderC@t ($107.94 in chips) 
Seat 5: Trojanovich ($115.53 in chips) 
Seat 6: Quantumwish ($50.70 in chips) 
Quantumwish: posts small blind $0.50
GuigaMan: posts big blind $1
*** HOLE CARDS ***
z00mba: folds 
tukeiron: folds 
UnderC@t: raises $1.50 to $2.50
Trojanovich: folds 
Quantumwish: folds 
GuigaMan: calls $1.50
*** FLOP *** [6d Ac Kc]
GuigaMan: checks 
UnderC@t: bets $3.92
GuigaMan: calls $3.92
*** TURN *** [6d Ac Kc] [Kh]
GuigaMan: bets $3.80
UnderC@t: calls $3.80
*** RIVER *** [6d Ac Kc Kh] [7s]
GuigaMan: checks 
UnderC@t: checks 
*** SHOW DOWN ***
GuigaMan: shows [Ks Qd] (three of a kind, Kings)
UnderC@t: mucks hand 
GuigaMan collected $19.89 from pot
*** SUMMARY ***
Total pot $20.94 | Rake $1.05 
Board [6d Ac Kc Kh 7s]
Seat 1: GuigaMan (big blind) showed [Ks Qd] and won ($19.89) with three of a kind, Kings
Seat 2: z00mba folded before Flop (didn't bet)
Seat 3: tukeiron folded before Flop (didn't bet)
Seat 4: UnderC@t mucked
Seat 5: Trojanovich (button) folded before Flop (didn't bet)
Seat 6: Quantumwish (small blind) folded before Flop



PokerStars Hand #254502266450:  Hold'em No Limit ($0.50/$1.00 USD) - 2025/01/22 18:14:22 WET [2025/01/22 13:14:22 ET]
Table 'Daedalus IV' 6-max Seat #6 is the button
Seat 1: GuigaMan ($121.29 in chips) 
Seat 2: z00mba ($103 in chips) 
Seat 3: tukeiron ($120.50 in chips) 
Seat 4: UnderC@t ($100 in chips) 
Seat 5: Trojanovich ($115.53 in chips) 
Seat 6: Quantumwish ($50.20 in chips) 
GuigaMan: posts small blind $0.50
z00mba: posts big blind $1
*** HOLE CARDS ***
tukeiron: folds 
UnderC@t: folds 
Trojanovich: folds 
Quantumwish: raises $2 to $3
GuigaMan: folds 
z00mba: folds 
Uncalled bet ($2) returned to Quantumwish
Quantumwish collected $2.50 from pot
Quantumwish: doesn't show hand 
*** SUMMARY ***
Total pot $2.50 | Rake $0 
Seat 1: GuigaMan (small blind) folded before Flop
Seat 2: z00mba (big blind) folded before Flop
Seat 3: tukeiron folded before Flop (didn't bet)
Seat 4: UnderC@t folded before Flop (didn't bet)
Seat 5: Trojanovich folded before Flop (didn't bet)
Seat 6: Quantumwish (button) collected ($2.50)



PokerStars Hand #254502271824:  Hold'em No Limit ($0.50/$1.00 USD) - 2025/01/22 18:14:42 WET [2025/01/22 13:14:42 ET]
Table 'Daedalus IV' 6-max Seat #1 is the button
Seat 1: GuigaMan ($120.79 in chips) 
Seat 2: z00mba ($102 in chips) 
Seat 3: tukeiron ($120.50 in chips) 
Seat 4: UnderC@t ($100 in chips) 
Seat 5: Trojanovich ($115.53 in chips) 
Seat 6: Quantumwish ($51.70 in chips) 
z00mba: posts small blind $0.50
tukeiron: posts big blind $1
*** HOLE CARDS ***
UnderC@t: folds 
Trojanovich: folds 
Quantumwish: folds 
GuigaMan: folds 
z00mba: folds 
Uncalled bet ($0.50) returned to tukeiron
tukeiron collected $1 from pot
*** SUMMARY ***
Total pot $1 | Rake $0 
Seat 1: GuigaMan (button) folded before Flop (didn't bet)
Seat 2: z00mba (small blind) folded before Flop
Seat 3: tukeiron (big blind) collected ($1)
Seat 4: UnderC@t folded before Flop (didn't bet)
Seat 5: Trojanovich folded before Flop (didn't bet)
Seat 6: Quantumwish folded before Flop (didn't bet)



PokerStars Hand #254502279113:  Hold'em No Limit ($0.50/$1.00 USD) - 2025/01/22 18:15:09 WET [2025/01/22 13:15:09 ET]
Table 'Daedalus IV' 6-max Seat #2 is the button
Seat 1: GuigaMan ($120.79 in chips) 
Seat 2: z00mba ($101.50 in chips) 
Seat 3: tukeiron ($121 in chips) 
Seat 4: UnderC@t ($100 in chips) 
Seat 5: Trojanovich ($115.53 in chips) 
Seat 6: Quantumwish ($51.70 in chips) 
tukeiron: posts small blind $0.50
UnderC@t: posts big blind $1
*** HOLE CARDS ***
Trojanovich: folds 
Quantumwish: raises $2 to $3
GuigaMan: raises $7 to $10
z00mba: folds 
tukeiron: folds 
UnderC@t: folds 
Quantumwish: calls $7
*** FLOP *** [8h 5s Ts]
Quantumwish: checks 
GuigaMan: bets $11.03
Quantumwish: calls $11.03
*** TURN *** [8h 5s Ts] [5d]
Quantumwish: checks 
GuigaMan: bets $31.04
Quantumwish: calls $30.67 and is all-in
Uncalled bet ($0.37) returned to GuigaMan
*** RIVER *** [8h 5s Ts 5d] [7s]
*** SHOW DOWN ***
Quantumwish: shows [Kh Tc] (two pair, Tens and Fives)
GuigaMan: shows [Jh Jc] (two pair, Jacks and Fives)
GuigaMan collected $102.40 from pot
*** SUMMARY ***
Total pot $104.90 | Rake $2.50 
Board [8h 5s Ts 5d 7s]
Seat 1: GuigaMan showed [Jh Jc] and won ($102.40) with two pair, Jacks and Fives
Seat 2: z00mba (button) folded before Flop (didn't bet)
Seat 3: tukeiron (small blind) folded before Flop
Seat 4: UnderC@t (big blind) folded before Flop
Seat 5: Trojanovich folded before Flop (didn't bet)
Seat 6: Quantumwish showed [Kh Tc] and lost with two pair, Tens and Fives



PokerStars Hand #254502291198:  Hold'em No Limit ($0.50/$1.00 USD) - 2025/01/22 18:15:54 WET [2025/01/22 13:15:54 ET]
Table 'Daedalus IV' 6-max Seat #3 is the button
Seat 6: Quantumwish ($0 in chips) is sitting out
Seat 1: GuigaMan ($171.49 in chips) 
Seat 2: z00mba ($101.50 in chips) 
Seat 3: tukeiron ($120.50 in chips) 
Seat 4: UnderC@t ($100 in chips) 
Seat 5: Trojanovich ($115.53 in chips) 
UnderC@t: posts small blind $0.50
Trojanovich: posts big blind $1
*** HOLE CARDS ***
GuigaMan: folds 
z00mba: folds 
tukeiron: raises $1.50 to $2.50
UnderC@t: folds 
Trojanovich: folds 
Uncalled bet ($1.50) returned to tukeiron
tukeiron collected $2.50 from pot
*** SUMMARY ***
Total pot $2.50 | Rake $0 
Seat 6: Quantumwish
Seat 1: GuigaMan folded before Flop (didn't bet)
Seat 2: z00mba folded before Flop (didn't bet)
Seat 3: tukeiron (button) collected ($2.50)
Seat 4: UnderC@t (small blind) folded before Flop
Seat 5: Trojanovich (big blind) folded before Flop



PokerStars Hand #254502295033:  Hold'em No Limit ($0.50/$1.00 USD) - 2025/01/22 18:16:09 WET [2025/01/22 13:16:09 ET]
Table 'Daedalus IV' 6-max Seat #4 is the button
Seat 6: Quantumwish ($0 in chips) is sitting out
Seat 1: GuigaMan ($171.49 in chips) 
Seat 2: z00mba ($101.50 in chips) 
Seat 3: tukeiron ($122 in chips) 
Seat 4: UnderC@t ($100 in chips) 
Seat 5: Trojanovich ($114.53 in chips) 
Trojanovich: posts small blind $0.50
GuigaMan: posts big blind $1
*** HOLE CARDS ***
z00mba: folds 
tukeiron: folds 
UnderC@t: folds 
Trojanovich: folds 
Uncalled bet ($0.50) returned to GuigaMan
GuigaMan collected $1 from pot
*** SUMMARY ***
Total pot $1 | Rake $0 
Seat 6: Quantumwish
Seat 1: GuigaMan (big blind) collected ($1)
Seat 2: z00mba folded before Flop (didn't bet)
Seat 3: tukeiron folded before Flop (didn't bet)
Seat 4: UnderC@t (button) folded before Flop (didn't bet)
Seat 5: Trojanovich (small blind) folded before Flop



PokerStars Hand #254502297324:  Hold'em No Limit ($0.50/$1.00 USD) - 2025/01/22 18:16:17 WET [2025/01/22 13:16:17 ET]
Table 'Daedalus IV' 6-max Seat #5 is the button
Seat 6: Quantumwish ($0 in chips) is sitting out
Seat 1: GuigaMan ($171.99 in chips) 
Seat 2: z00mba ($101.50 in chips) 
Seat 3: tukeiron ($122 in chips) 
Seat 4: UnderC@t ($100 in chips) 
Seat 5: Trojanovich ($114.03 in chips) 
GuigaMan: posts small blind $0.50
z00mba: posts big blind $1
*** HOLE CARDS ***
tukeiron: folds 
UnderC@t: raises $1.50 to $2.50
Trojanovich: folds 
GuigaMan: raises $8.50 to $11
z00mba: folds 
UnderC@t: folds 
Uncalled bet ($8.50) returned to GuigaMan
GuigaMan collected $6 from pot
*** SUMMARY ***
Total pot $6 | Rake $0 
Seat 6: Quantumwish
Seat 1: GuigaMan (small blind) collected ($6)
Seat 2: z00mba (big blind) folded before Flop
Seat 3: tukeiron folded before Flop (didn't bet)
Seat 4: UnderC@t folded before Flop
Seat 5: Trojanovich (button) folded before Flop (didn't bet)



PokerStars Hand #254502304571:  Hold'em No Limit ($0.50/$1.00 USD) - 2025/01/22 18:16:44 WET [2025/01/22 13:16:44 ET]
Table 'Daedalus IV' 6-max Seat #1 is the button
Seat 6: Quantumwish ($0 in chips) is sitting out
Seat 1: GuigaMan ($175.49 in chips) 
Seat 2: z00mba ($100.50 in chips) 
Seat 3: tukeiron ($122 in chips) 
Seat 4: UnderC@t ($100 in chips) 
Seat 5: Trojanovich ($114.03 in chips) 
z00mba: posts small blind $0.50
tukeiron: posts big blind $1
*** HOLE CARDS ***
UnderC@t: folds 
Trojanovich: raises $1.50 to $2.50
Quantumwish leaves the table
GuigaMan: folds 
z00mba: raises $9 to $11.50
tukeiron: folds 
Trojanovich: calls $9
*** FLOP *** [4h Ah Th]
z00mba: checks 
Trojanovich: checks 
*** TURN *** [4h Ah Th] [5s]
z00mba: checks 
Trojanovich: checks 
*** RIVER *** [4h Ah Th 5s] [8h]
z00mba: bets $11.17
ivan77769 joins the table at seat #6 
ivan77769 is disconnected 
Trojanovich: calls $11.17
*** SHOW DOWN ***
z00mba: shows [Ks 9s] (high card Ace)
Trojanovich: shows [7d 6d] (a straight, Four to Eight)
Trojanovich collected $44.02 from pot
*** SUMMARY ***
Total pot $46.34 | Rake $2.32 
Board [4h Ah Th 5s 8h]
Seat 6: Quantumwish
Seat 1: GuigaMan (button) folded before Flop (didn't bet)
Seat 2: z00mba (small blind) showed [Ks 9s] and lost with high card Ace
Seat 3: tukeiron (big blind) folded before Flop
Seat 4: UnderC@t folded before Flop (didn't bet)
Seat 5: Trojanovich showed [7d 6d] and won ($44.02) with a straight, Four to Eight



PokerStars Hand #254502331683:  Hold'em No Limit ($0.50/$1.00 USD) - 2025/01/22 18:18:26 WET [2025/01/22 13:18:26 ET]
Table 'Daedalus IV' 6-max Seat #2 is the button
Seat 1: GuigaMan ($175.49 in chips) 
Seat 2: z00mba ($100 in chips) 
Seat 3: tukeiron ($121 in chips) 
Seat 4: UnderC@t ($100 in chips) 
Seat 5: Trojanovich ($135.38 in chips) 
Seat 6: ivan77769 ($11.24 in chips) 
tukeiron: posts small blind $0.50
UnderC@t: posts big blind $1
ivan77769: posts big blind $1
*** HOLE CARDS ***
Trojanovich: folds 
ivan77769: checks 
GuigaMan: folds 
z00mba: raises $3 to $4
tukeiron: folds 
UnderC@t: folds 
ivan77769: calls $3
*** FLOP *** [Ah 8c Ac]
ivan77769: checks 
z00mba: bets $2.89
ivan77769: folds 
Uncalled bet ($2.89) returned to z00mba
z00mba collected $9.02 from pot
z00mba: doesn't show hand 
*** SUMMARY ***
Total pot $9.50 | Rake $0.48 
Board [Ah 8c Ac]
Seat 1: GuigaMan folded before Flop (didn't bet)
Seat 2: z00mba (button) collected ($9.02)
Seat 3: tukeiron (small blind) folded before Flop
Seat 4: UnderC@t (big blind) folded before Flop
Seat 5: Trojanovich folded before Flop (didn't bet)
Seat 6: ivan77769 folded on the Flop



PokerStars Hand #254502341986:  Hold'em No Limit ($0.50/$1.00 USD) - 2025/01/22 18:19:04 WET [2025/01/22 13:19:04 ET]
Table 'Daedalus IV' 6-max Seat #3 is the button
Seat 1: GuigaMan ($175.49 in chips) 
Seat 2: z00mba ($105.02 in chips) 
Seat 3: tukeiron ($120.50 in chips) 
Seat 4: UnderC@t ($100 in chips) 
Seat 5: Trojanovich ($135.38 in chips) 
Seat 6: ivan77769 ($7.24 in chips) 
UnderC@t: posts small blind $0.50
Trojanovich: posts big blind $1
*** HOLE CARDS ***
ivan77769: calls $1
GuigaMan: folds 
z00mba: folds 
tukeiron: raises $4.50 to $5.50
UnderC@t: folds 
Trojanovich: folds 
ivan77769: raises $1.74 to $7.24 and is all-in
tukeiron: calls $1.74
*** FLOP *** [Tc 5h 2s]
*** TURN *** [Tc 5h 2s] [4d]
*** RIVER *** [Tc 5h 2s 4d] [3h]
*** SHOW DOWN ***
ivan77769: shows [Kc Qh] (high card King)
tukeiron: shows [Kh 8h] (high card King - lower kicker)
ivan77769 collected $15.18 from pot
*** SUMMARY ***
Total pot $15.98 | Rake $0.80 
Board [Tc 5h 2s 4d 3h]
Seat 1: GuigaMan folded before Flop (didn't bet)
Seat 2: z00mba folded before Flop (didn't bet)
Seat 3: tukeiron (button) showed [Kh 8h] and lost with high card King
Seat 4: UnderC@t (small blind) folded before Flop
Seat 5: Trojanovich (big blind) folded before Flop
Seat 6: ivan77769 showed [Kc Qh] and won ($15.18) with high card King



PokerStars Hand #254502350226:  Hold'em No Limit ($0.50/$1.00 USD) - 2025/01/22 18:19:35 WET [2025/01/22 13:19:35 ET]
Table 'Daedalus IV' 6-max Seat #4 is the button
Seat 1: GuigaMan ($175.49 in chips) 
Seat 2: z00mba ($105.02 in chips) 
Seat 3: tukeiron ($113.26 in chips) 
Seat 4: UnderC@t ($100 in chips) 
Seat 5: Trojanovich ($134.38 in chips) 
Seat 6: ivan77769 ($15.18 in chips) 
Trojanovich: posts small blind $0.50
ivan77769: posts big blind $1
*** HOLE CARDS ***
GuigaMan: folds 
z00mba: folds 
tukeiron: folds 
UnderC@t: raises $1.50 to $2.50
Trojanovich: folds 
ivan77769: calls $1.50
*** FLOP *** [Tc 4s Qd]
ivan77769: bets $1
UnderC@t: raises $3 to $4
ivan77769: calls $3
*** TURN *** [Tc 4s Qd] [Jd]
ivan77769: checks 
UnderC@t: checks 
*** RIVER *** [Tc 4s Qd Jd] [6s]
ivan77769: checks 
UnderC@t: bets $9
ivan77769: calls $8.68 and is all-in
Uncalled bet ($0.32) returned to UnderC@t
*** SHOW DOWN ***
UnderC@t: shows [Kd 8h] (high card King)
ivan77769: shows [Qc 2d] (a pair of Queens)
ivan77769 collected $29.32 from pot
*** SUMMARY ***
Total pot $30.86 | Rake $1.54 
Board [Tc 4s Qd Jd 6s]
Seat 1: GuigaMan folded before Flop (didn't bet)
Seat 2: z00mba folded before Flop (didn't bet)
Seat 3: tukeiron folded before Flop (didn't bet)
Seat 4: UnderC@t (button) showed [Kd 8h] and lost with high card King
Seat 5: Trojanovich (small blind) folded before Flop
Seat 6: ivan77769 (big blind) showed [Qc 2d] and won ($29.32) with a pair of Queens



PokerStars Hand #254502363954:  Hold'em No Limit ($0.50/$1.00 USD) - 2025/01/22 18:20:26 WET [2025/01/22 13:20:26 ET]
Table 'Daedalus IV' 6-max Seat #5 is the button
Seat 1: GuigaMan ($175.49 in chips) 
Seat 2: z00mba ($105.02 in chips) 
Seat 3: tukeiron ($113.26 in chips) 
Seat 4: UnderC@t ($100 in chips) 
Seat 5: Trojanovich ($133.88 in chips) 
Seat 6: ivan77769 ($29.32 in chips) 
ivan77769: posts small blind $0.50
GuigaMan: posts big blind $1
*** HOLE CARDS ***
z00mba: folds 
tukeiron: raises $1.50 to $2.50
UnderC@t: folds 
Trojanovich: folds 
ivan77769: calls $2
GuigaMan: folds 
*** FLOP *** [7s 5s Th]
ivan77769: checks 
tukeiron: checks 
*** TURN *** [7s 5s Th] [5h]
ivan77769: checks 
tukeiron: checks 
*** RIVER *** [7s 5s Th 5h] [Jd]
ivan77769: checks 
tukeiron: checks 
*** SHOW DOWN ***
ivan77769: shows [Qs 3d] (a pair of Fives)
tukeiron: shows [Kc As] (a pair of Fives - Ace kicker)
tukeiron collected $5.70 from pot
*** SUMMARY ***
Total pot $6 | Rake $0.30 
Board [7s 5s Th 5h Jd]
Seat 1: GuigaMan (big blind) folded before Flop
Seat 2: z00mba folded before Flop (didn't bet)
Seat 3: tukeiron showed [Kc As] and won ($5.70) with a pair of Fives
Seat 4: UnderC@t folded before Flop (didn't bet)
Seat 5: Trojanovich (button) folded before Flop (didn't bet)
Seat 6: ivan77769 (small blind) showed [Qs 3d] and lost with a pair of Fives



PokerStars Hand #254502377648:  Hold'em No Limit ($0.50/$1.00 USD) - 2025/01/22 18:21:17 WET [2025/01/22 13:21:17 ET]
Table 'Daedalus IV' 6-max Seat #6 is the button
Seat 1: GuigaMan ($174.49 in chips) 
Seat 2: z00mba ($105.02 in chips) 
Seat 3: tukeiron ($116.46 in chips) 
Seat 4: UnderC@t ($100 in chips) 
Seat 5: Trojanovich ($133.88 in chips) 
Seat 6: ivan77769 ($26.82 in chips) 
GuigaMan: posts small blind $0.50
z00mba: posts big blind $1
*** HOLE CARDS ***
tukeiron: folds 
UnderC@t: folds 
Trojanovich: folds 
ivan77769: calls $1
GuigaMan: raises $4 to $5
z00mba: folds 
ivan77769: folds 
Uncalled bet ($4) returned to GuigaMan
GuigaMan collected $3 from pot
*** SUMMARY ***
Total pot $3 | Rake $0 
Seat 1: GuigaMan (small blind) collected ($3)
Seat 2: z00mba (big blind) folded before Flop
Seat 3: tukeiron folded before Flop (didn't bet)
Seat 4: UnderC@t folded before Flop (didn't bet)
Seat 5: Trojanovich folded before Flop (didn't bet)
Seat 6: ivan77769 (button) folded before Flop



PokerStars Hand #254502381624:  Hold'em No Limit ($0.50/$1.00 USD) - 2025/01/22 18:21:31 WET [2025/01/22 13:21:31 ET]
Table 'Daedalus IV' 6-max Seat #1 is the button
Seat 1: GuigaMan ($176.49 in chips) 
Seat 2: z00mba ($104.02 in chips) 
Seat 3: tukeiron ($116.46 in chips) 
Seat 4: UnderC@t ($100 in chips) 
Seat 5: Trojanovich ($133.88 in chips) 
Seat 6: ivan77769 ($25.82 in chips) 
z00mba: posts small blind $0.50
tukeiron: posts big blind $1
*** HOLE CARDS ***
UnderC@t: raises $1.50 to $2.50
Trojanovich: folds 
ivan77769: calls $2.50
GuigaMan: folds 
z00mba: folds 
tukeiron: folds 
*** FLOP *** [2s Jh Tc]
UnderC@t: bets $1.85
ivan77769: calls $1.85
*** TURN *** [2s Jh Tc] [3d]
UnderC@t: checks 
ivan77769: checks 
*** RIVER *** [2s Jh Tc 3d] [Jd]
UnderC@t: checks 
ivan77769: checks 
*** SHOW DOWN ***
UnderC@t: shows [4d 4c] (two pair, Jacks and Fours)
ivan77769: mucks hand 
UnderC@t collected $9.69 from pot
*** SUMMARY ***
Total pot $10.20 | Rake $0.51 
Board [2s Jh Tc 3d Jd]
Seat 1: GuigaMan (button) folded before Flop (didn't bet)
Seat 2: z00mba (small blind) folded before Flop
Seat 3: tukeiron (big blind) folded before Flop
Seat 4: UnderC@t showed [4d 4c] and won ($9.69) with two pair, Jacks and Fours
Seat 5: Trojanovich folded before Flop (didn't bet)
Seat 6: ivan77769 mucked



PokerStars Hand #254502390610:  Hold'em No Limit ($0.50/$1.00 USD) - 2025/01/22 18:22:04 WET [2025/01/22 13:22:04 ET]
Table 'Daedalus IV' 6-max Seat #2 is the button
Seat 4: UnderC@t ($105.34 in chips) is sitting out
Seat 1: GuigaMan ($176.49 in chips) 
Seat 2: z00mba ($103.52 in chips) 
Seat 3: tukeiron ($115.46 in chips) 
Seat 5: Trojanovich ($133.88 in chips) 
Seat 6: ivan77769 ($21.47 in chips) 
tukeiron: posts small blind $0.50
UnderC@t: is sitting out 
Trojanovich: posts big blind $1
*** HOLE CARDS ***
UnderC@t leaves the table
ivan77769: calls $1
GuigaMan: folds 
z00mba: folds 
BoyLoc0 joins the table at seat #4 
tukeiron: folds 
Trojanovich: checks 
*** FLOP *** [3c Qc Tc]
Trojanovich: checks 
ivan77769: bets $1
Trojanovich: folds 
Uncalled bet ($1) returned to ivan77769
ivan77769 collected $2.38 from pot
*** SUMMARY ***
Total pot $2.50 | Rake $0.12 
Board [3c Qc Tc]
Seat 4: UnderC@t
Seat 1: GuigaMan folded before Flop (didn't bet)
Seat 2: z00mba (button) folded before Flop (didn't bet)
Seat 3: tukeiron (small blind) folded before Flop
Seat 5: Trojanovich (big blind) folded on the Flop
Seat 6: ivan77769 collected ($2.38)



PokerStars Hand #254502399826:  Hold'em No Limit ($0.50/$1.00 USD) - 2025/01/22 18:22:39 WET [2025/01/22 13:22:39 ET]
Table 'Daedalus IV' 6-max Seat #3 is the button
Seat 4: BoyLoc0 ($100 in chips) is sitting out
Seat 1: GuigaMan ($176.49 in chips) 
Seat 2: z00mba ($103.52 in chips) 
Seat 3: tukeiron ($114.96 in chips) 
Seat 5: Trojanovich ($132.88 in chips) 
Seat 6: ivan77769 ($22.85 in chips) 
Trojanovich: posts small blind $0.50
ivan77769: posts big blind $1
*** HOLE CARDS ***
GuigaMan: folds 
z00mba: folds 
tukeiron: folds 
Trojanovich: folds 
Uncalled bet ($0.50) returned to ivan77769
ivan77769 collected $1 from pot
*** SUMMARY ***
Total pot $1 | Rake $0 
Seat 4: BoyLoc0
Seat 1: GuigaMan folded before Flop (didn't bet)
Seat 2: z00mba folded before Flop (didn't bet)
Seat 3: tukeiron (button) folded before Flop (didn't bet)
Seat 5: Trojanovich (small blind) folded before Flop
Seat 6: ivan77769 (big blind) collected ($1)



PokerStars Hand #254502402208:  Hold'em No Limit ($0.50/$1.00 USD) - 2025/01/22 18:22:48 WET [2025/01/22 13:22:48 ET]
Table 'Daedalus IV' 6-max Seat #5 is the button
Seat 4: BoyLoc0 ($100 in chips) is sitting out
Seat 1: GuigaMan ($176.49 in chips) 
Seat 2: z00mba ($103.52 in chips) 
Seat 3: tukeiron ($114.96 in chips) 
Seat 5: Trojanovich ($132.38 in chips) 
Seat 6: ivan77769 ($23.35 in chips) 
ivan77769: posts small blind $0.50
GuigaMan: posts big blind $1
BoyLoc0: sits out 
*** HOLE CARDS ***
z00mba: folds 
tukeiron: raises $1.10 to $2.10
Trojanovich: folds 
ivan77769: calls $1.60
GuigaMan: raises $10.90 to $13
tukeiron: folds 
ivan77769: folds 
Uncalled bet ($10.90) returned to GuigaMan
GuigaMan collected $6.30 from pot
*** SUMMARY ***
Total pot $6.30 | Rake $0 
Seat 4: BoyLoc0
Seat 1: GuigaMan (big blind) collected ($6.30)
Seat 2: z00mba folded before Flop (didn't bet)
Seat 3: tukeiron folded before Flop
Seat 5: Trojanovich (button) folded before Flop (didn't bet)
Seat 6: ivan77769 (small blind) folded before Flop



PokerStars Hand #254502409674:  Hold'em No Limit ($0.50/$1.00 USD) - 2025/01/22 18:23:15 WET [2025/01/22 13:23:15 ET]
Table 'Daedalus IV' 6-max Seat #6 is the button
Seat 4: BoyLoc0 ($100 in chips) is sitting out
Seat 1: GuigaMan ($180.69 in chips) 
Seat 2: z00mba ($103.52 in chips) 
Seat 3: tukeiron ($112.86 in chips) 
Seat 5: Trojanovich ($132.38 in chips) 
Seat 6: ivan77769 ($21.25 in chips) 
GuigaMan: posts small blind $0.50
z00mba: posts big blind $1
BoyLoc0: sits out 
*** HOLE CARDS ***
tukeiron: folds 
Trojanovich: folds 
ivan77769: raises $1 to $2
GuigaMan: folds 
z00mba: calls $1
*** FLOP *** [Qh Ac 5s]
z00mba: checks 
ivan77769: bets $1
z00mba: calls $1
*** TURN *** [Qh Ac 5s] [5c]
z00mba: checks 
ivan77769: bets $1
z00mba: calls $1
*** RIVER *** [Qh Ac 5s 5c] [Ks]
z00mba: checks 
ivan77769: bets $2
z00mba: raises $17.64 to $19.64
ivan77769: folds 
Uncalled bet ($17.64) returned to z00mba
z00mba collected $11.88 from pot
z00mba: doesn't show hand 
*** SUMMARY ***
Total pot $12.50 | Rake $0.62 
Board [Qh Ac 5s 5c Ks]
Seat 4: BoyLoc0
Seat 1: GuigaMan (small blind) folded before Flop
Seat 2: z00mba (big blind) collected ($11.88)
Seat 3: tukeiron folded before Flop (didn't bet)
Seat 5: Trojanovich folded before Flop (didn't bet)
Seat 6: ivan77769 (button) folded on the River



PokerStars Hand #254502421495:  Hold'em No Limit ($0.50/$1.00 USD) - 2025/01/22 18:23:59 WET [2025/01/22 13:23:59 ET]
Table 'Daedalus IV' 6-max Seat #1 is the button
Seat 4: BoyLoc0 ($100 in chips) is sitting out
Seat 1: GuigaMan ($180.19 in chips) 
Seat 2: z00mba ($109.40 in chips) 
Seat 3: tukeiron ($112.86 in chips) 
Seat 5: Trojanovich ($132.38 in chips) 
Seat 6: ivan77769 ($15.25 in chips) 
z00mba: posts small blind $0.50
tukeiron: posts big blind $1
BoyLoc0: sits out 
*** HOLE CARDS ***
Trojanovich: folds 
ivan77769: raises $1 to $2
GuigaMan: folds 
z00mba: folds 
tukeiron: raises $14 to $16
ivan77769: calls $13.25 and is all-in
Uncalled bet ($0.75) returned to tukeiron
*** FLOP *** [7d Qc Qh]
*** TURN *** [7d Qc Qh] [Kc]
*** RIVER *** [7d Qc Qh Kc] [Ac]
*** SHOW DOWN ***
tukeiron: shows [6s Ah] (two pair, Aces and Queens)
ivan77769: shows [Th Ad] (two pair, Aces and Queens)
tukeiron collected $14.73 from pot
ivan77769 collected $14.72 from pot
*** SUMMARY ***
Total pot $31 | Rake $1.55 
Board [7d Qc Qh Kc Ac]
Seat 4: BoyLoc0
Seat 1: GuigaMan (button) folded before Flop (didn't bet)
Seat 2: z00mba (small blind) folded before Flop
Seat 3: tukeiron (big blind) showed [6s Ah] and won ($14.73) with two pair, Aces and Queens
Seat 5: Trojanovich folded before Flop (didn't bet)
Seat 6: ivan77769 showed [Th Ad] and won ($14.72) with two pair, Aces and Queens



PokerStars Hand #254502429768:  Hold'em No Limit ($0.50/$1.00 USD) - 2025/01/22 18:24:29 WET [2025/01/22 13:24:29 ET]
Table 'Daedalus IV' 6-max Seat #2 is the button
Seat 1: GuigaMan ($180.19 in chips) 
Seat 2: z00mba ($108.90 in chips) 
Seat 3: tukeiron ($112.34 in chips) 
Seat 4: BoyLoc0 ($100 in chips) 
Seat 5: Trojanovich ($132.38 in chips) 
Seat 6: ivan77769 ($14.72 in chips) 
tukeiron: posts small blind $0.50
BoyLoc0: posts big blind $1
*** HOLE CARDS ***
Trojanovich: folds 
ivan77769: calls $1
GuigaMan: folds 
z00mba: raises $2.50 to $3.50
tukeiron: folds 
BoyLoc0: folds 
ivan77769: calls $2.50
*** FLOP *** [9h 6h 4s]
ivan77769: checks 
z00mba: checks 
*** TURN *** [9h 6h 4s] [2s]
ivan77769: checks 
z00mba: checks 
*** RIVER *** [9h 6h 4s 2s] [Js]
ivan77769: checks 
z00mba: bets $14
ivan77769: folds 
Uncalled bet ($14) returned to z00mba
z00mba collected $8.08 from pot
z00mba: doesn't show hand 
*** SUMMARY ***
Total pot $8.50 | Rake $0.42 
Board [9h 6h 4s 2s Js]
Seat 1: GuigaMan folded before Flop (didn't bet)
Seat 2: z00mba (button) collected ($8.08)
Seat 3: tukeiron (small blind) folded before Flop
Seat 4: BoyLoc0 (big blind) folded before Flop
Seat 5: Trojanovich folded before Flop (didn't bet)
Seat 6: ivan77769 folded on the River



PokerStars Hand #254502444234:  Hold'em No Limit ($0.50/$1.00 USD) - 2025/01/22 18:25:23 WET [2025/01/22 13:25:23 ET]
Table 'Daedalus IV' 6-max Seat #3 is the button
Seat 1: GuigaMan ($180.19 in chips) 
Seat 2: z00mba ($113.48 in chips) 
Seat 3: tukeiron ($111.84 in chips) 
Seat 4: BoyLoc0 ($100 in chips) 
Seat 5: Trojanovich ($132.38 in chips) 
Seat 6: ivan77769 ($11.22 in chips) 
BoyLoc0: posts small blind $0.50
Trojanovich: posts big blind $1
*** HOLE CARDS ***
ivan77769: calls $1
GuigaMan: folds 
z00mba: folds 
tukeiron: raises $10.50 to $11.50
BoyLoc0: folds 
Trojanovich: folds 
ivan77769: folds 
Uncalled bet ($10.50) returned to tukeiron
tukeiron collected $3.50 from pot
*** SUMMARY ***
Total pot $3.50 | Rake $0 
Seat 1: GuigaMan folded before Flop (didn't bet)
Seat 2: z00mba folded before Flop (didn't bet)
Seat 3: tukeiron (button) collected ($3.50)
Seat 4: BoyLoc0 (small blind) folded before Flop
Seat 5: Trojanovich (big blind) folded before Flop
Seat 6: ivan77769 folded before Flop



PokerStars Hand #254502451270:  Hold'em No Limit ($0.50/$1.00 USD) - 2025/01/22 18:25:49 WET [2025/01/22 13:25:49 ET]
Table 'Daedalus IV' 6-max Seat #4 is the button
Seat 1: GuigaMan ($180.19 in chips) 
Seat 2: z00mba ($113.48 in chips) 
Seat 3: tukeiron ($114.34 in chips) 
Seat 4: BoyLoc0 ($100 in chips) 
Seat 5: Trojanovich ($131.38 in chips) 
Seat 6: ivan77769 ($10.22 in chips) 
Trojanovich: posts small blind $0.50
ivan77769: posts big blind $1
*** HOLE CARDS ***
GuigaMan: raises $1.20 to $2.20
z00mba: folds 
tukeiron: folds 
BoyLoc0: folds 
Trojanovich: folds 
ivan77769: calls $1.20
*** FLOP *** [2c 7h 9c]
ivan77769: checks 
GuigaMan: checks 
*** TURN *** [2c 7h 9c] [5s]
ivan77769: checks 
GuigaMan: checks 
*** RIVER *** [2c 7h 9c 5s] [Ts]
ivan77769: checks 
GuigaMan: checks 
*** SHOW DOWN ***
ivan77769: shows [Qc 8d] (high card Queen)
GuigaMan: shows [6s 6d] (a pair of Sixes)
GuigaMan collected $4.66 from pot
*** SUMMARY ***
Total pot $4.90 | Rake $0.24 
Board [2c 7h 9c 5s Ts]
Seat 1: GuigaMan showed [6s 6d] and won ($4.66) with a pair of Sixes
Seat 2: z00mba folded before Flop (didn't bet)
Seat 3: tukeiron folded before Flop (didn't bet)
Seat 4: BoyLoc0 (button) folded before Flop (didn't bet)
Seat 5: Trojanovich (small blind) folded before Flop
Seat 6: ivan77769 (big blind) showed [Qc 8d] and lost with high card Queen



PokerStars Hand #254502466145:  Hold'em No Limit ($0.50/$1.00 USD) - 2025/01/22 18:26:45 WET [2025/01/22 13:26:45 ET]
Table 'Daedalus IV' 6-max Seat #5 is the button
Seat 1: GuigaMan ($182.65 in chips) 
Seat 2: z00mba ($113.48 in chips) 
Seat 3: tukeiron ($114.34 in chips) 
Seat 4: BoyLoc0 ($100 in chips) 
Seat 5: Trojanovich ($130.88 in chips) 
Seat 6: ivan77769 ($8.02 in chips) 
ivan77769: posts small blind $0.50
GuigaMan: posts big blind $1
*** HOLE CARDS ***
z00mba: folds 
tukeiron: folds 
BoyLoc0: folds 
Trojanovich: folds 
ivan77769: calls $0.50
GuigaMan: checks 
*** FLOP *** [8d Jh 8h]
ivan77769: checks 
GuigaMan: checks 
*** TURN *** [8d Jh 8h] [Qs]
ivan77769: checks 
GuigaMan: checks 
*** RIVER *** [8d Jh 8h Qs] [3h]
ivan77769: checks 
GuigaMan: checks 
*** SHOW DOWN ***
ivan77769: shows [6h 4c] (a pair of Eights)
GuigaMan: shows [3c Tc] (two pair, Eights and Threes)
GuigaMan collected $1.90 from pot
*** SUMMARY ***
Total pot $2 | Rake $0.10 
Board [8d Jh 8h Qs 3h]
Seat 1: GuigaMan (big blind) showed [3c Tc] and won ($1.90) with two pair, Eights and Threes
Seat 2: z00mba folded before Flop (didn't bet)
Seat 3: tukeiron folded before Flop (didn't bet)
Seat 4: BoyLoc0 folded before Flop (didn't bet)
Seat 5: Trojanovich (button) folded before Flop (didn't bet)
Seat 6: ivan77769 (small blind) showed [6h 4c] and lost with a pair of Eights



PokerStars Hand #254502477007:  Hold'em No Limit ($0.50/$1.00 USD) - 2025/01/22 18:27:25 WET [2025/01/22 13:27:25 ET]
Table 'Daedalus IV' 6-max Seat #6 is the button
Seat 1: GuigaMan ($183.55 in chips) 
Seat 2: z00mba ($113.48 in chips) 
Seat 3: tukeiron ($114.34 in chips) 
Seat 4: BoyLoc0 ($100 in chips) 
Seat 5: Trojanovich ($130.88 in chips) 
Seat 6: ivan77769 ($7.02 in chips) 
GuigaMan: posts small blind $0.50
z00mba: posts big blind $1
*** HOLE CARDS ***
tukeiron: folds 
BoyLoc0: folds 
Trojanovich: folds 
ivan77769: raises $1 to $2
GuigaMan: raises $8 to $10
z00mba: folds 
ivan77769: calls $5.02 and is all-in
Uncalled bet ($2.98) returned to GuigaMan
*** FLOP *** [9d Qs Ah]
*** TURN *** [9d Qs Ah] [9c]
*** RIVER *** [9d Qs Ah 9c] [Qd]
*** SHOW DOWN ***
GuigaMan: shows [Tc Td] (two pair, Queens and Tens)
ivan77769: shows [7s Ac] (two pair, Aces and Queens)
ivan77769 cashed out the hand for $4.03 | Cash Out Fee $0.08
*** SUMMARY ***
Total pot $15.04 | Rake $0.75 
Board [9d Qs Ah 9c Qd]
Seat 1: GuigaMan (small blind) showed [Tc Td] and lost with two pair, Queens and Tens
Seat 2: z00mba (big blind) folded before Flop
Seat 3: tukeiron folded before Flop (didn't bet)
Seat 4: BoyLoc0 folded before Flop (didn't bet)
Seat 5: Trojanovich folded before Flop (didn't bet)
Seat 6: ivan77769 (button) showed [7s Ac] and won ($14.29) with two pair, Aces and Queens (pot not awarded as player cashed out)



PokerStars Hand #254502485143:  Hold'em No Limit ($0.50/$1.00 USD) - 2025/01/22 18:27:56 WET [2025/01/22 13:27:56 ET]
Table 'Daedalus IV' 6-max Seat #1 is the button
Seat 1: GuigaMan ($176.53 in chips) 
Seat 2: z00mba ($112.48 in chips) 
Seat 3: tukeiron ($114.34 in chips) 
Seat 4: BoyLoc0 ($100 in chips) 
Seat 5: Trojanovich ($130.88 in chips) 
Seat 6: ivan77769 ($4.03 in chips) 
z00mba: posts small blind $0.50
tukeiron: posts big blind $1
*** HOLE CARDS ***
BoyLoc0: raises $1.50 to $2.50
Trojanovich: raises $5 to $7.50
ivan77769: folds 
GuigaMan: folds 
z00mba: folds 
tukeiron: folds 
BoyLoc0: folds 
Uncalled bet ($5) returned to Trojanovich
Trojanovich collected $6.50 from pot
Trojanovich: doesn't show hand 
*** SUMMARY ***
Total pot $6.50 | Rake $0 
Seat 1: GuigaMan (button) folded before Flop (didn't bet)
Seat 2: z00mba (small blind) folded before Flop
Seat 3: tukeiron (big blind) folded before Flop
Seat 4: BoyLoc0 folded before Flop
Seat 5: Trojanovich collected ($6.50)
Seat 6: ivan77769 folded before Flop (didn't bet)



PokerStars Hand #254502491239:  Hold'em No Limit ($0.50/$1.00 USD) - 2025/01/22 18:28:18 WET [2025/01/22 13:28:18 ET]
Table 'Daedalus IV' 6-max Seat #2 is the button
Seat 1: GuigaMan ($176.53 in chips) 
Seat 2: z00mba ($111.98 in chips) 
Seat 3: tukeiron ($113.34 in chips) 
Seat 4: BoyLoc0 ($100 in chips) 
Seat 5: Trojanovich ($134.88 in chips) 
Seat 6: ivan77769 ($4.03 in chips) 
tukeiron: posts small blind $0.50
BoyLoc0: posts big blind $1
*** HOLE CARDS ***
Trojanovich: folds 
ivan77769: folds 
GuigaMan: folds 
z00mba: raises $1.50 to $2.50
tukeiron: folds 
BoyLoc0: folds 
Uncalled bet ($1.50) returned to z00mba
z00mba collected $2.50 from pot
z00mba: doesn't show hand 
*** SUMMARY ***
Total pot $2.50 | Rake $0 
Seat 1: GuigaMan folded before Flop (didn't bet)
Seat 2: z00mba (button) collected ($2.50)
Seat 3: tukeiron (small blind) folded before Flop
Seat 4: BoyLoc0 (big blind) folded before Flop
Seat 5: Trojanovich folded before Flop (didn't bet)
Seat 6: ivan77769 folded before Flop (didn't bet)



PokerStars Hand #254502497742:  Hold'em No Limit ($0.50/$1.00 USD) - 2025/01/22 18:28:42 WET [2025/01/22 13:28:42 ET]
Table 'Daedalus IV' 6-max Seat #3 is the button
Seat 1: GuigaMan ($176.53 in chips) 
Seat 2: z00mba ($113.48 in chips) 
Seat 3: tukeiron ($112.84 in chips) 
Seat 4: BoyLoc0 ($100 in chips) 
Seat 5: Trojanovich ($134.88 in chips) 
Seat 6: ivan77769 ($4.03 in chips) 
BoyLoc0: posts small blind $0.50
Trojanovich: posts big blind $1
*** HOLE CARDS ***
ivan77769: calls $1
GuigaMan: folds 
z00mba: folds 
tukeiron: folds 
BoyLoc0: folds 
Trojanovich: checks 
*** FLOP *** [Qc Jd 2h]
Trojanovich: checks 
ivan77769: bets $3.03 and is all-in
Trojanovich: folds 
Uncalled bet ($3.03) returned to ivan77769
ivan77769 collected $2.38 from pot
*** SUMMARY ***
Total pot $2.50 | Rake $0.12 
Board [Qc Jd 2h]
Seat 1: GuigaMan folded before Flop (didn't bet)
Seat 2: z00mba folded before Flop (didn't bet)
Seat 3: tukeiron (button) folded before Flop (didn't bet)
Seat 4: BoyLoc0 (small blind) folded before Flop
Seat 5: Trojanovich (big blind) folded on the Flop
Seat 6: ivan77769 collected ($2.38)



PokerStars Hand #254502504051:  Hold'em No Limit ($0.50/$1.00 USD) - 2025/01/22 18:29:06 WET [2025/01/22 13:29:06 ET]
Table 'Daedalus IV' 6-max Seat #4 is the button
Seat 1: GuigaMan ($176.53 in chips) 
Seat 2: z00mba ($113.48 in chips) 
Seat 3: tukeiron ($112.84 in chips) 
Seat 4: BoyLoc0 ($100 in chips) 
Seat 5: Trojanovich ($133.88 in chips) 
Seat 6: ivan77769 ($5.41 in chips) 
Trojanovich: posts small blind $0.50
ivan77769: posts big blind $1
*** HOLE CARDS ***
GuigaMan: folds 
z00mba: folds 
tukeiron: folds 
BoyLoc0: raises $1.50 to $2.50
Trojanovich: folds 
ivan77769: calls $1.50
*** FLOP *** [Qd 5d 9d]
ivan77769: bets $2.91 and is all-in
BoyLoc0: calls $2.91
*** TURN *** [Qd 5d 9d] [3d]
*** RIVER *** [Qd 5d 9d 3d] [3c]
*** SHOW DOWN ***
ivan77769: shows [3s Jd] (a flush, Queen high)
BoyLoc0: shows [9h Ah] (two pair, Nines and Threes)
ivan77769 collected $10.75 from pot
*** SUMMARY ***
Total pot $11.32 | Rake $0.57 
Board [Qd 5d 9d 3d 3c]
Seat 1: GuigaMan folded before Flop (didn't bet)
Seat 2: z00mba folded before Flop (didn't bet)
Seat 3: tukeiron folded before Flop (didn't bet)
Seat 4: BoyLoc0 (button) showed [9h Ah] and lost with two pair, Nines and Threes
Seat 5: Trojanovich (small blind) folded before Flop
Seat 6: ivan77769 (big blind) showed [3s Jd] and won ($10.75) with a flush, Queen high



PokerStars Hand #254502512071:  Hold'em No Limit ($0.50/$1.00 USD) - 2025/01/22 18:29:35 WET [2025/01/22 13:29:35 ET]
Table 'Daedalus IV' 6-max Seat #5 is the button
Seat 1: GuigaMan ($176.53 in chips) 
Seat 2: z00mba ($113.48 in chips) 
Seat 3: tukeiron ($112.84 in chips) 
Seat 4: BoyLoc0 ($100 in chips) 
Seat 5: Trojanovich ($133.38 in chips) 
Seat 6: ivan77769 ($10.75 in chips) 
ivan77769: posts small blind $0.50
GuigaMan: posts big blind $1
*** HOLE CARDS ***
z00mba: raises $1.50 to $2.50
tukeiron: folds 
BoyLoc0: folds 
Trojanovich: calls $2.50
ivan77769: folds 
GuigaMan: folds 
*** FLOP *** [3h Ts Jh]
z00mba: bets $3.03
Trojanovich: folds 
Uncalled bet ($3.03) returned to z00mba
z00mba collected $6.18 from pot
z00mba: doesn't show hand 
*** SUMMARY ***
Total pot $6.50 | Rake $0.32 
Board [3h Ts Jh]
Seat 1: GuigaMan (big blind) folded before Flop
Seat 2: z00mba collected ($6.18)
Seat 3: tukeiron folded before Flop (didn't bet)
Seat 4: BoyLoc0 folded before Flop (didn't bet)
Seat 5: Trojanovich (button) folded on the Flop
Seat 6: ivan77769 (small blind) folded before Flop



PokerStars Hand #254502525024:  Hold'em No Limit ($0.50/$1.00 USD) - 2025/01/22 18:30:22 WET [2025/01/22 13:30:22 ET]
Table 'Daedalus IV' 6-max Seat #6 is the button
Seat 1: GuigaMan ($175.53 in chips) 
Seat 2: z00mba ($117.16 in chips) 
Seat 3: tukeiron ($112.84 in chips) 
Seat 4: BoyLoc0 ($100 in chips) 
Seat 5: Trojanovich ($130.88 in chips) 
Seat 6: ivan77769 ($10.25 in chips) 
GuigaMan: posts small blind $0.50
z00mba: posts big blind $1
*** HOLE CARDS ***
tukeiron: folds 
BoyLoc0: folds 
Trojanovich: folds 
ivan77769: calls $1
GuigaMan: folds 
z00mba: checks 
*** FLOP *** [5h 4s Td]
z00mba: checks 
ivan77769: bets $1
z00mba: calls $1
*** TURN *** [5h 4s Td] [Jh]
z00mba: checks 
ivan77769: bets $1
z00mba: calls $1
*** RIVER *** [5h 4s Td Jh] [8c]
z00mba: checks 
ivan77769: bets $1
z00mba: folds 
Uncalled bet ($1) returned to ivan77769
ivan77769 collected $6.18 from pot
*** SUMMARY ***
Total pot $6.50 | Rake $0.32 
Board [5h 4s Td Jh 8c]
Seat 1: GuigaMan (small blind) folded before Flop
Seat 2: z00mba (big blind) folded on the River
Seat 3: tukeiron folded before Flop (didn't bet)
Seat 4: BoyLoc0 folded before Flop (didn't bet)
Seat 5: Trojanovich folded before Flop (didn't bet)
Seat 6: ivan77769 (button) collected ($6.18)



PokerStars Hand #254502535451:  Hold'em No Limit ($0.50/$1.00 USD) - 2025/01/22 18:31:00 WET [2025/01/22 13:31:00 ET]
Table 'Daedalus IV' 6-max Seat #1 is the button
Seat 1: GuigaMan ($175.03 in chips) 
Seat 2: z00mba ($114.16 in chips) 
Seat 3: tukeiron ($112.84 in chips) 
Seat 4: BoyLoc0 ($100 in chips) 
Seat 5: Trojanovich ($130.88 in chips) 
Seat 6: ivan77769 ($13.43 in chips) 
z00mba: posts small blind $0.50
tukeiron: posts big blind $1
*** HOLE CARDS ***
BoyLoc0: folds 
Trojanovich: folds 
ivan77769: calls $1
GuigaMan: raises $3 to $4
z00mba: folds 
tukeiron: raises $9.50 to $13.50
ivan77769: folds 
GuigaMan: folds 
Uncalled bet ($9.50) returned to tukeiron
tukeiron collected $9.50 from pot
*** SUMMARY ***
Total pot $9.50 | Rake $0 
Seat 1: GuigaMan (button) folded before Flop
Seat 2: z00mba (small blind) folded before Flop
Seat 3: tukeiron (big blind) collected ($9.50)
Seat 4: BoyLoc0 folded before Flop (didn't bet)
Seat 5: Trojanovich folded before Flop (didn't bet)
Seat 6: ivan77769 folded before Flop



PokerStars Hand #254502544972:  Hold'em No Limit ($0.50/$1.00 USD) - 2025/01/22 18:31:35 WET [2025/01/22 13:31:35 ET]
Table 'Daedalus IV' 6-max Seat #2 is the button
Seat 1: GuigaMan ($171.03 in chips) 
Seat 2: z00mba ($113.66 in chips) 
Seat 3: tukeiron ($118.34 in chips) 
Seat 4: BoyLoc0 ($100 in chips) 
Seat 5: Trojanovich ($130.88 in chips) 
Seat 6: ivan77769 ($12.43 in chips) 
tukeiron: posts small blind $0.50
BoyLoc0: posts big blind $1
*** HOLE CARDS ***
Trojanovich: folds 
ivan77769: folds 
GuigaMan: folds 
z00mba: folds 
tukeiron: folds 
Uncalled bet ($0.50) returned to BoyLoc0
BoyLoc0 collected $1 from pot
BoyLoc0: doesn't show hand 
*** SUMMARY ***
Total pot $1 | Rake $0 
Seat 1: GuigaMan folded before Flop (didn't bet)
Seat 2: z00mba (button) folded before Flop (didn't bet)
Seat 3: tukeiron (small blind) folded before Flop
Seat 4: BoyLoc0 (big blind) collected ($1)
Seat 5: Trojanovich folded before Flop (didn't bet)
Seat 6: ivan77769 folded before Flop (didn't bet)



PokerStars Hand #254502548268:  Hold'em No Limit ($0.50/$1.00 USD) - 2025/01/22 18:31:47 WET [2025/01/22 13:31:47 ET]
Table 'Daedalus IV' 6-max Seat #3 is the button
Seat 1: GuigaMan ($171.03 in chips) 
Seat 2: z00mba ($113.66 in chips) 
Seat 3: tukeiron ($117.84 in chips) 
Seat 4: BoyLoc0 ($100.50 in chips) 
Seat 5: Trojanovich ($130.88 in chips) 
Seat 6: ivan77769 ($12.43 in chips) 
BoyLoc0: posts small blind $0.50
Trojanovich: posts big blind $1
*** HOLE CARDS ***
ivan77769: calls $1
GuigaMan: folds 
z00mba: folds 
tukeiron: folds 
BoyLoc0: folds 
Trojanovich: checks 
*** FLOP *** [Qd 2c 2d]
Trojanovich: checks 
ivan77769: bets $1
Trojanovich: calls $1
*** TURN *** [Qd 2c 2d] [5h]
Trojanovich: checks 
ivan77769: bets $1
Trojanovich: raises $2.50 to $3.50
ivan77769: calls $2.50
*** RIVER *** [Qd 2c 2d 5h] [7h]
Trojanovich: checks 
ivan77769: checks 
*** SHOW DOWN ***
Trojanovich: shows [Jd 9s] (a pair of Deuces)
ivan77769: shows [Qh 4h] (two pair, Queens and Deuces)
ivan77769 collected $10.92 from pot
*** SUMMARY ***
Total pot $11.50 | Rake $0.58 
Board [Qd 2c 2d 5h 7h]
Seat 1: GuigaMan folded before Flop (didn't bet)
Seat 2: z00mba folded before Flop (didn't bet)
Seat 3: tukeiron (button) folded before Flop (didn't bet)
Seat 4: BoyLoc0 (small blind) folded before Flop
Seat 5: Trojanovich (big blind) showed [Jd 9s] and lost with a pair of Deuces
Seat 6: ivan77769 showed [Qh 4h] and won ($10.92) with two pair, Queens and Deuces



PokerStars Hand #254502568395:  Hold'em No Limit ($0.50/$1.00 USD) - 2025/01/22 18:32:59 WET [2025/01/22 13:32:59 ET]
Table 'Daedalus IV' 6-max Seat #4 is the button
Seat 1: GuigaMan ($171.03 in chips) 
Seat 2: z00mba ($113.66 in chips) 
Seat 3: tukeiron ($117.84 in chips) 
Seat 4: BoyLoc0 ($100 in chips) 
Seat 5: Trojanovich ($125.38 in chips) 
Seat 6: ivan77769 ($17.85 in chips) 
Trojanovich: posts small blind $0.50
ivan77769: posts big blind $1
*** HOLE CARDS ***
GuigaMan: folds 
z00mba: folds 
tukeiron: folds 
BoyLoc0: folds 
Trojanovich: folds 
Uncalled bet ($0.50) returned to ivan77769
ivan77769 collected $1 from pot
*** SUMMARY ***
Total pot $1 | Rake $0 
Seat 1: GuigaMan folded before Flop (didn't bet)
Seat 2: z00mba folded before Flop (didn't bet)
Seat 3: tukeiron folded before Flop (didn't bet)
Seat 4: BoyLoc0 (button) folded before Flop (didn't bet)
Seat 5: Trojanovich (small blind) folded before Flop
Seat 6: ivan77769 (big blind) collected ($1)



PokerStars Hand #254502572916:  Hold'em No Limit ($0.50/$1.00 USD) - 2025/01/22 18:33:15 WET [2025/01/22 13:33:15 ET]
Table 'Daedalus IV' 6-max Seat #5 is the button
Seat 1: GuigaMan ($171.03 in chips) 
Seat 2: z00mba ($113.66 in chips) 
Seat 3: tukeiron ($117.84 in chips) 
Seat 4: BoyLoc0 ($100 in chips) 
Seat 5: Trojanovich ($124.88 in chips) 
Seat 6: ivan77769 ($18.35 in chips) 
ivan77769: posts small blind $0.50
GuigaMan: posts big blind $1
*** HOLE CARDS ***
z00mba: raises $1.50 to $2.50
tukeiron: folds 
BoyLoc0: folds 
Trojanovich: calls $2.50
ivan77769: folds 
GuigaMan: folds 
*** FLOP *** [Jd 7s Ac]
z00mba: bets $1.98
Trojanovich: calls $1.98
*** TURN *** [Jd 7s Ac] [7h]
z00mba: checks 
Trojanovich: bets $7.46
z00mba: folds 
Uncalled bet ($7.46) returned to Trojanovich
Trojanovich collected $9.94 from pot
Trojanovich: doesn't show hand 
*** SUMMARY ***
Total pot $10.46 | Rake $0.52 
Board [Jd 7s Ac 7h]
Seat 1: GuigaMan (big blind) folded before Flop
Seat 2: z00mba folded on the Turn
Seat 3: tukeiron folded before Flop (didn't bet)
Seat 4: BoyLoc0 folded before Flop (didn't bet)
Seat 5: Trojanovich (button) collected ($9.94)
Seat 6: ivan77769 (small blind) folded before Flop



PokerStars Hand #254502587198:  Hold'em No Limit ($0.50/$1.00 USD) - 2025/01/22 18:34:06 WET [2025/01/22 13:34:06 ET]
Table 'Daedalus IV' 6-max Seat #6 is the button
Seat 1: GuigaMan ($170.03 in chips) 
Seat 2: z00mba ($109.18 in chips) 
Seat 3: tukeiron ($117.84 in chips) 
Seat 4: BoyLoc0 ($100 in chips) 
Seat 5: Trojanovich ($130.34 in chips) 
Seat 6: ivan77769 ($17.85 in chips) 
GuigaMan: posts small blind $0.50
z00mba: posts big blind $1
*** HOLE CARDS ***
tukeiron: folds 
BoyLoc0: folds 
Trojanovich: raises $1.50 to $2.50
ivan77769: folds 
GuigaMan: folds 
z00mba: raises $9 to $11.50
Trojanovich: calls $9
*** FLOP *** [8c Ad Jd]
z00mba: checks 
Trojanovich: bets $11.16
z00mba: calls $11.16
*** TURN *** [8c Ad Jd] [5s]
z00mba: checks 
Trojanovich: bets $27.50
z00mba: folds 
Uncalled bet ($27.50) returned to Trojanovich
Trojanovich collected $43.53 from pot
Trojanovich: doesn't show hand 
*** SUMMARY ***
Total pot $45.82 | Rake $2.29 
Board [8c Ad Jd 5s]
Seat 1: GuigaMan (small blind) folded before Flop
Seat 2: z00mba (big blind) folded on the Turn
Seat 3: tukeiron folded before Flop (didn't bet)
Seat 4: BoyLoc0 folded before Flop (didn't bet)
Seat 5: Trojanovich collected ($43.53)
Seat 6: ivan77769 (button) folded before Flop (didn't bet)



PokerStars Hand #254502609509:  Hold'em No Limit ($0.50/$1.00 USD) - 2025/01/22 18:35:27 WET [2025/01/22 13:35:27 ET]
Table 'Daedalus IV' 6-max Seat #1 is the button
Seat 1: GuigaMan ($169.53 in chips) 
Seat 2: z00mba ($100 in chips) 
Seat 3: tukeiron ($117.84 in chips) 
Seat 4: BoyLoc0 ($100 in chips) 
Seat 5: Trojanovich ($151.21 in chips) 
Seat 6: ivan77769 ($17.85 in chips) 
z00mba: posts small blind $0.50
tukeiron: posts big blind $1
*** HOLE CARDS ***
BoyLoc0: folds 
Trojanovich: folds 
ivan77769: calls $1
GuigaMan: folds 
z00mba: folds 
tukeiron: raises $4.50 to $5.50
ivan77769: calls $4.50
*** FLOP *** [2s Tc 8c]
tukeiron: checks 
ivan77769: bets $2
tukeiron: raises $14 to $16
ivan77769: calls $10.35 and is all-in
Uncalled bet ($3.65) returned to tukeiron
*** TURN *** [2s Tc 8c] [6d]
*** RIVER *** [2s Tc 8c 6d] [Td]
*** SHOW DOWN ***
tukeiron: shows [As Jd] (a pair of Tens)
ivan77769: shows [8d 8h] (a full house, Eights full of Tens)
ivan77769 collected $34.39 from pot
*** SUMMARY ***
Total pot $36.20 | Rake $1.81 
Board [2s Tc 8c 6d Td]
Seat 1: GuigaMan (button) folded before Flop (didn't bet)
Seat 2: z00mba (small blind) folded before Flop
Seat 3: tukeiron (big blind) showed [As Jd] and lost with a pair of Tens
Seat 4: BoyLoc0 folded before Flop (didn't bet)
Seat 5: Trojanovich folded before Flop (didn't bet)
Seat 6: ivan77769 showed [8d 8h] and won ($34.39) with a full house, Eights full of Tens



PokerStars Hand #254502627246:  Hold'em No Limit ($0.50/$1.00 USD) - 2025/01/22 18:36:31 WET [2025/01/22 13:36:31 ET]
Table 'Daedalus IV' 6-max Seat #2 is the button
Seat 1: GuigaMan ($169.53 in chips) 
Seat 2: z00mba ($100 in chips) 
Seat 3: tukeiron ($100 in chips) 
Seat 4: BoyLoc0 ($100 in chips) 
Seat 5: Trojanovich ($151.21 in chips) 
Seat 6: ivan77769 ($34.39 in chips) 
tukeiron: posts small blind $0.50
BoyLoc0: posts big blind $1
*** HOLE CARDS ***
Trojanovich: folds 
ivan77769: calls $1
GuigaMan: folds 
z00mba: folds 
tukeiron: raises $3 to $4
BoyLoc0: folds 
ivan77769: calls $3
*** FLOP *** [3c 5c 5s]
tukeiron: checks 
ivan77769: checks 
*** TURN *** [3c 5c 5s] [2c]
tukeiron: bets $2.82
ivan77769: raises $2.82 to $5.64
tukeiron: calls $2.82
*** RIVER *** [3c 5c 5s 2c] [3h]
tukeiron: checks 
ivan77769: checks 
*** SHOW DOWN ***
tukeiron: shows [Ac 6h] (two pair, Fives and Threes)
ivan77769: mucks hand 
tukeiron collected $19.27 from pot
*** SUMMARY ***
Total pot $20.28 | Rake $1.01 
Board [3c 5c 5s 2c 3h]
Seat 1: GuigaMan folded before Flop (didn't bet)
Seat 2: z00mba (button) folded before Flop (didn't bet)
Seat 3: tukeiron (small blind) showed [Ac 6h] and won ($19.27) with two pair, Fives and Threes
Seat 4: BoyLoc0 (big blind) folded before Flop
Seat 5: Trojanovich folded before Flop (didn't bet)
Seat 6: ivan77769 mucked



PokerStars Hand #254502652536:  Hold'em No Limit ($0.50/$1.00 USD) - 2025/01/22 18:38:01 WET [2025/01/22 13:38:01 ET]
Table 'Daedalus IV' 6-max Seat #3 is the button
Seat 1: GuigaMan ($169.53 in chips) 
Seat 2: z00mba ($100 in chips) 
Seat 3: tukeiron ($109.63 in chips) 
Seat 4: BoyLoc0 ($100 in chips) 
Seat 5: Trojanovich ($151.21 in chips) 
Seat 6: ivan77769 ($24.75 in chips) 
BoyLoc0: posts small blind $0.50
Trojanovich: posts big blind $1
*** HOLE CARDS ***
ivan77769 is disconnected 
ivan77769 has timed out while disconnected
ivan77769: folds 
GuigaMan: folds 
z00mba: folds 
tukeiron: raises $1.50 to $2.50
BoyLoc0: folds 
Trojanovich: folds 
Uncalled bet ($1.50) returned to tukeiron
tukeiron collected $2.50 from pot
*** SUMMARY ***
Total pot $2.50 | Rake $0 
Seat 1: GuigaMan folded before Flop (didn't bet)
Seat 2: z00mba folded before Flop (didn't bet)
Seat 3: tukeiron (button) collected ($2.50)
Seat 4: BoyLoc0 (small blind) folded before Flop
Seat 5: Trojanovich (big blind) folded before Flop
Seat 6: ivan77769 folded before Flop (didn't bet)



PokerStars Hand #254502658388:  Hold'em No Limit ($0.50/$1.00 USD) - 2025/01/22 18:38:22 WET [2025/01/22 13:38:22 ET]
Table 'Daedalus IV' 6-max Seat #4 is the button
Seat 6: ivan77769 ($24.75 in chips) is sitting out
Seat 1: GuigaMan ($169.53 in chips) 
Seat 2: z00mba ($100 in chips) 
Seat 3: tukeiron ($111.13 in chips) 
Seat 4: BoyLoc0 ($100 in chips) 
Seat 5: Trojanovich ($150.21 in chips) 
Trojanovich: posts small blind $0.50
GuigaMan: posts big blind $1
*** HOLE CARDS ***
z00mba: folds 
tukeiron: raises $1.50 to $2.50
BoyLoc0: folds 
Trojanovich: folds 
GuigaMan: folds 
Uncalled bet ($1.50) returned to tukeiron
tukeiron collected $2.50 from pot
tukeiron: doesn't show hand 
*** SUMMARY ***
Total pot $2.50 | Rake $0 
Seat 6: ivan77769
Seat 1: GuigaMan (big blind) folded before Flop
Seat 2: z00mba folded before Flop (didn't bet)
Seat 3: tukeiron collected ($2.50)
Seat 4: BoyLoc0 (button) folded before Flop (didn't bet)
Seat 5: Trojanovich (small blind) folded before Flop



PokerStars Hand #254502663614:  Hold'em No Limit ($0.50/$1.00 USD) - 2025/01/22 18:38:41 WET [2025/01/22 13:38:41 ET]
Table 'Daedalus IV' 6-max Seat #5 is the button
Seat 2: z00mba ($100 in chips) is sitting out
Seat 6: ivan77769 ($24.75 in chips) is sitting out
Seat 1: GuigaMan ($168.53 in chips) 
Seat 3: tukeiron ($112.63 in chips) 
Seat 4: BoyLoc0 ($100 in chips) 
Seat 5: Trojanovich ($149.71 in chips) 
GuigaMan: posts small blind $0.50
z00mba: is sitting out 
tukeiron: posts big blind $1
*** HOLE CARDS ***
BoyLoc0: folds 
Trojanovich: raises $1.50 to $2.50
GuigaMan: folds 
tukeiron: folds 
Uncalled bet ($1.50) returned to Trojanovich
Trojanovich collected $2.50 from pot
Trojanovich: doesn't show hand 
*** SUMMARY ***
Total pot $2.50 | Rake $0 
Seat 2: z00mba
Seat 6: ivan77769
Seat 1: GuigaMan (small blind) folded before Flop
Seat 3: tukeiron (big blind) folded before Flop
Seat 4: BoyLoc0 folded before Flop (didn't bet)
Seat 5: Trojanovich (button) collected ($2.50)



PokerStars Hand #254502668381:  Hold'em No Limit ($0.50/$1.00 USD) - 2025/01/22 18:38:57 WET [2025/01/22 13:38:57 ET]
Table 'Daedalus IV' 6-max Seat #1 is the button
Seat 2: z00mba ($100 in chips) is sitting out
Seat 6: ivan77769 ($24.75 in chips) is sitting out
Seat 1: GuigaMan ($168.03 in chips) 
Seat 3: tukeiron ($111.63 in chips) 
Seat 4: BoyLoc0 ($100 in chips) 
Seat 5: Trojanovich ($151.21 in chips) 
tukeiron: posts small blind $0.50
BoyLoc0: posts big blind $1
*** HOLE CARDS ***
Trojanovich: raises $1.50 to $2.50
GuigaMan: folds 
tukeiron: folds 
BoyLoc0: folds 
Uncalled bet ($1.50) returned to Trojanovich
Trojanovich collected $2.50 from pot
Trojanovich: doesn't show hand 
*** SUMMARY ***
Total pot $2.50 | Rake $0 
Seat 2: z00mba
Seat 6: ivan77769
Seat 1: GuigaMan (button) folded before Flop (didn't bet)
Seat 3: tukeiron (small blind) folded before Flop
Seat 4: BoyLoc0 (big blind) folded before Flop
Seat 5: Trojanovich collected ($2.50)



PokerStars Hand #254502671797:  Hold'em No Limit ($0.50/$1.00 USD) - 2025/01/22 18:39:10 WET [2025/01/22 13:39:10 ET]
Table 'Daedalus IV' 6-max Seat #3 is the button
Seat 2: z00mba ($100 in chips) is sitting out
Seat 6: ivan77769 ($24.75 in chips) is sitting out
Seat 1: GuigaMan ($168.03 in chips) 
Seat 3: tukeiron ($111.13 in chips) 
Seat 4: BoyLoc0 ($100 in chips) 
Seat 5: Trojanovich ($152.71 in chips) 
BoyLoc0: posts small blind $0.50
Trojanovich: posts big blind $1
z00mba: sits out 
*** HOLE CARDS ***
GuigaMan: raises $1.50 to $2.50
tukeiron: folds 
BoyLoc0: folds 
Trojanovich: folds 
Uncalled bet ($1.50) returned to GuigaMan
GuigaMan collected $2.50 from pot
*** SUMMARY ***
Total pot $2.50 | Rake $0 
Seat 2: z00mba
Seat 6: ivan77769
Seat 1: GuigaMan collected ($2.50)
Seat 3: tukeiron (button) folded before Flop (didn't bet)
Seat 4: BoyLoc0 (small blind) folded before Flop
Seat 5: Trojanovich (big blind) folded before Flop



PokerStars Hand #254502675340:  Hold'em No Limit ($0.50/$1.00 USD) - 2025/01/22 18:39:22 WET [2025/01/22 13:39:22 ET]
Table 'Daedalus IV' 6-max Seat #4 is the button
Seat 2: z00mba ($100 in chips) is sitting out
Seat 6: ivan77769 ($24.75 in chips) is sitting out
Seat 1: GuigaMan ($169.53 in chips) 
Seat 3: tukeiron ($111.13 in chips) 
Seat 4: BoyLoc0 ($100 in chips) 
Seat 5: Trojanovich ($151.71 in chips) 
Trojanovich: posts small blind $0.50
GuigaMan: posts big blind $1
z00mba: sits out 
*** HOLE CARDS ***
tukeiron: folds 
BoyLoc0: folds 
Trojanovich: folds 
Uncalled bet ($0.50) returned to GuigaMan
GuigaMan collected $1 from pot
*** SUMMARY ***
Total pot $1 | Rake $0 
Seat 2: z00mba
Seat 6: ivan77769
Seat 1: GuigaMan (big blind) collected ($1)
Seat 3: tukeiron folded before Flop (didn't bet)
Seat 4: BoyLoc0 (button) folded before Flop (didn't bet)
Seat 5: Trojanovich (small blind) folded before Flop



PokerStars Hand #254502677918:  Hold'em No Limit ($0.50/$1.00 USD) - 2025/01/22 18:39:32 WET [2025/01/22 13:39:32 ET]
Table 'Daedalus IV' 6-max Seat #5 is the button
Seat 6: ivan77769 ($24.75 in chips) is sitting out
Seat 1: GuigaMan ($170.03 in chips) 
Seat 2: z00mba ($100 in chips) 
Seat 3: tukeiron ($111.13 in chips) 
Seat 4: BoyLoc0 ($100 in chips) 
Seat 5: Trojanovich ($151.21 in chips) 
GuigaMan: posts small blind $0.50
z00mba: posts big blind $1
*** HOLE CARDS ***
tukeiron: raises $1.50 to $2.50
BoyLoc0: folds 
Trojanovich: raises $5 to $7.50
GuigaMan: folds 
z00mba: folds 
tukeiron: raises $12.50 to $20
Trojanovich: folds 
Uncalled bet ($12.50) returned to tukeiron
tukeiron collected $16.50 from pot
tukeiron: doesn't show hand 
*** SUMMARY ***
Total pot $16.50 | Rake $0 
Seat 6: ivan77769
Seat 1: GuigaMan (small blind) folded before Flop
Seat 2: z00mba (big blind) folded before Flop
Seat 3: tukeiron collected ($16.50)
Seat 4: BoyLoc0 folded before Flop (didn't bet)
Seat 5: Trojanovich (button) folded before Flop



PokerStars Hand #254502688310:  Hold'em No Limit ($0.50/$1.00 USD) - 2025/01/22 18:40:09 WET [2025/01/22 13:40:09 ET]
Table 'Daedalus IV' 6-max Seat #1 is the button
Seat 6: ivan77769 ($24.75 in chips) is sitting out
Seat 1: GuigaMan ($169.53 in chips) 
Seat 2: z00mba ($100 in chips) 
Seat 3: tukeiron ($120.13 in chips) 
Seat 4: BoyLoc0 ($100 in chips) 
Seat 5: Trojanovich ($143.71 in chips) 
z00mba: posts small blind $0.50
tukeiron: posts big blind $1
*** HOLE CARDS ***
BoyLoc0: folds 
Trojanovich: raises $1.50 to $2.50
GuigaMan: folds 
z00mba: folds 
tukeiron: folds 
Uncalled bet ($1.50) returned to Trojanovich
Trojanovich collected $2.50 from pot
Trojanovich: doesn't show hand 
*** SUMMARY ***
Total pot $2.50 | Rake $0 
Seat 6: ivan77769
Seat 1: GuigaMan (button) folded before Flop (didn't bet)
Seat 2: z00mba (small blind) folded before Flop
Seat 3: tukeiron (big blind) folded before Flop
Seat 4: BoyLoc0 folded before Flop (didn't bet)
Seat 5: Trojanovich collected ($2.50)



PokerStars Hand #254502692269:  Hold'em No Limit ($0.50/$1.00 USD) - 2025/01/22 18:40:23 WET [2025/01/22 13:40:23 ET]
Table 'Daedalus IV' 6-max Seat #2 is the button
Seat 6: ivan77769 ($24.75 in chips) is sitting out
Seat 1: GuigaMan ($169.53 in chips) 
Seat 2: z00mba ($100 in chips) 
Seat 3: tukeiron ($119.13 in chips) 
Seat 4: BoyLoc0 ($100 in chips) 
Seat 5: Trojanovich ($145.21 in chips) 
tukeiron: posts small blind $0.50
BoyLoc0: posts big blind $1
*** HOLE CARDS ***
Trojanovich: folds 
GuigaMan: folds 
z00mba: raises $1.50 to $2.50
tukeiron: folds 
BoyLoc0: folds 
Uncalled bet ($1.50) returned to z00mba
z00mba collected $2.50 from pot
z00mba: doesn't show hand 
*** SUMMARY ***
Total pot $2.50 | Rake $0 
Seat 6: ivan77769
Seat 1: GuigaMan folded before Flop (didn't bet)
Seat 2: z00mba (button) collected ($2.50)
Seat 3: tukeiron (small blind) folded before Flop
Seat 4: BoyLoc0 (big blind) folded before Flop
Seat 5: Trojanovich folded before Flop (didn't bet)



PokerStars Hand #254502696577:  Hold'em No Limit ($0.50/$1.00 USD) - 2025/01/22 18:40:38 WET [2025/01/22 13:40:38 ET]
Table 'Daedalus IV' 6-max Seat #3 is the button
Seat 6: ivan77769 ($24.75 in chips) is sitting out
Seat 1: GuigaMan ($169.53 in chips) 
Seat 2: z00mba ($101.50 in chips) 
Seat 3: tukeiron ($118.63 in chips) 
Seat 4: BoyLoc0 ($100 in chips) 
Seat 5: Trojanovich ($145.21 in chips) 
BoyLoc0: posts small blind $0.50
Trojanovich: posts big blind $1
*** HOLE CARDS ***
GuigaMan: folds 
z00mba: folds 
tukeiron: folds 
BoyLoc0: raises $2 to $3
Trojanovich: folds 
Uncalled bet ($2) returned to BoyLoc0
BoyLoc0 collected $2 from pot
BoyLoc0: doesn't show hand 
*** SUMMARY ***
Total pot $2 | Rake $0 
Seat 6: ivan77769
Seat 1: GuigaMan folded before Flop (didn't bet)
Seat 2: z00mba folded before Flop (didn't bet)
Seat 3: tukeiron (button) folded before Flop (didn't bet)
Seat 4: BoyLoc0 (small blind) collected ($2)
Seat 5: Trojanovich (big blind) folded before Flop



PokerStars Hand #254502701700:  Hold'em No Limit ($0.50/$1.00 USD) - 2025/01/22 18:40:57 WET [2025/01/22 13:40:57 ET]
Table 'Daedalus IV' 6-max Seat #4 is the button
Seat 6: ivan77769 ($24.75 in chips) is sitting out
Seat 1: GuigaMan ($169.53 in chips) 
Seat 2: z00mba ($101.50 in chips) 
Seat 3: tukeiron ($118.63 in chips) 
Seat 4: BoyLoc0 ($101 in chips) 
Seat 5: Trojanovich ($144.21 in chips) 
Trojanovich: posts small blind $0.50
GuigaMan: posts big blind $1
*** HOLE CARDS ***
z00mba: folds 
tukeiron: folds 
BoyLoc0: folds 
Trojanovich: folds 
Uncalled bet ($0.50) returned to GuigaMan
GuigaMan collected $1 from pot
*** SUMMARY ***
Total pot $1 | Rake $0 
Seat 6: ivan77769
Seat 1: GuigaMan (big blind) collected ($1)
Seat 2: z00mba folded before Flop (didn't bet)
Seat 3: tukeiron folded before Flop (didn't bet)
Seat 4: BoyLoc0 (button) folded before Flop (didn't bet)
Seat 5: Trojanovich (small blind) folded before Flop



PokerStars Hand #254502705984:  Hold'em No Limit ($0.50/$1.00 USD) - 2025/01/22 18:41:12 WET [2025/01/22 13:41:12 ET]
Table 'Daedalus IV' 6-max Seat #5 is the button
Seat 6: ivan77769 ($24.75 in chips) is sitting out
Seat 1: GuigaMan ($170.03 in chips) 
Seat 2: z00mba ($101.50 in chips) 
Seat 3: tukeiron ($118.63 in chips) 
Seat 4: BoyLoc0 ($101 in chips) 
Seat 5: Trojanovich ($143.71 in chips) 
GuigaMan: posts small blind $0.50
z00mba: posts big blind $1
*** HOLE CARDS ***
tukeiron: raises $1.50 to $2.50
BoyLoc0: folds 
Trojanovich: folds 
GuigaMan: folds 
z00mba: folds 
Uncalled bet ($1.50) returned to tukeiron
tukeiron collected $2.50 from pot
*** SUMMARY ***
Total pot $2.50 | Rake $0 
Seat 6: ivan77769
Seat 1: GuigaMan (small blind) folded before Flop
Seat 2: z00mba (big blind) folded before Flop
Seat 3: tukeiron collected ($2.50)
Seat 4: BoyLoc0 folded before Flop (didn't bet)
Seat 5: Trojanovich (button) folded before Flop (didn't bet)



PokerStars Hand #254502711515:  Hold'em No Limit ($0.50/$1.00 USD) - 2025/01/22 18:41:32 WET [2025/01/22 13:41:32 ET]
Table 'Daedalus IV' 6-max Seat #1 is the button
Seat 3: tukeiron ($120.13 in chips) is sitting out
Seat 6: ivan77769 ($24.75 in chips) is sitting out
Seat 1: GuigaMan ($169.53 in chips) 
Seat 2: z00mba ($100.50 in chips) 
Seat 4: BoyLoc0 ($101 in chips) 
Seat 5: Trojanovich ($143.71 in chips) 
z00mba: posts small blind $0.50
tukeiron: is sitting out 
BoyLoc0: posts big blind $1
*** HOLE CARDS ***
Trojanovich: folds 
tukeiron leaves the table
GuigaMan: folds 
z00mba: folds 
Uncalled bet ($0.50) returned to BoyLoc0
BoyLoc0 collected $1 from pot
BoyLoc0: doesn't show hand 
*** SUMMARY ***
Total pot $1 | Rake $0 
Seat 3: tukeiron
Seat 6: ivan77769
Seat 1: GuigaMan (button) folded before Flop (didn't bet)
Seat 2: z00mba (small blind) folded before Flop
Seat 4: BoyLoc0 (big blind) collected ($1)
Seat 5: Trojanovich folded before Flop (didn't bet)



PokerStars Hand #254502713801:  Hold'em No Limit ($0.50/$1.00 USD) - 2025/01/22 18:41:40 WET [2025/01/22 13:41:40 ET]
Table 'Daedalus IV' 6-max Seat #2 is the button
Seat 6: ivan77769 ($24.75 in chips) is sitting out
Seat 1: GuigaMan ($169.53 in chips) 
Seat 2: z00mba ($100 in chips) 
Seat 4: BoyLoc0 ($101.50 in chips) 
Seat 5: Trojanovich ($143.71 in chips) 
BoyLoc0: posts small blind $0.50
Trojanovich: posts big blind $1
*** HOLE CARDS ***
GuigaMan: folds 
z00mba: raises $1.50 to $2.50
BoyLoc0: folds 
Trojanovich: folds 
Uncalled bet ($1.50) returned to z00mba
z00mba collected $2.50 from pot
z00mba: doesn't show hand 
*** SUMMARY ***
Total pot $2.50 | Rake $0 
Seat 6: ivan77769
Seat 1: GuigaMan folded before Flop (didn't bet)
Seat 2: z00mba (button) collected ($2.50)
Seat 4: BoyLoc0 (small blind) folded before Flop
Seat 5: Trojanovich (big blind) folded before Flop



PokerStars Hand #254502719009:  Hold'em No Limit ($0.50/$1.00 USD) - 2025/01/22 18:41:59 WET [2025/01/22 13:41:59 ET]
Table 'Daedalus IV' 6-max Seat #4 is the button
Seat 6: ivan77769 ($24.75 in chips) is sitting out
Seat 1: GuigaMan ($169.53 in chips) 
Seat 2: z00mba ($101.50 in chips) 
Seat 4: BoyLoc0 ($101 in chips) 
Seat 5: Trojanovich ($142.71 in chips) 
Trojanovich: posts small blind $0.50
GuigaMan: posts big blind $1
*** HOLE CARDS ***
z00mba: folds 
BoyLoc0: folds 
Trojanovich: folds 
Uncalled bet ($0.50) returned to GuigaMan
GuigaMan collected $1 from pot
ivan77769 leaves the table
*** SUMMARY ***
Total pot $1 | Rake $0 
Seat 6: ivan77769
Seat 1: GuigaMan (big blind) collected ($1)
Seat 2: z00mba folded before Flop (didn't bet)
Seat 4: BoyLoc0 (button) folded before Flop (didn't bet)
Seat 5: Trojanovich (small blind) folded before Flop



PokerStars Hand #254502721708:  Hold'em No Limit ($0.50/$1.00 USD) - 2025/01/22 18:42:09 WET [2025/01/22 13:42:09 ET]
Table 'Daedalus IV' 6-max Seat #5 is the button
Seat 2: z00mba ($101.50 in chips) is sitting out
Seat 1: GuigaMan ($170.03 in chips) 
Seat 4: BoyLoc0 ($101 in chips) 
Seat 5: Trojanovich ($142.21 in chips) 
GuigaMan: posts small blind $0.50
z00mba: is sitting out 
BoyLoc0: posts big blind $1
*** HOLE CARDS ***
z00mba leaves the table
Trojanovich: raises $1.50 to $2.50
GuigaMan: folds 
BoyLoc0: raises $10.50 to $13
Trojanovich: raises $13.50 to $26.50
BoyLoc0: calls $13.50
*** FLOP *** [Qs 5d 3s]
BoyLoc0: checks 
Trojanovich: bets $13.50
BoyLoc0: calls $13.50
*** TURN *** [Qs 5d 3s] [2h]
BoyLoc0: checks 
Trojanovich: checks 
*** RIVER *** [Qs 5d 3s 2h] [Tc]
BoyLoc0: bets $8
Trojanovich: raises $94.21 to $102.21 and is all-in
BoyLoc0: calls $53 and is all-in
Uncalled bet ($41.21) returned to Trojanovich
*** SHOW DOWN ***
Trojanovich: shows [Qc Ks] (a pair of Queens)
BoyLoc0: shows [Ac As] (a pair of Aces)
BoyLoc0 collected $201.50 from pot
*** SUMMARY ***
Total pot $202.50 | Rake $1 
Board [Qs 5d 3s 2h Tc]
Seat 2: z00mba
Seat 1: GuigaMan (small blind) folded before Flop
Seat 4: BoyLoc0 (big blind) showed [Ac As] and won ($201.50) with a pair of Aces
Seat 5: Trojanovich (button) showed [Qc Ks] and lost with a pair of Queens



PokerStars Hand #254502756332:  Hold'em No Limit ($0.50/$1.00 USD) - 2025/01/22 18:44:13 WET [2025/01/22 13:44:13 ET]
Table 'Daedalus IV' 6-max Seat #1 is the button
Seat 1: GuigaMan ($169.53 in chips) 
Seat 4: BoyLoc0 ($201.50 in chips) 
Seat 5: Trojanovich ($100 in chips) 
BoyLoc0: posts small blind $0.50
Trojanovich: posts big blind $1
*** HOLE CARDS ***
GuigaMan: folds 
BoyLoc0: raises $2 to $3
Trojanovich: raises $6 to $9
BoyLoc0: folds 
Uncalled bet ($6) returned to Trojanovich
Trojanovich collected $6 from pot
Trojanovich: doesn't show hand 
*** SUMMARY ***
Total pot $6 | Rake $0 
Seat 1: GuigaMan (button) folded before Flop (didn't bet)
Seat 4: BoyLoc0 (small blind) folded before Flop
Seat 5: Trojanovich (big blind) collected ($6)



