PokerStars Hand #254494767777:  Hold'em No Limit ($0.50/$1.00 USD) - 2025/01/22 3:40:29 WET [2025/01/21 22:40:29 ET]
Table 'Euporie IV' 6-max Seat #3 is the button
Seat 1: 50CandyJoe ($140.85 in chips) 
Seat 2: GuigaMan ($233.09 in chips) 
Seat 3: shootingGRID ($117.20 in chips) 
Seat 4: BeauParleur ($103.30 in chips) 
Seat 5: df68 ($37.51 in chips) 
Seat 6: p0pa4poker ($114.66 in chips) 
BeauParleur: posts small blind $0.50
df68 is connected 
df68: posts big blind $1
*** HOLE CARDS ***
p0pa4poker: folds 
50CandyJoe: raises $1.20 to $2.20
GuigaMan: folds 
shootingGRID: folds 
BeauParleur: raises $8.80 to $11
df68: calls $10
50CandyJoe: folds 
*** FLOP *** [Ks 5h Qd]
BeauParleur: bets $4.50
df68: raises $4.50 to $9
BeauParleur: calls $4.50
*** TURN *** [Ks 5h Qd] [7s]
BeauParleur: checks 
df68: bets $17.51 and is all-in
BeauParleur: folds 
Uncalled bet ($17.51) returned to df68
df68 collected $40.09 from pot
*** SUMMARY ***
Total pot $42.20 | Rake $2.11 
Board [Ks 5h Qd 7s]
Seat 1: 50CandyJoe folded before Flop
Seat 2: GuigaMan folded before Flop (didn't bet)
Seat 3: shootingGRID (button) folded before Flop (didn't bet)
Seat 4: BeauParleur (small blind) folded on the Turn
Seat 5: df68 (big blind) collected ($40.09)
Seat 6: p0pa4poker folded before Flop (didn't bet)



PokerStars Hand #254494777077:  Hold'em No Limit ($0.50/$1.00 USD) - 2025/01/22 3:41:48 WET [2025/01/21 22:41:48 ET]
Table 'Euporie IV' 6-max Seat #4 is the button
Seat 1: 50CandyJoe ($138.65 in chips) 
Seat 2: GuigaMan ($233.09 in chips) 
Seat 3: shootingGRID ($117.20 in chips) 
Seat 4: BeauParleur ($100 in chips) 
Seat 5: df68 ($57.60 in chips) 
Seat 6: p0pa4poker ($114.66 in chips) 
df68: posts small blind $0.50
p0pa4poker: posts big blind $1
*** HOLE CARDS ***
50CandyJoe: folds 
GuigaMan: folds 
df68 is disconnected 
shootingGRID: folds 
BeauParleur: folds 
df68 has timed out while disconnected
df68: folds 
Uncalled bet ($0.50) returned to p0pa4poker
p0pa4poker collected $1 from pot
p0pa4poker: doesn't show hand 
*** SUMMARY ***
Total pot $1 | Rake $0 
Seat 1: 50CandyJoe folded before Flop (didn't bet)
Seat 2: GuigaMan folded before Flop (didn't bet)
Seat 3: shootingGRID folded before Flop (didn't bet)
Seat 4: BeauParleur (button) folded before Flop (didn't bet)
Seat 5: df68 (small blind) folded before Flop
Seat 6: p0pa4poker (big blind) collected ($1)



PokerStars Hand #254494779971:  Hold'em No Limit ($0.50/$1.00 USD) - 2025/01/22 3:42:12 WET [2025/01/21 22:42:12 ET]
Table 'Euporie IV' 6-max Seat #6 is the button
Seat 5: df68 ($57.10 in chips) is sitting out
Seat 1: 50CandyJoe ($138.65 in chips) 
Seat 2: GuigaMan ($233.09 in chips) 
Seat 3: shootingGRID ($117.20 in chips) 
Seat 4: BeauParleur ($100 in chips) 
Seat 6: p0pa4poker ($115.16 in chips) 
50CandyJoe: posts small blind $0.50
GuigaMan: posts big blind $1
*** HOLE CARDS ***
shootingGRID: folds 
BeauParleur: raises $1.25 to $2.25
p0pa4poker: folds 
50CandyJoe: folds 
GuigaMan: calls $1.25
*** FLOP *** [6c Ah 2h]
GuigaMan: checks 
BeauParleur: checks 
*** TURN *** [6c Ah 2h] [3c]
GuigaMan: checks 
BeauParleur: checks 
*** RIVER *** [6c Ah 2h 3c] [6d]
GuigaMan: checks 
BeauParleur: checks 
*** SHOW DOWN ***
GuigaMan: shows [Kc 9c] (a pair of Sixes)
BeauParleur: shows [Qc Qh] (two pair, Queens and Sixes)
BeauParleur collected $4.75 from pot
*** SUMMARY ***
Total pot $5 | Rake $0.25 
Board [6c Ah 2h 3c 6d]
Seat 5: df68
Seat 1: 50CandyJoe (small blind) folded before Flop
Seat 2: GuigaMan (big blind) showed [Kc 9c] and lost with a pair of Sixes
Seat 3: shootingGRID folded before Flop (didn't bet)
Seat 4: BeauParleur showed [Qc Qh] and won ($4.75) with two pair, Queens and Sixes
Seat 6: p0pa4poker (button) folded before Flop (didn't bet)



PokerStars Hand #254494785102:  Hold'em No Limit ($0.50/$1.00 USD) - 2025/01/22 3:42:56 WET [2025/01/21 22:42:56 ET]
Table 'Euporie IV' 6-max Seat #1 is the button
Seat 1: 50CandyJoe ($138.15 in chips) 
Seat 2: GuigaMan ($230.84 in chips) 
Seat 3: shootingGRID ($117.20 in chips) 
Seat 4: BeauParleur ($102.50 in chips) 
Seat 5: df68 ($57.10 in chips) 
Seat 6: p0pa4poker ($115.16 in chips) 
GuigaMan: posts small blind $0.50
shootingGRID: posts big blind $1
*** HOLE CARDS ***
BeauParleur: folds 
df68: calls $1
p0pa4poker: folds 
50CandyJoe: folds 
GuigaMan: folds 
shootingGRID: checks 
*** FLOP *** [9d Jh Js]
shootingGRID: checks 
df68: bets $1.19
shootingGRID: folds 
Uncalled bet ($1.19) returned to df68
df68 collected $2.38 from pot
*** SUMMARY ***
Total pot $2.50 | Rake $0.12 
Board [9d Jh Js]
Seat 1: 50CandyJoe (button) folded before Flop (didn't bet)
Seat 2: GuigaMan (small blind) folded before Flop
Seat 3: shootingGRID (big blind) folded on the Flop
Seat 4: BeauParleur folded before Flop (didn't bet)
Seat 5: df68 collected ($2.38)
Seat 6: p0pa4poker folded before Flop (didn't bet)



PokerStars Hand #254494791423:  Hold'em No Limit ($0.50/$1.00 USD) - 2025/01/22 3:43:51 WET [2025/01/21 22:43:51 ET]
Table 'Euporie IV' 6-max Seat #2 is the button
Seat 1: 50CandyJoe ($138.15 in chips) 
Seat 2: GuigaMan ($230.34 in chips) 
Seat 3: shootingGRID ($116.20 in chips) 
Seat 4: BeauParleur ($102.50 in chips) 
Seat 5: df68 ($58.48 in chips) 
Seat 6: p0pa4poker ($115.16 in chips) 
shootingGRID: posts small blind $0.50
BeauParleur: posts big blind $1
*** HOLE CARDS ***
df68: folds 
p0pa4poker: folds 
50CandyJoe: folds 
GuigaMan: folds 
shootingGRID: folds 
Uncalled bet ($0.50) returned to BeauParleur
BeauParleur collected $1 from pot
BeauParleur: doesn't show hand 
*** SUMMARY ***
Total pot $1 | Rake $0 
Seat 1: 50CandyJoe folded before Flop (didn't bet)
Seat 2: GuigaMan (button) folded before Flop (didn't bet)
Seat 3: shootingGRID (small blind) folded before Flop
Seat 4: BeauParleur (big blind) collected ($1)
Seat 5: df68 folded before Flop (didn't bet)
Seat 6: p0pa4poker folded before Flop (didn't bet)



PokerStars Hand #254494793162:  Hold'em No Limit ($0.50/$1.00 USD) - 2025/01/22 3:44:06 WET [2025/01/21 22:44:06 ET]
Table 'Euporie IV' 6-max Seat #3 is the button
Seat 1: 50CandyJoe ($138.15 in chips) 
Seat 2: GuigaMan ($230.34 in chips) 
Seat 3: shootingGRID ($115.70 in chips) 
Seat 4: BeauParleur ($103 in chips) 
Seat 5: df68 ($58.48 in chips) 
Seat 6: p0pa4poker ($115.16 in chips) 
BeauParleur: posts small blind $0.50
df68: posts big blind $1
*** HOLE CARDS ***
p0pa4poker: folds 
p0pa4poker leaves the table
50CandyJoe: folds 
GuigaMan: folds 
shootingGRID: raises $1.50 to $2.50
BeauParleur: folds 
df68: calls $1.50
*** FLOP *** [Ah 9c 7c]
df68: checks 
shootingGRID: checks 
*** TURN *** [Ah 9c 7c] [Ks]
df68: bets $2.61
uuzka joins the table at seat #6 
shootingGRID: folds 
Uncalled bet ($2.61) returned to df68
df68 collected $5.22 from pot
*** SUMMARY ***
Total pot $5.50 | Rake $0.28 
Board [Ah 9c 7c Ks]
Seat 1: 50CandyJoe folded before Flop (didn't bet)
Seat 2: GuigaMan folded before Flop (didn't bet)
Seat 3: shootingGRID (button) folded on the Turn
Seat 4: BeauParleur (small blind) folded before Flop
Seat 5: df68 (big blind) collected ($5.22)
Seat 6: p0pa4poker folded before Flop (didn't bet)



PokerStars Hand #254494800659:  Hold'em No Limit ($0.50/$1.00 USD) - 2025/01/22 3:45:11 WET [2025/01/21 22:45:11 ET]
Table 'Euporie IV' 6-max Seat #4 is the button
Seat 1: 50CandyJoe ($138.15 in chips) 
Seat 2: GuigaMan ($230.34 in chips) 
Seat 3: shootingGRID ($113.20 in chips) 
Seat 4: BeauParleur ($102.50 in chips) 
Seat 5: df68 ($61.20 in chips) 
Seat 6: uuzka ($100 in chips) 
df68: posts small blind $0.50
uuzka: posts big blind $1
*** HOLE CARDS ***
50CandyJoe: folds 
GuigaMan: folds 
shootingGRID: folds 
BeauParleur: folds 
df68: folds 
Uncalled bet ($0.50) returned to uuzka
uuzka collected $1 from pot
uuzka: doesn't show hand 
*** SUMMARY ***
Total pot $1 | Rake $0 
Seat 1: 50CandyJoe folded before Flop (didn't bet)
Seat 2: GuigaMan folded before Flop (didn't bet)
Seat 3: shootingGRID folded before Flop (didn't bet)
Seat 4: BeauParleur (button) folded before Flop (didn't bet)
Seat 5: df68 (small blind) folded before Flop
Seat 6: uuzka (big blind) collected ($1)



PokerStars Hand #254494803315:  Hold'em No Limit ($0.50/$1.00 USD) - 2025/01/22 3:45:34 WET [2025/01/21 22:45:34 ET]
Table 'Euporie IV' 6-max Seat #5 is the button
Seat 1: 50CandyJoe ($138.15 in chips) 
Seat 2: GuigaMan ($230.34 in chips) 
Seat 3: shootingGRID ($113.20 in chips) 
Seat 4: BeauParleur ($102.50 in chips) 
Seat 5: df68 ($60.70 in chips) 
Seat 6: uuzka ($100.50 in chips) 
uuzka: posts small blind $0.50
50CandyJoe: posts big blind $1
*** HOLE CARDS ***
GuigaMan: folds 
shootingGRID: raises $1.25 to $2.25
BeauParleur: folds 
df68: calls $2.25
uuzka: folds 
50CandyJoe: calls $1.25
*** FLOP *** [Kd Ac Qh]
50CandyJoe: checks 
shootingGRID: checks 
df68: checks 
*** TURN *** [Kd Ac Qh] [5h]
50CandyJoe: checks 
shootingGRID: checks 
df68: checks 
*** RIVER *** [Kd Ac Qh 5h] [5c]
50CandyJoe: checks 
shootingGRID: checks 
df68: bets $3.45
50CandyJoe: folds 
shootingGRID: calls $3.45
*** SHOW DOWN ***
df68: shows [8h 7d] (a pair of Fives)
shootingGRID: shows [Jh Jc] (two pair, Jacks and Fives)
shootingGRID collected $13.44 from pot
*** SUMMARY ***
Total pot $14.15 | Rake $0.71 
Board [Kd Ac Qh 5h 5c]
Seat 1: 50CandyJoe (big blind) folded on the River
Seat 2: GuigaMan folded before Flop (didn't bet)
Seat 3: shootingGRID showed [Jh Jc] and won ($13.44) with two pair, Jacks and Fives
Seat 4: BeauParleur folded before Flop (didn't bet)
Seat 5: df68 (button) showed [8h 7d] and lost with a pair of Fives
Seat 6: uuzka (small blind) folded before Flop



PokerStars Hand #254494815470:  Hold'em No Limit ($0.50/$1.00 USD) - 2025/01/22 3:47:20 WET [2025/01/21 22:47:20 ET]
Table 'Euporie IV' 6-max Seat #6 is the button
Seat 1: 50CandyJoe ($135.90 in chips) 
Seat 2: GuigaMan ($230.34 in chips) 
Seat 3: shootingGRID ($120.94 in chips) 
Seat 4: BeauParleur ($102.50 in chips) 
Seat 5: df68 ($55 in chips) 
Seat 6: uuzka ($100 in chips) 
50CandyJoe: posts small blind $0.50
GuigaMan: posts big blind $1
*** HOLE CARDS ***
shootingGRID: folds 
BeauParleur: folds 
df68: calls $1
uuzka: folds 
50CandyJoe: folds 
GuigaMan: checks 
*** FLOP *** [3s As Kc]
GuigaMan: checks 
df68: checks 
*** TURN *** [3s As Kc] [9h]
GuigaMan: checks 
df68: checks 
*** RIVER *** [3s As Kc 9h] [5c]
GuigaMan: checks 
df68: checks 
*** SHOW DOWN ***
GuigaMan: shows [4s Qd] (high card Ace)
df68: mucks hand 
GuigaMan collected $2.38 from pot
*** SUMMARY ***
Total pot $2.50 | Rake $0.12 
Board [3s As Kc 9h 5c]
Seat 1: 50CandyJoe (small blind) folded before Flop
Seat 2: GuigaMan (big blind) showed [4s Qd] and won ($2.38) with high card Ace
Seat 3: shootingGRID folded before Flop (didn't bet)
Seat 4: BeauParleur folded before Flop (didn't bet)
Seat 5: df68 mucked
Seat 6: uuzka (button) folded before Flop (didn't bet)



PokerStars Hand #254494818374:  Hold'em No Limit ($0.50/$1.00 USD) - 2025/01/22 3:47:46 WET [2025/01/21 22:47:46 ET]
Table 'Euporie IV' 6-max Seat #1 is the button
Seat 1: 50CandyJoe ($135.40 in chips) 
Seat 2: GuigaMan ($231.72 in chips) 
Seat 3: shootingGRID ($120.94 in chips) 
Seat 4: BeauParleur ($102.50 in chips) 
Seat 5: df68 ($54 in chips) 
Seat 6: uuzka ($100 in chips) 
GuigaMan: posts small blind $0.50
shootingGRID: posts big blind $1
*** HOLE CARDS ***
BeauParleur: folds 
df68: calls $1
uuzka: folds 
50CandyJoe: folds 
GuigaMan: calls $0.50
shootingGRID: checks 
*** FLOP *** [5s 9d Qs]
GuigaMan: checks 
shootingGRID: bets $1.88
df68: calls $1.88
GuigaMan: folds 
*** TURN *** [5s 9d Qs] [8h]
shootingGRID: checks 
df68: bets $3.21
shootingGRID: calls $3.21
*** RIVER *** [5s 9d Qs 8h] [Qd]
shootingGRID: checks 
df68: bets $12.52
shootingGRID: calls $12.52
*** SHOW DOWN ***
df68: shows [7s 6h] (a straight, Five to Nine)
shootingGRID: mucks hand 
df68 collected $36.31 from pot
*** SUMMARY ***
Total pot $38.22 | Rake $1.91 
Board [5s 9d Qs 8h Qd]
Seat 1: 50CandyJoe (button) folded before Flop (didn't bet)
Seat 2: GuigaMan (small blind) folded on the Flop
Seat 3: shootingGRID (big blind) mucked
Seat 4: BeauParleur folded before Flop (didn't bet)
Seat 5: df68 showed [7s 6h] and won ($36.31) with a straight, Five to Nine
Seat 6: uuzka folded before Flop (didn't bet)



PokerStars Hand #254494826486:  Hold'em No Limit ($0.50/$1.00 USD) - 2025/01/22 3:48:57 WET [2025/01/21 22:48:57 ET]
Table 'Euporie IV' 6-max Seat #2 is the button
Seat 1: 50CandyJoe ($135.40 in chips) 
Seat 2: GuigaMan ($230.72 in chips) 
Seat 3: shootingGRID ($102.33 in chips) 
Seat 4: BeauParleur ($102.50 in chips) 
Seat 5: df68 ($71.70 in chips) 
Seat 6: uuzka ($100 in chips) 
shootingGRID: posts small blind $0.50
BeauParleur: posts big blind $1
*** HOLE CARDS ***
df68: calls $1
uuzka: folds 
50CandyJoe: folds 
GuigaMan: folds 
shootingGRID: raises $4 to $5
BeauParleur: folds 
df68: calls $4
*** FLOP *** [Kd Qh 5c]
shootingGRID: checks 
df68: bets $3.23
shootingGRID: folds 
Uncalled bet ($3.23) returned to df68
df68 collected $10.45 from pot
*** SUMMARY ***
Total pot $11 | Rake $0.55 
Board [Kd Qh 5c]
Seat 1: 50CandyJoe folded before Flop (didn't bet)
Seat 2: GuigaMan (button) folded before Flop (didn't bet)
Seat 3: shootingGRID (small blind) folded on the Flop
Seat 4: BeauParleur (big blind) folded before Flop
Seat 5: df68 collected ($10.45)
Seat 6: uuzka folded before Flop (didn't bet)



PokerStars Hand #254494834362:  Hold'em No Limit ($0.50/$1.00 USD) - 2025/01/22 3:50:07 WET [2025/01/21 22:50:07 ET]
Table 'Euporie IV' 6-max Seat #3 is the button
Seat 1: 50CandyJoe ($135.40 in chips) 
Seat 2: GuigaMan ($230.72 in chips) 
Seat 3: shootingGRID ($100 in chips) 
Seat 4: BeauParleur ($101.50 in chips) 
Seat 5: df68 ($77.15 in chips) 
Seat 6: uuzka ($100 in chips) 
BeauParleur: posts small blind $0.50
df68: posts big blind $1
*** HOLE CARDS ***
uuzka: folds 
50CandyJoe: folds 
GuigaMan: folds 
shootingGRID: folds 
BeauParleur: folds 
Uncalled bet ($0.50) returned to df68
df68 collected $1 from pot
*** SUMMARY ***
Total pot $1 | Rake $0 
Seat 1: 50CandyJoe folded before Flop (didn't bet)
Seat 2: GuigaMan folded before Flop (didn't bet)
Seat 3: shootingGRID (button) folded before Flop (didn't bet)
Seat 4: BeauParleur (small blind) folded before Flop
Seat 5: df68 (big blind) collected ($1)
Seat 6: uuzka folded before Flop (didn't bet)



PokerStars Hand #254494835776:  Hold'em No Limit ($0.50/$1.00 USD) - 2025/01/22 3:50:20 WET [2025/01/21 22:50:20 ET]
Table 'Euporie IV' 6-max Seat #4 is the button
Seat 1: 50CandyJoe ($135.40 in chips) 
Seat 2: GuigaMan ($230.72 in chips) 
Seat 3: shootingGRID ($100 in chips) 
Seat 4: BeauParleur ($101 in chips) 
Seat 5: df68 ($77.65 in chips) 
Seat 6: uuzka ($100 in chips) 
df68: posts small blind $0.50
uuzka: posts big blind $1
*** HOLE CARDS ***
50CandyJoe: folds 
GuigaMan: folds 
shootingGRID: raises $1.25 to $2.25
BeauParleur: folds 
df68: calls $1.75
uuzka: folds 
*** FLOP *** [6c 5c Qc]
df68: bets $2.61
shootingGRID: calls $2.61
*** TURN *** [6c 5c Qc] [7s]
df68: checks 
shootingGRID: checks 
*** RIVER *** [6c 5c Qc 7s] [Kh]
df68: checks 
shootingGRID: checks 
*** SHOW DOWN ***
df68: shows [3c 3d] (a pair of Threes)
shootingGRID: shows [5h 8h] (a pair of Fives)
shootingGRID collected $10.18 from pot
*** SUMMARY ***
Total pot $10.72 | Rake $0.54 
Board [6c 5c Qc 7s Kh]
Seat 1: 50CandyJoe folded before Flop (didn't bet)
Seat 2: GuigaMan folded before Flop (didn't bet)
Seat 3: shootingGRID showed [5h 8h] and won ($10.18) with a pair of Fives
Seat 4: BeauParleur (button) folded before Flop (didn't bet)
Seat 5: df68 (small blind) showed [3c 3d] and lost with a pair of Threes
Seat 6: uuzka (big blind) folded before Flop



PokerStars Hand #254494839920:  Hold'em No Limit ($0.50/$1.00 USD) - 2025/01/22 3:50:58 WET [2025/01/21 22:50:58 ET]
Table 'Euporie IV' 6-max Seat #5 is the button
Seat 1: 50CandyJoe ($135.40 in chips) 
Seat 2: GuigaMan ($230.72 in chips) 
Seat 3: shootingGRID ($105.32 in chips) 
Seat 4: BeauParleur ($101 in chips) 
Seat 5: df68 ($72.79 in chips) 
Seat 6: uuzka ($100 in chips) 
uuzka: posts small blind $0.50
50CandyJoe: posts big blind $1
*** HOLE CARDS ***
GuigaMan: folds 
shootingGRID: raises $1.25 to $2.25
BeauParleur: folds 
df68: calls $2.25
uuzka: folds 
50CandyJoe: folds 
*** FLOP *** [4s 5s 2c]
shootingGRID: bets $3.85
df68: folds 
Uncalled bet ($3.85) returned to shootingGRID
shootingGRID collected $5.70 from pot
*** SUMMARY ***
Total pot $6 | Rake $0.30 
Board [4s 5s 2c]
Seat 1: 50CandyJoe (big blind) folded before Flop
Seat 2: GuigaMan folded before Flop (didn't bet)
Seat 3: shootingGRID collected ($5.70)
Seat 4: BeauParleur folded before Flop (didn't bet)
Seat 5: df68 (button) folded on the Flop
Seat 6: uuzka (small blind) folded before Flop



PokerStars Hand #254494843386:  Hold'em No Limit ($0.50/$1.00 USD) - 2025/01/22 3:51:29 WET [2025/01/21 22:51:29 ET]
Table 'Euporie IV' 6-max Seat #6 is the button
Seat 1: 50CandyJoe ($134.40 in chips) 
Seat 2: GuigaMan ($230.72 in chips) 
Seat 3: shootingGRID ($108.77 in chips) 
Seat 4: BeauParleur ($101 in chips) 
Seat 5: df68 ($70.54 in chips) 
Seat 6: uuzka ($100 in chips) 
50CandyJoe: posts small blind $0.50
GuigaMan: posts big blind $1
*** HOLE CARDS ***
shootingGRID: folds 
BeauParleur: folds 
df68: folds 
uuzka: raises $1.50 to $2.50
50CandyJoe: folds 
GuigaMan: folds 
Uncalled bet ($1.50) returned to uuzka
uuzka collected $2.50 from pot
uuzka: doesn't show hand 
*** SUMMARY ***
Total pot $2.50 | Rake $0 
Seat 1: 50CandyJoe (small blind) folded before Flop
Seat 2: GuigaMan (big blind) folded before Flop
Seat 3: shootingGRID folded before Flop (didn't bet)
Seat 4: BeauParleur folded before Flop (didn't bet)
Seat 5: df68 folded before Flop (didn't bet)
Seat 6: uuzka (button) collected ($2.50)



PokerStars Hand #254494848333:  Hold'em No Limit ($0.50/$1.00 USD) - 2025/01/22 3:52:13 WET [2025/01/21 22:52:13 ET]
Table 'Euporie IV' 6-max Seat #1 is the button
Seat 1: 50CandyJoe ($133.90 in chips) 
Seat 2: GuigaMan ($229.72 in chips) 
Seat 3: shootingGRID ($108.77 in chips) 
Seat 4: BeauParleur ($101 in chips) 
Seat 5: df68 ($70.54 in chips) 
Seat 6: uuzka ($101.50 in chips) 
GuigaMan: posts small blind $0.50
shootingGRID: posts big blind $1
*** HOLE CARDS ***
BeauParleur: raises $1 to $2
df68: calls $2
uuzka: folds 
50CandyJoe: calls $2
GuigaMan: folds 
shootingGRID: calls $1
*** FLOP *** [Jh 8d Jc]
shootingGRID: checks 
BeauParleur: checks 
df68: checks 
50CandyJoe: checks 
*** TURN *** [Jh 8d Jc] [6h]
shootingGRID: bets $5.04
BeauParleur: folds 
df68: folds 
50CandyJoe: calls $5.04
*** RIVER *** [Jh 8d Jc 6h] [Ah]
shootingGRID: bets $13.24
50CandyJoe: calls $13.24
*** SHOW DOWN ***
shootingGRID: shows [3h 4h] (a flush, Ace high)
50CandyJoe: mucks hand 
shootingGRID collected $42.81 from pot
*** SUMMARY ***
Total pot $45.06 | Rake $2.25 
Board [Jh 8d Jc 6h Ah]
Seat 1: 50CandyJoe (button) mucked
Seat 2: GuigaMan (small blind) folded before Flop
Seat 3: shootingGRID (big blind) showed [3h 4h] and won ($42.81) with a flush, Ace high
Seat 4: BeauParleur folded on the Turn
Seat 5: df68 folded on the Turn
Seat 6: uuzka folded before Flop (didn't bet)



PokerStars Hand #254494855257:  Hold'em No Limit ($0.50/$1.00 USD) - 2025/01/22 3:53:15 WET [2025/01/21 22:53:15 ET]
Table 'Euporie IV' 6-max Seat #2 is the button
Seat 1: 50CandyJoe ($113.62 in chips) 
Seat 2: GuigaMan ($229.22 in chips) 
Seat 3: shootingGRID ($131.30 in chips) 
Seat 4: BeauParleur ($100 in chips) 
Seat 5: df68 ($68.54 in chips) 
Seat 6: uuzka ($101.50 in chips) 
shootingGRID: posts small blind $0.50
BeauParleur: posts big blind $1
*** HOLE CARDS ***
df68: calls $1
uuzka: raises $3 to $4
50CandyJoe: raises $8 to $12
GuigaMan: folds 
shootingGRID: folds 
BeauParleur: folds 
df68: folds 
uuzka: folds 
Uncalled bet ($8) returned to 50CandyJoe
50CandyJoe collected $10.50 from pot
50CandyJoe: doesn't show hand 
*** SUMMARY ***
Total pot $10.50 | Rake $0 
Seat 1: 50CandyJoe collected ($10.50)
Seat 2: GuigaMan (button) folded before Flop (didn't bet)
Seat 3: shootingGRID (small blind) folded before Flop
Seat 4: BeauParleur (big blind) folded before Flop
Seat 5: df68 folded before Flop
Seat 6: uuzka folded before Flop



PokerStars Hand #254494857951:  Hold'em No Limit ($0.50/$1.00 USD) - 2025/01/22 3:53:40 WET [2025/01/21 22:53:40 ET]
Table 'Euporie IV' 6-max Seat #3 is the button
Seat 1: 50CandyJoe ($120.12 in chips) 
Seat 2: GuigaMan ($229.22 in chips) 
Seat 3: shootingGRID ($130.80 in chips) 
Seat 4: BeauParleur ($100 in chips) 
Seat 5: df68 ($67.54 in chips) 
Seat 6: uuzka ($100 in chips) 
BeauParleur: posts small blind $0.50
df68: posts big blind $1
*** HOLE CARDS ***
uuzka: folds 
50CandyJoe: folds 
GuigaMan: folds 
shootingGRID: raises $1.50 to $2.50
BeauParleur: folds 
df68: folds 
Uncalled bet ($1.50) returned to shootingGRID
shootingGRID collected $2.50 from pot
*** SUMMARY ***
Total pot $2.50 | Rake $0 
Seat 1: 50CandyJoe folded before Flop (didn't bet)
Seat 2: GuigaMan folded before Flop (didn't bet)
Seat 3: shootingGRID (button) collected ($2.50)
Seat 4: BeauParleur (small blind) folded before Flop
Seat 5: df68 (big blind) folded before Flop
Seat 6: uuzka folded before Flop (didn't bet)



PokerStars Hand #254494860407:  Hold'em No Limit ($0.50/$1.00 USD) - 2025/01/22 3:54:02 WET [2025/01/21 22:54:02 ET]
Table 'Euporie IV' 6-max Seat #4 is the button
Seat 1: 50CandyJoe ($120.12 in chips) 
Seat 2: GuigaMan ($229.22 in chips) 
Seat 3: shootingGRID ($132.30 in chips) 
Seat 4: BeauParleur ($100 in chips) 
Seat 5: df68 ($66.54 in chips) 
Seat 6: uuzka ($100 in chips) 
df68: posts small blind $0.50
uuzka: posts big blind $1
*** HOLE CARDS ***
50CandyJoe: folds 
GuigaMan: raises $1.20 to $2.20
shootingGRID: folds 
BeauParleur: folds 
df68: calls $1.70
uuzka: folds 
*** FLOP *** [9s Kd As]
df68: bets $2.57
GuigaMan: raises $7.43 to $10
df68: calls $7.43
*** TURN *** [9s Kd As] [6s]
df68: checks 
GuigaMan: bets $7.24
df68: calls $7.24
*** RIVER *** [9s Kd As 6s] [2d]
df68: checks 
GuigaMan: checks 
*** SHOW DOWN ***
df68: shows [Jh Qd] (high card Ace)
GuigaMan: shows [Kc Jd] (a pair of Kings)
GuigaMan collected $37.89 from pot
*** SUMMARY ***
Total pot $39.88 | Rake $1.99 
Board [9s Kd As 6s 2d]
Seat 1: 50CandyJoe folded before Flop (didn't bet)
Seat 2: GuigaMan showed [Kc Jd] and won ($37.89) with a pair of Kings
Seat 3: shootingGRID folded before Flop (didn't bet)
Seat 4: BeauParleur (button) folded before Flop (didn't bet)
Seat 5: df68 (small blind) showed [Jh Qd] and lost with high card Ace
Seat 6: uuzka (big blind) folded before Flop



PokerStars Hand #254494865428:  Hold'em No Limit ($0.50/$1.00 USD) - 2025/01/22 3:54:47 WET [2025/01/21 22:54:47 ET]
Table 'Euporie IV' 6-max Seat #5 is the button
Seat 1: 50CandyJoe ($120.12 in chips) 
Seat 2: GuigaMan ($247.67 in chips) 
Seat 3: shootingGRID ($132.30 in chips) 
Seat 4: BeauParleur ($100 in chips) 
Seat 5: df68 ($47.10 in chips) 
Seat 6: uuzka ($100 in chips) 
uuzka: posts small blind $0.50
50CandyJoe: posts big blind $1
*** HOLE CARDS ***
GuigaMan: folds 
shootingGRID: folds 
BeauParleur: folds 
df68: calls $1
uuzka: folds 
50CandyJoe: checks 
*** FLOP *** [4h 3h 7s]
50CandyJoe: checks 
df68: bets $1.19
50CandyJoe: calls $1.19
*** TURN *** [4h 3h 7s] [Qs]
50CandyJoe: checks 
df68: checks 
*** RIVER *** [4h 3h 7s Qs] [4d]
50CandyJoe: bets $4.64
df68: folds 
Uncalled bet ($4.64) returned to 50CandyJoe
50CandyJoe collected $4.64 from pot
50CandyJoe: doesn't show hand 
*** SUMMARY ***
Total pot $4.88 | Rake $0.24 
Board [4h 3h 7s Qs 4d]
Seat 1: 50CandyJoe (big blind) collected ($4.64)
Seat 2: GuigaMan folded before Flop (didn't bet)
Seat 3: shootingGRID folded before Flop (didn't bet)
Seat 4: BeauParleur folded before Flop (didn't bet)
Seat 5: df68 (button) folded on the River
Seat 6: uuzka (small blind) folded before Flop



PokerStars Hand #254494873023:  Hold'em No Limit ($0.50/$1.00 USD) - 2025/01/22 3:56:05 WET [2025/01/21 22:56:05 ET]
Table 'Euporie IV' 6-max Seat #6 is the button
Seat 1: 50CandyJoe ($122.57 in chips) 
Seat 2: GuigaMan ($247.67 in chips) 
Seat 3: shootingGRID ($132.30 in chips) 
Seat 4: BeauParleur ($100 in chips) 
Seat 5: df68 ($44.91 in chips) 
Seat 6: uuzka ($100 in chips) 
50CandyJoe: posts small blind $0.50
GuigaMan: posts big blind $1
*** HOLE CARDS ***
shootingGRID: folds 
BeauParleur: folds 
df68: calls $1
uuzka: raises $3 to $4
50CandyJoe: raises $10 to $14
GuigaMan: folds 
df68: calls $13
uuzka: folds 
*** FLOP *** [2c 2d Kc]
50CandyJoe: bets $3.14
df68: raises $10.82 to $13.96
50CandyJoe: raises $80.01 to $93.97
df68: folds 
Uncalled bet ($80.01) returned to 50CandyJoe
50CandyJoe collected $58.42 from pot
50CandyJoe: doesn't show hand 
*** SUMMARY ***
Total pot $60.92 | Rake $2.50 
Board [2c 2d Kc]
Seat 1: 50CandyJoe (small blind) collected ($58.42)
Seat 2: GuigaMan (big blind) folded before Flop
Seat 3: shootingGRID folded before Flop (didn't bet)
Seat 4: BeauParleur folded before Flop (didn't bet)
Seat 5: df68 folded on the Flop
Seat 6: uuzka (button) folded before Flop



PokerStars Hand #254494881268:  Hold'em No Limit ($0.50/$1.00 USD) - 2025/01/22 3:57:38 WET [2025/01/21 22:57:38 ET]
Table 'Euporie IV' 6-max Seat #1 is the button
Seat 1: 50CandyJoe ($153.03 in chips) 
Seat 2: GuigaMan ($246.67 in chips) 
Seat 3: shootingGRID ($132.30 in chips) 
Seat 4: BeauParleur ($100 in chips) 
Seat 5: df68 ($16.95 in chips) 
Seat 6: uuzka ($100 in chips) 
GuigaMan: posts small blind $0.50
shootingGRID: posts big blind $1
*** HOLE CARDS ***
BeauParleur: folds 
df68: calls $1
uuzka: folds 
50CandyJoe: folds 
GuigaMan: folds 
shootingGRID: checks 
*** FLOP *** [Ad 8s Qc]
shootingGRID: checks 
df68: bets $1
shootingGRID: calls $1
*** TURN *** [Ad 8s Qc] [9s]
shootingGRID: checks 
df68: bets $2.14
shootingGRID: folds 
Uncalled bet ($2.14) returned to df68
df68 collected $4.28 from pot
*** SUMMARY ***
Total pot $4.50 | Rake $0.22 
Board [Ad 8s Qc 9s]
Seat 1: 50CandyJoe (button) folded before Flop (didn't bet)
Seat 2: GuigaMan (small blind) folded before Flop
Seat 3: shootingGRID (big blind) folded on the Turn
Seat 4: BeauParleur folded before Flop (didn't bet)
Seat 5: df68 collected ($4.28)
Seat 6: uuzka folded before Flop (didn't bet)



PokerStars Hand #254494902813:  Hold'em No Limit ($0.50/$1.00 USD) - 2025/01/22 4:01:29 WET [2025/01/21 23:01:29 ET]
Table 'Euporie IV' 6-max Seat #5 is the button
Seat 1: 50CandyJoe ($159.12 in chips) 
Seat 2: GuigaMan ($246.17 in chips) 
Seat 3: shootingGRID ($127.30 in chips) 
Seat 4: BeauParleur ($100 in chips) 
Seat 5: df68 ($14.83 in chips) 
Seat 6: uuzka ($101.14 in chips) 
uuzka: posts small blind $0.50
50CandyJoe: posts big blind $1
*** HOLE CARDS ***
GuigaMan: folds 
shootingGRID: raises $1.25 to $2.25
BeauParleur: folds 
df68: folds 
uuzka: folds 
50CandyJoe: folds 
Uncalled bet ($1.25) returned to shootingGRID
shootingGRID collected $2.50 from pot
*** SUMMARY ***
Total pot $2.50 | Rake $0 
Seat 1: 50CandyJoe (big blind) folded before Flop
Seat 2: GuigaMan folded before Flop (didn't bet)
Seat 3: shootingGRID collected ($2.50)
Seat 4: BeauParleur folded before Flop (didn't bet)
Seat 5: df68 (button) folded before Flop (didn't bet)
Seat 6: uuzka (small blind) folded before Flop



PokerStars Hand #254495031326:  Hold'em No Limit ($0.50/$1.00 USD) - 2025/01/22 4:22:19 WET [2025/01/21 23:22:19 ET]
Table 'Euporie IV' 6-max Seat #2 is the button
Seat 5: df68 ($0 in chips) is sitting out
Seat 1: vezis3 ($136.10 in chips) 
Seat 2: GuigaMan ($106.22 in chips) 
Seat 3: Aleqseuka ($100 in chips) 
Seat 4: BeauParleur ($323.53 in chips) 
Seat 6: uuzka ($100 in chips) 
Aleqseuka: posts small blind $0.50
BeauParleur: posts big blind $1
*** HOLE CARDS ***
uuzka: raises $1.20 to $2.20
vezis3: folds 
GuigaMan: folds 
Aleqseuka: raises $7.80 to $10
BeauParleur: folds 
uuzka: folds 
Uncalled bet ($7.80) returned to Aleqseuka
Aleqseuka collected $5.40 from pot
Aleqseuka: doesn't show hand 
*** SUMMARY ***
Total pot $5.40 | Rake $0 
Seat 5: df68
Seat 1: vezis3 folded before Flop (didn't bet)
Seat 2: GuigaMan (button) folded before Flop (didn't bet)
Seat 3: Aleqseuka (small blind) collected ($5.40)
Seat 4: BeauParleur (big blind) folded before Flop
Seat 6: uuzka folded before Flop



PokerStars Hand #254495035810:  Hold'em No Limit ($0.50/$1.00 USD) - 2025/01/22 4:23:04 WET [2025/01/21 23:23:04 ET]
Table 'Euporie IV' 6-max Seat #3 is the button
Seat 5: df68 ($0 in chips) is sitting out
Seat 1: vezis3 ($136.10 in chips) 
Seat 2: GuigaMan ($106.22 in chips) 
Seat 3: Aleqseuka ($103.20 in chips) 
Seat 4: BeauParleur ($322.53 in chips) 
Seat 6: uuzka ($100 in chips) 
BeauParleur: posts small blind $0.50
uuzka: posts big blind $1
*** HOLE CARDS ***
vezis3: folds 
GuigaMan: raises $1.50 to $2.50
Aleqseuka: folds 
BeauParleur: folds 
uuzka: folds 
Uncalled bet ($1.50) returned to GuigaMan
GuigaMan collected $2.50 from pot
*** SUMMARY ***
Total pot $2.50 | Rake $0 
Seat 5: df68
Seat 1: vezis3 folded before Flop (didn't bet)
Seat 2: GuigaMan collected ($2.50)
Seat 3: Aleqseuka (button) folded before Flop (didn't bet)
Seat 4: BeauParleur (small blind) folded before Flop
Seat 6: uuzka (big blind) folded before Flop



PokerStars Hand #254495037071:  Hold'em No Limit ($0.50/$1.00 USD) - 2025/01/22 4:23:17 WET [2025/01/21 23:23:17 ET]
Table 'Euporie IV' 6-max Seat #4 is the button
Seat 5: df68 ($0 in chips) is sitting out
Seat 1: vezis3 ($136.10 in chips) 
Seat 2: GuigaMan ($107.72 in chips) 
Seat 3: Aleqseuka ($103.20 in chips) 
Seat 4: BeauParleur ($322.03 in chips) 
Seat 6: uuzka ($100 in chips) 
uuzka: posts small blind $0.50
vezis3: posts big blind $1
*** HOLE CARDS ***
GuigaMan: folds 
Aleqseuka: folds 
BeauParleur: folds 
uuzka: raises $1.77 to $2.77
vezis3: folds 
Uncalled bet ($1.77) returned to uuzka
uuzka collected $2 from pot
uuzka: doesn't show hand 
*** SUMMARY ***
Total pot $2 | Rake $0 
Seat 5: df68
Seat 1: vezis3 (big blind) folded before Flop
Seat 2: GuigaMan folded before Flop (didn't bet)
Seat 3: Aleqseuka folded before Flop (didn't bet)
Seat 4: BeauParleur (button) folded before Flop (didn't bet)
Seat 6: uuzka (small blind) collected ($2)



PokerStars Hand #254495039233:  Hold'em No Limit ($0.50/$1.00 USD) - 2025/01/22 4:23:39 WET [2025/01/21 23:23:39 ET]
Table 'Euporie IV' 6-max Seat #6 is the button
Seat 5: df68 ($0 in chips) is sitting out
Seat 1: vezis3 ($135.10 in chips) 
Seat 2: GuigaMan ($107.72 in chips) 
Seat 3: Aleqseuka ($103.20 in chips) 
Seat 4: BeauParleur ($322.03 in chips) 
Seat 6: uuzka ($101 in chips) 
vezis3: posts small blind $0.50
GuigaMan: posts big blind $1
*** HOLE CARDS ***
Aleqseuka: raises $1.35 to $2.35
BeauParleur: raises $5.15 to $7.50
uuzka: folds 
vezis3: folds 
GuigaMan: folds 
Aleqseuka: calls $5.15
*** FLOP *** [4s 5h 9s]
Aleqseuka: checks 
BeauParleur: checks 
*** TURN *** [4s 5h 9s] [7d]
Aleqseuka: bets $3.92
BeauParleur: calls $3.92
*** RIVER *** [4s 5h 9s 7d] [Th]
Aleqseuka: checks 
BeauParleur: bets $11.56
Aleqseuka: calls $11.56
*** SHOW DOWN ***
BeauParleur: shows [9d Kd] (a pair of Nines)
Aleqseuka: mucks hand 
BeauParleur collected $45.09 from pot
*** SUMMARY ***
Total pot $47.46 | Rake $2.37 
Board [4s 5h 9s 7d Th]
Seat 5: df68
Seat 1: vezis3 (small blind) folded before Flop
Seat 2: GuigaMan (big blind) folded before Flop
Seat 3: Aleqseuka mucked
Seat 4: BeauParleur showed [9d Kd] and won ($45.09) with a pair of Nines
Seat 6: uuzka (button) folded before Flop (didn't bet)



PokerStars Hand #254495050457:  Hold'em No Limit ($0.50/$1.00 USD) - 2025/01/22 4:25:32 WET [2025/01/21 23:25:32 ET]
Table 'Euporie IV' 6-max Seat #1 is the button
Seat 5: df68 ($0 in chips) is sitting out
Seat 1: vezis3 ($134.60 in chips) 
Seat 2: GuigaMan ($106.72 in chips) 
Seat 3: Aleqseuka ($100 in chips) 
Seat 4: BeauParleur ($344.14 in chips) 
Seat 6: uuzka ($101 in chips) 
GuigaMan: posts small blind $0.50
Aleqseuka: posts big blind $1
*** HOLE CARDS ***
BeauParleur: folds 
uuzka: raises $1.50 to $2.50
vezis3: folds 
GuigaMan: folds 
Aleqseuka: calls $1.50
*** FLOP *** [3s Qc 4s]
Aleqseuka: checks 
uuzka: checks 
*** TURN *** [3s Qc 4s] [As]
Aleqseuka: checks 
uuzka: bets $1.25
Aleqseuka: calls $1.25
*** RIVER *** [3s Qc 4s As] [Td]
Aleqseuka: checks 
df68 leaves the table
uuzka: bets $2.32
Aleqseuka: calls $2.32
*** SHOW DOWN ***
uuzka: shows [Ah Ts] (two pair, Aces and Tens)
Aleqseuka: mucks hand 
uuzka collected $12.01 from pot
*** SUMMARY ***
Total pot $12.64 | Rake $0.63 
Board [3s Qc 4s As Td]
Seat 5: df68
Seat 1: vezis3 (button) folded before Flop (didn't bet)
Seat 2: GuigaMan (small blind) folded before Flop
Seat 3: Aleqseuka (big blind) mucked
Seat 4: BeauParleur folded before Flop (didn't bet)
Seat 6: uuzka showed [Ah Ts] and won ($12.01) with two pair, Aces and Tens



PokerStars Hand #254495058290:  Hold'em No Limit ($0.50/$1.00 USD) - 2025/01/22 4:26:52 WET [2025/01/21 23:26:52 ET]
Table 'Euporie IV' 6-max Seat #2 is the button
Seat 1: vezis3 ($134.60 in chips) 
Seat 2: GuigaMan ($106.22 in chips) 
Seat 3: Aleqseuka ($100 in chips) 
Seat 4: BeauParleur ($344.14 in chips) 
Seat 6: uuzka ($106.94 in chips) 
Aleqseuka: posts small blind $0.50
BeauParleur: posts big blind $1
*** HOLE CARDS ***
uuzka: folds 
vezis3: folds 
GuigaMan: raises $1.50 to $2.50
uuzka leaves the table
Aleqseuka: folds 
BeauParleur: calls $1.50
*** FLOP *** [Kc Th Js]
vezis3 leaves the table
BeauParleur: checks 
GuigaMan: checks 
*** TURN *** [Kc Th Js] [5c]
BeauParleur: bets $7.50
GuigaMan: calls $7.50
*** RIVER *** [Kc Th Js 5c] [2d]
BeauParleur: checks 
GuigaMan: checks 
*** SHOW DOWN ***
BeauParleur: shows [8c 9c] (high card King)
GuigaMan: shows [Ac Jh] (a pair of Jacks)
GuigaMan collected $19.48 from pot
*** SUMMARY ***
Total pot $20.50 | Rake $1.02 
Board [Kc Th Js 5c 2d]
Seat 1: vezis3 folded before Flop (didn't bet)
Seat 2: GuigaMan (button) showed [Ac Jh] and won ($19.48) with a pair of Jacks
Seat 3: Aleqseuka (small blind) folded before Flop
Seat 4: BeauParleur (big blind) showed [8c 9c] and lost with high card King
Seat 6: uuzka folded before Flop (didn't bet)



PokerStars Hand #254495064470:  Hold'em No Limit ($0.50/$1.00 USD) - 2025/01/22 4:27:55 WET [2025/01/21 23:27:55 ET]
Table 'Euporie IV' 6-max Seat #3 is the button
Seat 2: GuigaMan ($115.70 in chips) 
Seat 3: Aleqseuka ($100 in chips) 
Seat 4: BeauParleur ($334.14 in chips) 
BeauParleur: posts small blind $0.50
GuigaMan: posts big blind $1
*** HOLE CARDS ***
Aleqseuka: folds 
BeauParleur is disconnected 
BeauParleur has timed out while disconnected
BeauParleur: folds 
Uncalled bet ($0.50) returned to GuigaMan
GuigaMan collected $1 from pot
*** SUMMARY ***
Total pot $1 | Rake $0 
Seat 2: GuigaMan (big blind) collected ($1)
Seat 3: Aleqseuka (button) folded before Flop (didn't bet)
Seat 4: BeauParleur (small blind) folded before Flop



PokerStars Hand #254495069091:  Hold'em No Limit ($0.50/$1.00 USD) - 2025/01/22 4:28:42 WET [2025/01/21 23:28:42 ET]
Table 'Euporie IV' 6-max Seat #2 is the button
Seat 4: BeauParleur ($333.64 in chips) is sitting out
Seat 2: GuigaMan ($116.20 in chips) 
Seat 3: Aleqseuka ($100 in chips) 
GuigaMan: posts small blind $0.50
Aleqseuka: posts big blind $1
*** HOLE CARDS ***
GuigaMan: folds 
Uncalled bet ($0.50) returned to Aleqseuka
Aleqseuka collected $1 from pot
Aleqseuka: doesn't show hand 
*** SUMMARY ***
Total pot $1 | Rake $0 
Seat 4: BeauParleur
Seat 2: GuigaMan (button) (small blind) folded before Flop
Seat 3: Aleqseuka (big blind) collected ($1)



PokerStars Hand #254494905437:  Hold'em No Limit ($0.50/$1.00 USD) - 2025/01/22 4:01:53 WET [2025/01/21 23:01:53 ET]
Table 'Euporie IV' 6-max Seat #6 is the button
Seat 1: 50CandyJoe ($158.12 in chips) 
Seat 2: GuigaMan ($246.17 in chips) 
Seat 3: shootingGRID ($128.80 in chips) 
Seat 4: BeauParleur ($100 in chips) 
Seat 5: df68 ($14.83 in chips) 
Seat 6: uuzka ($100.64 in chips) 
50CandyJoe: posts small blind $0.50
GuigaMan: posts big blind $1
*** HOLE CARDS ***
shootingGRID: folds 
BeauParleur: folds 
df68: calls $1
uuzka: folds 
50CandyJoe: folds 
GuigaMan: checks 
*** FLOP *** [2d Js Th]
GuigaMan: checks 
df68: checks 
*** TURN *** [2d Js Th] [6c]
GuigaMan: checks 
df68: checks 
*** RIVER *** [2d Js Th 6c] [Kc]
GuigaMan: checks 
df68: bets $1
GuigaMan: folds 
Uncalled bet ($1) returned to df68
df68 collected $2.38 from pot
*** SUMMARY ***
Total pot $2.50 | Rake $0.12 
Board [2d Js Th 6c Kc]
Seat 1: 50CandyJoe (small blind) folded before Flop
Seat 2: GuigaMan (big blind) folded on the River
Seat 3: shootingGRID folded before Flop (didn't bet)
Seat 4: BeauParleur folded before Flop (didn't bet)
Seat 5: df68 collected ($2.38)
Seat 6: uuzka (button) folded before Flop (didn't bet)



PokerStars Hand #254494909998:  Hold'em No Limit ($0.50/$1.00 USD) - 2025/01/22 4:02:36 WET [2025/01/21 23:02:36 ET]
Table 'Euporie IV' 6-max Seat #1 is the button
Seat 1: 50CandyJoe ($157.62 in chips) 
Seat 2: GuigaMan ($245.17 in chips) 
Seat 3: shootingGRID ($128.80 in chips) 
Seat 4: BeauParleur ($100 in chips) 
Seat 5: df68 ($16.21 in chips) 
Seat 6: uuzka ($100.64 in chips) 
GuigaMan: posts small blind $0.50
shootingGRID: posts big blind $1
*** HOLE CARDS ***
BeauParleur: folds 
df68: folds 
uuzka: folds 
50CandyJoe: folds 
GuigaMan: folds 
Uncalled bet ($0.50) returned to shootingGRID
shootingGRID collected $1 from pot
*** SUMMARY ***
Total pot $1 | Rake $0 
Seat 1: 50CandyJoe (button) folded before Flop (didn't bet)
Seat 2: GuigaMan (small blind) folded before Flop
Seat 3: shootingGRID (big blind) collected ($1)
Seat 4: BeauParleur folded before Flop (didn't bet)
Seat 5: df68 folded before Flop (didn't bet)
Seat 6: uuzka folded before Flop (didn't bet)



PokerStars Hand #254494911571:  Hold'em No Limit ($0.50/$1.00 USD) - 2025/01/22 4:02:50 WET [2025/01/21 23:02:50 ET]
Table 'Euporie IV' 6-max Seat #2 is the button
Seat 1: 50CandyJoe ($157.62 in chips) 
Seat 2: GuigaMan ($244.67 in chips) 
Seat 3: shootingGRID ($129.30 in chips) 
Seat 4: BeauParleur ($100 in chips) 
Seat 5: df68 ($16.21 in chips) 
Seat 6: uuzka ($100.64 in chips) 
shootingGRID: posts small blind $0.50
BeauParleur: posts big blind $1
*** HOLE CARDS ***
df68: calls $1
uuzka: folds 
50CandyJoe: folds 
GuigaMan: folds 
shootingGRID: folds 
BeauParleur: checks 
*** FLOP *** [Ks 9c Ad]
BeauParleur: checks 
df68: checks 
*** TURN *** [Ks 9c Ad] [6c]
BeauParleur: checks 
df68: bets $1.19
BeauParleur: calls $1.19
*** RIVER *** [Ks 9c Ad 6c] [Qd]
BeauParleur: checks 
df68: checks 
*** SHOW DOWN ***
BeauParleur: shows [Ah 2d] (a pair of Aces)
df68: mucks hand 
BeauParleur collected $4.64 from pot
*** SUMMARY ***
Total pot $4.88 | Rake $0.24 
Board [Ks 9c Ad 6c Qd]
Seat 1: 50CandyJoe folded before Flop (didn't bet)
Seat 2: GuigaMan (button) folded before Flop (didn't bet)
Seat 3: shootingGRID (small blind) folded before Flop
Seat 4: BeauParleur (big blind) showed [Ah 2d] and won ($4.64) with a pair of Aces
Seat 5: df68 mucked
Seat 6: uuzka folded before Flop (didn't bet)



PokerStars Hand #254494919577:  Hold'em No Limit ($0.50/$1.00 USD) - 2025/01/22 4:04:05 WET [2025/01/21 23:04:05 ET]
Table 'Euporie IV' 6-max Seat #3 is the button
Seat 1: 50CandyJoe ($157.62 in chips) 
Seat 2: GuigaMan ($244.67 in chips) 
Seat 3: shootingGRID ($128.80 in chips) 
Seat 4: BeauParleur ($102.45 in chips) 
Seat 5: df68 ($14.02 in chips) 
Seat 6: uuzka ($100.64 in chips) 
BeauParleur: posts small blind $0.50
df68: posts big blind $1
*** HOLE CARDS ***
uuzka: folds 
50CandyJoe: folds 
GuigaMan: raises $1.50 to $2.50
shootingGRID: folds 
BeauParleur: folds 
df68: calls $1.50
*** FLOP *** [4d Ts 3s]
df68: checks 
GuigaMan: bets $2.82
df68: folds 
Uncalled bet ($2.82) returned to GuigaMan
GuigaMan collected $5.22 from pot
*** SUMMARY ***
Total pot $5.50 | Rake $0.28 
Board [4d Ts 3s]
Seat 1: 50CandyJoe folded before Flop (didn't bet)
Seat 2: GuigaMan collected ($5.22)
Seat 3: shootingGRID (button) folded before Flop (didn't bet)
Seat 4: BeauParleur (small blind) folded before Flop
Seat 5: df68 (big blind) folded on the Flop
Seat 6: uuzka folded before Flop (didn't bet)



PokerStars Hand #254494921936:  Hold'em No Limit ($0.50/$1.00 USD) - 2025/01/22 4:04:27 WET [2025/01/21 23:04:27 ET]
Table 'Euporie IV' 6-max Seat #4 is the button
Seat 1: 50CandyJoe ($157.62 in chips) 
Seat 2: GuigaMan ($247.39 in chips) 
Seat 3: shootingGRID ($128.80 in chips) 
Seat 4: BeauParleur ($101.95 in chips) 
Seat 5: df68 ($11.52 in chips) 
Seat 6: uuzka ($100.64 in chips) 
df68: posts small blind $0.50
uuzka: posts big blind $1
*** HOLE CARDS ***
50CandyJoe: folds 
GuigaMan: folds 
shootingGRID: folds 
BeauParleur: raises $1.50 to $2.50
df68: calls $2
uuzka: folds 
*** FLOP *** [Tc Ks 9d]
df68: checks 
BeauParleur: bets $1
df68: raises $3.85 to $4.85
BeauParleur: folds 
Uncalled bet ($3.85) returned to df68
df68 collected $7.60 from pot
*** SUMMARY ***
Total pot $8 | Rake $0.40 
Board [Tc Ks 9d]
Seat 1: 50CandyJoe folded before Flop (didn't bet)
Seat 2: GuigaMan folded before Flop (didn't bet)
Seat 3: shootingGRID folded before Flop (didn't bet)
Seat 4: BeauParleur (button) folded on the Flop
Seat 5: df68 (small blind) collected ($7.60)
Seat 6: uuzka (big blind) folded before Flop



PokerStars Hand #254494925212:  Hold'em No Limit ($0.50/$1.00 USD) - 2025/01/22 4:04:58 WET [2025/01/21 23:04:58 ET]
Table 'Euporie IV' 6-max Seat #5 is the button
Seat 1: 50CandyJoe ($157.62 in chips) 
Seat 2: GuigaMan ($247.39 in chips) 
Seat 3: shootingGRID ($128.80 in chips) 
Seat 4: BeauParleur ($100 in chips) 
Seat 5: df68 ($15.62 in chips) 
Seat 6: uuzka ($100 in chips) 
uuzka: posts small blind $0.50
50CandyJoe: posts big blind $1
*** HOLE CARDS ***
GuigaMan: folds 
shootingGRID: folds 
BeauParleur: folds 
df68: folds 
uuzka: folds 
Uncalled bet ($0.50) returned to 50CandyJoe
50CandyJoe collected $1 from pot
50CandyJoe: doesn't show hand 
*** SUMMARY ***
Total pot $1 | Rake $0 
Seat 1: 50CandyJoe (big blind) collected ($1)
Seat 2: GuigaMan folded before Flop (didn't bet)
Seat 3: shootingGRID folded before Flop (didn't bet)
Seat 4: BeauParleur folded before Flop (didn't bet)
Seat 5: df68 (button) folded before Flop (didn't bet)
Seat 6: uuzka (small blind) folded before Flop



PokerStars Hand #254494927153:  Hold'em No Limit ($0.50/$1.00 USD) - 2025/01/22 4:05:16 WET [2025/01/21 23:05:16 ET]
Table 'Euporie IV' 6-max Seat #6 is the button
Seat 1: 50CandyJoe ($158.12 in chips) 
Seat 2: GuigaMan ($247.39 in chips) 
Seat 3: shootingGRID ($128.80 in chips) 
Seat 4: BeauParleur ($100 in chips) 
Seat 5: df68 ($15.62 in chips) 
Seat 6: uuzka ($100 in chips) 
50CandyJoe: posts small blind $0.50
GuigaMan: posts big blind $1
*** HOLE CARDS ***
shootingGRID: folds 
BeauParleur: folds 
df68: calls $1
uuzka: folds 
50CandyJoe: folds 
GuigaMan: checks 
*** FLOP *** [Td Jh 4c]
GuigaMan: checks 
df68: checks 
*** TURN *** [Td Jh 4c] [5s]
GuigaMan: checks 
df68: bets $1.19
GuigaMan: folds 
Uncalled bet ($1.19) returned to df68
df68 collected $2.38 from pot
*** SUMMARY ***
Total pot $2.50 | Rake $0.12 
Board [Td Jh 4c 5s]
Seat 1: 50CandyJoe (small blind) folded before Flop
Seat 2: GuigaMan (big blind) folded on the Turn
Seat 3: shootingGRID folded before Flop (didn't bet)
Seat 4: BeauParleur folded before Flop (didn't bet)
Seat 5: df68 collected ($2.38)
Seat 6: uuzka (button) folded before Flop (didn't bet)



PokerStars Hand #254494930003:  Hold'em No Limit ($0.50/$1.00 USD) - 2025/01/22 4:05:42 WET [2025/01/21 23:05:42 ET]
Table 'Euporie IV' 6-max Seat #1 is the button
Seat 1: 50CandyJoe ($157.62 in chips) 
Seat 2: GuigaMan ($246.39 in chips) 
Seat 3: shootingGRID ($128.80 in chips) 
Seat 4: BeauParleur ($100 in chips) 
Seat 5: df68 ($17 in chips) 
Seat 6: uuzka ($100 in chips) 
GuigaMan: posts small blind $0.50
shootingGRID: posts big blind $1
*** HOLE CARDS ***
BeauParleur: folds 
df68: calls $1
uuzka: folds 
50CandyJoe: folds 
GuigaMan: folds 
shootingGRID: checks 
*** FLOP *** [9h 8s Qd]
shootingGRID: checks 
df68: checks 
*** TURN *** [9h 8s Qd] [7d]
shootingGRID: checks 
df68: bets $1.19
shootingGRID: folds 
Uncalled bet ($1.19) returned to df68
df68 collected $2.38 from pot
50CandyJoe leaves the table
df68: doesn't show hand 
*** SUMMARY ***
Total pot $2.50 | Rake $0.12 
Board [9h 8s Qd 7d]
Seat 1: 50CandyJoe (button) folded before Flop (didn't bet)
Seat 2: GuigaMan (small blind) folded before Flop
Seat 3: shootingGRID (big blind) folded on the Turn
Seat 4: BeauParleur folded before Flop (didn't bet)
Seat 5: df68 collected ($2.38)
Seat 6: uuzka folded before Flop (didn't bet)



PokerStars Hand #254494934316:  Hold'em No Limit ($0.50/$1.00 USD) - 2025/01/22 4:06:22 WET [2025/01/21 23:06:22 ET]
Table 'Euporie IV' 6-max Seat #2 is the button
Seat 2: GuigaMan ($245.89 in chips) 
Seat 3: shootingGRID ($127.80 in chips) 
Seat 4: BeauParleur ($100 in chips) 
Seat 5: df68 ($18.38 in chips) 
Seat 6: uuzka ($100 in chips) 
shootingGRID: posts small blind $0.50
BeauParleur: posts big blind $1
*** HOLE CARDS ***
vezis3 joins the table at seat #1 
df68: calls $1
uuzka: folds 
GuigaMan: folds 
shootingGRID: calls $0.50
BeauParleur: checks 
*** FLOP *** [Qc 3c Th]
shootingGRID: checks 
BeauParleur: checks 
df68: bets $1.43
shootingGRID: folds 
BeauParleur: calls $1.43
*** TURN *** [Qc 3c Th] [3h]
BeauParleur: checks 
df68: bets $2.79
BeauParleur: folds 
Uncalled bet ($2.79) returned to df68
df68 collected $5.57 from pot
*** SUMMARY ***
Total pot $5.86 | Rake $0.29 
Board [Qc 3c Th 3h]
Seat 2: GuigaMan (button) folded before Flop (didn't bet)
Seat 3: shootingGRID (small blind) folded on the Flop
Seat 4: BeauParleur (big blind) folded on the Turn
Seat 5: df68 collected ($5.57)
Seat 6: uuzka folded before Flop (didn't bet)



PokerStars Hand #254494942104:  Hold'em No Limit ($0.50/$1.00 USD) - 2025/01/22 4:07:37 WET [2025/01/21 23:07:37 ET]
Table 'Euporie IV' 6-max Seat #3 is the button
Seat 1: vezis3 ($100 in chips) is sitting out
Seat 2: GuigaMan ($245.89 in chips) 
Seat 3: shootingGRID ($126.80 in chips) 
Seat 4: BeauParleur ($100 in chips) 
Seat 5: df68 ($21.52 in chips) 
Seat 6: uuzka ($100 in chips) 
BeauParleur: posts small blind $0.50
df68: posts big blind $1
vezis3: sits out 
*** HOLE CARDS ***
uuzka: folds 
GuigaMan: folds 
shootingGRID: folds 
BeauParleur: folds 
Uncalled bet ($0.50) returned to df68
df68 collected $1 from pot
*** SUMMARY ***
Total pot $1 | Rake $0 
Seat 1: vezis3
Seat 2: GuigaMan folded before Flop (didn't bet)
Seat 3: shootingGRID (button) folded before Flop (didn't bet)
Seat 4: BeauParleur (small blind) folded before Flop
Seat 5: df68 (big blind) collected ($1)
Seat 6: uuzka folded before Flop (didn't bet)



PokerStars Hand #254494944016:  Hold'em No Limit ($0.50/$1.00 USD) - 2025/01/22 4:07:55 WET [2025/01/21 23:07:55 ET]
Table 'Euporie IV' 6-max Seat #4 is the button
Seat 1: vezis3 ($100 in chips) is sitting out
Seat 2: GuigaMan ($245.89 in chips) 
Seat 3: shootingGRID ($126.80 in chips) 
Seat 4: BeauParleur ($100 in chips) 
Seat 5: df68 ($22.02 in chips) 
Seat 6: uuzka ($100 in chips) 
df68: posts small blind $0.50
uuzka: posts big blind $1
vezis3: sits out 
*** HOLE CARDS ***
GuigaMan: folds 
shootingGRID: folds 
BeauParleur: raises $1.50 to $2.50
df68: folds 
uuzka: folds 
Uncalled bet ($1.50) returned to BeauParleur
BeauParleur collected $2.50 from pot
BeauParleur: doesn't show hand 
*** SUMMARY ***
Total pot $2.50 | Rake $0 
Seat 1: vezis3
Seat 2: GuigaMan folded before Flop (didn't bet)
Seat 3: shootingGRID folded before Flop (didn't bet)
Seat 4: BeauParleur (button) collected ($2.50)
Seat 5: df68 (small blind) folded before Flop
Seat 6: uuzka (big blind) folded before Flop



PokerStars Hand #254494946005:  Hold'em No Limit ($0.50/$1.00 USD) - 2025/01/22 4:08:14 WET [2025/01/21 23:08:14 ET]
Table 'Euporie IV' 6-max Seat #5 is the button
Seat 1: vezis3 ($100 in chips) 
Seat 2: GuigaMan ($245.89 in chips) 
Seat 3: shootingGRID ($126.80 in chips) 
Seat 4: BeauParleur ($101.50 in chips) 
Seat 5: df68 ($21.52 in chips) 
Seat 6: uuzka ($100 in chips) 
uuzka: posts small blind $0.50
vezis3: posts big blind $1
*** HOLE CARDS ***
GuigaMan: folds 
shootingGRID: folds 
BeauParleur: folds 
df68: folds 
uuzka: folds 
Uncalled bet ($0.50) returned to vezis3
vezis3 collected $1 from pot
vezis3: doesn't show hand 
*** SUMMARY ***
Total pot $1 | Rake $0 
Seat 1: vezis3 (big blind) collected ($1)
Seat 2: GuigaMan folded before Flop (didn't bet)
Seat 3: shootingGRID folded before Flop (didn't bet)
Seat 4: BeauParleur folded before Flop (didn't bet)
Seat 5: df68 (button) folded before Flop (didn't bet)
Seat 6: uuzka (small blind) folded before Flop



PokerStars Hand #254494947722:  Hold'em No Limit ($0.50/$1.00 USD) - 2025/01/22 4:08:30 WET [2025/01/21 23:08:30 ET]
Table 'Euporie IV' 6-max Seat #6 is the button
Seat 1: vezis3 ($100.50 in chips) 
Seat 2: GuigaMan ($245.89 in chips) 
Seat 3: shootingGRID ($126.80 in chips) 
Seat 4: BeauParleur ($101.50 in chips) 
Seat 5: df68 ($21.52 in chips) 
Seat 6: uuzka ($100 in chips) 
vezis3: posts small blind $0.50
GuigaMan: posts big blind $1
*** HOLE CARDS ***
shootingGRID: folds 
BeauParleur: folds 
df68: folds 
uuzka: folds 
vezis3: raises $2 to $3
GuigaMan: folds 
Uncalled bet ($2) returned to vezis3
vezis3 collected $2 from pot
vezis3: doesn't show hand 
*** SUMMARY ***
Total pot $2 | Rake $0 
Seat 1: vezis3 (small blind) collected ($2)
Seat 2: GuigaMan (big blind) folded before Flop
Seat 3: shootingGRID folded before Flop (didn't bet)
Seat 4: BeauParleur folded before Flop (didn't bet)
Seat 5: df68 folded before Flop (didn't bet)
Seat 6: uuzka (button) folded before Flop (didn't bet)



PokerStars Hand #254494950923:  Hold'em No Limit ($0.50/$1.00 USD) - 2025/01/22 4:09:01 WET [2025/01/21 23:09:01 ET]
Table 'Euporie IV' 6-max Seat #1 is the button
Seat 1: vezis3 ($101.50 in chips) 
Seat 2: GuigaMan ($244.89 in chips) 
Seat 3: shootingGRID ($126.80 in chips) 
Seat 4: BeauParleur ($101.50 in chips) 
Seat 5: df68 ($21.52 in chips) 
Seat 6: uuzka ($100 in chips) 
GuigaMan: posts small blind $0.50
shootingGRID: posts big blind $1
*** HOLE CARDS ***
BeauParleur: raises $1 to $2
df68: folds 
uuzka: folds 
vezis3: folds 
GuigaMan: folds 
shootingGRID: folds 
Uncalled bet ($1) returned to BeauParleur
BeauParleur collected $2.50 from pot
BeauParleur: doesn't show hand 
*** SUMMARY ***
Total pot $2.50 | Rake $0 
Seat 1: vezis3 (button) folded before Flop (didn't bet)
Seat 2: GuigaMan (small blind) folded before Flop
Seat 3: shootingGRID (big blind) folded before Flop
Seat 4: BeauParleur collected ($2.50)
Seat 5: df68 folded before Flop (didn't bet)
Seat 6: uuzka folded before Flop (didn't bet)



PokerStars Hand #254494953417:  Hold'em No Limit ($0.50/$1.00 USD) - 2025/01/22 4:09:24 WET [2025/01/21 23:09:24 ET]
Table 'Euporie IV' 6-max Seat #2 is the button
Seat 1: vezis3 ($101.50 in chips) 
Seat 2: GuigaMan ($244.39 in chips) 
Seat 3: shootingGRID ($125.80 in chips) 
Seat 4: BeauParleur ($103 in chips) 
Seat 5: df68 ($21.52 in chips) 
Seat 6: uuzka ($100 in chips) 
shootingGRID: posts small blind $0.50
BeauParleur: posts big blind $1
*** HOLE CARDS ***
df68: calls $1
uuzka: folds 
vezis3: folds 
GuigaMan: raises $2 to $3
shootingGRID: folds 
BeauParleur: raises $11.50 to $14.50
df68: calls $13.50
GuigaMan: raises $229.89 to $244.39 and is all-in
BeauParleur: calls $88.50 and is all-in
df68: calls $7.02 and is all-in
Uncalled bet ($141.39) returned to GuigaMan
*** FLOP *** [6c Qs As]
*** TURN *** [6c Qs As] [4h]
*** RIVER *** [6c Qs As 4h] [6d]
*** SHOW DOWN ***
BeauParleur: shows [Kh Ad] (two pair, Aces and Sixes)
GuigaMan: shows [Tc Td] (two pair, Tens and Sixes)
BeauParleur collected $162.96 from side pot
df68: shows [Kc Ac] (two pair, Aces and Sixes)
BeauParleur collected $31.28 from main pot
df68 collected $31.28 from main pot
*** SUMMARY ***
Total pot $228.02 Main pot $62.56. Side pot $162.96. | Rake $2.50 
Board [6c Qs As 4h 6d]
Seat 1: vezis3 folded before Flop (didn't bet)
Seat 2: GuigaMan (button) showed [Tc Td] and lost with two pair, Tens and Sixes
Seat 3: shootingGRID (small blind) folded before Flop
Seat 4: BeauParleur (big blind) showed [Kh Ad] and won ($194.24) with two pair, Aces and Sixes
Seat 5: df68 showed [Kc Ac] and won ($31.28) with two pair, Aces and Sixes
Seat 6: uuzka folded before Flop (didn't bet)



PokerStars Hand #254494961758:  Hold'em No Limit ($0.50/$1.00 USD) - 2025/01/22 4:10:45 WET [2025/01/21 23:10:45 ET]
Table 'Euporie IV' 6-max Seat #3 is the button
Seat 1: vezis3 ($101.50 in chips) 
Seat 2: GuigaMan ($141.39 in chips) 
Seat 3: shootingGRID ($125.30 in chips) 
Seat 4: BeauParleur ($194.24 in chips) 
Seat 5: df68 ($31.28 in chips) 
Seat 6: uuzka ($100 in chips) 
BeauParleur: posts small blind $0.50
df68: posts big blind $1
*** HOLE CARDS ***
uuzka: raises $1.20 to $2.20
vezis3: folds 
GuigaMan: folds 
shootingGRID: folds 
BeauParleur: folds 
df68 is disconnected 
df68 has timed out while disconnected
df68: folds 
Uncalled bet ($1.20) returned to uuzka
uuzka collected $2.50 from pot
uuzka: doesn't show hand 
*** SUMMARY ***
Total pot $2.50 | Rake $0 
Seat 1: vezis3 folded before Flop (didn't bet)
Seat 2: GuigaMan folded before Flop (didn't bet)
Seat 3: shootingGRID (button) folded before Flop (didn't bet)
Seat 4: BeauParleur (small blind) folded before Flop
Seat 5: df68 (big blind) folded before Flop
Seat 6: uuzka collected ($2.50)



PokerStars Hand #254494968440:  Hold'em No Limit ($0.50/$1.00 USD) - 2025/01/22 4:11:50 WET [2025/01/21 23:11:50 ET]
Table 'Euporie IV' 6-max Seat #4 is the button
Seat 5: df68 ($30.28 in chips) is sitting out
Seat 1: vezis3 ($101.50 in chips) 
Seat 2: GuigaMan ($141.39 in chips) 
Seat 3: shootingGRID ($125.30 in chips) 
Seat 4: BeauParleur ($193.74 in chips) 
Seat 6: uuzka ($101.50 in chips) 
uuzka: posts small blind $0.50
vezis3: posts big blind $1
*** HOLE CARDS ***
GuigaMan: folds 
shootingGRID: folds 
BeauParleur: raises $1.50 to $2.50
uuzka: folds 
vezis3: folds 
Uncalled bet ($1.50) returned to BeauParleur
BeauParleur collected $2.50 from pot
BeauParleur: doesn't show hand 
*** SUMMARY ***
Total pot $2.50 | Rake $0 
Seat 5: df68
Seat 1: vezis3 (big blind) folded before Flop
Seat 2: GuigaMan folded before Flop (didn't bet)
Seat 3: shootingGRID folded before Flop (didn't bet)
Seat 4: BeauParleur (button) collected ($2.50)
Seat 6: uuzka (small blind) folded before Flop



PokerStars Hand #254494971508:  Hold'em No Limit ($0.50/$1.00 USD) - 2025/01/22 4:12:20 WET [2025/01/21 23:12:20 ET]
Table 'Euporie IV' 6-max Seat #6 is the button
Seat 5: df68 ($30.28 in chips) is sitting out
Seat 1: vezis3 ($100.50 in chips) 
Seat 2: GuigaMan ($141.39 in chips) 
Seat 3: shootingGRID ($125.30 in chips) 
Seat 4: BeauParleur ($195.24 in chips) 
Seat 6: uuzka ($101 in chips) 
vezis3: posts small blind $0.50
GuigaMan: posts big blind $1
*** HOLE CARDS ***
shootingGRID: folds 
BeauParleur: folds 
uuzka: folds 
vezis3: folds 
Uncalled bet ($0.50) returned to GuigaMan
GuigaMan collected $1 from pot
*** SUMMARY ***
Total pot $1 | Rake $0 
Seat 5: df68
Seat 1: vezis3 (small blind) folded before Flop
Seat 2: GuigaMan (big blind) collected ($1)
Seat 3: shootingGRID folded before Flop (didn't bet)
Seat 4: BeauParleur folded before Flop (didn't bet)
Seat 6: uuzka (button) folded before Flop (didn't bet)



PokerStars Hand #254494975538:  Hold'em No Limit ($0.50/$1.00 USD) - 2025/01/22 4:13:00 WET [2025/01/21 23:13:00 ET]
Table 'Euporie IV' 6-max Seat #1 is the button
Seat 5: df68 ($30.28 in chips) is sitting out
Seat 1: vezis3 ($100 in chips) 
Seat 2: GuigaMan ($141.89 in chips) 
Seat 3: shootingGRID ($125.30 in chips) 
Seat 4: BeauParleur ($195.24 in chips) 
Seat 6: uuzka ($101 in chips) 
GuigaMan: posts small blind $0.50
shootingGRID: posts big blind $1
*** HOLE CARDS ***
BeauParleur: folds 
uuzka: folds 
vezis3: folds 
GuigaMan: folds 
Uncalled bet ($0.50) returned to shootingGRID
shootingGRID collected $1 from pot
*** SUMMARY ***
Total pot $1 | Rake $0 
Seat 5: df68
Seat 1: vezis3 (button) folded before Flop (didn't bet)
Seat 2: GuigaMan (small blind) folded before Flop
Seat 3: shootingGRID (big blind) collected ($1)
Seat 4: BeauParleur folded before Flop (didn't bet)
Seat 6: uuzka folded before Flop (didn't bet)



PokerStars Hand #254494977368:  Hold'em No Limit ($0.50/$1.00 USD) - 2025/01/22 4:13:18 WET [2025/01/21 23:13:18 ET]
Table 'Euporie IV' 6-max Seat #2 is the button
Seat 1: vezis3 ($100 in chips) 
Seat 2: GuigaMan ($141.39 in chips) 
Seat 3: shootingGRID ($125.80 in chips) 
Seat 4: BeauParleur ($195.24 in chips) 
Seat 5: df68 ($30.28 in chips) 
Seat 6: uuzka ($101 in chips) 
shootingGRID: posts small blind $0.50
BeauParleur: posts big blind $1
df68: posts small blind $0.50
*** HOLE CARDS ***
df68: folds 
uuzka: folds 
vezis3: raises $1 to $2
GuigaMan: folds 
shootingGRID: folds 
BeauParleur: folds 
Uncalled bet ($1) returned to vezis3
vezis3 collected $3 from pot
vezis3: doesn't show hand 
*** SUMMARY ***
Total pot $3 | Rake $0 
Seat 1: vezis3 collected ($3)
Seat 2: GuigaMan (button) folded before Flop (didn't bet)
Seat 3: shootingGRID (small blind) folded before Flop
Seat 4: BeauParleur (big blind) folded before Flop
Seat 5: df68 folded before Flop (didn't bet)
Seat 6: uuzka folded before Flop (didn't bet)



PokerStars Hand #254494982140:  Hold'em No Limit ($0.50/$1.00 USD) - 2025/01/22 4:14:05 WET [2025/01/21 23:14:05 ET]
Table 'Euporie IV' 6-max Seat #3 is the button
Seat 1: vezis3 ($102 in chips) 
Seat 2: GuigaMan ($141.39 in chips) 
Seat 3: shootingGRID ($125.30 in chips) 
Seat 4: BeauParleur ($194.24 in chips) 
Seat 5: df68 ($29.78 in chips) 
Seat 6: uuzka ($101 in chips) 
BeauParleur: posts small blind $0.50
df68: posts big blind $1
*** HOLE CARDS ***
uuzka: folds 
vezis3: folds 
GuigaMan: raises $1.50 to $2.50
shootingGRID: folds 
BeauParleur: folds 
df68: calls $1.50
*** FLOP *** [4d 6s 9d]
df68: bets $2.61
GuigaMan: folds 
Uncalled bet ($2.61) returned to df68
df68 collected $5.22 from pot
*** SUMMARY ***
Total pot $5.50 | Rake $0.28 
Board [4d 6s 9d]
Seat 1: vezis3 folded before Flop (didn't bet)
Seat 2: GuigaMan folded on the Flop
Seat 3: shootingGRID (button) folded before Flop (didn't bet)
Seat 4: BeauParleur (small blind) folded before Flop
Seat 5: df68 (big blind) collected ($5.22)
Seat 6: uuzka folded before Flop (didn't bet)



PokerStars Hand #254494985657:  Hold'em No Limit ($0.50/$1.00 USD) - 2025/01/22 4:14:39 WET [2025/01/21 23:14:39 ET]
Table 'Euporie IV' 6-max Seat #4 is the button
Seat 1: vezis3 ($102 in chips) 
Seat 2: GuigaMan ($138.89 in chips) 
Seat 3: shootingGRID ($125.30 in chips) 
Seat 4: BeauParleur ($193.74 in chips) 
Seat 5: df68 ($32.50 in chips) 
Seat 6: uuzka ($101 in chips) 
df68: posts small blind $0.50
uuzka: posts big blind $1
*** HOLE CARDS ***
vezis3: raises $1 to $2
GuigaMan: raises $4 to $6
shootingGRID: folds 
BeauParleur: folds 
df68: calls $5.50
uuzka: folds 
vezis3: calls $4
*** FLOP *** [2h 7h 8s]
df68: bets $9.03
vezis3: calls $9.03
GuigaMan: folds 
*** TURN *** [2h 7h 8s] [Jc]
df68: bets $17.47 and is all-in
vezis3: calls $17.47
*** RIVER *** [2h 7h 8s Jc] [9d]
*** SHOW DOWN ***
df68: shows [Kh 8h] (a pair of Eights)
vezis3: shows [9c 8c] (two pair, Nines and Eights)
vezis3 collected $69.50 from pot
*** SUMMARY ***
Total pot $72 | Rake $2.50 
Board [2h 7h 8s Jc 9d]
Seat 1: vezis3 showed [9c 8c] and won ($69.50) with two pair, Nines and Eights
Seat 2: GuigaMan folded on the Flop
Seat 3: shootingGRID folded before Flop (didn't bet)
Seat 4: BeauParleur (button) folded before Flop (didn't bet)
Seat 5: df68 (small blind) showed [Kh 8h] and lost with a pair of Eights
Seat 6: uuzka (big blind) folded before Flop



PokerStars Hand #254494993299:  Hold'em No Limit ($0.50/$1.00 USD) - 2025/01/22 4:15:55 WET [2025/01/21 23:15:55 ET]
Table 'Euporie IV' 6-max Seat #6 is the button
Seat 5: df68 ($0 in chips) is sitting out
Seat 1: vezis3 ($139 in chips) 
Seat 2: GuigaMan ($132.89 in chips) 
Seat 3: shootingGRID ($125.30 in chips) 
Seat 4: BeauParleur ($193.74 in chips) 
Seat 6: uuzka ($100 in chips) 
vezis3: posts small blind $0.50
GuigaMan: posts big blind $1
*** HOLE CARDS ***
shootingGRID: folds 
BeauParleur: raises $1.25 to $2.25
uuzka: folds 
vezis3: folds 
GuigaMan: raises $8.75 to $11
BeauParleur: calls $8.75
*** FLOP *** [Jh 3h Kc]
GuigaMan: bets $6.41
BeauParleur: calls $6.41
*** TURN *** [Jh 3h Kc] [2d]
GuigaMan: bets $25.16
df68 is disconnected 
BeauParleur: calls $25.16
*** RIVER *** [Jh 3h Kc 2d] [4h]
GuigaMan: checks 
BeauParleur: bets $103.93
GuigaMan: calls $90.32 and is all-in
Uncalled bet ($13.61) returned to BeauParleur
*** SHOW DOWN ***
BeauParleur: shows [Kh Th] (a flush, King high)
GuigaMan: shows [Ah Ac] (a pair of Aces)
BeauParleur collected $263.78 from pot
*** SUMMARY ***
Total pot $266.28 | Rake $2.50 
Board [Jh 3h Kc 2d 4h]
Seat 5: df68
Seat 1: vezis3 (small blind) folded before Flop
Seat 2: GuigaMan (big blind) showed [Ah Ac] and lost with a pair of Aces
Seat 3: shootingGRID folded before Flop (didn't bet)
Seat 4: BeauParleur showed [Kh Th] and won ($263.78) with a flush, King high
Seat 6: uuzka (button) folded before Flop (didn't bet)



PokerStars Hand #254495001879:  Hold'em No Limit ($0.50/$1.00 USD) - 2025/01/22 4:17:22 WET [2025/01/21 23:17:22 ET]
Table 'Euporie IV' 6-max Seat #1 is the button
Seat 5: df68 ($0 in chips) is sitting out
Seat 1: vezis3 ($138.50 in chips) 
Seat 2: GuigaMan ($100 in chips) 
Seat 3: shootingGRID ($125.30 in chips) 
Seat 4: BeauParleur ($324.63 in chips) 
Seat 6: uuzka ($100 in chips) 
GuigaMan: posts small blind $0.50
shootingGRID: posts big blind $1
*** HOLE CARDS ***
BeauParleur: folds 
uuzka: raises $1.50 to $2.50
vezis3: folds 
GuigaMan: folds 
shootingGRID: folds 
Uncalled bet ($1.50) returned to uuzka
uuzka collected $2.50 from pot
uuzka: doesn't show hand 
*** SUMMARY ***
Total pot $2.50 | Rake $0 
Seat 5: df68
Seat 1: vezis3 (button) folded before Flop (didn't bet)
Seat 2: GuigaMan (small blind) folded before Flop
Seat 3: shootingGRID (big blind) folded before Flop
Seat 4: BeauParleur folded before Flop (didn't bet)
Seat 6: uuzka collected ($2.50)



PokerStars Hand #254495003993:  Hold'em No Limit ($0.50/$1.00 USD) - 2025/01/22 4:17:43 WET [2025/01/21 23:17:43 ET]
Table 'Euporie IV' 6-max Seat #2 is the button
Seat 5: df68 ($0 in chips) is sitting out
Seat 1: vezis3 ($138.50 in chips) 
Seat 2: GuigaMan ($100 in chips) 
Seat 3: shootingGRID ($124.30 in chips) 
Seat 4: BeauParleur ($324.63 in chips) 
Seat 6: uuzka ($101.50 in chips) 
shootingGRID: posts small blind $0.50
BeauParleur: posts big blind $1
*** HOLE CARDS ***
uuzka: folds 
vezis3: raises $1.40 to $2.40
GuigaMan: folds 
shootingGRID: folds 
BeauParleur: folds 
Uncalled bet ($1.40) returned to vezis3
vezis3 collected $2.50 from pot
vezis3: doesn't show hand 
*** SUMMARY ***
Total pot $2.50 | Rake $0 
Seat 5: df68
Seat 1: vezis3 collected ($2.50)
Seat 2: GuigaMan (button) folded before Flop (didn't bet)
Seat 3: shootingGRID (small blind) folded before Flop
Seat 4: BeauParleur (big blind) folded before Flop
Seat 6: uuzka folded before Flop (didn't bet)



PokerStars Hand #254495006757:  Hold'em No Limit ($0.50/$1.00 USD) - 2025/01/22 4:18:11 WET [2025/01/21 23:18:11 ET]
Table 'Euporie IV' 6-max Seat #3 is the button
Seat 5: df68 ($0 in chips) is sitting out
Seat 1: vezis3 ($140 in chips) 
Seat 2: GuigaMan ($100 in chips) 
Seat 3: shootingGRID ($123.80 in chips) 
Seat 4: BeauParleur ($323.63 in chips) 
Seat 6: uuzka ($101.50 in chips) 
BeauParleur: posts small blind $0.50
uuzka: posts big blind $1
*** HOLE CARDS ***
vezis3: raises $1.40 to $2.40
GuigaMan: folds 
shootingGRID: folds 
BeauParleur: folds 
uuzka: folds 
Uncalled bet ($1.40) returned to vezis3
vezis3 collected $2.50 from pot
vezis3: doesn't show hand 
*** SUMMARY ***
Total pot $2.50 | Rake $0 
Seat 5: df68
Seat 1: vezis3 collected ($2.50)
Seat 2: GuigaMan folded before Flop (didn't bet)
Seat 3: shootingGRID (button) folded before Flop (didn't bet)
Seat 4: BeauParleur (small blind) folded before Flop
Seat 6: uuzka (big blind) folded before Flop



PokerStars Hand #254495008581:  Hold'em No Limit ($0.50/$1.00 USD) - 2025/01/22 4:18:29 WET [2025/01/21 23:18:29 ET]
Table 'Euporie IV' 6-max Seat #4 is the button
Seat 5: df68 ($0 in chips) is sitting out
Seat 1: vezis3 ($141.50 in chips) 
Seat 2: GuigaMan ($100 in chips) 
Seat 3: shootingGRID ($123.80 in chips) 
Seat 4: BeauParleur ($323.13 in chips) 
Seat 6: uuzka ($100.50 in chips) 
uuzka: posts small blind $0.50
vezis3: posts big blind $1
*** HOLE CARDS ***
GuigaMan: raises $1.20 to $2.20
shootingGRID: folds 
BeauParleur: folds 
uuzka: folds 
vezis3: folds 
Uncalled bet ($1.20) returned to GuigaMan
GuigaMan collected $2.50 from pot
*** SUMMARY ***
Total pot $2.50 | Rake $0 
Seat 5: df68
Seat 1: vezis3 (big blind) folded before Flop
Seat 2: GuigaMan collected ($2.50)
Seat 3: shootingGRID folded before Flop (didn't bet)
Seat 4: BeauParleur (button) folded before Flop (didn't bet)
Seat 6: uuzka (small blind) folded before Flop



PokerStars Hand #254495010680:  Hold'em No Limit ($0.50/$1.00 USD) - 2025/01/22 4:18:50 WET [2025/01/21 23:18:50 ET]
Table 'Euporie IV' 6-max Seat #6 is the button
Seat 5: df68 ($0 in chips) is sitting out
Seat 1: vezis3 ($140.50 in chips) 
Seat 2: GuigaMan ($101.50 in chips) 
Seat 3: shootingGRID ($123.80 in chips) 
Seat 4: BeauParleur ($323.13 in chips) 
Seat 6: uuzka ($100 in chips) 
vezis3: posts small blind $0.50
GuigaMan: posts big blind $1
*** HOLE CARDS ***
shootingGRID: folds 
BeauParleur: folds 
uuzka: folds 
shootingGRID leaves the table
vezis3: raises $2 to $3
GuigaMan: folds 
Uncalled bet ($2) returned to vezis3
vezis3 collected $2 from pot
vezis3: doesn't show hand 
*** SUMMARY ***
Total pot $2 | Rake $0 
Seat 5: df68
Seat 1: vezis3 (small blind) collected ($2)
Seat 2: GuigaMan (big blind) folded before Flop
Seat 3: shootingGRID folded before Flop (didn't bet)
Seat 4: BeauParleur folded before Flop (didn't bet)
Seat 6: uuzka (button) folded before Flop (didn't bet)



PokerStars Hand #254495014300:  Hold'em No Limit ($0.50/$1.00 USD) - 2025/01/22 4:19:28 WET [2025/01/21 23:19:28 ET]
Table 'Euporie IV' 6-max Seat #1 is the button
Seat 5: df68 ($0 in chips) is sitting out
Seat 1: vezis3 ($141.50 in chips) 
Seat 2: GuigaMan ($100.50 in chips) 
Seat 4: BeauParleur ($323.13 in chips) 
Seat 6: uuzka ($100 in chips) 
GuigaMan: posts small blind $0.50
BeauParleur: posts big blind $1
*** HOLE CARDS ***
uuzka: folds 
Aleqseuka joins the table at seat #3 
vezis3: raises $1.40 to $2.40
GuigaMan: folds 
BeauParleur: raises $10.60 to $13
vezis3: folds 
Uncalled bet ($10.60) returned to BeauParleur
BeauParleur collected $5.30 from pot
BeauParleur: doesn't show hand 
*** SUMMARY ***
Total pot $5.30 | Rake $0 
Seat 5: df68
Seat 1: vezis3 (button) folded before Flop
Seat 2: GuigaMan (small blind) folded before Flop
Seat 4: BeauParleur (big blind) collected ($5.30)
Seat 6: uuzka folded before Flop (didn't bet)



PokerStars Hand #254495019815:  Hold'em No Limit ($0.50/$1.00 USD) - 2025/01/22 4:20:23 WET [2025/01/21 23:20:23 ET]
Table 'Euporie IV' 6-max Seat #2 is the button
Seat 3: Aleqseuka ($100 in chips) is sitting out
Seat 5: df68 ($0 in chips) is sitting out
Seat 1: vezis3 ($139.10 in chips) 
Seat 2: GuigaMan ($100 in chips) 
Seat 4: BeauParleur ($326.03 in chips) 
Seat 6: uuzka ($100 in chips) 
BeauParleur: posts small blind $0.50
uuzka: posts big blind $1
*** HOLE CARDS ***
vezis3: folds 
GuigaMan: folds 
BeauParleur: folds 
Uncalled bet ($0.50) returned to uuzka
uuzka collected $1 from pot
uuzka: doesn't show hand 
*** SUMMARY ***
Total pot $1 | Rake $0 
Seat 3: Aleqseuka
Seat 5: df68
Seat 1: vezis3 folded before Flop (didn't bet)
Seat 2: GuigaMan (button) folded before Flop (didn't bet)
Seat 4: BeauParleur (small blind) folded before Flop
Seat 6: uuzka (big blind) collected ($1)



PokerStars Hand #254495021026:  Hold'em No Limit ($0.50/$1.00 USD) - 2025/01/22 4:20:35 WET [2025/01/21 23:20:35 ET]
Table 'Euporie IV' 6-max Seat #4 is the button
Seat 3: Aleqseuka ($100 in chips) is sitting out
Seat 5: df68 ($0 in chips) is sitting out
Seat 1: vezis3 ($139.10 in chips) 
Seat 2: GuigaMan ($100 in chips) 
Seat 4: BeauParleur ($325.53 in chips) 
Seat 6: uuzka ($100.50 in chips) 
uuzka: posts small blind $0.50
vezis3: posts big blind $1
Aleqseuka: sits out 
*** HOLE CARDS ***
GuigaMan: raises $1.50 to $2.50
BeauParleur: folds 
uuzka: folds 
vezis3: calls $1.50
*** FLOP *** [2d 8c 3s]
vezis3: checks 
GuigaMan: checks 
*** TURN *** [2d 8c 3s] [6c]
vezis3: checks 
GuigaMan: checks 
*** RIVER *** [2d 8c 3s 6c] [3h]
vezis3: checks 
GuigaMan: checks 
*** SHOW DOWN ***
vezis3: shows [Kh 7h] (a pair of Threes)
GuigaMan: shows [5h 5c] (two pair, Fives and Threes)
GuigaMan collected $5.22 from pot
*** SUMMARY ***
Total pot $5.50 | Rake $0.28 
Board [2d 8c 3s 6c 3h]
Seat 3: Aleqseuka
Seat 5: df68
Seat 1: vezis3 (big blind) showed [Kh 7h] and lost with a pair of Threes
Seat 2: GuigaMan showed [5h 5c] and won ($5.22) with two pair, Fives and Threes
Seat 4: BeauParleur (button) folded before Flop (didn't bet)
Seat 6: uuzka (small blind) folded before Flop



PokerStars Hand #254495025079:  Hold'em No Limit ($0.50/$1.00 USD) - 2025/01/22 4:21:16 WET [2025/01/21 23:21:16 ET]
Table 'Euporie IV' 6-max Seat #6 is the button
Seat 3: Aleqseuka ($100 in chips) is sitting out
Seat 5: df68 ($0 in chips) is sitting out
Seat 1: vezis3 ($136.60 in chips) 
Seat 2: GuigaMan ($102.72 in chips) 
Seat 4: BeauParleur ($325.53 in chips) 
Seat 6: uuzka ($100 in chips) 
vezis3: posts small blind $0.50
GuigaMan: posts big blind $1
Aleqseuka: sits out 
*** HOLE CARDS ***
BeauParleur: folds 
uuzka: folds 
vezis3: folds 
Uncalled bet ($0.50) returned to GuigaMan
GuigaMan collected $1 from pot
*** SUMMARY ***
Total pot $1 | Rake $0 
Seat 3: Aleqseuka
Seat 5: df68
Seat 1: vezis3 (small blind) folded before Flop
Seat 2: GuigaMan (big blind) collected ($1)
Seat 4: BeauParleur folded before Flop (didn't bet)
Seat 6: uuzka (button) folded before Flop (didn't bet)



PokerStars Hand #254495027283:  Hold'em No Limit ($0.50/$1.00 USD) - 2025/01/22 4:21:39 WET [2025/01/21 23:21:39 ET]
Table 'Euporie IV' 6-max Seat #1 is the button
Seat 5: df68 ($0 in chips) is sitting out
Seat 1: vezis3 ($136.10 in chips) 
Seat 2: GuigaMan ($103.22 in chips) 
Seat 3: Aleqseuka ($100 in chips) 
Seat 4: BeauParleur ($325.53 in chips) 
Seat 6: uuzka ($100 in chips) 
GuigaMan: posts small blind $0.50
Aleqseuka: posts big blind $1
*** HOLE CARDS ***
BeauParleur: raises $1 to $2
uuzka: folds 
vezis3: folds 
GuigaMan: raises $9 to $11
Aleqseuka: folds 
BeauParleur: folds 
Uncalled bet ($9) returned to GuigaMan
GuigaMan collected $5 from pot
*** SUMMARY ***
Total pot $5 | Rake $0 
Seat 5: df68
Seat 1: vezis3 (button) folded before Flop (didn't bet)
Seat 2: GuigaMan (small blind) collected ($5)
Seat 3: Aleqseuka (big blind) folded before Flop
Seat 4: BeauParleur folded before Flop
Seat 6: uuzka folded before Flop (didn't bet)



