PokerStars Hand #254506025388:  Hold'em No Limit ($0.50/$1.00 USD) - 2025/01/22 21:28:17 WET [2025/01/22 16:28:17 ET]
Table 'Limburgia IV' 6-max Seat #6 is the button
Seat 2: Joker007r ($101 in chips) 
Seat 5: Manifestorr ($100 in chips) 
Seat 6: MaikonAll ($100 in chips) 
Joker007r: posts small blind $0.50
Manifestorr: posts big blind $1
*** HOLE CARDS ***
MaikonAll: raises $1.50 to $2.50
Joker007r: folds 
Manifestorr: folds 
Uncalled bet ($1.50) returned to MaikonAll
MaikonAll collected $2.50 from pot
MaikonAll: doesn't show hand 
*** SUMMARY ***
Total pot $2.50 | Rake $0 
Seat 2: Joker007r (small blind) folded before Flop
Seat 5: Manifestorr (big blind) folded before Flop
Seat 6: MaikonAll (button) collected ($2.50)



PokerStars Hand #254506029246:  Hold'em No Limit ($0.50/$1.00 USD) - 2025/01/22 21:28:30 WET [2025/01/22 16:28:30 ET]
Table 'Limburgia IV' 6-max Seat #2 is the button
Seat 2: Joker007r ($100.50 in chips) 
Seat 5: Manifestorr ($100 in chips) 
Seat 6: MaikonAll ($101.50 in chips) 
Manifestorr: posts small blind $0.50
MaikonAll: posts big blind $1
*** HOLE CARDS ***
Joker007r: folds 
Manifestorr: raises $2 to $3
MaikonAll: folds 
Uncalled bet ($2) returned to Manifestorr
Manifestorr collected $2 from pot
*** SUMMARY ***
Total pot $2 | Rake $0 
Seat 2: Joker007r (button) folded before Flop (didn't bet)
Seat 5: Manifestorr (small blind) collected ($2)
Seat 6: MaikonAll (big blind) folded before Flop



PokerStars Hand #254506166901:  Hold'em No Limit ($0.50/$1.00 USD) - 2025/01/22 21:36:16 WET [2025/01/22 16:36:16 ET]
Table 'Limburgia IV' 6-max Seat #6 is the button
Seat 4: BumHuntKing ($100 in chips) is sitting out
Seat 1: ImaPeppaPig ($100 in chips) 
Seat 2: p0pa4poker ($100 in chips) 
Seat 3: kel3vr4_23 ($43.36 in chips) 
Seat 5: Manifestorr ($109.30 in chips) 
Seat 6: MaikonAll ($109.11 in chips) 
ImaPeppaPig: posts small blind $0.50
p0pa4poker: posts big blind $1
BumHuntKing: sits out 
*** HOLE CARDS ***
kel3vr4_23: folds 
Manifestorr: raises $1.20 to $2.20
MaikonAll: folds 
ImaPeppaPig: folds 
p0pa4poker: folds 
Uncalled bet ($1.20) returned to Manifestorr
Manifestorr collected $2.50 from pot
*** SUMMARY ***
Total pot $2.50 | Rake $0 
Seat 4: BumHuntKing
Seat 1: ImaPeppaPig (small blind) folded before Flop
Seat 2: p0pa4poker (big blind) folded before Flop
Seat 3: kel3vr4_23 folded before Flop (didn't bet)
Seat 5: Manifestorr collected ($2.50)
Seat 6: MaikonAll (button) folded before Flop (didn't bet)



PokerStars Hand #254506170128:  Hold'em No Limit ($0.50/$1.00 USD) - 2025/01/22 21:36:27 WET [2025/01/22 16:36:27 ET]
Table 'Limburgia IV' 6-max Seat #1 is the button
Seat 4: BumHuntKing ($100 in chips) is sitting out
Seat 1: ImaPeppaPig ($100 in chips) 
Seat 2: p0pa4poker ($100 in chips) 
Seat 3: kel3vr4_23 ($43.36 in chips) 
Seat 5: Manifestorr ($110.80 in chips) 
Seat 6: MaikonAll ($109.11 in chips) 
p0pa4poker: posts small blind $0.50
kel3vr4_23: posts big blind $1
BumHuntKing: sits out 
*** HOLE CARDS ***
Manifestorr: folds 
MaikonAll: raises $1.30 to $2.30
ImaPeppaPig: folds 
p0pa4poker: folds 
kel3vr4_23: folds 
Uncalled bet ($1.30) returned to MaikonAll
MaikonAll collected $2.50 from pot
MaikonAll: doesn't show hand 
*** SUMMARY ***
Total pot $2.50 | Rake $0 
Seat 4: BumHuntKing
Seat 1: ImaPeppaPig (button) folded before Flop (didn't bet)
Seat 2: p0pa4poker (small blind) folded before Flop
Seat 3: kel3vr4_23 (big blind) folded before Flop
Seat 5: Manifestorr folded before Flop (didn't bet)
Seat 6: MaikonAll collected ($2.50)



PokerStars Hand #254506174808:  Hold'em No Limit ($0.50/$1.00 USD) - 2025/01/22 21:36:43 WET [2025/01/22 16:36:43 ET]
Table 'Limburgia IV' 6-max Seat #2 is the button
Seat 1: ImaPeppaPig ($100 in chips) 
Seat 2: p0pa4poker ($100 in chips) 
Seat 3: kel3vr4_23 ($42.36 in chips) 
Seat 4: BumHuntKing ($100 in chips) 
Seat 5: Manifestorr ($110.80 in chips) 
Seat 6: MaikonAll ($110.61 in chips) 
kel3vr4_23: posts small blind $0.50
BumHuntKing: posts big blind $1
*** HOLE CARDS ***
Manifestorr: folds 
MaikonAll: folds 
ImaPeppaPig: folds 
p0pa4poker: folds 
kel3vr4_23: folds 
Uncalled bet ($0.50) returned to BumHuntKing
BumHuntKing collected $1 from pot
BumHuntKing: doesn't show hand 
*** SUMMARY ***
Total pot $1 | Rake $0 
Seat 1: ImaPeppaPig folded before Flop (didn't bet)
Seat 2: p0pa4poker (button) folded before Flop (didn't bet)
Seat 3: kel3vr4_23 (small blind) folded before Flop
Seat 4: BumHuntKing (big blind) collected ($1)
Seat 5: Manifestorr folded before Flop (didn't bet)
Seat 6: MaikonAll folded before Flop (didn't bet)



PokerStars Hand #254506178346:  Hold'em No Limit ($0.50/$1.00 USD) - 2025/01/22 21:36:55 WET [2025/01/22 16:36:55 ET]
Table 'Limburgia IV' 6-max Seat #3 is the button
Seat 1: ImaPeppaPig ($100 in chips) 
Seat 2: p0pa4poker ($100 in chips) 
Seat 3: kel3vr4_23 ($41.86 in chips) 
Seat 4: BumHuntKing ($100.50 in chips) 
Seat 5: Manifestorr ($110.80 in chips) 
Seat 6: MaikonAll ($110.61 in chips) 
BumHuntKing: posts small blind $0.50
Manifestorr: posts big blind $1
*** HOLE CARDS ***
MaikonAll: folds 
ImaPeppaPig: raises $1.50 to $2.50
p0pa4poker: raises $5.30 to $7.80
kel3vr4_23: folds 
BumHuntKing: folds 
Manifestorr: folds 
ImaPeppaPig: calls $5.30
*** FLOP *** [Jc 7s 5d]
ImaPeppaPig: checks 
p0pa4poker: bets $8.12
ImaPeppaPig: calls $8.12
*** TURN *** [Jc 7s 5d] [Qh]
ImaPeppaPig: checks 
p0pa4poker: bets $23
ImaPeppaPig: raises $58 to $81
p0pa4poker: folds 
Uncalled bet ($58) returned to ImaPeppaPig
ImaPeppaPig collected $76.84 from pot
ImaPeppaPig: doesn't show hand 
*** SUMMARY ***
Total pot $79.34 | Rake $2.50 
Board [Jc 7s 5d Qh]
Seat 1: ImaPeppaPig collected ($76.84)
Seat 2: p0pa4poker folded on the Turn
Seat 3: kel3vr4_23 (button) folded before Flop (didn't bet)
Seat 4: BumHuntKing (small blind) folded before Flop
Seat 5: Manifestorr (big blind) folded before Flop
Seat 6: MaikonAll folded before Flop (didn't bet)



PokerStars Hand #254506203018:  Hold'em No Limit ($0.50/$1.00 USD) - 2025/01/22 21:38:20 WET [2025/01/22 16:38:20 ET]
Table 'Limburgia IV' 6-max Seat #4 is the button
Seat 1: ImaPeppaPig ($137.92 in chips) 
Seat 2: p0pa4poker ($77 in chips) 
Seat 3: kel3vr4_23 ($41.86 in chips) 
Seat 4: BumHuntKing ($100 in chips) 
Seat 5: Manifestorr ($109.80 in chips) 
Seat 6: MaikonAll ($110.61 in chips) 
Manifestorr: posts small blind $0.50
MaikonAll: posts big blind $1
*** HOLE CARDS ***
ImaPeppaPig: folds 
p0pa4poker: folds 
kel3vr4_23: folds 
BumHuntKing: folds 
Manifestorr: raises $2 to $3
MaikonAll: calls $2
*** FLOP *** [Qc 6h 5d]
Manifestorr: bets $1.88
MaikonAll: calls $1.88
*** TURN *** [Qc 6h 5d] [Ah]
Manifestorr: bets $12.09
MaikonAll: folds 
Uncalled bet ($12.09) returned to Manifestorr
Manifestorr collected $9.27 from pot
*** SUMMARY ***
Total pot $9.76 | Rake $0.49 
Board [Qc 6h 5d Ah]
Seat 1: ImaPeppaPig folded before Flop (didn't bet)
Seat 2: p0pa4poker folded before Flop (didn't bet)
Seat 3: kel3vr4_23 folded before Flop (didn't bet)
Seat 4: BumHuntKing (button) folded before Flop (didn't bet)
Seat 5: Manifestorr (small blind) collected ($9.27)
Seat 6: MaikonAll (big blind) folded on the Turn



PokerStars Hand #254506214126:  Hold'em No Limit ($0.50/$1.00 USD) - 2025/01/22 21:38:59 WET [2025/01/22 16:38:59 ET]
Table 'Limburgia IV' 6-max Seat #5 is the button
Seat 1: ImaPeppaPig ($137.92 in chips) 
Seat 2: p0pa4poker ($100 in chips) 
Seat 3: kel3vr4_23 ($41.86 in chips) 
Seat 4: BumHuntKing ($100 in chips) 
Seat 5: Manifestorr ($114.19 in chips) 
Seat 6: MaikonAll ($105.73 in chips) 
MaikonAll: posts small blind $0.50
ImaPeppaPig: posts big blind $1
*** HOLE CARDS ***
p0pa4poker: folds 
kel3vr4_23: folds 
BumHuntKing: folds 
Manifestorr: folds 
MaikonAll: raises $2 to $3
ImaPeppaPig: calls $2
*** FLOP *** [2h 4s 7d]
MaikonAll: checks 
ImaPeppaPig: bets $4.33
MaikonAll: folds 
Uncalled bet ($4.33) returned to ImaPeppaPig
ImaPeppaPig collected $5.70 from pot
ImaPeppaPig: doesn't show hand 
*** SUMMARY ***
Total pot $6 | Rake $0.30 
Board [2h 4s 7d]
Seat 1: ImaPeppaPig (big blind) collected ($5.70)
Seat 2: p0pa4poker folded before Flop (didn't bet)
Seat 3: kel3vr4_23 folded before Flop (didn't bet)
Seat 4: BumHuntKing folded before Flop (didn't bet)
Seat 5: Manifestorr (button) folded before Flop (didn't bet)
Seat 6: MaikonAll (small blind) folded on the Flop



PokerStars Hand #254506231312:  Hold'em No Limit ($0.50/$1.00 USD) - 2025/01/22 21:39:58 WET [2025/01/22 16:39:58 ET]
Table 'Limburgia IV' 6-max Seat #6 is the button
Seat 1: ImaPeppaPig ($140.62 in chips) 
Seat 2: p0pa4poker ($100 in chips) 
Seat 3: kel3vr4_23 ($41.86 in chips) 
Seat 4: BumHuntKing ($100 in chips) 
Seat 5: Manifestorr ($114.19 in chips) 
Seat 6: MaikonAll ($102.73 in chips) 
ImaPeppaPig: posts small blind $0.50
p0pa4poker: posts big blind $1
*** HOLE CARDS ***
kel3vr4_23: raises $1 to $2
BumHuntKing: folds 
Manifestorr: folds 
MaikonAll: folds 
ImaPeppaPig: folds 
p0pa4poker: folds 
Uncalled bet ($1) returned to kel3vr4_23
kel3vr4_23 collected $2.50 from pot
kel3vr4_23: doesn't show hand 
*** SUMMARY ***
Total pot $2.50 | Rake $0 
Seat 1: ImaPeppaPig (small blind) folded before Flop
Seat 2: p0pa4poker (big blind) folded before Flop
Seat 3: kel3vr4_23 collected ($2.50)
Seat 4: BumHuntKing folded before Flop (didn't bet)
Seat 5: Manifestorr folded before Flop (didn't bet)
Seat 6: MaikonAll (button) folded before Flop (didn't bet)



PokerStars Hand #254506236851:  Hold'em No Limit ($0.50/$1.00 USD) - 2025/01/22 21:40:17 WET [2025/01/22 16:40:17 ET]
Table 'Limburgia IV' 6-max Seat #1 is the button
Seat 1: ImaPeppaPig ($140.12 in chips) 
Seat 2: p0pa4poker ($99 in chips) 
Seat 3: kel3vr4_23 ($43.36 in chips) 
Seat 4: BumHuntKing ($100 in chips) 
Seat 5: Manifestorr ($114.19 in chips) 
Seat 6: MaikonAll ($102.73 in chips) 
p0pa4poker: posts small blind $0.50
kel3vr4_23: posts big blind $1
*** HOLE CARDS ***
BumHuntKing: folds 
Manifestorr: folds 
MaikonAll: folds 
ImaPeppaPig: raises $1.50 to $2.50
p0pa4poker: folds 
kel3vr4_23: calls $1.50
*** FLOP *** [2h 3c 4c]
kel3vr4_23: checks 
ImaPeppaPig: checks 
*** TURN *** [2h 3c 4c] [7h]
kel3vr4_23: checks 
ImaPeppaPig: checks 
*** RIVER *** [2h 3c 4c 7h] [9s]
kel3vr4_23: bets $3
ImaPeppaPig: folds 
Uncalled bet ($3) returned to kel3vr4_23
kel3vr4_23 collected $5.22 from pot
kel3vr4_23: doesn't show hand 
*** SUMMARY ***
Total pot $5.50 | Rake $0.28 
Board [2h 3c 4c 7h 9s]
Seat 1: ImaPeppaPig (button) folded on the River
Seat 2: p0pa4poker (small blind) folded before Flop
Seat 3: kel3vr4_23 (big blind) collected ($5.22)
Seat 4: BumHuntKing folded before Flop (didn't bet)
Seat 5: Manifestorr folded before Flop (didn't bet)
Seat 6: MaikonAll folded before Flop (didn't bet)



PokerStars Hand #254506247781:  Hold'em No Limit ($0.50/$1.00 USD) - 2025/01/22 21:40:55 WET [2025/01/22 16:40:55 ET]
Table 'Limburgia IV' 6-max Seat #2 is the button
Seat 1: ImaPeppaPig ($137.62 in chips) 
Seat 2: p0pa4poker ($100 in chips) 
Seat 3: kel3vr4_23 ($46.08 in chips) 
Seat 4: BumHuntKing ($100 in chips) 
Seat 5: Manifestorr ($114.19 in chips) 
Seat 6: MaikonAll ($102.73 in chips) 
kel3vr4_23: posts small blind $0.50
BumHuntKing: posts big blind $1
*** HOLE CARDS ***
Manifestorr: raises $1.20 to $2.20
MaikonAll: folds 
ImaPeppaPig: folds 
p0pa4poker: folds 
kel3vr4_23: folds 
BumHuntKing: folds 
Uncalled bet ($1.20) returned to Manifestorr
Manifestorr collected $2.50 from pot
*** SUMMARY ***
Total pot $2.50 | Rake $0 
Seat 1: ImaPeppaPig folded before Flop (didn't bet)
Seat 2: p0pa4poker (button) folded before Flop (didn't bet)
Seat 3: kel3vr4_23 (small blind) folded before Flop
Seat 4: BumHuntKing (big blind) folded before Flop
Seat 5: Manifestorr collected ($2.50)
Seat 6: MaikonAll folded before Flop (didn't bet)



PokerStars Hand #254506251945:  Hold'em No Limit ($0.50/$1.00 USD) - 2025/01/22 21:41:10 WET [2025/01/22 16:41:10 ET]
Table 'Limburgia IV' 6-max Seat #3 is the button
Seat 5: Manifestorr ($115.69 in chips) is sitting out
Seat 1: ImaPeppaPig ($137.62 in chips) 
Seat 2: p0pa4poker ($100 in chips) 
Seat 3: kel3vr4_23 ($45.58 in chips) 
Seat 4: BumHuntKing ($100 in chips) 
Seat 6: MaikonAll ($102.73 in chips) 
BumHuntKing: posts small blind $0.50
Manifestorr: is sitting out 
MaikonAll: posts big blind $1
*** HOLE CARDS ***
ImaPeppaPig: raises $1.50 to $2.50
p0pa4poker: folds 
Manifestorr leaves the table
kel3vr4_23: raises $4.50 to $7
I TAKE IT 85 joins the table at seat #5 
BumHuntKing: folds 
MaikonAll: folds 
ImaPeppaPig: folds 
Uncalled bet ($4.50) returned to kel3vr4_23
kel3vr4_23 collected $6.50 from pot
kel3vr4_23: doesn't show hand 
*** SUMMARY ***
Total pot $6.50 | Rake $0 
Seat 5: Manifestorr
Seat 1: ImaPeppaPig folded before Flop
Seat 2: p0pa4poker folded before Flop (didn't bet)
Seat 3: kel3vr4_23 (button) collected ($6.50)
Seat 4: BumHuntKing (small blind) folded before Flop
Seat 6: MaikonAll (big blind) folded before Flop



PokerStars Hand #254506258404:  Hold'em No Limit ($0.50/$1.00 USD) - 2025/01/22 21:41:32 WET [2025/01/22 16:41:32 ET]
Table 'Limburgia IV' 6-max Seat #4 is the button
Seat 5: I TAKE IT 85 ($100 in chips) is sitting out
Seat 1: ImaPeppaPig ($135.12 in chips) 
Seat 2: p0pa4poker ($100 in chips) 
Seat 3: kel3vr4_23 ($49.58 in chips) 
Seat 4: BumHuntKing ($100 in chips) 
Seat 6: MaikonAll ($101.73 in chips) 
MaikonAll: posts small blind $0.50
ImaPeppaPig: posts big blind $1
*** HOLE CARDS ***
p0pa4poker: folds 
kel3vr4_23: raises $1 to $2
BumHuntKing: folds 
MaikonAll: folds 
ImaPeppaPig: folds 
Uncalled bet ($1) returned to kel3vr4_23
kel3vr4_23 collected $2.50 from pot
kel3vr4_23: doesn't show hand 
*** SUMMARY ***
Total pot $2.50 | Rake $0 
Seat 5: I TAKE IT 85
Seat 1: ImaPeppaPig (big blind) folded before Flop
Seat 2: p0pa4poker folded before Flop (didn't bet)
Seat 3: kel3vr4_23 collected ($2.50)
Seat 4: BumHuntKing (button) folded before Flop (didn't bet)
Seat 6: MaikonAll (small blind) folded before Flop



PokerStars Hand #254506266726:  Hold'em No Limit ($0.50/$1.00 USD) - 2025/01/22 21:42:01 WET [2025/01/22 16:42:01 ET]
Table 'Limburgia IV' 6-max Seat #6 is the button
Seat 5: I TAKE IT 85 ($100 in chips) is sitting out
Seat 1: ImaPeppaPig ($134.12 in chips) 
Seat 2: p0pa4poker ($100 in chips) 
Seat 3: kel3vr4_23 ($51.08 in chips) 
Seat 4: BumHuntKing ($100 in chips) 
Seat 6: MaikonAll ($101.23 in chips) 
ImaPeppaPig: posts small blind $0.50
p0pa4poker: posts big blind $1
I TAKE IT 85: sits out 
*** HOLE CARDS ***
kel3vr4_23: folds 
BumHuntKing: folds 
MaikonAll: folds 
ImaPeppaPig: folds 
Uncalled bet ($0.50) returned to p0pa4poker
p0pa4poker collected $1 from pot
p0pa4poker: doesn't show hand 
*** SUMMARY ***
Total pot $1 | Rake $0 
Seat 5: I TAKE IT 85
Seat 1: ImaPeppaPig (small blind) folded before Flop
Seat 2: p0pa4poker (big blind) collected ($1)
Seat 3: kel3vr4_23 folded before Flop (didn't bet)
Seat 4: BumHuntKing folded before Flop (didn't bet)
Seat 6: MaikonAll (button) folded before Flop (didn't bet)



PokerStars Hand #254506272917:  Hold'em No Limit ($0.50/$1.00 USD) - 2025/01/22 21:42:22 WET [2025/01/22 16:42:22 ET]
Table 'Limburgia IV' 6-max Seat #1 is the button
Seat 5: I TAKE IT 85 ($100 in chips) is sitting out
Seat 1: ImaPeppaPig ($133.62 in chips) 
Seat 2: p0pa4poker ($100.50 in chips) 
Seat 3: kel3vr4_23 ($51.08 in chips) 
Seat 4: BumHuntKing ($100 in chips) 
Seat 6: MaikonAll ($101.23 in chips) 
p0pa4poker: posts small blind $0.50
kel3vr4_23: posts big blind $1
I TAKE IT 85: sits out 
*** HOLE CARDS ***
BumHuntKing: folds 
MaikonAll: folds 
ImaPeppaPig: folds 
p0pa4poker: folds 
Uncalled bet ($0.50) returned to kel3vr4_23
kel3vr4_23 collected $1 from pot
kel3vr4_23: doesn't show hand 
*** SUMMARY ***
Total pot $1 | Rake $0 
Seat 5: I TAKE IT 85
Seat 1: ImaPeppaPig (button) folded before Flop (didn't bet)
Seat 2: p0pa4poker (small blind) folded before Flop
Seat 3: kel3vr4_23 (big blind) collected ($1)
Seat 4: BumHuntKing folded before Flop (didn't bet)
Seat 6: MaikonAll folded before Flop (didn't bet)



PokerStars Hand #254506275413:  Hold'em No Limit ($0.50/$1.00 USD) - 2025/01/22 21:42:31 WET [2025/01/22 16:42:31 ET]
Table 'Limburgia IV' 6-max Seat #2 is the button
Seat 5: I TAKE IT 85 ($100 in chips) is sitting out
Seat 1: ImaPeppaPig ($133.62 in chips) 
Seat 2: p0pa4poker ($100 in chips) 
Seat 3: kel3vr4_23 ($51.58 in chips) 
Seat 4: BumHuntKing ($100 in chips) 
Seat 6: MaikonAll ($101.23 in chips) 
kel3vr4_23: posts small blind $0.50
BumHuntKing: posts big blind $1
I TAKE IT 85: sits out 
*** HOLE CARDS ***
MaikonAll: folds 
ImaPeppaPig: folds 
p0pa4poker: folds 
kel3vr4_23: folds 
Uncalled bet ($0.50) returned to BumHuntKing
BumHuntKing collected $1 from pot
BumHuntKing: doesn't show hand 
*** SUMMARY ***
Total pot $1 | Rake $0 
Seat 5: I TAKE IT 85
Seat 1: ImaPeppaPig folded before Flop (didn't bet)
Seat 2: p0pa4poker (button) folded before Flop (didn't bet)
Seat 3: kel3vr4_23 (small blind) folded before Flop
Seat 4: BumHuntKing (big blind) collected ($1)
Seat 6: MaikonAll folded before Flop (didn't bet)



PokerStars Hand #254506279465:  Hold'em No Limit ($0.50/$1.00 USD) - 2025/01/22 21:42:45 WET [2025/01/22 16:42:45 ET]
Table 'Limburgia IV' 6-max Seat #3 is the button
Seat 1: ImaPeppaPig ($133.62 in chips) 
Seat 2: p0pa4poker ($100 in chips) 
Seat 3: kel3vr4_23 ($51.08 in chips) 
Seat 4: BumHuntKing ($100.50 in chips) 
Seat 5: I TAKE IT 85 ($100 in chips) 
Seat 6: MaikonAll ($101.23 in chips) 
BumHuntKing: posts small blind $0.50
I TAKE IT 85: posts big blind $1
*** HOLE CARDS ***
MaikonAll: folds 
ImaPeppaPig: raises $1.50 to $2.50
p0pa4poker: folds 
kel3vr4_23: folds 
BumHuntKing: folds 
I TAKE IT 85: folds 
Uncalled bet ($1.50) returned to ImaPeppaPig
ImaPeppaPig collected $2.50 from pot
ImaPeppaPig: doesn't show hand 
*** SUMMARY ***
Total pot $2.50 | Rake $0 
Seat 1: ImaPeppaPig collected ($2.50)
Seat 2: p0pa4poker folded before Flop (didn't bet)
Seat 3: kel3vr4_23 (button) folded before Flop (didn't bet)
Seat 4: BumHuntKing (small blind) folded before Flop
Seat 5: I TAKE IT 85 (big blind) folded before Flop
Seat 6: MaikonAll folded before Flop (didn't bet)



PokerStars Hand #254506284244:  Hold'em No Limit ($0.50/$1.00 USD) - 2025/01/22 21:43:02 WET [2025/01/22 16:43:02 ET]
Table 'Limburgia IV' 6-max Seat #4 is the button
Seat 6: MaikonAll ($101.23 in chips) is sitting out
Seat 1: ImaPeppaPig ($135.12 in chips) 
Seat 2: p0pa4poker ($100 in chips) 
Seat 3: kel3vr4_23 ($51.08 in chips) 
Seat 4: BumHuntKing ($100 in chips) 
Seat 5: I TAKE IT 85 ($100 in chips) 
I TAKE IT 85: posts small blind $0.50
MaikonAll: is sitting out 
ImaPeppaPig: posts big blind $1
*** HOLE CARDS ***
MaikonAll leaves the table
p0pa4poker: raises $1 to $2
kel3vr4_23: folds 
kvcsszblcs joins the table at seat #6 
BumHuntKing: folds 
BumHuntKing leaves the table
I TAKE IT 85: folds 
ImaPeppaPig: calls $1
*** FLOP *** [4d Js Qh]
ImaPeppaPig: checks 
p0pa4poker: bets $2.14
Iseedora joins the table at seat #4 
ImaPeppaPig: calls $2.14
*** TURN *** [4d Js Qh] [3h]
ImaPeppaPig: checks 
p0pa4poker: bets $12
ImaPeppaPig: calls $12
*** RIVER *** [4d Js Qh 3h] [Jc]
ImaPeppaPig: checks 
p0pa4poker: checks 
*** SHOW DOWN ***
ImaPeppaPig: shows [Qs Ah] (two pair, Queens and Jacks)
p0pa4poker: mucks hand 
ImaPeppaPig collected $31.14 from pot
*** SUMMARY ***
Total pot $32.78 | Rake $1.64 
Board [4d Js Qh 3h Jc]
Seat 6: MaikonAll
Seat 1: ImaPeppaPig (big blind) showed [Qs Ah] and won ($31.14) with two pair, Queens and Jacks
Seat 2: p0pa4poker mucked
Seat 3: kel3vr4_23 folded before Flop (didn't bet)
Seat 4: BumHuntKing (button) folded before Flop (didn't bet)
Seat 5: I TAKE IT 85 (small blind) folded before Flop



PokerStars Hand #254506300327:  Hold'em No Limit ($0.50/$1.00 USD) - 2025/01/22 21:43:58 WET [2025/01/22 16:43:58 ET]
Table 'Limburgia IV' 6-max Seat #5 is the button
Seat 4: Iseedora ($100 in chips) is sitting out
Seat 6: kvcsszblcs ($100 in chips) is sitting out
Seat 1: ImaPeppaPig ($150.12 in chips) 
Seat 2: p0pa4poker ($100 in chips) 
Seat 3: kel3vr4_23 ($51.08 in chips) 
Seat 5: I TAKE IT 85 ($100 in chips) 
ImaPeppaPig: posts small blind $0.50
p0pa4poker: posts big blind $1
Iseedora: sits out 
*** HOLE CARDS ***
kel3vr4_23: folds 
I TAKE IT 85: folds 
ImaPeppaPig: folds 
Uncalled bet ($0.50) returned to p0pa4poker
p0pa4poker collected $1 from pot
p0pa4poker: doesn't show hand 
*** SUMMARY ***
Total pot $1 | Rake $0 
Seat 4: Iseedora
Seat 6: kvcsszblcs
Seat 1: ImaPeppaPig (small blind) folded before Flop
Seat 2: p0pa4poker (big blind) collected ($1)
Seat 3: kel3vr4_23 folded before Flop (didn't bet)
Seat 5: I TAKE IT 85 (button) folded before Flop (didn't bet)



PokerStars Hand #254506302591:  Hold'em No Limit ($0.50/$1.00 USD) - 2025/01/22 21:44:06 WET [2025/01/22 16:44:06 ET]
Table 'Limburgia IV' 6-max Seat #1 is the button
Seat 4: Iseedora ($100 in chips) is sitting out
Seat 6: kvcsszblcs ($100 in chips) is sitting out
Seat 1: ImaPeppaPig ($149.62 in chips) 
Seat 2: p0pa4poker ($100.50 in chips) 
Seat 3: kel3vr4_23 ($51.08 in chips) 
Seat 5: I TAKE IT 85 ($100 in chips) 
p0pa4poker: posts small blind $0.50
kel3vr4_23: posts big blind $1
Iseedora: sits out 
kvcsszblcs: sits out 
*** HOLE CARDS ***
I TAKE IT 85: folds 
ImaPeppaPig: raises $1.50 to $2.50
p0pa4poker: folds 
kel3vr4_23: folds 
Uncalled bet ($1.50) returned to ImaPeppaPig
ImaPeppaPig collected $2.50 from pot
ImaPeppaPig: doesn't show hand 
*** SUMMARY ***
Total pot $2.50 | Rake $0 
Seat 4: Iseedora
Seat 6: kvcsszblcs
Seat 1: ImaPeppaPig (button) collected ($2.50)
Seat 2: p0pa4poker (small blind) folded before Flop
Seat 3: kel3vr4_23 (big blind) folded before Flop
Seat 5: I TAKE IT 85 folded before Flop (didn't bet)



PokerStars Hand #254506307150:  Hold'em No Limit ($0.50/$1.00 USD) - 2025/01/22 21:44:22 WET [2025/01/22 16:44:22 ET]
Table 'Limburgia IV' 6-max Seat #2 is the button
Seat 6: kvcsszblcs ($100 in chips) is sitting out
Seat 1: ImaPeppaPig ($151.12 in chips) 
Seat 2: p0pa4poker ($100 in chips) 
Seat 3: kel3vr4_23 ($50.08 in chips) 
Seat 4: Iseedora ($100 in chips) 
Seat 5: I TAKE IT 85 ($100 in chips) 
kel3vr4_23: posts small blind $0.50
Iseedora: posts big blind $1
kvcsszblcs: sits out 
*** HOLE CARDS ***
I TAKE IT 85: folds 
ImaPeppaPig: folds 
p0pa4poker: raises $1.50 to $2.50
kel3vr4_23: folds 
Iseedora: calls $1.50
*** FLOP *** [Jh Ah 4s]
Iseedora: checks 
p0pa4poker: bets $6.53
Iseedora: folds 
Uncalled bet ($6.53) returned to p0pa4poker
p0pa4poker collected $5.22 from pot
p0pa4poker: doesn't show hand 
*** SUMMARY ***
Total pot $5.50 | Rake $0.28 
Board [Jh Ah 4s]
Seat 6: kvcsszblcs
Seat 1: ImaPeppaPig folded before Flop (didn't bet)
Seat 2: p0pa4poker (button) collected ($5.22)
Seat 3: kel3vr4_23 (small blind) folded before Flop
Seat 4: Iseedora (big blind) folded on the Flop
Seat 5: I TAKE IT 85 folded before Flop (didn't bet)



PokerStars Hand #254506319154:  Hold'em No Limit ($0.50/$1.00 USD) - 2025/01/22 21:45:03 WET [2025/01/22 16:45:03 ET]
Table 'Limburgia IV' 6-max Seat #3 is the button
Seat 6: kvcsszblcs ($100 in chips) is sitting out
Seat 1: ImaPeppaPig ($151.12 in chips) 
Seat 2: p0pa4poker ($102.72 in chips) 
Seat 3: kel3vr4_23 ($49.58 in chips) 
Seat 4: Iseedora ($100 in chips) 
Seat 5: I TAKE IT 85 ($100 in chips) 
Iseedora: posts small blind $0.50
I TAKE IT 85: posts big blind $1
kvcsszblcs: sits out 
*** HOLE CARDS ***
ImaPeppaPig: folds 
p0pa4poker: folds 
kel3vr4_23: raises $1 to $2
Iseedora: folds 
I TAKE IT 85: folds 
Uncalled bet ($1) returned to kel3vr4_23
kel3vr4_23 collected $2.50 from pot
kel3vr4_23: doesn't show hand 
*** SUMMARY ***
Total pot $2.50 | Rake $0 
Seat 6: kvcsszblcs
Seat 1: ImaPeppaPig folded before Flop (didn't bet)
Seat 2: p0pa4poker folded before Flop (didn't bet)
Seat 3: kel3vr4_23 (button) collected ($2.50)
Seat 4: Iseedora (small blind) folded before Flop
Seat 5: I TAKE IT 85 (big blind) folded before Flop



PokerStars Hand #254506324346:  Hold'em No Limit ($0.50/$1.00 USD) - 2025/01/22 21:45:21 WET [2025/01/22 16:45:21 ET]
Table 'Limburgia IV' 6-max Seat #4 is the button
Seat 1: ImaPeppaPig ($151.12 in chips) 
Seat 2: p0pa4poker ($102.72 in chips) 
Seat 3: kel3vr4_23 ($51.08 in chips) 
Seat 4: Iseedora ($100 in chips) 
Seat 5: I TAKE IT 85 ($100 in chips) 
Seat 6: kvcsszblcs ($100 in chips) 
I TAKE IT 85: posts small blind $0.50
kvcsszblcs: posts big blind $1
*** HOLE CARDS ***
ImaPeppaPig: folds 
p0pa4poker: folds 
kel3vr4_23: raises $1 to $2
Iseedora: raises $4.50 to $6.50
I TAKE IT 85: folds 
kvcsszblcs: folds 
kel3vr4_23: folds 
Uncalled bet ($4.50) returned to Iseedora
Iseedora collected $5.50 from pot
Iseedora: doesn't show hand 
*** SUMMARY ***
Total pot $5.50 | Rake $0 
Seat 1: ImaPeppaPig folded before Flop (didn't bet)
Seat 2: p0pa4poker folded before Flop (didn't bet)
Seat 3: kel3vr4_23 folded before Flop
Seat 4: Iseedora (button) collected ($5.50)
Seat 5: I TAKE IT 85 (small blind) folded before Flop
Seat 6: kvcsszblcs (big blind) folded before Flop



PokerStars Hand #254506332070:  Hold'em No Limit ($0.50/$1.00 USD) - 2025/01/22 21:45:48 WET [2025/01/22 16:45:48 ET]
Table 'Limburgia IV' 6-max Seat #5 is the button
Seat 1: ImaPeppaPig ($151.12 in chips) 
Seat 2: p0pa4poker ($102.72 in chips) 
Seat 3: kel3vr4_23 ($49.08 in chips) 
Seat 4: Iseedora ($103.50 in chips) 
Seat 5: I TAKE IT 85 ($100 in chips) 
Seat 6: kvcsszblcs ($100 in chips) 
kvcsszblcs: posts small blind $0.50
ImaPeppaPig: posts big blind $1
*** HOLE CARDS ***
p0pa4poker has timed out
p0pa4poker: folds 
kel3vr4_23: folds 
Iseedora: folds 
I TAKE IT 85: raises $1.05 to $2.05
kvcsszblcs: folds 
ImaPeppaPig: raises $9.95 to $12
I TAKE IT 85: folds 
Uncalled bet ($9.95) returned to ImaPeppaPig
ImaPeppaPig collected $4.60 from pot
ImaPeppaPig: doesn't show hand 
*** SUMMARY ***
Total pot $4.60 | Rake $0 
Seat 1: ImaPeppaPig (big blind) collected ($4.60)
Seat 2: p0pa4poker folded before Flop (didn't bet)
Seat 3: kel3vr4_23 folded before Flop (didn't bet)
Seat 4: Iseedora folded before Flop (didn't bet)
Seat 5: I TAKE IT 85 (button) folded before Flop
Seat 6: kvcsszblcs (small blind) folded before Flop



PokerStars Hand #254506340596:  Hold'em No Limit ($0.50/$1.00 USD) - 2025/01/22 21:46:18 WET [2025/01/22 16:46:18 ET]
Table 'Limburgia IV' 6-max Seat #6 is the button
Seat 1: ImaPeppaPig ($153.67 in chips) 
Seat 2: p0pa4poker ($102.72 in chips) 
Seat 3: kel3vr4_23 ($49.08 in chips) 
Seat 4: Iseedora ($103.50 in chips) 
Seat 5: I TAKE IT 85 ($100 in chips) 
Seat 6: kvcsszblcs ($100 in chips) 
ImaPeppaPig: posts small blind $0.50
p0pa4poker: posts big blind $1
*** HOLE CARDS ***
kel3vr4_23: raises $1 to $2
Iseedora: folds 
I TAKE IT 85: raises $4 to $6
kvcsszblcs: folds 
ImaPeppaPig: folds 
p0pa4poker: folds 
kel3vr4_23: calls $4
*** FLOP *** [6h Jh 4s]
kel3vr4_23: checks 
I TAKE IT 85: checks 
*** TURN *** [6h Jh 4s] [Qs]
kel3vr4_23: bets $4
I TAKE IT 85: calls $4
*** RIVER *** [6h Jh 4s Qs] [5s]
kel3vr4_23: checks 
I TAKE IT 85: bets $14.29
kel3vr4_23: folds 
Uncalled bet ($14.29) returned to I TAKE IT 85
I TAKE IT 85 collected $20.42 from pot
I TAKE IT 85: doesn't show hand 
*** SUMMARY ***
Total pot $21.50 | Rake $1.08 
Board [6h Jh 4s Qs 5s]
Seat 1: ImaPeppaPig (small blind) folded before Flop
Seat 2: p0pa4poker (big blind) folded before Flop
Seat 3: kel3vr4_23 folded on the River
Seat 4: Iseedora folded before Flop (didn't bet)
Seat 5: I TAKE IT 85 collected ($20.42)
Seat 6: kvcsszblcs (button) folded before Flop (didn't bet)



PokerStars Hand #254506356970:  Hold'em No Limit ($0.50/$1.00 USD) - 2025/01/22 21:47:16 WET [2025/01/22 16:47:16 ET]
Table 'Limburgia IV' 6-max Seat #1 is the button
Seat 1: ImaPeppaPig ($153.17 in chips) 
Seat 2: p0pa4poker ($101.72 in chips) 
Seat 3: kel3vr4_23 ($39.08 in chips) 
Seat 4: Iseedora ($103.50 in chips) 
Seat 5: I TAKE IT 85 ($110.42 in chips) 
Seat 6: kvcsszblcs ($100 in chips) 
p0pa4poker: posts small blind $0.50
kel3vr4_23: posts big blind $1
*** HOLE CARDS ***
Iseedora: folds 
I TAKE IT 85: folds 
kvcsszblcs: folds 
ImaPeppaPig: raises $1.50 to $2.50
p0pa4poker: folds 
kel3vr4_23: folds 
Uncalled bet ($1.50) returned to ImaPeppaPig
ImaPeppaPig collected $2.50 from pot
ImaPeppaPig: doesn't show hand 
*** SUMMARY ***
Total pot $2.50 | Rake $0 
Seat 1: ImaPeppaPig (button) collected ($2.50)
Seat 2: p0pa4poker (small blind) folded before Flop
Seat 3: kel3vr4_23 (big blind) folded before Flop
Seat 4: Iseedora folded before Flop (didn't bet)
Seat 5: I TAKE IT 85 folded before Flop (didn't bet)
Seat 6: kvcsszblcs folded before Flop (didn't bet)



PokerStars Hand #254506361044:  Hold'em No Limit ($0.50/$1.00 USD) - 2025/01/22 21:47:30 WET [2025/01/22 16:47:30 ET]
Table 'Limburgia IV' 6-max Seat #2 is the button
Seat 1: ImaPeppaPig ($154.67 in chips) 
Seat 2: p0pa4poker ($101.22 in chips) 
Seat 3: kel3vr4_23 ($38.08 in chips) 
Seat 4: Iseedora ($103.50 in chips) 
Seat 5: I TAKE IT 85 ($110.42 in chips) 
Seat 6: kvcsszblcs ($100 in chips) 
kel3vr4_23: posts small blind $0.50
Iseedora: posts big blind $1
*** HOLE CARDS ***
I TAKE IT 85: folds 
kvcsszblcs: folds 
ImaPeppaPig: folds 
p0pa4poker: raises $1.50 to $2.50
kel3vr4_23: folds 
Iseedora: folds 
Uncalled bet ($1.50) returned to p0pa4poker
p0pa4poker collected $2.50 from pot
p0pa4poker: doesn't show hand 
*** SUMMARY ***
Total pot $2.50 | Rake $0 
Seat 1: ImaPeppaPig folded before Flop (didn't bet)
Seat 2: p0pa4poker (button) collected ($2.50)
Seat 3: kel3vr4_23 (small blind) folded before Flop
Seat 4: Iseedora (big blind) folded before Flop
Seat 5: I TAKE IT 85 folded before Flop (didn't bet)
Seat 6: kvcsszblcs folded before Flop (didn't bet)



PokerStars Hand #254506367497:  Hold'em No Limit ($0.50/$1.00 USD) - 2025/01/22 21:47:53 WET [2025/01/22 16:47:53 ET]
Table 'Limburgia IV' 6-max Seat #3 is the button
Seat 1: ImaPeppaPig ($154.67 in chips) 
Seat 2: p0pa4poker ($102.72 in chips) 
Seat 3: kel3vr4_23 ($37.58 in chips) 
Seat 4: Iseedora ($102.50 in chips) 
Seat 5: I TAKE IT 85 ($110.42 in chips) 
Seat 6: kvcsszblcs ($100 in chips) 
Iseedora: posts small blind $0.50
I TAKE IT 85: posts big blind $1
*** HOLE CARDS ***
kvcsszblcs: folds 
ImaPeppaPig: folds 
p0pa4poker: raises $1.30 to $2.30
kel3vr4_23: folds 
Iseedora: folds 
I TAKE IT 85: calls $1.30
*** FLOP *** [6d 5h Td]
I TAKE IT 85: checks 
p0pa4poker: checks 
*** TURN *** [6d 5h Td] [8h]
I TAKE IT 85: bets $3.39
p0pa4poker: calls $3.39
*** RIVER *** [6d 5h Td 8h] [9h]
I TAKE IT 85: checks 
p0pa4poker: bets $8.69
I TAKE IT 85: calls $8.69
*** SHOW DOWN ***
p0pa4poker: shows [Ac 8d] (a pair of Eights)
I TAKE IT 85: shows [9d Ts] (two pair, Tens and Nines)
I TAKE IT 85 collected $27.80 from pot
*** SUMMARY ***
Total pot $29.26 | Rake $1.46 
Board [6d 5h Td 8h 9h]
Seat 1: ImaPeppaPig folded before Flop (didn't bet)
Seat 2: p0pa4poker showed [Ac 8d] and lost with a pair of Eights
Seat 3: kel3vr4_23 (button) folded before Flop (didn't bet)
Seat 4: Iseedora (small blind) folded before Flop
Seat 5: I TAKE IT 85 (big blind) showed [9d Ts] and won ($27.80) with two pair, Tens and Nines
Seat 6: kvcsszblcs folded before Flop (didn't bet)



PokerStars Hand #254506390860:  Hold'em No Limit ($0.50/$1.00 USD) - 2025/01/22 21:49:15 WET [2025/01/22 16:49:15 ET]
Table 'Limburgia IV' 6-max Seat #4 is the button
Seat 1: ImaPeppaPig ($154.67 in chips) 
Seat 2: p0pa4poker ($88.34 in chips) 
Seat 3: kel3vr4_23 ($37.58 in chips) 
Seat 4: Iseedora ($102 in chips) 
Seat 5: I TAKE IT 85 ($123.84 in chips) 
Seat 6: kvcsszblcs ($100 in chips) 
I TAKE IT 85: posts small blind $0.50
kvcsszblcs: posts big blind $1
*** HOLE CARDS ***
ImaPeppaPig: folds 
p0pa4poker: folds 
kel3vr4_23: raises $1 to $2
Iseedora: folds 
I TAKE IT 85: folds 
kvcsszblcs: calls $1
*** FLOP *** [3d 9s 3c]
kvcsszblcs: checks 
kel3vr4_23: bets $2
kvcsszblcs: raises $3.31 to $5.31
kel3vr4_23: calls $3.31
*** TURN *** [3d 9s 3c] [6h]
kvcsszblcs: checks 
kel3vr4_23: checks 
*** RIVER *** [3d 9s 3c 6h] [5d]
kvcsszblcs: bets $3.59
kel3vr4_23: folds 
Uncalled bet ($3.59) returned to kvcsszblcs
kvcsszblcs collected $14.36 from pot
kvcsszblcs: doesn't show hand 
*** SUMMARY ***
Total pot $15.12 | Rake $0.76 
Board [3d 9s 3c 6h 5d]
Seat 1: ImaPeppaPig folded before Flop (didn't bet)
Seat 2: p0pa4poker folded before Flop (didn't bet)
Seat 3: kel3vr4_23 folded on the River
Seat 4: Iseedora (button) folded before Flop (didn't bet)
Seat 5: I TAKE IT 85 (small blind) folded before Flop
Seat 6: kvcsszblcs (big blind) collected ($14.36)



PokerStars Hand #254506412298:  Hold'em No Limit ($0.50/$1.00 USD) - 2025/01/22 21:50:31 WET [2025/01/22 16:50:31 ET]
Table 'Limburgia IV' 6-max Seat #5 is the button
Seat 1: ImaPeppaPig ($154.67 in chips) 
Seat 2: p0pa4poker ($100 in chips) 
Seat 3: kel3vr4_23 ($30.27 in chips) 
Seat 4: Iseedora ($102 in chips) 
Seat 5: I TAKE IT 85 ($123.34 in chips) 
Seat 6: kvcsszblcs ($107.05 in chips) 
kvcsszblcs: posts small blind $0.50
ImaPeppaPig: posts big blind $1
*** HOLE CARDS ***
p0pa4poker: folds 
kel3vr4_23: raises $1 to $2
Iseedora: folds 
I TAKE IT 85: folds 
kvcsszblcs: folds 
ImaPeppaPig: calls $1
*** FLOP *** [Ah 7c 8h]
ImaPeppaPig: checks 
kel3vr4_23: checks 
*** TURN *** [Ah 7c 8h] [7s]
ImaPeppaPig: checks 
kel3vr4_23: bets $2
ImaPeppaPig: calls $2
*** RIVER *** [Ah 7c 8h 7s] [Qd]
ImaPeppaPig: checks 
kel3vr4_23: checks 
*** SHOW DOWN ***
ImaPeppaPig: shows [Th Kh] (a pair of Sevens)
kel3vr4_23: shows [5h 5c] (two pair, Sevens and Fives)
kel3vr4_23 collected $8.08 from pot
*** SUMMARY ***
Total pot $8.50 | Rake $0.42 
Board [Ah 7c 8h 7s Qd]
Seat 1: ImaPeppaPig (big blind) showed [Th Kh] and lost with a pair of Sevens
Seat 2: p0pa4poker folded before Flop (didn't bet)
Seat 3: kel3vr4_23 showed [5h 5c] and won ($8.08) with two pair, Sevens and Fives
Seat 4: Iseedora folded before Flop (didn't bet)
Seat 5: I TAKE IT 85 (button) folded before Flop (didn't bet)
Seat 6: kvcsszblcs (small blind) folded before Flop



PokerStars Hand #254506421490:  Hold'em No Limit ($0.50/$1.00 USD) - 2025/01/22 21:51:04 WET [2025/01/22 16:51:04 ET]
Table 'Limburgia IV' 6-max Seat #6 is the button
Seat 1: ImaPeppaPig ($150.67 in chips) 
Seat 2: p0pa4poker ($100 in chips) 
Seat 3: kel3vr4_23 ($34.35 in chips) 
Seat 4: Iseedora ($102 in chips) 
Seat 5: I TAKE IT 85 ($123.34 in chips) 
Seat 6: kvcsszblcs ($106.55 in chips) 
ImaPeppaPig: posts small blind $0.50
p0pa4poker: posts big blind $1
*** HOLE CARDS ***
kel3vr4_23: folds 
Iseedora: folds 
I TAKE IT 85: raises $1.05 to $2.05
kvcsszblcs: folds 
ImaPeppaPig: folds 
p0pa4poker: calls $1.05
*** FLOP *** [6s 2d Ts]
p0pa4poker: checks 
I TAKE IT 85: checks 
*** TURN *** [6s 2d Ts] [4s]
p0pa4poker has timed out
p0pa4poker: checks 
I TAKE IT 85: bets $3.06
p0pa4poker: raises $7.94 to $11
I TAKE IT 85: folds 
Uncalled bet ($7.94) returned to p0pa4poker
p0pa4poker collected $10.18 from pot
p0pa4poker: doesn't show hand 
*** SUMMARY ***
Total pot $10.72 | Rake $0.54 
Board [6s 2d Ts 4s]
Seat 1: ImaPeppaPig (small blind) folded before Flop
Seat 2: p0pa4poker (big blind) collected ($10.18)
Seat 3: kel3vr4_23 folded before Flop (didn't bet)
Seat 4: Iseedora folded before Flop (didn't bet)
Seat 5: I TAKE IT 85 folded on the Turn
Seat 6: kvcsszblcs (button) folded before Flop (didn't bet)



PokerStars Hand #254506446496:  Hold'em No Limit ($0.50/$1.00 USD) - 2025/01/22 21:52:33 WET [2025/01/22 16:52:33 ET]
Table 'Limburgia IV' 6-max Seat #1 is the button
Seat 1: ImaPeppaPig ($150.17 in chips) 
Seat 2: p0pa4poker ($105.07 in chips) 
Seat 3: kel3vr4_23 ($34.35 in chips) 
Seat 4: Iseedora ($102 in chips) 
Seat 5: I TAKE IT 85 ($118.23 in chips) 
Seat 6: kvcsszblcs ($106.55 in chips) 
p0pa4poker: posts small blind $0.50
kel3vr4_23: posts big blind $1
*** HOLE CARDS ***
Iseedora: folds 
I TAKE IT 85: raises $1.05 to $2.05
kvcsszblcs: folds 
ImaPeppaPig: folds 
p0pa4poker: raises $7.95 to $10
kel3vr4_23: folds 
I TAKE IT 85: folds 
Uncalled bet ($7.95) returned to p0pa4poker
p0pa4poker collected $5.10 from pot
p0pa4poker: doesn't show hand 
*** SUMMARY ***
Total pot $5.10 | Rake $0 
Seat 1: ImaPeppaPig (button) folded before Flop (didn't bet)
Seat 2: p0pa4poker (small blind) collected ($5.10)
Seat 3: kel3vr4_23 (big blind) folded before Flop
Seat 4: Iseedora folded before Flop (didn't bet)
Seat 5: I TAKE IT 85 folded before Flop
Seat 6: kvcsszblcs folded before Flop (didn't bet)



PokerStars Hand #254506454848:  Hold'em No Limit ($0.50/$1.00 USD) - 2025/01/22 21:53:03 WET [2025/01/22 16:53:03 ET]
Table 'Limburgia IV' 6-max Seat #2 is the button
Seat 1: ImaPeppaPig ($150.17 in chips) 
Seat 2: p0pa4poker ($108.12 in chips) 
Seat 3: kel3vr4_23 ($33.35 in chips) 
Seat 4: Iseedora ($102 in chips) 
Seat 5: I TAKE IT 85 ($116.18 in chips) 
Seat 6: kvcsszblcs ($106.55 in chips) 
kel3vr4_23: posts small blind $0.50
Iseedora: posts big blind $1
*** HOLE CARDS ***
I TAKE IT 85: raises $1.05 to $2.05
kvcsszblcs: folds 
ImaPeppaPig: folds 
p0pa4poker: folds 
kel3vr4_23: raises $3.95 to $6
Iseedora: folds 
I TAKE IT 85: calls $3.95
*** FLOP *** [Ts 3h 7s]
kel3vr4_23: bets $6
I TAKE IT 85: calls $6
*** TURN *** [Ts 3h 7s] [5s]
kel3vr4_23: bets $10
I TAKE IT 85: raises $30 to $40
kel3vr4_23: calls $11.35 and is all-in
Uncalled bet ($18.65) returned to I TAKE IT 85
*** RIVER *** [Ts 3h 7s 5s] [3s]
*** SHOW DOWN ***
kel3vr4_23: shows [As Kd] (a flush, Ace high)
I TAKE IT 85: shows [7h 7c] (a full house, Sevens full of Threes)
I TAKE IT 85 collected $65.20 from pot
*** SUMMARY ***
Total pot $67.70 | Rake $2.50 
Board [Ts 3h 7s 5s 3s]
Seat 1: ImaPeppaPig folded before Flop (didn't bet)
Seat 2: p0pa4poker (button) folded before Flop (didn't bet)
Seat 3: kel3vr4_23 (small blind) showed [As Kd] and lost with a flush, Ace high
Seat 4: Iseedora (big blind) folded before Flop
Seat 5: I TAKE IT 85 showed [7h 7c] and won ($65.20) with a full house, Sevens full of Threes
Seat 6: kvcsszblcs folded before Flop (didn't bet)



PokerStars Hand #254506468517:  Hold'em No Limit ($0.50/$1.00 USD) - 2025/01/22 21:53:53 WET [2025/01/22 16:53:53 ET]
Table 'Limburgia IV' 6-max Seat #4 is the button
Seat 3: kel3vr4_23 ($0 in chips) is sitting out
Seat 1: ImaPeppaPig ($150.17 in chips) 
Seat 2: p0pa4poker ($108.12 in chips) 
Seat 4: Iseedora ($101 in chips) 
Seat 5: I TAKE IT 85 ($148.03 in chips) 
Seat 6: kvcsszblcs ($106.55 in chips) 
I TAKE IT 85: posts small blind $0.50
kvcsszblcs: posts big blind $1
*** HOLE CARDS ***
ImaPeppaPig: raises $1.50 to $2.50
p0pa4poker: folds 
Iseedora: folds 
kel3vr4_23 leaves the table
I TAKE IT 85: folds 
kvcsszblcs: folds 
Uncalled bet ($1.50) returned to ImaPeppaPig
ImaPeppaPig collected $2.50 from pot
ImaPeppaPig: doesn't show hand 
*** SUMMARY ***
Total pot $2.50 | Rake $0 
Seat 3: kel3vr4_23
Seat 1: ImaPeppaPig collected ($2.50)
Seat 2: p0pa4poker folded before Flop (didn't bet)
Seat 4: Iseedora (button) folded before Flop (didn't bet)
Seat 5: I TAKE IT 85 (small blind) folded before Flop
Seat 6: kvcsszblcs (big blind) folded before Flop



PokerStars Hand #254506472098:  Hold'em No Limit ($0.50/$1.00 USD) - 2025/01/22 21:54:06 WET [2025/01/22 16:54:06 ET]
Table 'Limburgia IV' 6-max Seat #5 is the button
Seat 1: ImaPeppaPig ($151.67 in chips) 
Seat 2: p0pa4poker ($108.12 in chips) 
Seat 4: Iseedora ($101 in chips) 
Seat 5: I TAKE IT 85 ($147.53 in chips) 
Seat 6: kvcsszblcs ($105.55 in chips) 
kvcsszblcs: posts small blind $0.50
ImaPeppaPig: posts big blind $1
*** HOLE CARDS ***
p0pa4poker: folds 
Iseedora: folds 
I TAKE IT 85: folds 
kvcsszblcs: folds 
Uncalled bet ($0.50) returned to ImaPeppaPig
ImaPeppaPig collected $1 from pot
ImaPeppaPig: doesn't show hand 
*** SUMMARY ***
Total pot $1 | Rake $0 
Seat 1: ImaPeppaPig (big blind) collected ($1)
Seat 2: p0pa4poker folded before Flop (didn't bet)
Seat 4: Iseedora folded before Flop (didn't bet)
Seat 5: I TAKE IT 85 (button) folded before Flop (didn't bet)
Seat 6: kvcsszblcs (small blind) folded before Flop



PokerStars Hand #254506476709:  Hold'em No Limit ($0.50/$1.00 USD) - 2025/01/22 21:54:22 WET [2025/01/22 16:54:22 ET]
Table 'Limburgia IV' 6-max Seat #6 is the button
Seat 1: ImaPeppaPig ($152.17 in chips) 
Seat 2: p0pa4poker ($108.12 in chips) 
Seat 4: Iseedora ($101 in chips) 
Seat 5: I TAKE IT 85 ($147.53 in chips) 
Seat 6: kvcsszblcs ($105.05 in chips) 
ImaPeppaPig: posts small blind $0.50
p0pa4poker: posts big blind $1
*** HOLE CARDS ***
Iseedora: folds 
I TAKE IT 85: raises $1.05 to $2.05
kvcsszblcs: raises $5.45 to $7.50
ImaPeppaPig: folds 
p0pa4poker: folds 
I TAKE IT 85: folds 
Uncalled bet ($5.45) returned to kvcsszblcs
kvcsszblcs collected $5.60 from pot
kvcsszblcs: doesn't show hand 
*** SUMMARY ***
Total pot $5.60 | Rake $0 
Seat 1: ImaPeppaPig (small blind) folded before Flop
Seat 2: p0pa4poker (big blind) folded before Flop
Seat 4: Iseedora folded before Flop (didn't bet)
Seat 5: I TAKE IT 85 folded before Flop
Seat 6: kvcsszblcs (button) collected ($5.60)



PokerStars Hand #254506483367:  Hold'em No Limit ($0.50/$1.00 USD) - 2025/01/22 21:54:46 WET [2025/01/22 16:54:46 ET]
Table 'Limburgia IV' 6-max Seat #1 is the button
Seat 4: Iseedora ($101 in chips) is sitting out
Seat 5: I TAKE IT 85 ($145.48 in chips) is sitting out
Seat 1: ImaPeppaPig ($151.67 in chips) 
Seat 2: p0pa4poker ($107.12 in chips) 
Seat 6: kvcsszblcs ($108.60 in chips) 
p0pa4poker: posts small blind $0.50
Iseedora: is sitting out 
Iseedora leaves the table
I TAKE IT 85: is sitting out 
kvcsszblcs: posts big blind $1
*** HOLE CARDS ***
ImaPeppaPig: folds 
I TAKE IT 85 leaves the table
p0pa4poker: folds 
Uncalled bet ($0.50) returned to kvcsszblcs
kvcsszblcs collected $1 from pot
kvcsszblcs: doesn't show hand 
*** SUMMARY ***
Total pot $1 | Rake $0 
Seat 4: Iseedora
Seat 5: I TAKE IT 85
Seat 1: ImaPeppaPig (button) folded before Flop (didn't bet)
Seat 2: p0pa4poker (small blind) folded before Flop
Seat 6: kvcsszblcs (big blind) collected ($1)



PokerStars Hand #254506485522:  Hold'em No Limit ($0.50/$1.00 USD) - 2025/01/22 21:54:54 WET [2025/01/22 16:54:54 ET]
Table 'Limburgia IV' 6-max Seat #2 is the button
Seat 1: ImaPeppaPig ($151.67 in chips) 
Seat 2: p0pa4poker ($106.62 in chips) 
Seat 6: kvcsszblcs ($109.10 in chips) 
kvcsszblcs: posts small blind $0.50
ImaPeppaPig: posts big blind $1
*** HOLE CARDS ***
p0pa4poker: folds 
kvcsszblcs: folds 
Uncalled bet ($0.50) returned to ImaPeppaPig
ImaPeppaPig collected $1 from pot
ImaPeppaPig: doesn't show hand 
*** SUMMARY ***
Total pot $1 | Rake $0 
Seat 1: ImaPeppaPig (big blind) collected ($1)
Seat 2: p0pa4poker (button) folded before Flop (didn't bet)
Seat 6: kvcsszblcs (small blind) folded before Flop



PokerStars Hand #254506487650:  Hold'em No Limit ($0.50/$1.00 USD) - 2025/01/22 21:55:02 WET [2025/01/22 16:55:02 ET]
Table 'Limburgia IV' 6-max Seat #6 is the button
Seat 1: ImaPeppaPig ($152.17 in chips) 
Seat 2: p0pa4poker ($106.62 in chips) 
Seat 6: kvcsszblcs ($108.60 in chips) 
ImaPeppaPig: posts small blind $0.50
p0pa4poker: posts big blind $1
*** HOLE CARDS ***
kvcsszblcs: folds 
ImaPeppaPig: raises $2 to $3
p0pa4poker: raises $7 to $10
ImaPeppaPig: folds 
Uncalled bet ($7) returned to p0pa4poker
p0pa4poker collected $6 from pot
p0pa4poker: doesn't show hand 
kvcsszblcs leaves the table
*** SUMMARY ***
Total pot $6 | Rake $0 
Seat 1: ImaPeppaPig (small blind) folded before Flop
Seat 2: p0pa4poker (big blind) collected ($6)
Seat 6: kvcsszblcs (button) folded before Flop (didn't bet)



PokerStars Hand #254506492109:  Hold'em No Limit ($0.50/$1.00 USD) - 2025/01/22 21:55:20 WET [2025/01/22 16:55:20 ET]
Table 'Limburgia IV' 6-max Seat #2 is the button
Seat 1: ImaPeppaPig ($149.17 in chips) 
Seat 2: p0pa4poker ($109.62 in chips) 
p0pa4poker: posts small blind $0.50
ImaPeppaPig: posts big blind $1
*** HOLE CARDS ***
p0pa4poker: raises $1.50 to $2.50
ImaPeppaPig: calls $1.50
*** FLOP *** [2d 4c Kh]
ImaPeppaPig: checks 
p0pa4poker: bets $1.57
ImaPeppaPig: calls $1.57
*** TURN *** [2d 4c Kh] [Js]
ImaPeppaPig: checks 
p0pa4poker: checks 
*** RIVER *** [2d 4c Kh Js] [Ad]
ImaPeppaPig: checks 
p0pa4poker: bets $5.95
ImaPeppaPig: calls $5.95
*** SHOW DOWN ***
p0pa4poker: shows [Th 7d] (high card Ace)
ImaPeppaPig: shows [3d Kd] (a pair of Kings)
ImaPeppaPig collected $19.04 from pot
*** SUMMARY ***
Total pot $20.04 | Rake $1 
Board [2d 4c Kh Js Ad]
Seat 1: ImaPeppaPig (big blind) showed [3d Kd] and won ($19.04) with a pair of Kings
Seat 2: p0pa4poker (button) (small blind) showed [Th 7d] and lost with high card Ace



PokerStars Hand #254506505009:  Hold'em No Limit ($0.50/$1.00 USD) - 2025/01/22 21:56:23 WET [2025/01/22 16:56:23 ET]
Table 'Limburgia IV' 6-max Seat #1 is the button
Seat 1: ImaPeppaPig ($158.19 in chips) 
Seat 2: p0pa4poker ($99.60 in chips) 
ImaPeppaPig: posts small blind $0.50
p0pa4poker: posts big blind $1
*** HOLE CARDS ***
ImaPeppaPig: folds 
Uncalled bet ($0.50) returned to p0pa4poker
p0pa4poker collected $1 from pot
p0pa4poker: doesn't show hand 
*** SUMMARY ***
Total pot $1 | Rake $0 
Seat 1: ImaPeppaPig (button) (small blind) folded before Flop
Seat 2: p0pa4poker (big blind) collected ($1)



PokerStars Hand #254506506220:  Hold'em No Limit ($0.50/$1.00 USD) - 2025/01/22 21:56:30 WET [2025/01/22 16:56:30 ET]
Table 'Limburgia IV' 6-max Seat #2 is the button
Seat 1: ImaPeppaPig ($157.69 in chips) 
Seat 2: p0pa4poker ($100.10 in chips) 
p0pa4poker: posts small blind $0.50
ImaPeppaPig: posts big blind $1
*** HOLE CARDS ***
Ozymandias912 joins the table at seat #3 
p0pa4poker: raises $1.50 to $2.50
ImaPeppaPig: calls $1.50
*** FLOP *** [Ah 5c 8h]
Ozymandias912 leaves the table
ImaPeppaPig: checks 
p0pa4poker: checks 
*** TURN *** [Ah 5c 8h] [7d]
ImaPeppaPig: checks 
p0pa4poker: bets $3.66
ImaPeppaPig: folds 
Uncalled bet ($3.66) returned to p0pa4poker
p0pa4poker collected $4.75 from pot
p0pa4poker: doesn't show hand 
*** SUMMARY ***
Total pot $5 | Rake $0.25 
Board [Ah 5c 8h 7d]
Seat 1: ImaPeppaPig (big blind) folded on the Turn
Seat 2: p0pa4poker (button) (small blind) collected ($4.75)



PokerStars Hand #254506514444:  Hold'em No Limit ($0.50/$1.00 USD) - 2025/01/22 21:57:10 WET [2025/01/22 16:57:10 ET]
Table 'Limburgia IV' 6-max Seat #1 is the button
Seat 1: ImaPeppaPig ($155.19 in chips) 
Seat 2: p0pa4poker ($102.35 in chips) 
ImaPeppaPig: posts small blind $0.50
p0pa4poker: posts big blind $1
*** HOLE CARDS ***
ImaPeppaPig: raises $1.50 to $2.50
p0pa4poker: raises $7.50 to $10
ImaPeppaPig: folds 
Uncalled bet ($7.50) returned to p0pa4poker
p0pa4poker collected $5 from pot
p0pa4poker: doesn't show hand 
*** SUMMARY ***
Total pot $5 | Rake $0 
Seat 1: ImaPeppaPig (button) (small blind) folded before Flop
Seat 2: p0pa4poker (big blind) collected ($5)



PokerStars Hand #254506517082:  Hold'em No Limit ($0.50/$1.00 USD) - 2025/01/22 21:57:23 WET [2025/01/22 16:57:23 ET]
Table 'Limburgia IV' 6-max Seat #2 is the button
Seat 1: ImaPeppaPig ($152.69 in chips) 
Seat 2: p0pa4poker ($104.85 in chips) 
p0pa4poker: posts small blind $0.50
ImaPeppaPig: posts big blind $1
*** HOLE CARDS ***
p0pa4poker: folds 
Uncalled bet ($0.50) returned to ImaPeppaPig
ImaPeppaPig collected $1 from pot
ImaPeppaPig: doesn't show hand 
*** SUMMARY ***
Total pot $1 | Rake $0 
Seat 1: ImaPeppaPig (big blind) collected ($1)
Seat 2: p0pa4poker (button) (small blind) folded before Flop



PokerStars Hand #254506518476:  Hold'em No Limit ($0.50/$1.00 USD) - 2025/01/22 21:57:29 WET [2025/01/22 16:57:29 ET]
Table 'Limburgia IV' 6-max Seat #1 is the button
Seat 1: ImaPeppaPig ($153.19 in chips) 
Seat 2: p0pa4poker ($104.35 in chips) 
ImaPeppaPig: posts small blind $0.50
p0pa4poker: posts big blind $1
*** HOLE CARDS ***
ImaPeppaPig: raises $1.50 to $2.50
p0pa4poker: folds 
Uncalled bet ($1.50) returned to ImaPeppaPig
ImaPeppaPig collected $2 from pot
ImaPeppaPig: doesn't show hand 
*** SUMMARY ***
Total pot $2 | Rake $0 
Seat 1: ImaPeppaPig (button) (small blind) collected ($2)
Seat 2: p0pa4poker (big blind) folded before Flop



PokerStars Hand #254506520185:  Hold'em No Limit ($0.50/$1.00 USD) - 2025/01/22 21:57:38 WET [2025/01/22 16:57:38 ET]
Table 'Limburgia IV' 6-max Seat #2 is the button
Seat 1: ImaPeppaPig ($154.19 in chips) 
Seat 2: p0pa4poker ($103.35 in chips) 
p0pa4poker: posts small blind $0.50
ImaPeppaPig: posts big blind $1
*** HOLE CARDS ***
p0pa4poker: raises $1.50 to $2.50
ImaPeppaPig: folds 
Uncalled bet ($1.50) returned to p0pa4poker
p0pa4poker collected $2 from pot
p0pa4poker: doesn't show hand 
*** SUMMARY ***
Total pot $2 | Rake $0 
Seat 1: ImaPeppaPig (big blind) folded before Flop
Seat 2: p0pa4poker (button) (small blind) collected ($2)



PokerStars Hand #254506522287:  Hold'em No Limit ($0.50/$1.00 USD) - 2025/01/22 21:57:48 WET [2025/01/22 16:57:48 ET]
Table 'Limburgia IV' 6-max Seat #1 is the button
Seat 1: ImaPeppaPig ($153.19 in chips) 
Seat 2: p0pa4poker ($104.35 in chips) 
ImaPeppaPig: posts small blind $0.50
p0pa4poker: posts big blind $1
*** HOLE CARDS ***
ImaPeppaPig: folds 
Uncalled bet ($0.50) returned to p0pa4poker
p0pa4poker collected $1 from pot
p0pa4poker: doesn't show hand 
*** SUMMARY ***
Total pot $1 | Rake $0 
Seat 1: ImaPeppaPig (button) (small blind) folded before Flop
Seat 2: p0pa4poker (big blind) collected ($1)



PokerStars Hand #254506523571:  Hold'em No Limit ($0.50/$1.00 USD) - 2025/01/22 21:57:54 WET [2025/01/22 16:57:54 ET]
Table 'Limburgia IV' 6-max Seat #2 is the button
Seat 1: ImaPeppaPig ($152.69 in chips) 
Seat 2: p0pa4poker ($104.85 in chips) 
p0pa4poker: posts small blind $0.50
ImaPeppaPig: posts big blind $1
*** HOLE CARDS ***
p0pa4poker: raises $1.50 to $2.50
ImaPeppaPig: raises $9.50 to $12
p0pa4poker: calls $9.50
*** FLOP *** [6d 4h 3d]
ImaPeppaPig: checks 
p0pa4poker: bets $5
ImaPeppaPig: calls $5
*** TURN *** [6d 4h 3d] [8c]
ImaPeppaPig: checks 
p0pa4poker: bets $16.50
ImaPeppaPig: folds 
Uncalled bet ($16.50) returned to p0pa4poker
p0pa4poker collected $33 from pot
p0pa4poker: doesn't show hand 
*** SUMMARY ***
Total pot $34 | Rake $1 
Board [6d 4h 3d 8c]
Seat 1: ImaPeppaPig (big blind) folded on the Turn
Seat 2: p0pa4poker (button) (small blind) collected ($33)



PokerStars Hand #254506531622:  Hold'em No Limit ($0.50/$1.00 USD) - 2025/01/22 21:58:34 WET [2025/01/22 16:58:34 ET]
Table 'Limburgia IV' 6-max Seat #1 is the button
Seat 1: ImaPeppaPig ($135.69 in chips) 
Seat 2: p0pa4poker ($120.85 in chips) 
ImaPeppaPig: posts small blind $0.50
p0pa4poker: posts big blind $1
*** HOLE CARDS ***
ImaPeppaPig: raises $1.50 to $2.50
p0pa4poker: folds 
Uncalled bet ($1.50) returned to ImaPeppaPig
ImaPeppaPig collected $2 from pot
ImaPeppaPig: doesn't show hand 
*** SUMMARY ***
Total pot $2 | Rake $0 
Seat 1: ImaPeppaPig (button) (small blind) collected ($2)
Seat 2: p0pa4poker (big blind) folded before Flop



PokerStars Hand #254506533753:  Hold'em No Limit ($0.50/$1.00 USD) - 2025/01/22 21:58:45 WET [2025/01/22 16:58:45 ET]
Table 'Limburgia IV' 6-max Seat #2 is the button
Seat 1: ImaPeppaPig ($136.69 in chips) 
Seat 2: p0pa4poker ($119.85 in chips) 
p0pa4poker: posts small blind $0.50
ImaPeppaPig: posts big blind $1
*** HOLE CARDS ***
p0pa4poker: raises $1.50 to $2.50
ImaPeppaPig: raises $10.50 to $13
p0pa4poker: calls $10.50
*** FLOP *** [Ts 2d 7h]
ImaPeppaPig: bets $16
p0pa4poker: folds 
Uncalled bet ($16) returned to ImaPeppaPig
ImaPeppaPig collected $25 from pot
ImaPeppaPig: doesn't show hand 
*** SUMMARY ***
Total pot $26 | Rake $1 
Board [Ts 2d 7h]
Seat 1: ImaPeppaPig (big blind) collected ($25)
Seat 2: p0pa4poker (button) (small blind) folded on the Flop



PokerStars Hand #254506540483:  Hold'em No Limit ($0.50/$1.00 USD) - 2025/01/22 21:59:18 WET [2025/01/22 16:59:18 ET]
Table 'Limburgia IV' 6-max Seat #1 is the button
Seat 1: ImaPeppaPig ($148.69 in chips) 
Seat 2: p0pa4poker ($106.85 in chips) 
ImaPeppaPig: posts small blind $0.50
p0pa4poker: posts big blind $1
*** HOLE CARDS ***
ImaPeppaPig: folds 
Uncalled bet ($0.50) returned to p0pa4poker
p0pa4poker collected $1 from pot
p0pa4poker: doesn't show hand 
*** SUMMARY ***
Total pot $1 | Rake $0 
Seat 1: ImaPeppaPig (button) (small blind) folded before Flop
Seat 2: p0pa4poker (big blind) collected ($1)



PokerStars Hand #254506541630:  Hold'em No Limit ($0.50/$1.00 USD) - 2025/01/22 21:59:23 WET [2025/01/22 16:59:23 ET]
Table 'Limburgia IV' 6-max Seat #2 is the button
Seat 1: ImaPeppaPig ($148.19 in chips) 
Seat 2: p0pa4poker ($107.35 in chips) 
p0pa4poker: posts small blind $0.50
ImaPeppaPig: posts big blind $1
*** HOLE CARDS ***
p0pa4poker: raises $1.50 to $2.50
ImaPeppaPig: folds 
Uncalled bet ($1.50) returned to p0pa4poker
p0pa4poker collected $2 from pot
p0pa4poker: doesn't show hand 
*** SUMMARY ***
Total pot $2 | Rake $0 
Seat 1: ImaPeppaPig (big blind) folded before Flop
Seat 2: p0pa4poker (button) (small blind) collected ($2)



PokerStars Hand #254506542994:  Hold'em No Limit ($0.50/$1.00 USD) - 2025/01/22 21:59:30 WET [2025/01/22 16:59:30 ET]
Table 'Limburgia IV' 6-max Seat #1 is the button
Seat 1: ImaPeppaPig ($147.19 in chips) 
Seat 2: p0pa4poker ($108.35 in chips) 
ImaPeppaPig: posts small blind $0.50
p0pa4poker: posts big blind $1
*** HOLE CARDS ***
ImaPeppaPig: raises $1.50 to $2.50
p0pa4poker: raises $9.50 to $12
ImaPeppaPig: folds 
Uncalled bet ($9.50) returned to p0pa4poker
p0pa4poker collected $5 from pot
p0pa4poker: doesn't show hand 
*** SUMMARY ***
Total pot $5 | Rake $0 
Seat 1: ImaPeppaPig (button) (small blind) folded before Flop
Seat 2: p0pa4poker (big blind) collected ($5)



PokerStars Hand #254506546477:  Hold'em No Limit ($0.50/$1.00 USD) - 2025/01/22 21:59:46 WET [2025/01/22 16:59:46 ET]
Table 'Limburgia IV' 6-max Seat #2 is the button
Seat 1: ImaPeppaPig ($144.69 in chips) 
Seat 2: p0pa4poker ($110.85 in chips) 
p0pa4poker: posts small blind $0.50
ImaPeppaPig: posts big blind $1
*** HOLE CARDS ***
p0pa4poker: raises $1.50 to $2.50
ImaPeppaPig: folds 
Uncalled bet ($1.50) returned to p0pa4poker
p0pa4poker collected $2 from pot
p0pa4poker: doesn't show hand 
*** SUMMARY ***
Total pot $2 | Rake $0 
Seat 1: ImaPeppaPig (big blind) folded before Flop
Seat 2: p0pa4poker (button) (small blind) collected ($2)



PokerStars Hand #254506548529:  Hold'em No Limit ($0.50/$1.00 USD) - 2025/01/22 21:59:56 WET [2025/01/22 16:59:56 ET]
Table 'Limburgia IV' 6-max Seat #1 is the button
Seat 1: ImaPeppaPig ($143.69 in chips) 
Seat 2: p0pa4poker ($111.85 in chips) 
ImaPeppaPig: posts small blind $0.50
p0pa4poker: posts big blind $1
*** HOLE CARDS ***
ImaPeppaPig: folds 
Uncalled bet ($0.50) returned to p0pa4poker
p0pa4poker collected $1 from pot
p0pa4poker: doesn't show hand 
*** SUMMARY ***
Total pot $1 | Rake $0 
Seat 1: ImaPeppaPig (button) (small blind) folded before Flop
Seat 2: p0pa4poker (big blind) collected ($1)



