PokerStars Hand #254503202414:  Hold'em No Limit ($0.50/$1.00 USD) - 2025/01/22 19:12:33 WET [2025/01/22 14:12:33 ET]
Table 'Magdalena IV' 6-max Seat #5 is the button
Seat 1: veronika932 ($66 in chips) 
Seat 2: ptolejmus ($10 in chips) 
Seat 3: Poker9803 ($100 in chips) 
Seat 4: blackclan7 ($100 in chips) 
Seat 5: KarP93 ($100 in chips) 
Seat 6: DL1B ($100 in chips) 
DL1B: posts small blind $0.50
veronika932: posts big blind $1
*** HOLE CARDS ***
ptolejmus: folds 
Poker9803: raises $1 to $2
blackclan7: folds 
KarP93: folds 
DL1B: folds 
veronika932: folds 
Uncalled bet ($1) returned to Poker9803
Poker9803 collected $2.50 from pot
Poker9803: doesn't show hand 
*** SUMMARY ***
Total pot $2.50 | Rake $0 
Seat 1: veronika932 (big blind) folded before Flop
Seat 2: ptolejmus folded before Flop (didn't bet)
Seat 3: Poker9803 collected ($2.50)
Seat 4: blackclan7 folded before Flop (didn't bet)
Seat 5: KarP93 (button) folded before Flop (didn't bet)
Seat 6: DL1B (small blind) folded before Flop



PokerStars Hand #254503208991:  Hold'em No Limit ($0.50/$1.00 USD) - 2025/01/22 19:12:56 WET [2025/01/22 14:12:56 ET]
Table 'Magdalena IV' 6-max Seat #6 is the button
Seat 1: veronika932 ($65 in chips) 
Seat 2: ptolejmus ($10 in chips) 
Seat 3: Poker9803 ($101.50 in chips) 
Seat 4: blackclan7 ($100 in chips) 
Seat 5: KarP93 ($100 in chips) 
Seat 6: DL1B ($100 in chips) 
veronika932: posts small blind $0.50
ptolejmus: posts big blind $1
*** HOLE CARDS ***
Poker9803: folds 
blackclan7: folds 
KarP93: folds 
DL1B: raises $2 to $3
veronika932: calls $2.50
ptolejmus: folds 
*** FLOP *** [Tc 7h 3c]
veronika932: bets $6.65
DL1B: raises $14.15 to $20.80
veronika932: raises $41.20 to $62 and is all-in
DL1B: calls $41.20
*** TURN *** [Tc 7h 3c] [Kh]
*** RIVER *** [Tc 7h 3c Kh] [Ks]
*** SHOW DOWN ***
veronika932: shows [Th Td] (a full house, Tens full of Kings)
DL1B: shows [Qc Qd] (two pair, Kings and Queens)
veronika932 collected $128.50 from pot
*** SUMMARY ***
Total pot $131 | Rake $2.50 
Board [Tc 7h 3c Kh Ks]
Seat 1: veronika932 (small blind) showed [Th Td] and won ($128.50) with a full house, Tens full of Kings
Seat 2: ptolejmus (big blind) folded before Flop
Seat 3: Poker9803 folded before Flop (didn't bet)
Seat 4: blackclan7 folded before Flop (didn't bet)
Seat 5: KarP93 folded before Flop (didn't bet)
Seat 6: DL1B (button) showed [Qc Qd] and lost with two pair, Kings and Queens



PokerStars Hand #254503224367:  Hold'em No Limit ($0.50/$1.00 USD) - 2025/01/22 19:13:52 WET [2025/01/22 14:13:52 ET]
Table 'Magdalena IV' 6-max Seat #1 is the button
Seat 1: veronika932 ($128.50 in chips) 
Seat 2: ptolejmus ($10 in chips) 
Seat 3: Poker9803 ($101.50 in chips) 
Seat 4: blackclan7 ($100 in chips) 
Seat 5: KarP93 ($100 in chips) 
Seat 6: DL1B ($100 in chips) 
ptolejmus: posts small blind $0.50
Poker9803: posts big blind $1
*** HOLE CARDS ***
blackclan7: folds 
KarP93: raises $1.50 to $2.50
DL1B: folds 
veronika932: folds 
ptolejmus: folds 
Poker9803: folds 
Uncalled bet ($1.50) returned to KarP93
KarP93 collected $2.50 from pot
KarP93: doesn't show hand 
*** SUMMARY ***
Total pot $2.50 | Rake $0 
Seat 1: veronika932 (button) folded before Flop (didn't bet)
Seat 2: ptolejmus (small blind) folded before Flop
Seat 3: Poker9803 (big blind) folded before Flop
Seat 4: blackclan7 folded before Flop (didn't bet)
Seat 5: KarP93 collected ($2.50)
Seat 6: DL1B folded before Flop (didn't bet)



PokerStars Hand #254503229262:  Hold'em No Limit ($0.50/$1.00 USD) - 2025/01/22 19:14:10 WET [2025/01/22 14:14:10 ET]
Table 'Magdalena IV' 6-max Seat #2 is the button
Seat 1: veronika932 ($128.50 in chips) 
Seat 2: ptolejmus ($10 in chips) 
Seat 3: Poker9803 ($100.50 in chips) 
Seat 4: blackclan7 ($100 in chips) 
Seat 5: KarP93 ($101.50 in chips) 
Seat 6: DL1B ($100 in chips) 
Poker9803: posts small blind $0.50
blackclan7: posts big blind $1
*** HOLE CARDS ***
KarP93: folds 
DL1B: folds 
veronika932: calls $1
ptolejmus: folds 
Poker9803: folds 
blackclan7: checks 
*** FLOP *** [6h 6s 2c]
blackclan7: checks 
veronika932: checks 
*** TURN *** [6h 6s 2c] [Ac]
blackclan7: checks 
veronika932: checks 
*** RIVER *** [6h 6s 2c Ac] [Ks]
blackclan7: bets $1.57
veronika932: folds 
Uncalled bet ($1.57) returned to blackclan7
blackclan7 collected $2.38 from pot
blackclan7: doesn't show hand 
*** SUMMARY ***
Total pot $2.50 | Rake $0.12 
Board [6h 6s 2c Ac Ks]
Seat 1: veronika932 folded on the River
Seat 2: ptolejmus (button) folded before Flop (didn't bet)
Seat 3: Poker9803 (small blind) folded before Flop
Seat 4: blackclan7 (big blind) collected ($2.38)
Seat 5: KarP93 folded before Flop (didn't bet)
Seat 6: DL1B folded before Flop (didn't bet)



PokerStars Hand #254503245798:  Hold'em No Limit ($0.50/$1.00 USD) - 2025/01/22 19:15:08 WET [2025/01/22 14:15:08 ET]
Table 'Magdalena IV' 6-max Seat #3 is the button
Seat 1: veronika932 ($127.50 in chips) 
Seat 2: ptolejmus ($10 in chips) 
Seat 3: Poker9803 ($100 in chips) 
Seat 4: blackclan7 ($101.38 in chips) 
Seat 5: KarP93 ($101.50 in chips) 
Seat 6: DL1B ($100 in chips) 
blackclan7: posts small blind $0.50
KarP93: posts big blind $1
*** HOLE CARDS ***
DL1B: folds 
veronika932: calls $1
ptolejmus: folds 
Poker9803: folds 
blackclan7: calls $0.50
KarP93: checks 
*** FLOP *** [Qs 5d 7d]
blackclan7: checks 
KarP93: checks 
veronika932: checks 
*** TURN *** [Qs 5d 7d] [8s]
blackclan7: checks 
KarP93: checks 
veronika932: checks 
*** RIVER *** [Qs 5d 7d 8s] [Jd]
blackclan7: checks 
KarP93: checks 
veronika932: checks 
*** SHOW DOWN ***
blackclan7: shows [Jh 7h] (two pair, Jacks and Sevens)
KarP93: mucks hand 
veronika932: mucks hand 
blackclan7 collected $2.85 from pot
*** SUMMARY ***
Total pot $3 | Rake $0.15 
Board [Qs 5d 7d 8s Jd]
Seat 1: veronika932 mucked
Seat 2: ptolejmus folded before Flop (didn't bet)
Seat 3: Poker9803 (button) folded before Flop (didn't bet)
Seat 4: blackclan7 (small blind) showed [Jh 7h] and won ($2.85) with two pair, Jacks and Sevens
Seat 5: KarP93 (big blind) mucked
Seat 6: DL1B folded before Flop (didn't bet)



PokerStars Hand #254503269746:  Hold'em No Limit ($0.50/$1.00 USD) - 2025/01/22 19:16:33 WET [2025/01/22 14:16:33 ET]
Table 'Magdalena IV' 6-max Seat #4 is the button
Seat 1: veronika932 ($126.50 in chips) 
Seat 2: ptolejmus ($10 in chips) 
Seat 3: Poker9803 ($100 in chips) 
Seat 4: blackclan7 ($103.23 in chips) 
Seat 5: KarP93 ($100.50 in chips) 
Seat 6: DL1B ($100 in chips) 
KarP93: posts small blind $0.50
DL1B: posts big blind $1
*** HOLE CARDS ***
veronika932: calls $1
ptolejmus: folds 
Poker9803: folds 
blackclan7: folds 
KarP93: raises $4 to $5
DL1B: folds 
veronika932: calls $4
*** FLOP *** [2h 4d 4s]
KarP93: checks 
veronika932: checks 
*** TURN *** [2h 4d 4s] [Ad]
KarP93: checks 
veronika932: checks 
*** RIVER *** [2h 4d 4s Ad] [8h]
KarP93: bets $7.84
veronika932: folds 
Uncalled bet ($7.84) returned to KarP93
KarP93 collected $10.45 from pot
KarP93: doesn't show hand 
*** SUMMARY ***
Total pot $11 | Rake $0.55 
Board [2h 4d 4s Ad 8h]
Seat 1: veronika932 folded on the River
Seat 2: ptolejmus folded before Flop (didn't bet)
Seat 3: Poker9803 folded before Flop (didn't bet)
Seat 4: blackclan7 (button) folded before Flop (didn't bet)
Seat 5: KarP93 (small blind) collected ($10.45)
Seat 6: DL1B (big blind) folded before Flop



PokerStars Hand #254503279683:  Hold'em No Limit ($0.50/$1.00 USD) - 2025/01/22 19:17:09 WET [2025/01/22 14:17:09 ET]
Table 'Magdalena IV' 6-max Seat #5 is the button
Seat 1: veronika932 ($121.50 in chips) 
Seat 2: ptolejmus ($10 in chips) 
Seat 3: Poker9803 ($100 in chips) 
Seat 4: blackclan7 ($103.23 in chips) 
Seat 5: KarP93 ($105.95 in chips) 
Seat 6: DL1B ($100 in chips) 
DL1B: posts small blind $0.50
veronika932: posts big blind $1
*** HOLE CARDS ***
ptolejmus: folds 
Poker9803: folds 
blackclan7: folds 
KarP93: raises $1.50 to $2.50
DL1B: folds 
veronika932: folds 
Uncalled bet ($1.50) returned to KarP93
KarP93 collected $2.50 from pot
KarP93: doesn't show hand 
*** SUMMARY ***
Total pot $2.50 | Rake $0 
Seat 1: veronika932 (big blind) folded before Flop
Seat 2: ptolejmus folded before Flop (didn't bet)
Seat 3: Poker9803 folded before Flop (didn't bet)
Seat 4: blackclan7 folded before Flop (didn't bet)
Seat 5: KarP93 (button) collected ($2.50)
Seat 6: DL1B (small blind) folded before Flop



PokerStars Hand #254503283109:  Hold'em No Limit ($0.50/$1.00 USD) - 2025/01/22 19:17:21 WET [2025/01/22 14:17:21 ET]
Table 'Magdalena IV' 6-max Seat #6 is the button
Seat 1: veronika932 ($120.50 in chips) 
Seat 2: ptolejmus ($10 in chips) 
Seat 3: Poker9803 ($100 in chips) 
Seat 4: blackclan7 ($103.23 in chips) 
Seat 5: KarP93 ($107.45 in chips) 
Seat 6: DL1B ($100 in chips) 
veronika932: posts small blind $0.50
ptolejmus: posts big blind $1
*** HOLE CARDS ***
Poker9803: folds 
blackclan7: folds 
KarP93: raises $1.50 to $2.50
DL1B: folds 
veronika932: folds 
ptolejmus: folds 
Uncalled bet ($1.50) returned to KarP93
KarP93 collected $2.50 from pot
KarP93: doesn't show hand 
*** SUMMARY ***
Total pot $2.50 | Rake $0 
Seat 1: veronika932 (small blind) folded before Flop
Seat 2: ptolejmus (big blind) folded before Flop
Seat 3: Poker9803 folded before Flop (didn't bet)
Seat 4: blackclan7 folded before Flop (didn't bet)
Seat 5: KarP93 collected ($2.50)
Seat 6: DL1B (button) folded before Flop (didn't bet)



PokerStars Hand #254503292637:  Hold'em No Limit ($0.50/$1.00 USD) - 2025/01/22 19:17:55 WET [2025/01/22 14:17:55 ET]
Table 'Magdalena IV' 6-max Seat #1 is the button
Seat 1: veronika932 ($120 in chips) 
Seat 2: ptolejmus ($10 in chips) 
Seat 3: Poker9803 ($100 in chips) 
Seat 4: blackclan7 ($103.23 in chips) 
Seat 5: KarP93 ($108.95 in chips) 
Seat 6: DL1B ($100 in chips) 
ptolejmus: posts small blind $0.50
Poker9803: posts big blind $1
*** HOLE CARDS ***
blackclan7: raises $1 to $2
KarP93: folds 
DL1B: folds 
veronika932: folds 
ptolejmus: folds 
Poker9803: calls $1
*** FLOP *** [6d Kd 5c]
Poker9803: checks 
blackclan7: bets $1.41
Poker9803: folds 
Uncalled bet ($1.41) returned to blackclan7
blackclan7 collected $4.28 from pot
blackclan7: doesn't show hand 
*** SUMMARY ***
Total pot $4.50 | Rake $0.22 
Board [6d Kd 5c]
Seat 1: veronika932 (button) folded before Flop (didn't bet)
Seat 2: ptolejmus (small blind) folded before Flop
Seat 3: Poker9803 (big blind) folded on the Flop
Seat 4: blackclan7 collected ($4.28)
Seat 5: KarP93 folded before Flop (didn't bet)
Seat 6: DL1B folded before Flop (didn't bet)



PokerStars Hand #254503302406:  Hold'em No Limit ($0.50/$1.00 USD) - 2025/01/22 19:18:30 WET [2025/01/22 14:18:30 ET]
Table 'Magdalena IV' 6-max Seat #2 is the button
Seat 1: veronika932 ($120 in chips) 
Seat 2: ptolejmus ($10 in chips) 
Seat 3: Poker9803 ($100 in chips) 
Seat 4: blackclan7 ($105.51 in chips) 
Seat 5: KarP93 ($108.95 in chips) 
Seat 6: DL1B ($100 in chips) 
Poker9803: posts small blind $0.50
blackclan7: posts big blind $1
*** HOLE CARDS ***
KarP93: folds 
DL1B: folds 
veronika932: calls $1
ptolejmus: raises $9 to $10 and is all-in
Poker9803: folds 
blackclan7: folds 
veronika932: calls $9
*** FLOP *** [2h 3c 9h]
*** TURN *** [2h 3c 9h] [Jd]
*** RIVER *** [2h 3c 9h Jd] [4s]
*** SHOW DOWN ***
veronika932: shows [3h Ah] (a pair of Threes)
ptolejmus: shows [5h 5d] (a pair of Fives)
ptolejmus cashed out the hand for $13.36 | Cash Out Fee $0.27
*** SUMMARY ***
Total pot $21.50 | Rake $1.08 
Board [2h 3c 9h Jd 4s]
Seat 1: veronika932 showed [3h Ah] and lost with a pair of Threes
Seat 2: ptolejmus (button) showed [5h 5d] and won ($20.42) with a pair of Fives (pot not awarded as player cashed out)
Seat 3: Poker9803 (small blind) folded before Flop
Seat 4: blackclan7 (big blind) folded before Flop
Seat 5: KarP93 folded before Flop (didn't bet)
Seat 6: DL1B folded before Flop (didn't bet)



PokerStars Hand #254503313092:  Hold'em No Limit ($0.50/$1.00 USD) - 2025/01/22 19:19:08 WET [2025/01/22 14:19:08 ET]
Table 'Magdalena IV' 6-max Seat #3 is the button
Seat 1: veronika932 ($110 in chips) 
Seat 2: ptolejmus ($13.36 in chips) 
Seat 3: Poker9803 ($100 in chips) 
Seat 4: blackclan7 ($104.51 in chips) 
Seat 5: KarP93 ($108.95 in chips) 
Seat 6: DL1B ($100 in chips) 
blackclan7: posts small blind $0.50
KarP93: posts big blind $1
*** HOLE CARDS ***
DL1B: folds 
veronika932: calls $1
ptolejmus: folds 
Poker9803: folds 
blackclan7: folds 
KarP93: checks 
*** FLOP *** [5h 4h 5d]
KarP93: checks 
veronika932: checks 
*** TURN *** [5h 4h 5d] [2c]
KarP93: checks 
veronika932: checks 
*** RIVER *** [5h 4h 5d 2c] [4c]
KarP93: checks 
veronika932: checks 
*** SHOW DOWN ***
KarP93: shows [6h Ac] (two pair, Fives and Fours)
veronika932: mucks hand 
KarP93 collected $2.38 from pot
*** SUMMARY ***
Total pot $2.50 | Rake $0.12 
Board [5h 4h 5d 2c 4c]
Seat 1: veronika932 mucked
Seat 2: ptolejmus folded before Flop (didn't bet)
Seat 3: Poker9803 (button) folded before Flop (didn't bet)
Seat 4: blackclan7 (small blind) folded before Flop
Seat 5: KarP93 (big blind) showed [6h Ac] and won ($2.38) with two pair, Fives and Fours
Seat 6: DL1B folded before Flop (didn't bet)



PokerStars Hand #254503327714:  Hold'em No Limit ($0.50/$1.00 USD) - 2025/01/22 19:20:00 WET [2025/01/22 14:20:00 ET]
Table 'Magdalena IV' 6-max Seat #4 is the button
Seat 1: veronika932 ($109 in chips) 
Seat 2: ptolejmus ($13.36 in chips) 
Seat 3: Poker9803 ($100 in chips) 
Seat 4: blackclan7 ($104.01 in chips) 
Seat 5: KarP93 ($110.33 in chips) 
Seat 6: DL1B ($100 in chips) 
KarP93: posts small blind $0.50
DL1B: posts big blind $1
*** HOLE CARDS ***
veronika932: folds 
ptolejmus: folds 
Poker9803: folds 
blackclan7: folds 
KarP93: raises $2 to $3
DL1B: raises $6.25 to $9.25
KarP93: calls $6.25
*** FLOP *** [3s 6s Td]
KarP93: checks 
DL1B: checks 
*** TURN *** [3s 6s Td] [2s]
KarP93: bets $13.19
DL1B: calls $13.19
*** RIVER *** [3s 6s Td 2s] [7d]
KarP93: bets $87.89 and is all-in
DL1B: folds 
Uncalled bet ($87.89) returned to KarP93
KarP93 collected $42.64 from pot
KarP93: doesn't show hand 
*** SUMMARY ***
Total pot $44.88 | Rake $2.24 
Board [3s 6s Td 2s 7d]
Seat 1: veronika932 folded before Flop (didn't bet)
Seat 2: ptolejmus folded before Flop (didn't bet)
Seat 3: Poker9803 folded before Flop (didn't bet)
Seat 4: blackclan7 (button) folded before Flop (didn't bet)
Seat 5: KarP93 (small blind) collected ($42.64)
Seat 6: DL1B (big blind) folded on the River



PokerStars Hand #254503348836:  Hold'em No Limit ($0.50/$1.00 USD) - 2025/01/22 19:21:14 WET [2025/01/22 14:21:14 ET]
Table 'Magdalena IV' 6-max Seat #5 is the button
Seat 1: veronika932 ($109 in chips) 
Seat 2: ptolejmus ($13.36 in chips) 
Seat 3: Poker9803 ($100 in chips) 
Seat 4: blackclan7 ($104.01 in chips) 
Seat 5: KarP93 ($130.53 in chips) 
Seat 6: DL1B ($100 in chips) 
DL1B: posts small blind $0.50
veronika932: posts big blind $1
*** HOLE CARDS ***
ptolejmus: folds 
Poker9803: folds 
blackclan7: folds 
KarP93: raises $1.50 to $2.50
DL1B: folds 
veronika932: calls $1.50
*** FLOP *** [2c Td 2s]
veronika932: checks 
KarP93: checks 
*** TURN *** [2c Td 2s] [Qh]
veronika932: checks 
KarP93: bets $3.92
veronika932: folds 
Uncalled bet ($3.92) returned to KarP93
KarP93 collected $5.22 from pot
KarP93: doesn't show hand 
*** SUMMARY ***
Total pot $5.50 | Rake $0.28 
Board [2c Td 2s Qh]
Seat 1: veronika932 (big blind) folded on the Turn
Seat 2: ptolejmus folded before Flop (didn't bet)
Seat 3: Poker9803 folded before Flop (didn't bet)
Seat 4: blackclan7 folded before Flop (didn't bet)
Seat 5: KarP93 (button) collected ($5.22)
Seat 6: DL1B (small blind) folded before Flop



PokerStars Hand #254503356727:  Hold'em No Limit ($0.50/$1.00 USD) - 2025/01/22 19:21:42 WET [2025/01/22 14:21:42 ET]
Table 'Magdalena IV' 6-max Seat #6 is the button
Seat 1: veronika932 ($106.50 in chips) 
Seat 2: ptolejmus ($13.36 in chips) 
Seat 3: Poker9803 ($100 in chips) 
Seat 4: blackclan7 ($104.01 in chips) 
Seat 5: KarP93 ($133.25 in chips) 
Seat 6: DL1B ($100 in chips) 
veronika932: posts small blind $0.50
ptolejmus: posts big blind $1
*** HOLE CARDS ***
Poker9803: folds 
blackclan7: folds 
KarP93: folds 
DL1B: folds 
veronika932: calls $0.50
ptolejmus: checks 
*** FLOP *** [Th 9s 4c]
veronika932: checks 
ptolejmus: bets $1
veronika932: folds 
Uncalled bet ($1) returned to ptolejmus
ptolejmus collected $1.90 from pot
*** SUMMARY ***
Total pot $2 | Rake $0.10 
Board [Th 9s 4c]
Seat 1: veronika932 (small blind) folded on the Flop
Seat 2: ptolejmus (big blind) collected ($1.90)
Seat 3: Poker9803 folded before Flop (didn't bet)
Seat 4: blackclan7 folded before Flop (didn't bet)
Seat 5: KarP93 folded before Flop (didn't bet)
Seat 6: DL1B (button) folded before Flop (didn't bet)



PokerStars Hand #254503362401:  Hold'em No Limit ($0.50/$1.00 USD) - 2025/01/22 19:22:03 WET [2025/01/22 14:22:03 ET]
Table 'Magdalena IV' 6-max Seat #1 is the button
Seat 1: veronika932 ($105.50 in chips) 
Seat 2: ptolejmus ($14.26 in chips) 
Seat 3: Poker9803 ($100 in chips) 
Seat 4: blackclan7 ($104.01 in chips) 
Seat 5: KarP93 ($133.25 in chips) 
Seat 6: DL1B ($100 in chips) 
ptolejmus: posts small blind $0.50
Poker9803: posts big blind $1
*** HOLE CARDS ***
blackclan7: folds 
KarP93: folds 
DL1B: raises $1.50 to $2.50
veronika932: calls $2.50
ptolejmus: folds 
Poker9803: calls $1.50
*** FLOP *** [3h 7d 3c]
Poker9803: checks 
DL1B: checks 
veronika932: checks 
*** TURN *** [3h 7d 3c] [Qh]
Poker9803: bets $2.51
DL1B: folds 
veronika932: folds 
Uncalled bet ($2.51) returned to Poker9803
Poker9803 collected $7.60 from pot
Poker9803: doesn't show hand 
*** SUMMARY ***
Total pot $8 | Rake $0.40 
Board [3h 7d 3c Qh]
Seat 1: veronika932 (button) folded on the Turn
Seat 2: ptolejmus (small blind) folded before Flop
Seat 3: Poker9803 (big blind) collected ($7.60)
Seat 4: blackclan7 folded before Flop (didn't bet)
Seat 5: KarP93 folded before Flop (didn't bet)
Seat 6: DL1B folded on the Turn



PokerStars Hand #254503373398:  Hold'em No Limit ($0.50/$1.00 USD) - 2025/01/22 19:22:42 WET [2025/01/22 14:22:42 ET]
Table 'Magdalena IV' 6-max Seat #2 is the button
Seat 1: veronika932 ($103 in chips) 
Seat 2: ptolejmus ($13.76 in chips) 
Seat 3: Poker9803 ($105.10 in chips) 
Seat 4: blackclan7 ($104.01 in chips) 
Seat 5: KarP93 ($133.25 in chips) 
Seat 6: DL1B ($100 in chips) 
Poker9803: posts small blind $0.50
blackclan7: posts big blind $1
*** HOLE CARDS ***
KarP93: folds 
DL1B: folds 
veronika932: folds 
ptolejmus: raises $1 to $2
Poker9803: folds 
blackclan7: folds 
Uncalled bet ($1) returned to ptolejmus
ptolejmus collected $2.50 from pot
*** SUMMARY ***
Total pot $2.50 | Rake $0 
Seat 1: veronika932 folded before Flop (didn't bet)
Seat 2: ptolejmus (button) collected ($2.50)
Seat 3: Poker9803 (small blind) folded before Flop
Seat 4: blackclan7 (big blind) folded before Flop
Seat 5: KarP93 folded before Flop (didn't bet)
Seat 6: DL1B folded before Flop (didn't bet)



PokerStars Hand #254503382720:  Hold'em No Limit ($0.50/$1.00 USD) - 2025/01/22 19:23:15 WET [2025/01/22 14:23:15 ET]
Table 'Magdalena IV' 6-max Seat #3 is the button
Seat 1: veronika932 ($103 in chips) 
Seat 2: ptolejmus ($15.26 in chips) 
Seat 3: Poker9803 ($104.60 in chips) 
Seat 4: blackclan7 ($103.01 in chips) 
Seat 5: KarP93 ($133.25 in chips) 
Seat 6: DL1B ($100 in chips) 
blackclan7: posts small blind $0.50
KarP93: posts big blind $1
*** HOLE CARDS ***
DL1B: folds 
veronika932: calls $1
ptolejmus: folds 
Poker9803: folds 
blackclan7: calls $0.50
KarP93: raises $6 to $7
veronika932: folds 
blackclan7: folds 
Uncalled bet ($6) returned to KarP93
KarP93 collected $3 from pot
KarP93: doesn't show hand 
*** SUMMARY ***
Total pot $3 | Rake $0 
Seat 1: veronika932 folded before Flop
Seat 2: ptolejmus folded before Flop (didn't bet)
Seat 3: Poker9803 (button) folded before Flop (didn't bet)
Seat 4: blackclan7 (small blind) folded before Flop
Seat 5: KarP93 (big blind) collected ($3)
Seat 6: DL1B folded before Flop (didn't bet)



PokerStars Hand #254503393101:  Hold'em No Limit ($0.50/$1.00 USD) - 2025/01/22 19:23:52 WET [2025/01/22 14:23:52 ET]
Table 'Magdalena IV' 6-max Seat #4 is the button
Seat 1: veronika932 ($102 in chips) 
Seat 2: ptolejmus ($15.26 in chips) 
Seat 3: Poker9803 ($104.60 in chips) 
Seat 4: blackclan7 ($102.01 in chips) 
Seat 5: KarP93 ($135.25 in chips) 
Seat 6: DL1B ($100 in chips) 
KarP93: posts small blind $0.50
DL1B: posts big blind $1
*** HOLE CARDS ***
veronika932: calls $1
ptolejmus: raises $14.26 to $15.26 and is all-in
Poker9803: folds 
blackclan7: folds 
KarP93: folds 
DL1B: folds 
veronika932: folds 
Uncalled bet ($14.26) returned to ptolejmus
ptolejmus collected $3.50 from pot
*** SUMMARY ***
Total pot $3.50 | Rake $0 
Seat 1: veronika932 folded before Flop
Seat 2: ptolejmus collected ($3.50)
Seat 3: Poker9803 folded before Flop (didn't bet)
Seat 4: blackclan7 (button) folded before Flop (didn't bet)
Seat 5: KarP93 (small blind) folded before Flop
Seat 6: DL1B (big blind) folded before Flop



PokerStars Hand #254503398734:  Hold'em No Limit ($0.50/$1.00 USD) - 2025/01/22 19:24:12 WET [2025/01/22 14:24:12 ET]
Table 'Magdalena IV' 6-max Seat #5 is the button
Seat 1: veronika932 ($101 in chips) 
Seat 2: ptolejmus ($17.76 in chips) 
Seat 3: Poker9803 ($104.60 in chips) 
Seat 4: blackclan7 ($102.01 in chips) 
Seat 5: KarP93 ($134.75 in chips) 
Seat 6: DL1B ($100 in chips) 
DL1B: posts small blind $0.50
veronika932: posts big blind $1
*** HOLE CARDS ***
ptolejmus: raises $1 to $2
Poker9803: folds 
blackclan7: folds 
KarP93: folds 
DL1B: folds 
veronika932: calls $1
*** FLOP *** [Js Td 4h]
veronika932: checks 
ptolejmus: bets $2.18
veronika932: calls $2.18
*** TURN *** [Js Td 4h] [5h]
veronika932: checks 
ptolejmus: bets $6.32
veronika932: folds 
Uncalled bet ($6.32) returned to ptolejmus
ptolejmus collected $8.42 from pot
*** SUMMARY ***
Total pot $8.86 | Rake $0.44 
Board [Js Td 4h 5h]
Seat 1: veronika932 (big blind) folded on the Turn
Seat 2: ptolejmus collected ($8.42)
Seat 3: Poker9803 folded before Flop (didn't bet)
Seat 4: blackclan7 folded before Flop (didn't bet)
Seat 5: KarP93 (button) folded before Flop (didn't bet)
Seat 6: DL1B (small blind) folded before Flop



PokerStars Hand #254503505232:  Hold'em No Limit ($0.50/$1.00 USD) - 2025/01/22 19:30:29 WET [2025/01/22 14:30:29 ET]
Table 'Magdalena IV' 6-max Seat #5 is the button
Seat 1: veronika932 ($96.30 in chips) 
Seat 2: ptolejmus ($10 in chips) 
Seat 3: Poker9803 ($119.48 in chips) 
Seat 4: blackclan7 ($103.50 in chips) 
Seat 5: KarP93 ($137.83 in chips) 
Seat 6: DL1B ($104 in chips) 
DL1B: posts small blind $0.50
veronika932: posts big blind $1
*** HOLE CARDS ***
ptolejmus: raises $1 to $2
Poker9803: folds 
blackclan7: folds 
KarP93: folds 
DL1B: folds 
veronika932: calls $1
*** FLOP *** [9c 5h 7h]
veronika932: bets $1
ptolejmus: raises $7 to $8 and is all-in
veronika932: folds 
Uncalled bet ($7) returned to ptolejmus
ptolejmus collected $6.18 from pot
*** SUMMARY ***
Total pot $6.50 | Rake $0.32 
Board [9c 5h 7h]
Seat 1: veronika932 (big blind) folded on the Flop
Seat 2: ptolejmus collected ($6.18)
Seat 3: Poker9803 folded before Flop (didn't bet)
Seat 4: blackclan7 folded before Flop (didn't bet)
Seat 5: KarP93 (button) folded before Flop (didn't bet)
Seat 6: DL1B (small blind) folded before Flop



PokerStars Hand #254503516378:  Hold'em No Limit ($0.50/$1.00 USD) - 2025/01/22 19:31:08 WET [2025/01/22 14:31:08 ET]
Table 'Magdalena IV' 6-max Seat #6 is the button
Seat 1: veronika932 ($93.30 in chips) 
Seat 2: ptolejmus ($13.18 in chips) 
Seat 3: Poker9803 ($119.48 in chips) 
Seat 4: blackclan7 ($103.50 in chips) 
Seat 5: KarP93 ($137.83 in chips) 
Seat 6: DL1B ($103.50 in chips) 
veronika932: posts small blind $0.50
ptolejmus: posts big blind $1
*** HOLE CARDS ***
Poker9803: folds 
blackclan7: folds 
KarP93: folds 
DL1B: raises $1.50 to $2.50
veronika932: calls $2
ptolejmus: folds 
*** FLOP *** [5s 3h 6d]
veronika932: bets $1
DL1B: calls $1
*** TURN *** [5s 3h 6d] [9s]
veronika932: bets $3
DL1B: calls $3
*** RIVER *** [5s 3h 6d 9s] [8d]
veronika932: checks 
DL1B: checks 
*** SHOW DOWN ***
veronika932: shows [Tc 5c] (a pair of Fives)
DL1B: shows [Qh 5h] (a pair of Fives - Queen kicker)
DL1B collected $13.30 from pot
*** SUMMARY ***
Total pot $14 | Rake $0.70 
Board [5s 3h 6d 9s 8d]
Seat 1: veronika932 (small blind) showed [Tc 5c] and lost with a pair of Fives
Seat 2: ptolejmus (big blind) folded before Flop
Seat 3: Poker9803 folded before Flop (didn't bet)
Seat 4: blackclan7 folded before Flop (didn't bet)
Seat 5: KarP93 folded before Flop (didn't bet)
Seat 6: DL1B (button) showed [Qh 5h] and won ($13.30) with a pair of Fives



PokerStars Hand #254503526317:  Hold'em No Limit ($0.50/$1.00 USD) - 2025/01/22 19:31:43 WET [2025/01/22 14:31:43 ET]
Table 'Magdalena IV' 6-max Seat #1 is the button
Seat 1: veronika932 ($86.80 in chips) 
Seat 2: ptolejmus ($12.18 in chips) 
Seat 3: Poker9803 ($119.48 in chips) 
Seat 4: blackclan7 ($103.50 in chips) 
Seat 5: KarP93 ($137.83 in chips) 
Seat 6: DL1B ($110.30 in chips) 
ptolejmus: posts small blind $0.50
Poker9803: posts big blind $1
*** HOLE CARDS ***
blackclan7: folds 
KarP93: raises $1.50 to $2.50
DL1B: folds 
veronika932: calls $2.50
ptolejmus: folds 
Poker9803: folds 
*** FLOP *** [Qc 8s 2h]
KarP93: bets $2.04
veronika932: folds 
Uncalled bet ($2.04) returned to KarP93
KarP93 collected $6.18 from pot
KarP93: doesn't show hand 
*** SUMMARY ***
Total pot $6.50 | Rake $0.32 
Board [Qc 8s 2h]
Seat 1: veronika932 (button) folded on the Flop
Seat 2: ptolejmus (small blind) folded before Flop
Seat 3: Poker9803 (big blind) folded before Flop
Seat 4: blackclan7 folded before Flop (didn't bet)
Seat 5: KarP93 collected ($6.18)
Seat 6: DL1B folded before Flop (didn't bet)



PokerStars Hand #254503537877:  Hold'em No Limit ($0.50/$1.00 USD) - 2025/01/22 19:32:24 WET [2025/01/22 14:32:24 ET]
Table 'Magdalena IV' 6-max Seat #2 is the button
Seat 1: veronika932 ($84.30 in chips) 
Seat 2: ptolejmus ($11.68 in chips) 
Seat 3: Poker9803 ($118.48 in chips) 
Seat 4: blackclan7 ($103.50 in chips) 
Seat 5: KarP93 ($141.51 in chips) 
Seat 6: DL1B ($110.30 in chips) 
Poker9803: posts small blind $0.50
blackclan7: posts big blind $1
*** HOLE CARDS ***
KarP93: folds 
DL1B: folds 
veronika932: calls $1
ptolejmus: folds 
Poker9803: raises $3.50 to $4.50
blackclan7: folds 
veronika932: calls $3.50
*** FLOP *** [5d 6c 6s]
Poker9803: checks 
veronika932: checks 
*** TURN *** [5d 6c 6s] [9s]
Poker9803: bets $7.13
veronika932: folds 
Uncalled bet ($7.13) returned to Poker9803
Poker9803 collected $9.50 from pot
Poker9803: doesn't show hand 
*** SUMMARY ***
Total pot $10 | Rake $0.50 
Board [5d 6c 6s 9s]
Seat 1: veronika932 folded on the Turn
Seat 2: ptolejmus (button) folded before Flop (didn't bet)
Seat 3: Poker9803 (small blind) collected ($9.50)
Seat 4: blackclan7 (big blind) folded before Flop
Seat 5: KarP93 folded before Flop (didn't bet)
Seat 6: DL1B folded before Flop (didn't bet)



PokerStars Hand #254503548401:  Hold'em No Limit ($0.50/$1.00 USD) - 2025/01/22 19:33:00 WET [2025/01/22 14:33:00 ET]
Table 'Magdalena IV' 6-max Seat #3 is the button
Seat 1: veronika932 ($79.80 in chips) 
Seat 2: ptolejmus ($11.68 in chips) 
Seat 3: Poker9803 ($123.48 in chips) 
Seat 4: blackclan7 ($102.50 in chips) 
Seat 5: KarP93 ($141.51 in chips) 
Seat 6: DL1B ($110.30 in chips) 
blackclan7: posts small blind $0.50
KarP93: posts big blind $1
*** HOLE CARDS ***
DL1B: folds 
veronika932: calls $1
ptolejmus: folds 
Poker9803: folds 
blackclan7: raises $5 to $6
KarP93: folds 
veronika932: calls $5
*** FLOP *** [5h Ts 4c]
blackclan7: bets $6.42
veronika932: calls $6.42
*** TURN *** [5h Ts 4c] [Qh]
blackclan7: checks 
veronika932: bets $24.55
blackclan7: folds 
Uncalled bet ($24.55) returned to veronika932
veronika932 collected $24.55 from pot
veronika932: doesn't show hand 
*** SUMMARY ***
Total pot $25.84 | Rake $1.29 
Board [5h Ts 4c Qh]
Seat 1: veronika932 collected ($24.55)
Seat 2: ptolejmus folded before Flop (didn't bet)
Seat 3: Poker9803 (button) folded before Flop (didn't bet)
Seat 4: blackclan7 (small blind) folded on the Turn
Seat 5: KarP93 (big blind) folded before Flop
Seat 6: DL1B folded before Flop (didn't bet)



PokerStars Hand #254503574600:  Hold'em No Limit ($0.50/$1.00 USD) - 2025/01/22 19:34:33 WET [2025/01/22 14:34:33 ET]
Table 'Magdalena IV' 6-max Seat #4 is the button
Seat 1: veronika932 ($91.93 in chips) 
Seat 2: ptolejmus ($11.68 in chips) 
Seat 3: Poker9803 ($123.48 in chips) 
Seat 4: blackclan7 ($100 in chips) 
Seat 5: KarP93 ($140.51 in chips) 
Seat 6: DL1B ($110.30 in chips) 
KarP93: posts small blind $0.50
DL1B: posts big blind $1
*** HOLE CARDS ***
veronika932: calls $1
ptolejmus: folds 
Poker9803: folds 
blackclan7: folds 
KarP93: folds 
DL1B: checks 
*** FLOP *** [Jd Ks 9c]
DL1B: bets $1.79
veronika932: folds 
Uncalled bet ($1.79) returned to DL1B
DL1B collected $2.38 from pot
DL1B: doesn't show hand 
*** SUMMARY ***
Total pot $2.50 | Rake $0.12 
Board [Jd Ks 9c]
Seat 1: veronika932 folded on the Flop
Seat 2: ptolejmus folded before Flop (didn't bet)
Seat 3: Poker9803 folded before Flop (didn't bet)
Seat 4: blackclan7 (button) folded before Flop (didn't bet)
Seat 5: KarP93 (small blind) folded before Flop
Seat 6: DL1B (big blind) collected ($2.38)



PokerStars Hand #254503581012:  Hold'em No Limit ($0.50/$1.00 USD) - 2025/01/22 19:34:55 WET [2025/01/22 14:34:55 ET]
Table 'Magdalena IV' 6-max Seat #5 is the button
Seat 1: veronika932 ($90.93 in chips) 
Seat 2: ptolejmus ($11.68 in chips) 
Seat 3: Poker9803 ($123.48 in chips) 
Seat 4: blackclan7 ($100 in chips) 
Seat 5: KarP93 ($140.01 in chips) 
Seat 6: DL1B ($111.68 in chips) 
DL1B: posts small blind $0.50
veronika932: posts big blind $1
*** HOLE CARDS ***
ptolejmus: folds 
Poker9803: folds 
blackclan7: folds 
KarP93: folds 
DL1B: raises $2 to $3
veronika932: calls $2
*** FLOP *** [Ah 5c Ac]
DL1B: checks 
veronika932: checks 
*** TURN *** [Ah 5c Ac] [7s]
DL1B: bets $4.33
veronika932: folds 
Uncalled bet ($4.33) returned to DL1B
DL1B collected $5.70 from pot
DL1B: doesn't show hand 
*** SUMMARY ***
Total pot $6 | Rake $0.30 
Board [Ah 5c Ac 7s]
Seat 1: veronika932 (big blind) folded on the Turn
Seat 2: ptolejmus folded before Flop (didn't bet)
Seat 3: Poker9803 folded before Flop (didn't bet)
Seat 4: blackclan7 folded before Flop (didn't bet)
Seat 5: KarP93 (button) folded before Flop (didn't bet)
Seat 6: DL1B (small blind) collected ($5.70)



PokerStars Hand #254503591171:  Hold'em No Limit ($0.50/$1.00 USD) - 2025/01/22 19:35:31 WET [2025/01/22 14:35:31 ET]
Table 'Magdalena IV' 6-max Seat #6 is the button
Seat 1: veronika932 ($87.93 in chips) 
Seat 2: ptolejmus ($11.68 in chips) 
Seat 3: Poker9803 ($123.48 in chips) 
Seat 4: blackclan7 ($100 in chips) 
Seat 5: KarP93 ($140.01 in chips) 
Seat 6: DL1B ($114.38 in chips) 
veronika932: posts small blind $0.50
ptolejmus: posts big blind $1
*** HOLE CARDS ***
Poker9803: folds 
blackclan7: folds 
KarP93: folds 
DL1B: folds 
veronika932: calls $0.50
ptolejmus: checks 
*** FLOP *** [7s Jd 4s]
veronika932: checks 
ptolejmus: bets $1
veronika932: calls $1
*** TURN *** [7s Jd 4s] [8c]
veronika932: checks 
ptolejmus: checks 
*** RIVER *** [7s Jd 4s 8c] [5h]
veronika932: bets $2
ptolejmus: raises $3 to $5
veronika932: folds 
Uncalled bet ($3) returned to ptolejmus
ptolejmus collected $7.60 from pot
*** SUMMARY ***
Total pot $8 | Rake $0.40 
Board [7s Jd 4s 8c 5h]
Seat 1: veronika932 (small blind) folded on the River
Seat 2: ptolejmus (big blind) collected ($7.60)
Seat 3: Poker9803 folded before Flop (didn't bet)
Seat 4: blackclan7 folded before Flop (didn't bet)
Seat 5: KarP93 folded before Flop (didn't bet)
Seat 6: DL1B (button) folded before Flop (didn't bet)



PokerStars Hand #254503612077:  Hold'em No Limit ($0.50/$1.00 USD) - 2025/01/22 19:36:44 WET [2025/01/22 14:36:44 ET]
Table 'Magdalena IV' 6-max Seat #1 is the button
Seat 1: veronika932 ($83.93 in chips) 
Seat 2: ptolejmus ($15.28 in chips) 
Seat 3: Poker9803 ($123.48 in chips) 
Seat 4: blackclan7 ($100 in chips) 
Seat 5: KarP93 ($140.01 in chips) 
Seat 6: DL1B ($114.38 in chips) 
ptolejmus: posts small blind $0.50
Poker9803: posts big blind $1
*** HOLE CARDS ***
blackclan7: folds 
KarP93: folds 
DL1B: folds 
veronika932: calls $1
ptolejmus: folds 
Poker9803: checks 
*** FLOP *** [7h Qs 8d]
Poker9803: checks 
veronika932: checks 
*** TURN *** [7h Qs 8d] [Ts]
Poker9803: checks 
veronika932: checks 
*** RIVER *** [7h Qs 8d Ts] [7s]
Poker9803: checks 
veronika932: checks 
*** SHOW DOWN ***
Poker9803: shows [8s 9c] (two pair, Eights and Sevens)
veronika932: mucks hand 
Poker9803 collected $2.38 from pot
*** SUMMARY ***
Total pot $2.50 | Rake $0.12 
Board [7h Qs 8d Ts 7s]
Seat 1: veronika932 (button) mucked
Seat 2: ptolejmus (small blind) folded before Flop
Seat 3: Poker9803 (big blind) showed [8s 9c] and won ($2.38) with two pair, Eights and Sevens
Seat 4: blackclan7 folded before Flop (didn't bet)
Seat 5: KarP93 folded before Flop (didn't bet)
Seat 6: DL1B folded before Flop (didn't bet)



PokerStars Hand #254503623416:  Hold'em No Limit ($0.50/$1.00 USD) - 2025/01/22 19:37:23 WET [2025/01/22 14:37:23 ET]
Table 'Magdalena IV' 6-max Seat #2 is the button
Seat 1: veronika932 ($82.93 in chips) 
Seat 2: ptolejmus ($14.78 in chips) 
Seat 3: Poker9803 ($124.86 in chips) 
Seat 4: blackclan7 ($100 in chips) 
Seat 5: KarP93 ($140.01 in chips) 
Seat 6: DL1B ($114.38 in chips) 
Poker9803: posts small blind $0.50
blackclan7: posts big blind $1
*** HOLE CARDS ***
KarP93: folds 
DL1B: folds 
veronika932: calls $1
ptolejmus: folds 
Poker9803: folds 
blackclan7: checks 
*** FLOP *** [9h Ad 7c]
KarP93 leaves the table
blackclan7: checks 
veronika932: checks 
*** TURN *** [9h Ad 7c] [Ac]
blackclan7: checks 
kars0n joins the table at seat #5 
veronika932: checks 
*** RIVER *** [9h Ad 7c Ac] [3s]
blackclan7: bets $1.57
veronika932: folds 
Uncalled bet ($1.57) returned to blackclan7
blackclan7 collected $2.38 from pot
blackclan7: doesn't show hand 
*** SUMMARY ***
Total pot $2.50 | Rake $0.12 
Board [9h Ad 7c Ac 3s]
Seat 1: veronika932 folded on the River
Seat 2: ptolejmus (button) folded before Flop (didn't bet)
Seat 3: Poker9803 (small blind) folded before Flop
Seat 4: blackclan7 (big blind) collected ($2.38)
Seat 5: KarP93 folded before Flop (didn't bet)
Seat 6: DL1B folded before Flop (didn't bet)



PokerStars Hand #254503635685:  Hold'em No Limit ($0.50/$1.00 USD) - 2025/01/22 19:38:06 WET [2025/01/22 14:38:06 ET]
Table 'Magdalena IV' 6-max Seat #3 is the button
Seat 1: veronika932 ($81.93 in chips) 
Seat 2: ptolejmus ($14.78 in chips) 
Seat 3: Poker9803 ($124.36 in chips) 
Seat 4: blackclan7 ($101.38 in chips) 
Seat 5: kars0n ($100 in chips) 
Seat 6: DL1B ($114.38 in chips) 
blackclan7: posts small blind $0.50
kars0n: posts big blind $1
*** HOLE CARDS ***
DL1B: raises $2 to $3
veronika932: folds 
ptolejmus: folds 
Poker9803: folds 
blackclan7: folds 
kars0n: folds 
Uncalled bet ($2) returned to DL1B
DL1B collected $2.50 from pot
DL1B: doesn't show hand 
*** SUMMARY ***
Total pot $2.50 | Rake $0 
Seat 1: veronika932 folded before Flop (didn't bet)
Seat 2: ptolejmus folded before Flop (didn't bet)
Seat 3: Poker9803 (button) folded before Flop (didn't bet)
Seat 4: blackclan7 (small blind) folded before Flop
Seat 5: kars0n (big blind) folded before Flop
Seat 6: DL1B collected ($2.50)



PokerStars Hand #254503641884:  Hold'em No Limit ($0.50/$1.00 USD) - 2025/01/22 19:38:28 WET [2025/01/22 14:38:28 ET]
Table 'Magdalena IV' 6-max Seat #4 is the button
Seat 1: veronika932 ($81.93 in chips) 
Seat 2: ptolejmus ($14.78 in chips) 
Seat 3: Poker9803 ($124.36 in chips) 
Seat 4: blackclan7 ($100.88 in chips) 
Seat 5: kars0n ($100 in chips) 
Seat 6: DL1B ($115.88 in chips) 
kars0n: posts small blind $0.50
DL1B: posts big blind $1
*** HOLE CARDS ***
veronika932: calls $1
ptolejmus: raises $13.78 to $14.78 and is all-in
Poker9803: folds 
blackclan7: folds 
kars0n: folds 
DL1B: folds 
veronika932: folds 
Uncalled bet ($13.78) returned to ptolejmus
ptolejmus collected $3.50 from pot
*** SUMMARY ***
Total pot $3.50 | Rake $0 
Seat 1: veronika932 folded before Flop
Seat 2: ptolejmus collected ($3.50)
Seat 3: Poker9803 folded before Flop (didn't bet)
Seat 4: blackclan7 (button) folded before Flop (didn't bet)
Seat 5: kars0n (small blind) folded before Flop
Seat 6: DL1B (big blind) folded before Flop



PokerStars Hand #254503646763:  Hold'em No Limit ($0.50/$1.00 USD) - 2025/01/22 19:38:45 WET [2025/01/22 14:38:45 ET]
Table 'Magdalena IV' 6-max Seat #5 is the button
Seat 1: veronika932 ($80.93 in chips) 
Seat 2: ptolejmus ($17.28 in chips) 
Seat 3: Poker9803 ($124.36 in chips) 
Seat 4: blackclan7 ($100.88 in chips) 
Seat 5: kars0n ($100 in chips) 
Seat 6: DL1B ($114.88 in chips) 
DL1B: posts small blind $0.50
veronika932: posts big blind $1
*** HOLE CARDS ***
ptolejmus: folds 
Poker9803: folds 
blackclan7: folds 
kars0n: folds 
DL1B: folds 
Uncalled bet ($0.50) returned to veronika932
veronika932 collected $1 from pot
veronika932: doesn't show hand 
*** SUMMARY ***
Total pot $1 | Rake $0 
Seat 1: veronika932 (big blind) collected ($1)
Seat 2: ptolejmus folded before Flop (didn't bet)
Seat 3: Poker9803 folded before Flop (didn't bet)
Seat 4: blackclan7 folded before Flop (didn't bet)
Seat 5: kars0n (button) folded before Flop (didn't bet)
Seat 6: DL1B (small blind) folded before Flop



PokerStars Hand #254503651080:  Hold'em No Limit ($0.50/$1.00 USD) - 2025/01/22 19:39:00 WET [2025/01/22 14:39:00 ET]
Table 'Magdalena IV' 6-max Seat #6 is the button
Seat 1: veronika932 ($81.43 in chips) 
Seat 2: ptolejmus ($17.28 in chips) 
Seat 3: Poker9803 ($124.36 in chips) 
Seat 4: blackclan7 ($100.88 in chips) 
Seat 5: kars0n ($100 in chips) 
Seat 6: DL1B ($114.38 in chips) 
veronika932: posts small blind $0.50
ptolejmus: posts big blind $1
*** HOLE CARDS ***
Poker9803: folds 
blackclan7: folds 
kars0n: folds 
DL1B: folds 
veronika932: calls $0.50
ptolejmus: checks 
*** FLOP *** [Ac 6d Jc]
veronika932: checks 
ptolejmus: checks 
*** TURN *** [Ac 6d Jc] [Js]
veronika932: checks 
ptolejmus: checks 
*** RIVER *** [Ac 6d Jc Js] [3c]
veronika932: bets $2
ptolejmus: calls $2
*** SHOW DOWN ***
veronika932: shows [7h 3h] (two pair, Jacks and Threes)
ptolejmus: shows [Kc 3s] (two pair, Jacks and Threes)
veronika932 collected $2.85 from pot
ptolejmus collected $2.85 from pot
*** SUMMARY ***
Total pot $6 | Rake $0.30 
Board [Ac 6d Jc Js 3c]
Seat 1: veronika932 (small blind) showed [7h 3h] and won ($2.85) with two pair, Jacks and Threes
Seat 2: ptolejmus (big blind) showed [Kc 3s] and won ($2.85) with two pair, Jacks and Threes
Seat 3: Poker9803 folded before Flop (didn't bet)
Seat 4: blackclan7 folded before Flop (didn't bet)
Seat 5: kars0n folded before Flop (didn't bet)
Seat 6: DL1B (button) folded before Flop (didn't bet)



PokerStars Hand #254503663226:  Hold'em No Limit ($0.50/$1.00 USD) - 2025/01/22 19:39:43 WET [2025/01/22 14:39:43 ET]
Table 'Magdalena IV' 6-max Seat #1 is the button
Seat 1: veronika932 ($81.28 in chips) 
Seat 2: ptolejmus ($17.13 in chips) 
Seat 3: Poker9803 ($124.36 in chips) 
Seat 4: blackclan7 ($100.88 in chips) 
Seat 5: kars0n ($100 in chips) 
Seat 6: DL1B ($114.38 in chips) 
ptolejmus: posts small blind $0.50
Poker9803: posts big blind $1
*** HOLE CARDS ***
blackclan7: folds 
kars0n: folds 
DL1B: folds 
veronika932: calls $1
ptolejmus: folds 
Poker9803: checks 
*** FLOP *** [Qs Js 5c]
Poker9803: checks 
veronika932: checks 
*** TURN *** [Qs Js 5c] [Jh]
Poker9803: bets $1.79
veronika932: folds 
Uncalled bet ($1.79) returned to Poker9803
Poker9803 collected $2.38 from pot
Poker9803: doesn't show hand 
*** SUMMARY ***
Total pot $2.50 | Rake $0.12 
Board [Qs Js 5c Jh]
Seat 1: veronika932 (button) folded on the Turn
Seat 2: ptolejmus (small blind) folded before Flop
Seat 3: Poker9803 (big blind) collected ($2.38)
Seat 4: blackclan7 folded before Flop (didn't bet)
Seat 5: kars0n folded before Flop (didn't bet)
Seat 6: DL1B folded before Flop (didn't bet)



PokerStars Hand #254503671135:  Hold'em No Limit ($0.50/$1.00 USD) - 2025/01/22 19:40:11 WET [2025/01/22 14:40:11 ET]
Table 'Magdalena IV' 6-max Seat #2 is the button
Seat 1: veronika932 ($80.28 in chips) 
Seat 2: ptolejmus ($16.63 in chips) 
Seat 3: Poker9803 ($125.74 in chips) 
Seat 4: blackclan7 ($100.88 in chips) 
Seat 5: kars0n ($100 in chips) 
Seat 6: DL1B ($114.38 in chips) 
Poker9803: posts small blind $0.50
blackclan7: posts big blind $1
*** HOLE CARDS ***
kars0n: folds 
DL1B: folds 
veronika932: calls $1
ptolejmus: raises $1.50 to $2.50
Poker9803: folds 
blackclan7: folds 
veronika932: folds 
Uncalled bet ($1.50) returned to ptolejmus
ptolejmus collected $3.50 from pot
*** SUMMARY ***
Total pot $3.50 | Rake $0 
Seat 1: veronika932 folded before Flop
Seat 2: ptolejmus (button) collected ($3.50)
Seat 3: Poker9803 (small blind) folded before Flop
Seat 4: blackclan7 (big blind) folded before Flop
Seat 5: kars0n folded before Flop (didn't bet)
Seat 6: DL1B folded before Flop (didn't bet)



PokerStars Hand #254503678067:  Hold'em No Limit ($0.50/$1.00 USD) - 2025/01/22 19:40:35 WET [2025/01/22 14:40:35 ET]
Table 'Magdalena IV' 6-max Seat #3 is the button
Seat 1: veronika932 ($79.28 in chips) 
Seat 2: ptolejmus ($19.13 in chips) 
Seat 3: Poker9803 ($125.24 in chips) 
Seat 4: blackclan7 ($100 in chips) 
Seat 5: kars0n ($100 in chips) 
Seat 6: DL1B ($114.38 in chips) 
blackclan7: posts small blind $0.50
kars0n: posts big blind $1
*** HOLE CARDS ***
DL1B: folds 
veronika932: calls $1
ptolejmus: folds 
Poker9803: folds 
blackclan7: folds 
kars0n: checks 
*** FLOP *** [6s 3c 5s]
kars0n: checks 
veronika932: bets $1
kars0n: calls $1
*** TURN *** [6s 3c 5s] [2s]
Poker9803 is disconnected 
kars0n: bets $3.21
veronika932: folds 
Uncalled bet ($3.21) returned to kars0n
kars0n collected $4.28 from pot
kars0n: doesn't show hand 
*** SUMMARY ***
Total pot $4.50 | Rake $0.22 
Board [6s 3c 5s 2s]
Seat 1: veronika932 folded on the Turn
Seat 2: ptolejmus folded before Flop (didn't bet)
Seat 3: Poker9803 (button) folded before Flop (didn't bet)
Seat 4: blackclan7 (small blind) folded before Flop
Seat 5: kars0n (big blind) collected ($4.28)
Seat 6: DL1B folded before Flop (didn't bet)



PokerStars Hand #254503691180:  Hold'em No Limit ($0.50/$1.00 USD) - 2025/01/22 19:41:22 WET [2025/01/22 14:41:22 ET]
Table 'Magdalena IV' 6-max Seat #4 is the button
Seat 1: veronika932 ($77.28 in chips) 
Seat 2: ptolejmus ($19.13 in chips) 
Seat 3: Poker9803 ($125.24 in chips) 
Seat 4: blackclan7 ($100 in chips) 
Seat 5: kars0n ($102.28 in chips) 
Seat 6: DL1B ($114.38 in chips) 
kars0n: posts small blind $0.50
DL1B: posts big blind $1
*** HOLE CARDS ***
veronika932: calls $1
ptolejmus: folds 
Poker9803: raises $2.50 to $3.50
blackclan7: folds 
kars0n: folds 
DL1B: folds 
veronika932: calls $2.50
*** FLOP *** [As 5s 4h]
veronika932: checks 
Poker9803: checks 
*** TURN *** [As 5s 4h] [Kd]
veronika932: checks 
Poker9803: bets $6.06
veronika932: calls $6.06
*** RIVER *** [As 5s 4h Kd] [9s]
veronika932: checks 
Poker9803: checks 
*** SHOW DOWN ***
veronika932: shows [7h Ks] (a pair of Kings)
Poker9803: shows [7d Ad] (a pair of Aces)
Poker9803 collected $19.59 from pot
*** SUMMARY ***
Total pot $20.62 | Rake $1.03 
Board [As 5s 4h Kd 9s]
Seat 1: veronika932 showed [7h Ks] and lost with a pair of Kings
Seat 2: ptolejmus folded before Flop (didn't bet)
Seat 3: Poker9803 showed [7d Ad] and won ($19.59) with a pair of Aces
Seat 4: blackclan7 (button) folded before Flop (didn't bet)
Seat 5: kars0n (small blind) folded before Flop
Seat 6: DL1B (big blind) folded before Flop



PokerStars Hand #254503704106:  Hold'em No Limit ($0.50/$1.00 USD) - 2025/01/22 19:42:07 WET [2025/01/22 14:42:07 ET]
Table 'Magdalena IV' 6-max Seat #5 is the button
Seat 1: veronika932 ($67.72 in chips) 
Seat 2: ptolejmus ($19.13 in chips) 
Seat 3: Poker9803 ($135.27 in chips) 
Seat 4: blackclan7 ($100 in chips) 
Seat 5: kars0n ($101.78 in chips) 
Seat 6: DL1B ($113.38 in chips) 
DL1B: posts small blind $0.50
veronika932: posts big blind $1
*** HOLE CARDS ***
ptolejmus: folds 
Poker9803: folds 
blackclan7: folds 
kars0n: folds 
DL1B: folds 
Uncalled bet ($0.50) returned to veronika932
veronika932 collected $1 from pot
veronika932: doesn't show hand 
*** SUMMARY ***
Total pot $1 | Rake $0 
Seat 1: veronika932 (big blind) collected ($1)
Seat 2: ptolejmus folded before Flop (didn't bet)
Seat 3: Poker9803 folded before Flop (didn't bet)
Seat 4: blackclan7 folded before Flop (didn't bet)
Seat 5: kars0n (button) folded before Flop (didn't bet)
Seat 6: DL1B (small blind) folded before Flop



PokerStars Hand #254503707154:  Hold'em No Limit ($0.50/$1.00 USD) - 2025/01/22 19:42:18 WET [2025/01/22 14:42:18 ET]
Table 'Magdalena IV' 6-max Seat #6 is the button
Seat 1: veronika932 ($68.22 in chips) 
Seat 2: ptolejmus ($19.13 in chips) 
Seat 3: Poker9803 ($135.27 in chips) 
Seat 4: blackclan7 ($100 in chips) 
Seat 5: kars0n ($101.78 in chips) 
Seat 6: DL1B ($112.88 in chips) 
veronika932: posts small blind $0.50
ptolejmus: posts big blind $1
*** HOLE CARDS ***
Poker9803: folds 
blackclan7: folds 
kars0n: raises $1.50 to $2.50
DL1B: raises $5 to $7.50
veronika932: folds 
ptolejmus: folds 
kars0n: folds 
Uncalled bet ($5) returned to DL1B
DL1B collected $6.50 from pot
DL1B: doesn't show hand 
*** SUMMARY ***
Total pot $6.50 | Rake $0 
Seat 1: veronika932 (small blind) folded before Flop
Seat 2: ptolejmus (big blind) folded before Flop
Seat 3: Poker9803 folded before Flop (didn't bet)
Seat 4: blackclan7 folded before Flop (didn't bet)
Seat 5: kars0n folded before Flop
Seat 6: DL1B (button) collected ($6.50)



PokerStars Hand #254503718288:  Hold'em No Limit ($0.50/$1.00 USD) - 2025/01/22 19:42:56 WET [2025/01/22 14:42:56 ET]
Table 'Magdalena IV' 6-max Seat #1 is the button
Seat 1: veronika932 ($67.72 in chips) 
Seat 2: ptolejmus ($18.13 in chips) 
Seat 3: Poker9803 ($135.27 in chips) 
Seat 4: blackclan7 ($100 in chips) 
Seat 5: kars0n ($100 in chips) 
Seat 6: DL1B ($116.88 in chips) 
ptolejmus: posts small blind $0.50
Poker9803: posts big blind $1
*** HOLE CARDS ***
blackclan7: folds 
kars0n: folds 
DL1B: folds 
veronika932: calls $1
ptolejmus: folds 
Poker9803: checks 
*** FLOP *** [9h Jc Ks]
Poker9803: checks 
veronika932: checks 
*** TURN *** [9h Jc Ks] [4s]
Poker9803: checks 
veronika932: checks 
*** RIVER *** [9h Jc Ks 4s] [Td]
Poker9803: checks 
veronika932: checks 
*** SHOW DOWN ***
Poker9803: shows [6h 9c] (a pair of Nines)
veronika932: shows [7c Tc] (a pair of Tens)
veronika932 collected $2.38 from pot
*** SUMMARY ***
Total pot $2.50 | Rake $0.12 
Board [9h Jc Ks 4s Td]
Seat 1: veronika932 (button) showed [7c Tc] and won ($2.38) with a pair of Tens
Seat 2: ptolejmus (small blind) folded before Flop
Seat 3: Poker9803 (big blind) showed [6h 9c] and lost with a pair of Nines
Seat 4: blackclan7 folded before Flop (didn't bet)
Seat 5: kars0n folded before Flop (didn't bet)
Seat 6: DL1B folded before Flop (didn't bet)



PokerStars Hand #254503415399:  Hold'em No Limit ($0.50/$1.00 USD) - 2025/01/22 19:25:11 WET [2025/01/22 14:25:11 ET]
Table 'Magdalena IV' 6-max Seat #6 is the button
Seat 1: veronika932 ($96.82 in chips) 
Seat 2: ptolejmus ($22 in chips) 
Seat 3: Poker9803 ($104.60 in chips) 
Seat 4: blackclan7 ($102.01 in chips) 
Seat 5: KarP93 ($134.75 in chips) 
Seat 6: DL1B ($100 in chips) 
veronika932: posts small blind $0.50
ptolejmus: posts big blind $1
*** HOLE CARDS ***
Poker9803: folds 
blackclan7: raises $1 to $2
KarP93: folds 
DL1B: raises $5.50 to $7.50
veronika932: folds 
ptolejmus: folds 
blackclan7: folds 
Uncalled bet ($5.50) returned to DL1B
DL1B collected $5.50 from pot
DL1B: doesn't show hand 
*** SUMMARY ***
Total pot $5.50 | Rake $0 
Seat 1: veronika932 (small blind) folded before Flop
Seat 2: ptolejmus (big blind) folded before Flop
Seat 3: Poker9803 folded before Flop (didn't bet)
Seat 4: blackclan7 folded before Flop
Seat 5: KarP93 folded before Flop (didn't bet)
Seat 6: DL1B (button) collected ($5.50)



PokerStars Hand #254503429043:  Hold'em No Limit ($0.50/$1.00 USD) - 2025/01/22 19:25:59 WET [2025/01/22 14:25:59 ET]
Table 'Magdalena IV' 6-max Seat #1 is the button
Seat 1: veronika932 ($96.32 in chips) 
Seat 2: ptolejmus ($21 in chips) 
Seat 3: Poker9803 ($104.60 in chips) 
Seat 4: blackclan7 ($100.01 in chips) 
Seat 5: KarP93 ($134.75 in chips) 
Seat 6: DL1B ($103.50 in chips) 
ptolejmus: posts small blind $0.50
Poker9803: posts big blind $1
*** HOLE CARDS ***
blackclan7: folds 
KarP93: raises $1.50 to $2.50
DL1B: folds 
veronika932: calls $2.50
ptolejmus: folds 
Poker9803: folds 
*** FLOP *** [9h 8c Qd]
KarP93: checks 
veronika932: checks 
*** TURN *** [9h 8c Qd] [Qs]
KarP93: bets $1
veronika932: calls $1
*** RIVER *** [9h 8c Qd Qs] [9c]
KarP93: checks 
veronika932: checks 
*** SHOW DOWN ***
KarP93: shows [Ts Tc] (two pair, Queens and Tens)
veronika932: mucks hand 
KarP93 collected $8.08 from pot
*** SUMMARY ***
Total pot $8.50 | Rake $0.42 
Board [9h 8c Qd Qs 9c]
Seat 1: veronika932 (button) mucked
Seat 2: ptolejmus (small blind) folded before Flop
Seat 3: Poker9803 (big blind) folded before Flop
Seat 4: blackclan7 folded before Flop (didn't bet)
Seat 5: KarP93 showed [Ts Tc] and won ($8.08) with two pair, Queens and Tens
Seat 6: DL1B folded before Flop (didn't bet)



PokerStars Hand #254503441303:  Hold'em No Limit ($0.50/$1.00 USD) - 2025/01/22 19:26:43 WET [2025/01/22 14:26:43 ET]
Table 'Magdalena IV' 6-max Seat #2 is the button
Seat 1: veronika932 ($92.82 in chips) 
Seat 2: ptolejmus ($20.50 in chips) 
Seat 3: Poker9803 ($103.60 in chips) 
Seat 4: blackclan7 ($100.01 in chips) 
Seat 5: KarP93 ($139.33 in chips) 
Seat 6: DL1B ($103.50 in chips) 
Poker9803: posts small blind $0.50
blackclan7: posts big blind $1
*** HOLE CARDS ***
KarP93: folds 
DL1B: raises $2 to $3
veronika932: folds 
ptolejmus: folds 
Poker9803: folds 
blackclan7: folds 
Uncalled bet ($2) returned to DL1B
DL1B collected $2.50 from pot
DL1B: doesn't show hand 
*** SUMMARY ***
Total pot $2.50 | Rake $0 
Seat 1: veronika932 folded before Flop (didn't bet)
Seat 2: ptolejmus (button) folded before Flop (didn't bet)
Seat 3: Poker9803 (small blind) folded before Flop
Seat 4: blackclan7 (big blind) folded before Flop
Seat 5: KarP93 folded before Flop (didn't bet)
Seat 6: DL1B collected ($2.50)



PokerStars Hand #254503447658:  Hold'em No Limit ($0.50/$1.00 USD) - 2025/01/22 19:27:06 WET [2025/01/22 14:27:06 ET]
Table 'Magdalena IV' 6-max Seat #3 is the button
Seat 1: veronika932 ($92.82 in chips) 
Seat 2: ptolejmus ($20.50 in chips) 
Seat 3: Poker9803 ($103.10 in chips) 
Seat 4: blackclan7 ($100 in chips) 
Seat 5: KarP93 ($139.33 in chips) 
Seat 6: DL1B ($105 in chips) 
blackclan7: posts small blind $0.50
KarP93: posts big blind $1
*** HOLE CARDS ***
DL1B: folds 
veronika932: calls $1
ptolejmus: folds 
Poker9803: folds 
blackclan7: raises $5 to $6
KarP93: folds 
veronika932: folds 
Uncalled bet ($5) returned to blackclan7
blackclan7 collected $3 from pot
blackclan7: doesn't show hand 
*** SUMMARY ***
Total pot $3 | Rake $0 
Seat 1: veronika932 folded before Flop
Seat 2: ptolejmus folded before Flop (didn't bet)
Seat 3: Poker9803 (button) folded before Flop (didn't bet)
Seat 4: blackclan7 (small blind) collected ($3)
Seat 5: KarP93 (big blind) folded before Flop
Seat 6: DL1B folded before Flop (didn't bet)



PokerStars Hand #254503455133:  Hold'em No Limit ($0.50/$1.00 USD) - 2025/01/22 19:27:32 WET [2025/01/22 14:27:32 ET]
Table 'Magdalena IV' 6-max Seat #4 is the button
Seat 1: veronika932 ($91.82 in chips) 
Seat 2: ptolejmus ($20.50 in chips) 
Seat 3: Poker9803 ($103.10 in chips) 
Seat 4: blackclan7 ($102 in chips) 
Seat 5: KarP93 ($138.33 in chips) 
Seat 6: DL1B ($105 in chips) 
KarP93: posts small blind $0.50
DL1B: posts big blind $1
*** HOLE CARDS ***
veronika932: calls $1
ptolejmus: folds 
Poker9803: raises $2.50 to $3.50
blackclan7: folds 
KarP93: folds 
DL1B: folds 
veronika932: calls $2.50
*** FLOP *** [4c 9c 6s]
veronika932: bets $1
Poker9803: calls $1
*** TURN *** [4c 9c 6s] [Th]
veronika932: bets $9.98
Poker9803: folds 
Uncalled bet ($9.98) returned to veronika932
veronika932 collected $9.98 from pot
veronika932: doesn't show hand 
*** SUMMARY ***
Total pot $10.50 | Rake $0.52 
Board [4c 9c 6s Th]
Seat 1: veronika932 collected ($9.98)
Seat 2: ptolejmus folded before Flop (didn't bet)
Seat 3: Poker9803 folded on the Turn
Seat 4: blackclan7 (button) folded before Flop (didn't bet)
Seat 5: KarP93 (small blind) folded before Flop
Seat 6: DL1B (big blind) folded before Flop



PokerStars Hand #254503466003:  Hold'em No Limit ($0.50/$1.00 USD) - 2025/01/22 19:28:10 WET [2025/01/22 14:28:10 ET]
Table 'Magdalena IV' 6-max Seat #5 is the button
Seat 1: veronika932 ($97.30 in chips) 
Seat 2: ptolejmus ($20.50 in chips) 
Seat 3: Poker9803 ($100 in chips) 
Seat 4: blackclan7 ($102 in chips) 
Seat 5: KarP93 ($137.83 in chips) 
Seat 6: DL1B ($104 in chips) 
DL1B: posts small blind $0.50
veronika932: posts big blind $1
*** HOLE CARDS ***
ptolejmus: folds 
Poker9803: folds 
blackclan7: folds 
KarP93: folds 
DL1B: raises $2 to $3
veronika932: folds 
Uncalled bet ($2) returned to DL1B
DL1B collected $2 from pot
DL1B: doesn't show hand 
*** SUMMARY ***
Total pot $2 | Rake $0 
Seat 1: veronika932 (big blind) folded before Flop
Seat 2: ptolejmus folded before Flop (didn't bet)
Seat 3: Poker9803 folded before Flop (didn't bet)
Seat 4: blackclan7 folded before Flop (didn't bet)
Seat 5: KarP93 (button) folded before Flop (didn't bet)
Seat 6: DL1B (small blind) collected ($2)



PokerStars Hand #254503470209:  Hold'em No Limit ($0.50/$1.00 USD) - 2025/01/22 19:28:25 WET [2025/01/22 14:28:25 ET]
Table 'Magdalena IV' 6-max Seat #6 is the button
Seat 1: veronika932 ($96.30 in chips) 
Seat 2: ptolejmus ($20.50 in chips) 
Seat 3: Poker9803 ($100 in chips) 
Seat 4: blackclan7 ($102 in chips) 
Seat 5: KarP93 ($137.83 in chips) 
Seat 6: DL1B ($105 in chips) 
veronika932: posts small blind $0.50
ptolejmus: posts big blind $1
*** HOLE CARDS ***
Poker9803: folds 
blackclan7: raises $1 to $2
KarP93: folds 
DL1B: folds 
veronika932: folds 
ptolejmus: folds 
Uncalled bet ($1) returned to blackclan7
blackclan7 collected $2.50 from pot
blackclan7: doesn't show hand 
*** SUMMARY ***
Total pot $2.50 | Rake $0 
Seat 1: veronika932 (small blind) folded before Flop
Seat 2: ptolejmus (big blind) folded before Flop
Seat 3: Poker9803 folded before Flop (didn't bet)
Seat 4: blackclan7 collected ($2.50)
Seat 5: KarP93 folded before Flop (didn't bet)
Seat 6: DL1B (button) folded before Flop (didn't bet)



PokerStars Hand #254503477340:  Hold'em No Limit ($0.50/$1.00 USD) - 2025/01/22 19:28:51 WET [2025/01/22 14:28:51 ET]
Table 'Magdalena IV' 6-max Seat #1 is the button
Seat 1: veronika932 ($95.80 in chips) 
Seat 2: ptolejmus ($19.50 in chips) 
Seat 3: Poker9803 ($100 in chips) 
Seat 4: blackclan7 ($103.50 in chips) 
Seat 5: KarP93 ($137.83 in chips) 
Seat 6: DL1B ($105 in chips) 
ptolejmus: posts small blind $0.50
Poker9803: posts big blind $1
*** HOLE CARDS ***
blackclan7: raises $1 to $2
KarP93: folds 
DL1B: folds 
veronika932: folds 
ptolejmus: folds 
Poker9803: folds 
Uncalled bet ($1) returned to blackclan7
blackclan7 collected $2.50 from pot
blackclan7: doesn't show hand 
*** SUMMARY ***
Total pot $2.50 | Rake $0 
Seat 1: veronika932 (button) folded before Flop (didn't bet)
Seat 2: ptolejmus (small blind) folded before Flop
Seat 3: Poker9803 (big blind) folded before Flop
Seat 4: blackclan7 collected ($2.50)
Seat 5: KarP93 folded before Flop (didn't bet)
Seat 6: DL1B folded before Flop (didn't bet)



PokerStars Hand #254503480941:  Hold'em No Limit ($0.50/$1.00 USD) - 2025/01/22 19:29:03 WET [2025/01/22 14:29:03 ET]
Table 'Magdalena IV' 6-max Seat #2 is the button
Seat 1: veronika932 ($95.80 in chips) 
Seat 2: ptolejmus ($19 in chips) 
Seat 3: Poker9803 ($100 in chips) 
Seat 4: blackclan7 ($105 in chips) 
Seat 5: KarP93 ($137.83 in chips) 
Seat 6: DL1B ($105 in chips) 
Poker9803: posts small blind $0.50
blackclan7: posts big blind $1
*** HOLE CARDS ***
KarP93: folds 
DL1B: folds 
veronika932: raises $1 to $2
ptolejmus: folds 
Poker9803: folds 
blackclan7: folds 
Uncalled bet ($1) returned to veronika932
veronika932 collected $2.50 from pot
veronika932: doesn't show hand 
*** SUMMARY ***
Total pot $2.50 | Rake $0 
Seat 1: veronika932 collected ($2.50)
Seat 2: ptolejmus (button) folded before Flop (didn't bet)
Seat 3: Poker9803 (small blind) folded before Flop
Seat 4: blackclan7 (big blind) folded before Flop
Seat 5: KarP93 folded before Flop (didn't bet)
Seat 6: DL1B folded before Flop (didn't bet)



PokerStars Hand #254503486405:  Hold'em No Limit ($0.50/$1.00 USD) - 2025/01/22 19:29:23 WET [2025/01/22 14:29:23 ET]
Table 'Magdalena IV' 6-max Seat #3 is the button
Seat 1: veronika932 ($97.30 in chips) 
Seat 2: ptolejmus ($19 in chips) 
Seat 3: Poker9803 ($100 in chips) 
Seat 4: blackclan7 ($104 in chips) 
Seat 5: KarP93 ($137.83 in chips) 
Seat 6: DL1B ($105 in chips) 
blackclan7: posts small blind $0.50
KarP93: posts big blind $1
*** HOLE CARDS ***
DL1B: folds 
veronika932: folds 
ptolejmus: folds 
Poker9803: folds 
blackclan7: folds 
Uncalled bet ($0.50) returned to KarP93
KarP93 collected $1 from pot
KarP93: doesn't show hand 
*** SUMMARY ***
Total pot $1 | Rake $0 
Seat 1: veronika932 folded before Flop (didn't bet)
Seat 2: ptolejmus folded before Flop (didn't bet)
Seat 3: Poker9803 (button) folded before Flop (didn't bet)
Seat 4: blackclan7 (small blind) folded before Flop
Seat 5: KarP93 (big blind) collected ($1)
Seat 6: DL1B folded before Flop (didn't bet)



PokerStars Hand #254503490448:  Hold'em No Limit ($0.50/$1.00 USD) - 2025/01/22 19:29:37 WET [2025/01/22 14:29:37 ET]
Table 'Magdalena IV' 6-max Seat #4 is the button
Seat 1: veronika932 ($97.30 in chips) 
Seat 2: ptolejmus ($19 in chips) 
Seat 3: Poker9803 ($100 in chips) 
Seat 4: blackclan7 ($103.50 in chips) 
Seat 5: KarP93 ($138.33 in chips) 
Seat 6: DL1B ($105 in chips) 
KarP93: posts small blind $0.50
DL1B: posts big blind $1
*** HOLE CARDS ***
veronika932: calls $1
ptolejmus: raises $1.50 to $2.50
Poker9803: raises $6 to $8.50
blackclan7: folds 
KarP93: folds 
DL1B: folds 
veronika932: folds 
ptolejmus: raises $10.50 to $19 and is all-in
Poker9803: calls $10.50
*** FLOP *** [Qd Jd 2h]
*** TURN *** [Qd Jd 2h] [Qs]
*** RIVER *** [Qd Jd 2h Qs] [Qh]
*** SHOW DOWN ***
ptolejmus: shows [As Kc] (three of a kind, Queens)
Poker9803: shows [Ac Qc] (four of a kind, Queens)
Poker9803 collected $38.48 from pot
*** SUMMARY ***
Total pot $40.50 | Rake $2.02 
Board [Qd Jd 2h Qs Qh]
Seat 1: veronika932 folded before Flop
Seat 2: ptolejmus showed [As Kc] and lost with three of a kind, Queens
Seat 3: Poker9803 showed [Ac Qc] and won ($38.48) with four of a kind, Queens
Seat 4: blackclan7 (button) folded before Flop (didn't bet)
Seat 5: KarP93 (small blind) folded before Flop
Seat 6: DL1B (big blind) folded before Flop



PokerStars Hand #254503869012:  Hold'em No Limit ($0.50/$1.00 USD) - 2025/01/22 19:51:43 WET [2025/01/22 14:51:43 ET]
Table 'Magdalena IV' 6-max Seat #5 is the button
Seat 1: veronika932 ($23.83 in chips) 
Seat 2: ptolejmus ($28.08 in chips) 
Seat 3: Poker9803 ($129.77 in chips) 
Seat 4: blackclan7 ($106.85 in chips) 
Seat 5: kars0n ($124.46 in chips) 
Seat 6: DL1B ($127.70 in chips) 
DL1B: posts small blind $0.50
veronika932: posts big blind $1
*** HOLE CARDS ***
ptolejmus: folds 
Poker9803: folds 
blackclan7: raises $1.30 to $2.30
kars0n: calls $2.30
DL1B: folds 
veronika932: calls $1.30
*** FLOP *** [Ad Qc 3d]
veronika932: checks 
blackclan7: bets $2.32
kars0n: folds 
veronika932: calls $2.32
*** TURN *** [Ad Qc 3d] [Ks]
veronika932: checks 
blackclan7: checks 
*** RIVER *** [Ad Qc 3d Ks] [Qd]
veronika932: checks 
blackclan7: bets $8.58
veronika932: folds 
Uncalled bet ($8.58) returned to blackclan7
blackclan7 collected $11.44 from pot
blackclan7: doesn't show hand 
*** SUMMARY ***
Total pot $12.04 | Rake $0.60 
Board [Ad Qc 3d Ks Qd]
Seat 1: veronika932 (big blind) folded on the River
Seat 2: ptolejmus folded before Flop (didn't bet)
Seat 3: Poker9803 folded before Flop (didn't bet)
Seat 4: blackclan7 collected ($11.44)
Seat 5: kars0n (button) folded on the Flop
Seat 6: DL1B (small blind) folded before Flop



PokerStars Hand #254503890231:  Hold'em No Limit ($0.50/$1.00 USD) - 2025/01/22 19:52:56 WET [2025/01/22 14:52:56 ET]
Table 'Magdalena IV' 6-max Seat #6 is the button
Seat 2: ptolejmus ($28.08 in chips) is sitting out
Seat 1: veronika932 ($19.21 in chips) 
Seat 3: Poker9803 ($129.77 in chips) 
Seat 4: blackclan7 ($113.67 in chips) 
Seat 5: kars0n ($122.16 in chips) 
Seat 6: DL1B ($127.20 in chips) 
veronika932: posts small blind $0.50
ptolejmus: is sitting out 
Poker9803: posts big blind $1
*** HOLE CARDS ***
blackclan7: folds 
ptolejmus leaves the table
kars0n: raises $1.50 to $2.50
DL1B: folds 
veronika932: calls $2
Poker9803: folds 
*** FLOP *** [4d 7c 4c]
veronika932: checks 
kars0n: checks 
*** TURN *** [4d 7c 4c] [4s]
veronika932: checks 
kars0n: checks 
*** RIVER *** [4d 7c 4c 4s] [2h]
veronika932: bets $3
kars0n: folds 
Uncalled bet ($3) returned to veronika932
BGS013 joins the table at seat #2 
veronika932 collected $5.70 from pot
veronika932: doesn't show hand 
*** SUMMARY ***
Total pot $6 | Rake $0.30 
Board [4d 7c 4c 4s 2h]
Seat 2: ptolejmus
Seat 1: veronika932 (small blind) collected ($5.70)
Seat 3: Poker9803 (big blind) folded before Flop
Seat 4: blackclan7 folded before Flop (didn't bet)
Seat 5: kars0n folded on the River
Seat 6: DL1B (button) folded before Flop (didn't bet)



PokerStars Hand #254503898159:  Hold'em No Limit ($0.50/$1.00 USD) - 2025/01/22 19:53:24 WET [2025/01/22 14:53:24 ET]
Table 'Magdalena IV' 6-max Seat #1 is the button
Seat 2: BGS013 ($100 in chips) is sitting out
Seat 1: veronika932 ($22.41 in chips) 
Seat 3: Poker9803 ($128.77 in chips) 
Seat 4: blackclan7 ($113.67 in chips) 
Seat 5: kars0n ($119.66 in chips) 
Seat 6: DL1B ($127.20 in chips) 
Poker9803: posts small blind $0.50
blackclan7: posts big blind $1
*** HOLE CARDS ***
kars0n: folds 
DL1B: folds 
veronika932: calls $1
Poker9803: folds 
blackclan7: checks 
*** FLOP *** [Kd Ad Ah]
blackclan7: checks 
veronika932: checks 
*** TURN *** [Kd Ad Ah] [Ts]
blackclan7: checks 
veronika932: bets $3
blackclan7: folds 
Uncalled bet ($3) returned to veronika932
veronika932 collected $2.38 from pot
veronika932: doesn't show hand 
*** SUMMARY ***
Total pot $2.50 | Rake $0.12 
Board [Kd Ad Ah Ts]
Seat 2: BGS013
Seat 1: veronika932 (button) collected ($2.38)
Seat 3: Poker9803 (small blind) folded before Flop
Seat 4: blackclan7 (big blind) folded on the Turn
Seat 5: kars0n folded before Flop (didn't bet)
Seat 6: DL1B folded before Flop (didn't bet)



PokerStars Hand #254503908736:  Hold'em No Limit ($0.50/$1.00 USD) - 2025/01/22 19:54:01 WET [2025/01/22 14:54:01 ET]
Table 'Magdalena IV' 6-max Seat #3 is the button
Seat 2: BGS013 ($100 in chips) is sitting out
Seat 1: veronika932 ($23.79 in chips) 
Seat 3: Poker9803 ($128.27 in chips) 
Seat 4: blackclan7 ($112.67 in chips) 
Seat 5: kars0n ($119.66 in chips) 
Seat 6: DL1B ($127.20 in chips) 
blackclan7: posts small blind $0.50
kars0n: posts big blind $1
BGS013: sits out 
*** HOLE CARDS ***
DL1B: folds 
veronika932: calls $1
Poker9803: folds 
blackclan7: folds 
kars0n: checks 
*** FLOP *** [3c Js 6s]
kars0n: bets $1
veronika932: raises $1 to $2
kars0n: calls $1
*** TURN *** [3c Js 6s] [Ts]
kars0n: checks 
veronika932: bets $4
kars0n: calls $4
*** RIVER *** [3c Js 6s Ts] [6d]
kars0n: checks 
veronika932: checks 
*** SHOW DOWN ***
kars0n: shows [Jd 8s] (two pair, Jacks and Sixes)
veronika932: shows [Td Jh] (two pair, Jacks and Tens)
veronika932 collected $13.78 from pot
*** SUMMARY ***
Total pot $14.50 | Rake $0.72 
Board [3c Js 6s Ts 6d]
Seat 2: BGS013
Seat 1: veronika932 showed [Td Jh] and won ($13.78) with two pair, Jacks and Tens
Seat 3: Poker9803 (button) folded before Flop (didn't bet)
Seat 4: blackclan7 (small blind) folded before Flop
Seat 5: kars0n (big blind) showed [Jd 8s] and lost with two pair, Jacks and Sixes
Seat 6: DL1B folded before Flop (didn't bet)



PokerStars Hand #254503918128:  Hold'em No Limit ($0.50/$1.00 USD) - 2025/01/22 19:54:34 WET [2025/01/22 14:54:34 ET]
Table 'Magdalena IV' 6-max Seat #4 is the button
Seat 2: BGS013 ($100 in chips) is sitting out
Seat 1: veronika932 ($30.57 in chips) 
Seat 3: Poker9803 ($128.27 in chips) 
Seat 4: blackclan7 ($112.17 in chips) 
Seat 5: kars0n ($112.66 in chips) 
Seat 6: DL1B ($127.20 in chips) 
kars0n: posts small blind $0.50
DL1B: posts big blind $1
BGS013: sits out 
*** HOLE CARDS ***
veronika932: folds 
Poker9803: raises $1.50 to $2.50
blackclan7: folds 
kars0n: folds 
DL1B: calls $1.50
*** FLOP *** [9c Qd Jc]
DL1B: checks 
Poker9803: bets $1.72
DL1B: calls $1.72
*** TURN *** [9c Qd Jc] [6c]
DL1B: checks 
Poker9803: checks 
*** RIVER *** [9c Qd Jc 6c] [Td]
DL1B: checks 
Poker9803: checks 
*** SHOW DOWN ***
DL1B: shows [As Jd] (a pair of Jacks)
Poker9803: shows [Qs 9s] (two pair, Queens and Nines)
Poker9803 collected $8.49 from pot
*** SUMMARY ***
Total pot $8.94 | Rake $0.45 
Board [9c Qd Jc 6c Td]
Seat 2: BGS013
Seat 1: veronika932 folded before Flop (didn't bet)
Seat 3: Poker9803 showed [Qs 9s] and won ($8.49) with two pair, Queens and Nines
Seat 4: blackclan7 (button) folded before Flop (didn't bet)
Seat 5: kars0n (small blind) folded before Flop
Seat 6: DL1B (big blind) showed [As Jd] and lost with a pair of Jacks



PokerStars Hand #254503932642:  Hold'em No Limit ($0.50/$1.00 USD) - 2025/01/22 19:55:29 WET [2025/01/22 14:55:29 ET]
Table 'Magdalena IV' 6-max Seat #5 is the button
Seat 2: BGS013 ($100 in chips) is sitting out
Seat 1: veronika932 ($68.69 in chips) 
Seat 3: Poker9803 ($132.54 in chips) 
Seat 4: blackclan7 ($112.17 in chips) 
Seat 5: kars0n ($112.16 in chips) 
Seat 6: DL1B ($122.98 in chips) 
DL1B: posts small blind $0.50
veronika932: posts big blind $1
BGS013: sits out 
*** HOLE CARDS ***
Poker9803: folds 
blackclan7: folds 
kars0n: raises $1.50 to $2.50
DL1B: raises $9.50 to $12
veronika932: folds 
kars0n: calls $9.50
*** FLOP *** [Ah 6d 8s]
DL1B: bets $7.84
kars0n: calls $7.84
*** TURN *** [Ah 6d 8s] [5d]
DL1B: checks 
kars0n: checks 
*** RIVER *** [Ah 6d 8s 5d] [Ts]
DL1B: bets $29.37
kars0n: folds 
Uncalled bet ($29.37) returned to DL1B
DL1B collected $38.65 from pot
DL1B: doesn't show hand 
*** SUMMARY ***
Total pot $40.68 | Rake $2.03 
Board [Ah 6d 8s 5d Ts]
Seat 2: BGS013
Seat 1: veronika932 (big blind) folded before Flop
Seat 3: Poker9803 folded before Flop (didn't bet)
Seat 4: blackclan7 folded before Flop (didn't bet)
Seat 5: kars0n (button) folded on the River
Seat 6: DL1B (small blind) collected ($38.65)



PokerStars Hand #254503944728:  Hold'em No Limit ($0.50/$1.00 USD) - 2025/01/22 19:56:28 WET [2025/01/22 14:56:28 ET]
Table 'Magdalena IV' 6-max Seat #6 is the button
Seat 1: veronika932 ($67.69 in chips) 
Seat 2: BGS013 ($100 in chips) 
Seat 3: Poker9803 ($132.54 in chips) 
Seat 4: blackclan7 ($112.17 in chips) 
Seat 5: kars0n ($100 in chips) 
Seat 6: DL1B ($141.79 in chips) 
veronika932: posts small blind $0.50
BGS013: posts big blind $1
*** HOLE CARDS ***
Poker9803: folds 
blackclan7: raises $1 to $2
kars0n: folds 
DL1B: calls $2
veronika932: calls $1.50
BGS013: folds 
*** FLOP *** [Ts 3h Js]
veronika932: checks 
blackclan7: checks 
DL1B: checks 
*** TURN *** [Ts 3h Js] [Th]
veronika932: checks 
blackclan7: bets $4.39
DL1B: folds 
veronika932: folds 
Uncalled bet ($4.39) returned to blackclan7
blackclan7 collected $6.65 from pot
blackclan7: doesn't show hand 
*** SUMMARY ***
Total pot $7 | Rake $0.35 
Board [Ts 3h Js Th]
Seat 1: veronika932 (small blind) folded on the Turn
Seat 2: BGS013 (big blind) folded before Flop
Seat 3: Poker9803 folded before Flop (didn't bet)
Seat 4: blackclan7 collected ($6.65)
Seat 5: kars0n folded before Flop (didn't bet)
Seat 6: DL1B (button) folded on the Turn



PokerStars Hand #254503955452:  Hold'em No Limit ($0.50/$1.00 USD) - 2025/01/22 19:57:20 WET [2025/01/22 14:57:20 ET]
Table 'Magdalena IV' 6-max Seat #1 is the button
Seat 1: veronika932 ($65.69 in chips) 
Seat 2: BGS013 ($100 in chips) 
Seat 3: Poker9803 ($132.54 in chips) 
Seat 4: blackclan7 ($116.82 in chips) 
Seat 5: kars0n ($100 in chips) 
Seat 6: DL1B ($139.79 in chips) 
BGS013: posts small blind $0.50
Poker9803: posts big blind $1
*** HOLE CARDS ***
blackclan7: folds 
kars0n: folds 
DL1B: raises $1.50 to $2.50
veronika932: calls $2.50
BGS013: folds 
Poker9803: calls $1.50
*** FLOP *** [Ah 8s Kc]
Poker9803: checks 
DL1B: checks 
veronika932: checks 
*** TURN *** [Ah 8s Kc] [8c]
Poker9803: bets $2.51
DL1B: folds 
veronika932: folds 
Uncalled bet ($2.51) returned to Poker9803
Poker9803 collected $7.60 from pot
Poker9803: doesn't show hand 
*** SUMMARY ***
Total pot $8 | Rake $0.40 
Board [Ah 8s Kc 8c]
Seat 1: veronika932 (button) folded on the Turn
Seat 2: BGS013 (small blind) folded before Flop
Seat 3: Poker9803 (big blind) collected ($7.60)
Seat 4: blackclan7 folded before Flop (didn't bet)
Seat 5: kars0n folded before Flop (didn't bet)
Seat 6: DL1B folded on the Turn



PokerStars Hand #254503963228:  Hold'em No Limit ($0.50/$1.00 USD) - 2025/01/22 19:57:57 WET [2025/01/22 14:57:57 ET]
Table 'Magdalena IV' 6-max Seat #2 is the button
Seat 1: veronika932 ($63.19 in chips) 
Seat 2: BGS013 ($100 in chips) 
Seat 3: Poker9803 ($137.64 in chips) 
Seat 4: blackclan7 ($116.82 in chips) 
Seat 5: kars0n ($100 in chips) 
Seat 6: DL1B ($137.29 in chips) 
Poker9803: posts small blind $0.50
blackclan7: posts big blind $1
*** HOLE CARDS ***
kars0n: folds 
DL1B: folds 
veronika932: folds 
BGS013: folds 
Poker9803: raises $2 to $3
blackclan7: folds 
Uncalled bet ($2) returned to Poker9803
Poker9803 collected $2 from pot
Poker9803: doesn't show hand 
*** SUMMARY ***
Total pot $2 | Rake $0 
Seat 1: veronika932 folded before Flop (didn't bet)
Seat 2: BGS013 (button) folded before Flop (didn't bet)
Seat 3: Poker9803 (small blind) collected ($2)
Seat 4: blackclan7 (big blind) folded before Flop
Seat 5: kars0n folded before Flop (didn't bet)
Seat 6: DL1B folded before Flop (didn't bet)



PokerStars Hand #254503966428:  Hold'em No Limit ($0.50/$1.00 USD) - 2025/01/22 19:58:13 WET [2025/01/22 14:58:13 ET]
Table 'Magdalena IV' 6-max Seat #3 is the button
Seat 1: veronika932 ($63.19 in chips) 
Seat 2: BGS013 ($100 in chips) 
Seat 3: Poker9803 ($138.64 in chips) 
Seat 4: blackclan7 ($115.82 in chips) 
Seat 5: kars0n ($100 in chips) 
Seat 6: DL1B ($137.29 in chips) 
blackclan7: posts small blind $0.50
kars0n: posts big blind $1
*** HOLE CARDS ***
DL1B: folds 
veronika932: calls $1
BGS013: raises $4 to $5
Poker9803: folds 
blackclan7: folds 
kars0n: folds 
veronika932: calls $4
*** FLOP *** [Td 8d 8h]
veronika932: checks 
BGS013: bets $2.84
veronika932: calls $2.84
*** TURN *** [Td 8d 8h] [9d]
veronika932: checks 
BGS013: bets $10
veronika932: calls $10
*** RIVER *** [Td 8d 8h 9d] [5d]
veronika932: checks 
BGS013: checks 
*** SHOW DOWN ***
veronika932: shows [9c Jh] (two pair, Nines and Eights)
BGS013: mucks hand 
veronika932 collected $35.32 from pot
*** SUMMARY ***
Total pot $37.18 | Rake $1.86 
Board [Td 8d 8h 9d 5d]
Seat 1: veronika932 showed [9c Jh] and won ($35.32) with two pair, Nines and Eights
Seat 2: BGS013 mucked
Seat 3: Poker9803 (button) folded before Flop (didn't bet)
Seat 4: blackclan7 (small blind) folded before Flop
Seat 5: kars0n (big blind) folded before Flop
Seat 6: DL1B folded before Flop (didn't bet)



PokerStars Hand #254503976930:  Hold'em No Limit ($0.50/$1.00 USD) - 2025/01/22 19:59:03 WET [2025/01/22 14:59:03 ET]
Table 'Magdalena IV' 6-max Seat #4 is the button
Seat 1: veronika932 ($80.67 in chips) 
Seat 2: BGS013 ($100 in chips) 
Seat 3: Poker9803 ($138.64 in chips) 
Seat 4: blackclan7 ($115.32 in chips) 
Seat 5: kars0n ($100 in chips) 
Seat 6: DL1B ($137.29 in chips) 
kars0n: posts small blind $0.50
DL1B: posts big blind $1
*** HOLE CARDS ***
veronika932: folds 
BGS013: raises $1 to $2
Poker9803: folds 
blackclan7: folds 
kars0n: folds 
DL1B: calls $1
*** FLOP *** [5s 8c Qh]
DL1B: checks 
BGS013: checks 
*** TURN *** [5s 8c Qh] [Ks]
DL1B: bets $3.25
BGS013: calls $3.25
*** RIVER *** [5s 8c Qh Ks] [3s]
DL1B: bets $7.94
BGS013: folds 
Uncalled bet ($7.94) returned to DL1B
DL1B collected $10.45 from pot
DL1B: doesn't show hand 
*** SUMMARY ***
Total pot $11 | Rake $0.55 
Board [5s 8c Qh Ks 3s]
Seat 1: veronika932 folded before Flop (didn't bet)
Seat 2: BGS013 folded on the River
Seat 3: Poker9803 folded before Flop (didn't bet)
Seat 4: blackclan7 (button) folded before Flop (didn't bet)
Seat 5: kars0n (small blind) folded before Flop
Seat 6: DL1B (big blind) collected ($10.45)



PokerStars Hand #254503996081:  Hold'em No Limit ($0.50/$1.00 USD) - 2025/01/22 20:00:34 WET [2025/01/22 15:00:34 ET]
Table 'Magdalena IV' 6-max Seat #5 is the button
Seat 1: veronika932 ($80.67 in chips) 
Seat 2: BGS013 ($100 in chips) 
Seat 3: Poker9803 ($138.64 in chips) 
Seat 4: blackclan7 ($115.32 in chips) 
Seat 5: kars0n ($100 in chips) 
Seat 6: DL1B ($142.49 in chips) 
DL1B: posts small blind $0.50
veronika932: posts big blind $1
*** HOLE CARDS ***
BGS013: folds 
Poker9803: folds 
blackclan7: folds 
kars0n: raises $1.50 to $2.50
DL1B: folds 
veronika932: calls $1.50
*** FLOP *** [2c 3c 2h]
veronika932: checks 
kars0n: bets $3.92
veronika932: folds 
Uncalled bet ($3.92) returned to kars0n
kars0n collected $5.22 from pot
kars0n: doesn't show hand 
*** SUMMARY ***
Total pot $5.50 | Rake $0.28 
Board [2c 3c 2h]
Seat 1: veronika932 (big blind) folded on the Flop
Seat 2: BGS013 folded before Flop (didn't bet)
Seat 3: Poker9803 folded before Flop (didn't bet)
Seat 4: blackclan7 folded before Flop (didn't bet)
Seat 5: kars0n (button) collected ($5.22)
Seat 6: DL1B (small blind) folded before Flop



PokerStars Hand #254504002156:  Hold'em No Limit ($0.50/$1.00 USD) - 2025/01/22 20:01:01 WET [2025/01/22 15:01:01 ET]
Table 'Magdalena IV' 6-max Seat #6 is the button
Seat 1: veronika932 ($78.17 in chips) 
Seat 2: BGS013 ($100 in chips) 
Seat 3: Poker9803 ($138.64 in chips) 
Seat 4: blackclan7 ($115.32 in chips) 
Seat 5: kars0n ($102.72 in chips) 
Seat 6: DL1B ($141.99 in chips) 
veronika932: posts small blind $0.50
BGS013: posts big blind $1
*** HOLE CARDS ***
Poker9803: folds 
blackclan7: raises $1 to $2
kars0n: folds 
DL1B: raises $5.50 to $7.50
veronika932: folds 
BGS013: folds 
blackclan7: folds 
Uncalled bet ($5.50) returned to DL1B
DL1B collected $5.50 from pot
DL1B: doesn't show hand 
*** SUMMARY ***
Total pot $5.50 | Rake $0 
Seat 1: veronika932 (small blind) folded before Flop
Seat 2: BGS013 (big blind) folded before Flop
Seat 3: Poker9803 folded before Flop (didn't bet)
Seat 4: blackclan7 folded before Flop
Seat 5: kars0n folded before Flop (didn't bet)
Seat 6: DL1B (button) collected ($5.50)



PokerStars Hand #254504010112:  Hold'em No Limit ($0.50/$1.00 USD) - 2025/01/22 20:01:33 WET [2025/01/22 15:01:33 ET]
Table 'Magdalena IV' 6-max Seat #1 is the button
Seat 1: veronika932 ($77.67 in chips) 
Seat 2: BGS013 ($100 in chips) 
Seat 3: Poker9803 ($138.64 in chips) 
Seat 4: blackclan7 ($113.32 in chips) 
Seat 5: kars0n ($102.72 in chips) 
Seat 6: DL1B ($145.49 in chips) 
BGS013: posts small blind $0.50
Poker9803: posts big blind $1
*** HOLE CARDS ***
blackclan7: folds 
kars0n: folds 
DL1B: folds 
veronika932: folds 
BGS013: raises $2 to $3
Poker9803: folds 
Uncalled bet ($2) returned to BGS013
BGS013 collected $2 from pot
BGS013: doesn't show hand 
*** SUMMARY ***
Total pot $2 | Rake $0 
Seat 1: veronika932 (button) folded before Flop (didn't bet)
Seat 2: BGS013 (small blind) collected ($2)
Seat 3: Poker9803 (big blind) folded before Flop
Seat 4: blackclan7 folded before Flop (didn't bet)
Seat 5: kars0n folded before Flop (didn't bet)
Seat 6: DL1B folded before Flop (didn't bet)



PokerStars Hand #254504014190:  Hold'em No Limit ($0.50/$1.00 USD) - 2025/01/22 20:01:49 WET [2025/01/22 15:01:49 ET]
Table 'Magdalena IV' 6-max Seat #2 is the button
Seat 1: veronika932 ($77.67 in chips) 
Seat 2: BGS013 ($101 in chips) 
Seat 3: Poker9803 ($137.64 in chips) 
Seat 4: blackclan7 ($113.32 in chips) 
Seat 5: kars0n ($102.72 in chips) 
Seat 6: DL1B ($145.49 in chips) 
Poker9803: posts small blind $0.50
blackclan7: posts big blind $1
*** HOLE CARDS ***
kars0n: folds 
DL1B: folds 
veronika932: calls $1
BGS013: raises $3.50 to $4.50
Poker9803: folds 
blackclan7: folds 
veronika932: calls $3.50
*** FLOP *** [7d Ks Kh]
veronika932: checks 
BGS013: bets $3
veronika932: folds 
Uncalled bet ($3) returned to BGS013
BGS013 collected $9.98 from pot
BGS013: doesn't show hand 
*** SUMMARY ***
Total pot $10.50 | Rake $0.52 
Board [7d Ks Kh]
Seat 1: veronika932 folded on the Flop
Seat 2: BGS013 (button) collected ($9.98)
Seat 3: Poker9803 (small blind) folded before Flop
Seat 4: blackclan7 (big blind) folded before Flop
Seat 5: kars0n folded before Flop (didn't bet)
Seat 6: DL1B folded before Flop (didn't bet)



PokerStars Hand #254504020176:  Hold'em No Limit ($0.50/$1.00 USD) - 2025/01/22 20:02:11 WET [2025/01/22 15:02:11 ET]
Table 'Magdalena IV' 6-max Seat #3 is the button
Seat 1: veronika932 ($73.17 in chips) 
Seat 2: BGS013 ($106.48 in chips) 
Seat 3: Poker9803 ($137.14 in chips) 
Seat 4: blackclan7 ($112.32 in chips) 
Seat 5: kars0n ($102.72 in chips) 
Seat 6: DL1B ($145.49 in chips) 
blackclan7: posts small blind $0.50
kars0n: posts big blind $1
*** HOLE CARDS ***
DL1B: folds 
veronika932: calls $1
BGS013: folds 
Poker9803: folds 
blackclan7: folds 
kars0n: raises $3.50 to $4.50
veronika932: calls $3.50
*** FLOP *** [7h 6s 7c]
kars0n: bets $2.25
veronika932: calls $2.25
*** TURN *** [7h 6s 7c] [As]
kars0n: checks 
veronika932: checks 
*** RIVER *** [7h 6s 7c As] [Ks]
kars0n: bets $26
veronika932: calls $26
*** SHOW DOWN ***
kars0n: shows [Kc Kh] (a full house, Kings full of Sevens)
veronika932: mucks hand 
kars0n collected $63.50 from pot
*** SUMMARY ***
Total pot $66 | Rake $2.50 
Board [7h 6s 7c As Ks]
Seat 1: veronika932 mucked
Seat 2: BGS013 folded before Flop (didn't bet)
Seat 3: Poker9803 (button) folded before Flop (didn't bet)
Seat 4: blackclan7 (small blind) folded before Flop
Seat 5: kars0n (big blind) showed [Kc Kh] and won ($63.50) with a full house, Kings full of Sevens
Seat 6: DL1B folded before Flop (didn't bet)



PokerStars Hand #254504040998:  Hold'em No Limit ($0.50/$1.00 USD) - 2025/01/22 20:03:26 WET [2025/01/22 15:03:26 ET]
Table 'Magdalena IV' 6-max Seat #4 is the button
Seat 1: veronika932 ($40.42 in chips) 
Seat 2: BGS013 ($106.48 in chips) 
Seat 3: Poker9803 ($137.14 in chips) 
Seat 4: blackclan7 ($111.82 in chips) 
Seat 5: kars0n ($133.47 in chips) 
Seat 6: DL1B ($145.49 in chips) 
kars0n: posts small blind $0.50
DL1B: posts big blind $1
*** HOLE CARDS ***
veronika932: calls $1
BGS013: raises $3.50 to $4.50
Poker9803: folds 
blackclan7: folds 
kars0n: folds 
DL1B: folds 
veronika932: calls $3.50
*** FLOP *** [3h 7s 9c]
veronika932: bets $1
BGS013: calls $1
*** TURN *** [3h 7s 9c] [Jh]
veronika932: checks 
BGS013: checks 
*** RIVER *** [3h 7s 9c Jh] [8d]
veronika932: bets $4
BGS013: raises $4 to $8
veronika932: calls $4
*** SHOW DOWN ***
BGS013: shows [Ah Ts] (a straight, Seven to Jack)
veronika932: mucks hand 
BGS013 collected $27.08 from pot
*** SUMMARY ***
Total pot $28.50 | Rake $1.42 
Board [3h 7s 9c Jh 8d]
Seat 1: veronika932 mucked
Seat 2: BGS013 showed [Ah Ts] and won ($27.08) with a straight, Seven to Jack
Seat 3: Poker9803 folded before Flop (didn't bet)
Seat 4: blackclan7 (button) folded before Flop (didn't bet)
Seat 5: kars0n (small blind) folded before Flop
Seat 6: DL1B (big blind) folded before Flop



PokerStars Hand #254504057045:  Hold'em No Limit ($0.50/$1.00 USD) - 2025/01/22 20:04:22 WET [2025/01/22 15:04:22 ET]
Table 'Magdalena IV' 6-max Seat #5 is the button
Seat 1: veronika932 ($26.92 in chips) 
Seat 2: BGS013 ($120.06 in chips) 
Seat 3: Poker9803 ($137.14 in chips) 
Seat 4: blackclan7 ($111.82 in chips) 
Seat 5: kars0n ($132.97 in chips) 
Seat 6: DL1B ($144.49 in chips) 
DL1B: posts small blind $0.50
veronika932: posts big blind $1
*** HOLE CARDS ***
BGS013: raises $1 to $2
Poker9803: folds 
blackclan7: folds 
kars0n: folds 
DL1B: folds 
veronika932: raises $1 to $3
BGS013: calls $1
*** FLOP *** [7h 4s 5d]
veronika932: bets $1
BGS013: calls $1
*** TURN *** [7h 4s 5d] [Th]
veronika932: bets $3
BGS013: calls $3
*** RIVER *** [7h 4s 5d Th] [7s]
veronika932: bets $5
BGS013: calls $5
*** SHOW DOWN ***
veronika932: shows [As Kh] (a pair of Sevens)
BGS013: shows [8c 8s] (two pair, Eights and Sevens)
BGS013 collected $23.28 from pot
*** SUMMARY ***
Total pot $24.50 | Rake $1.22 
Board [7h 4s 5d Th 7s]
Seat 1: veronika932 (big blind) showed [As Kh] and lost with a pair of Sevens
Seat 2: BGS013 showed [8c 8s] and won ($23.28) with two pair, Eights and Sevens
Seat 3: Poker9803 folded before Flop (didn't bet)
Seat 4: blackclan7 folded before Flop (didn't bet)
Seat 5: kars0n (button) folded before Flop (didn't bet)
Seat 6: DL1B (small blind) folded before Flop



PokerStars Hand #254504069469:  Hold'em No Limit ($0.50/$1.00 USD) - 2025/01/22 20:05:06 WET [2025/01/22 15:05:06 ET]
Table 'Magdalena IV' 6-max Seat #6 is the button
Seat 1: veronika932 ($14.92 in chips) 
Seat 2: BGS013 ($131.34 in chips) 
Seat 3: Poker9803 ($137.14 in chips) 
Seat 4: blackclan7 ($111.82 in chips) 
Seat 5: kars0n ($132.97 in chips) 
Seat 6: DL1B ($143.99 in chips) 
veronika932: posts small blind $0.50
BGS013: posts big blind $1
*** HOLE CARDS ***
Poker9803: raises $1 to $2
blackclan7: folds 
kars0n: raises $5.50 to $7.50
DL1B: folds 
veronika932: raises $7.42 to $14.92 and is all-in
BGS013: folds 
Poker9803: raises $122.22 to $137.14 and is all-in
kars0n: calls $125.47 and is all-in
Uncalled bet ($4.17) returned to Poker9803
*** FLOP *** [3c Qc 2d]
*** TURN *** [3c Qc 2d] [8h]
*** RIVER *** [3c Qc 2d 8h] [Td]
*** SHOW DOWN ***
Poker9803: shows [Ah Kd] (high card Ace)
kars0n: shows [Kh Kc] (a pair of Kings)
kars0n collected $235.89 from side pot
veronika932: shows [9s Qh] (a pair of Queens)
kars0n collected $43.47 from main pot
*** SUMMARY ***
Total pot $281.86 Main pot $43.47. Side pot $235.89. | Rake $2.50 
Board [3c Qc 2d 8h Td]
Seat 1: veronika932 (small blind) showed [9s Qh] and lost with a pair of Queens
Seat 2: BGS013 (big blind) folded before Flop
Seat 3: Poker9803 showed [Ah Kd] and lost with high card Ace
Seat 4: blackclan7 folded before Flop (didn't bet)
Seat 5: kars0n showed [Kh Kc] and won ($279.36) with a pair of Kings
Seat 6: DL1B (button) folded before Flop (didn't bet)



PokerStars Hand #254504080567:  Hold'em No Limit ($0.50/$1.00 USD) - 2025/01/22 20:05:44 WET [2025/01/22 15:05:44 ET]
Table 'Magdalena IV' 6-max Seat #2 is the button
Seat 1: veronika932 ($0 in chips) is sitting out
Seat 2: BGS013 ($130.34 in chips) 
Seat 3: Poker9803 ($100 in chips) 
Seat 4: blackclan7 ($111.82 in chips) 
Seat 5: kars0n ($279.36 in chips) 
Seat 6: DL1B ($143.99 in chips) 
Poker9803: posts small blind $0.50
blackclan7: posts big blind $1
*** HOLE CARDS ***
kars0n: raises $1 to $2
DL1B: raises $5.50 to $7.50
veronika932 leaves the table
BGS013: raises $13.50 to $21
Poker9803: folds 
blackclan7: folds 
kars0n: folds 
DL1B: calls $13.50
*** FLOP *** [7h 3c 4c]
DL1B: checks 
BGS013: bets $12.50
DL1B: raises $25.55 to $38.05
BGS013: folds 
Uncalled bet ($25.55) returned to DL1B
DL1B collected $68 from pot
DL1B: doesn't show hand 
*** SUMMARY ***
Total pot $70.50 | Rake $2.50 
Board [7h 3c 4c]
Seat 1: veronika932
Seat 2: BGS013 (button) folded on the Flop
Seat 3: Poker9803 (small blind) folded before Flop
Seat 4: blackclan7 (big blind) folded before Flop
Seat 5: kars0n folded before Flop
Seat 6: DL1B collected ($68)



PokerStars Hand #254504095362:  Hold'em No Limit ($0.50/$1.00 USD) - 2025/01/22 20:06:35 WET [2025/01/22 15:06:35 ET]
Table 'Magdalena IV' 6-max Seat #3 is the button
Seat 2: BGS013 ($100 in chips) 
Seat 3: Poker9803 ($100 in chips) 
Seat 4: blackclan7 ($110.82 in chips) 
Seat 5: kars0n ($277.36 in chips) 
Seat 6: DL1B ($178.49 in chips) 
blackclan7: posts small blind $0.50
kars0n: posts big blind $1
*** HOLE CARDS ***
DL1B: folds 
michasia joins the table at seat #1 
BGS013: folds 
Poker9803: folds 
blackclan7: raises $2 to $3
kars0n: calls $2
*** FLOP *** [Ad 4c 6d]
blackclan7: checks 
kars0n: checks 
*** TURN *** [Ad 4c 6d] [9s]
blackclan7: checks 
kars0n: bets $8.55
blackclan7: folds 
Uncalled bet ($8.55) returned to kars0n
kars0n collected $5.70 from pot
kars0n: doesn't show hand 
*** SUMMARY ***
Total pot $6 | Rake $0.30 
Board [Ad 4c 6d 9s]
Seat 2: BGS013 folded before Flop (didn't bet)
Seat 3: Poker9803 (button) folded before Flop (didn't bet)
Seat 4: blackclan7 (small blind) folded on the Turn
Seat 5: kars0n (big blind) collected ($5.70)
Seat 6: DL1B folded before Flop (didn't bet)



PokerStars Hand #254504117943:  Hold'em No Limit ($0.50/$1.00 USD) - 2025/01/22 20:07:52 WET [2025/01/22 15:07:52 ET]
Table 'Magdalena IV' 6-max Seat #4 is the button
Seat 6: DL1B ($178.49 in chips) is sitting out
Seat 1: michasia ($100 in chips) 
Seat 2: BGS013 ($100 in chips) 
Seat 3: Poker9803 ($100 in chips) 
Seat 4: blackclan7 ($107.82 in chips) 
Seat 5: kars0n ($280.06 in chips) 
kars0n: posts small blind $0.50
DL1B: is sitting out 
michasia: posts big blind $1
*** HOLE CARDS ***
BGS013: folds 
Poker9803: folds 
DL1B leaves the table
blackclan7: raises $1.50 to $2.50
BGS013 leaves the table
kars0n: folds 
michasia: calls $1.50
*** FLOP *** [6d 4c Qc]
michasia: checks 
peak joker33 joins the table at seat #2 
blackclan7: bets $1.72
michasia: calls $1.72
*** TURN *** [6d 4c Qc] [8s]
michasia: checks 
blackclan7: checks 
*** RIVER *** [6d 4c Qc 8s] [Ac]
michasia: checks 
blackclan7: checks 
*** SHOW DOWN ***
michasia: shows [Ts Qh] (a pair of Queens)
blackclan7: mucks hand 
michasia collected $8.49 from pot
*** SUMMARY ***
Total pot $8.94 | Rake $0.45 
Board [6d 4c Qc 8s Ac]
Seat 6: DL1B
Seat 1: michasia (big blind) showed [Ts Qh] and won ($8.49) with a pair of Queens
Seat 2: BGS013 folded before Flop (didn't bet)
Seat 3: Poker9803 folded before Flop (didn't bet)
Seat 4: blackclan7 (button) mucked
Seat 5: kars0n (small blind) folded before Flop



PokerStars Hand #254504135774:  Hold'em No Limit ($0.50/$1.00 USD) - 2025/01/22 20:08:53 WET [2025/01/22 15:08:53 ET]
Table 'Magdalena IV' 6-max Seat #5 is the button
Seat 1: michasia ($104.27 in chips) 
Seat 2: peak joker33 ($100 in chips) 
Seat 3: Poker9803 ($100 in chips) 
Seat 4: blackclan7 ($103.60 in chips) 
Seat 5: kars0n ($279.56 in chips) 
michasia: posts small blind $0.50
peak joker33: posts big blind $1
*** HOLE CARDS ***
Poker9803: raises $1.50 to $2.50
blackclan7: folds 
kars0n: folds 
michasia: folds 
peak joker33: folds 
Uncalled bet ($1.50) returned to Poker9803
Poker9803 collected $2.50 from pot
Poker9803: doesn't show hand 
*** SUMMARY ***
Total pot $2.50 | Rake $0 
Seat 1: michasia (small blind) folded before Flop
Seat 2: peak joker33 (big blind) folded before Flop
Seat 3: Poker9803 collected ($2.50)
Seat 4: blackclan7 folded before Flop (didn't bet)
Seat 5: kars0n (button) folded before Flop (didn't bet)



PokerStars Hand #254504139390:  Hold'em No Limit ($0.50/$1.00 USD) - 2025/01/22 20:09:05 WET [2025/01/22 15:09:05 ET]
Table 'Magdalena IV' 6-max Seat #1 is the button
Seat 3: Poker9803 ($101.50 in chips) is sitting out
Seat 4: blackclan7 ($103.60 in chips) is sitting out
Seat 1: michasia ($103.77 in chips) 
Seat 2: peak joker33 ($100 in chips) 
Seat 5: kars0n ($279.56 in chips) 
peak joker33: posts small blind $0.50
Poker9803: is sitting out 
blackclan7: is sitting out 
kars0n: posts big blind $1
*** HOLE CARDS ***
michasia: folds 
Poker9803 leaves the table
peak joker33: raises $2 to $3
blackclan7 leaves the table
kars0n: calls $2
*** FLOP *** [Th 6h 8c]
peak joker33: checks 
kars0n: checks 
*** TURN *** [Th 6h 8c] [5d]
michasia leaves the table
peak joker33: checks 
kars0n: checks 
*** RIVER *** [Th 6h 8c 5d] [Jh]
peak joker33: bets $5.70
kars0n: raises $9.80 to $15.50
peak joker33: folds 
Uncalled bet ($9.80) returned to kars0n
kars0n collected $16.53 from pot
kars0n: doesn't show hand 
*** SUMMARY ***
Total pot $17.40 | Rake $0.87 
Board [Th 6h 8c 5d Jh]
Seat 3: Poker9803
Seat 4: blackclan7
Seat 1: michasia (button) folded before Flop (didn't bet)
Seat 2: peak joker33 (small blind) folded on the River
Seat 5: kars0n (big blind) collected ($16.53)



