PokerStars Hand #254715670920:  Hold'em No Limit ($0.50/$1.00 USD) - 2025/02/05 7:01:31 WET [2025/02/05 2:01:31 ET]
Table 'Vanadis' 6-max Seat #5 is the button
Seat 1: AlexEliseev7 ($117.78 in chips) 
Seat 2: NeroNemesis04 ($8.87 in chips) 
Seat 3: Supermegopro ($101.50 in chips) 
Seat 4: Nicedaymybro ($100 in chips) 
Seat 5: Flix2204 ($108.17 in chips) 
Seat 6: 7bekon7 ($100 in chips) 
7bekon7: posts small blind $0.50
AlexEliseev7: posts big blind $1
*** HOLE CARDS ***
NeroNemesis04: calls $1
Supermegopro: raises $3 to $4
Nicedaymybro: folds 
Flix2204: folds 
7bekon7: raises $10 to $14
AlexEliseev7: folds 
NeroNemesis04: calls $7.87 and is all-in
Supermegopro: calls $10
*** FLOP *** [6h 9s 5s]
7bekon7: checks 
Supermegopro: checks 
*** TURN *** [6h 9s 5s] [7h]
7bekon7: checks 
Supermegopro: bets $23.99
7bekon7: folds 
Uncalled bet ($23.99) returned to Supermegopro
*** RIVER *** [6h 9s 5s 7h] [4h]
*** SHOW DOWN ***
Supermegopro: shows [6d 6c] (three of a kind, Sixes)
Supermegopro collected $9.75 from side pot
NeroNemesis04: shows [Ac Td] (high card Ace)
Supermegopro collected $26.23 from main pot
*** SUMMARY ***
Total pot $37.87 Main pot $26.23. Side pot $9.75. | Rake $1.89 
Board [6h 9s 5s 7h 4h]
Seat 1: AlexEliseev7 (big blind) folded before Flop
Seat 2: NeroNemesis04 showed [Ac Td] and lost with high card Ace
Seat 3: Supermegopro showed [6d 6c] and won ($35.98) with three of a kind, Sixes
Seat 4: Nicedaymybro folded before Flop (didn't bet)
Seat 5: Flix2204 (button) folded before Flop (didn't bet)
Seat 6: 7bekon7 (small blind) folded on the Turn



PokerStars Hand #254715676472:  Hold'em No Limit ($0.50/$1.00 USD) - 2025/02/05 7:02:49 WET [2025/02/05 2:02:49 ET]
Table 'Vanadis' 6-max Seat #6 is the button
Seat 2: NeroNemesis04 ($0 in chips) is sitting out
Seat 1: AlexEliseev7 ($116.78 in chips) 
Seat 3: Supermegopro ($123.48 in chips) 
Seat 4: Nicedaymybro ($100 in chips) 
Seat 5: Flix2204 ($108.17 in chips) 
Seat 6: 7bekon7 ($100 in chips) 
AlexEliseev7: posts small blind $0.50
Supermegopro: posts big blind $1
*** HOLE CARDS ***
Nicedaymybro: folds 
Flix2204: folds 
7bekon7: raises $1.25 to $2.25
AlexEliseev7: folds 
Supermegopro: folds 
Uncalled bet ($1.25) returned to 7bekon7
7bekon7 collected $2.50 from pot
7bekon7: doesn't show hand 
*** SUMMARY ***
Total pot $2.50 | Rake $0 
Seat 2: NeroNemesis04
Seat 1: AlexEliseev7 (small blind) folded before Flop
Seat 3: Supermegopro (big blind) folded before Flop
Seat 4: Nicedaymybro folded before Flop (didn't bet)
Seat 5: Flix2204 folded before Flop (didn't bet)
Seat 6: 7bekon7 (button) collected ($2.50)



PokerStars Hand #254715677698:  Hold'em No Limit ($0.50/$1.00 USD) - 2025/02/05 7:03:07 WET [2025/02/05 2:03:07 ET]
Table 'Vanadis' 6-max Seat #1 is the button
Seat 2: NeroNemesis04 ($0 in chips) is sitting out
Seat 1: AlexEliseev7 ($116.28 in chips) 
Seat 3: Supermegopro ($122.48 in chips) 
Seat 4: Nicedaymybro ($100 in chips) 
Seat 5: Flix2204 ($108.17 in chips) 
Seat 6: 7bekon7 ($101.50 in chips) 
Supermegopro: posts small blind $0.50
Nicedaymybro: posts big blind $1
*** HOLE CARDS ***
Flix2204: raises $1 to $2
7bekon7: folds 
AlexEliseev7: folds 
Supermegopro: folds 
Nicedaymybro: calls $1
*** FLOP *** [Tc Ad 7h]
Nicedaymybro: checks 
Flix2204: bets $1.41
Nicedaymybro: calls $1.41
*** TURN *** [Tc Ad 7h] [3d]
Nicedaymybro: checks 
Flix2204: bets $10.43
Nicedaymybro: folds 
Uncalled bet ($10.43) returned to Flix2204
Flix2204 collected $6.95 from pot
Flix2204: doesn't show hand 
NeroNemesis04 leaves the table
*** SUMMARY ***
Total pot $7.32 | Rake $0.37 
Board [Tc Ad 7h 3d]
Seat 2: NeroNemesis04
Seat 1: AlexEliseev7 (button) folded before Flop (didn't bet)
Seat 3: Supermegopro (small blind) folded before Flop
Seat 4: Nicedaymybro (big blind) folded on the Turn
Seat 5: Flix2204 collected ($6.95)
Seat 6: 7bekon7 folded before Flop (didn't bet)



PokerStars Hand #254715681409:  Hold'em No Limit ($0.50/$1.00 USD) - 2025/02/05 7:04:00 WET [2025/02/05 2:04:00 ET]
Table 'Vanadis' 6-max Seat #3 is the button
Seat 5: Flix2204 ($111.71 in chips) is sitting out
Seat 1: AlexEliseev7 ($116.28 in chips) 
Seat 3: Supermegopro ($121.98 in chips) 
Seat 4: Nicedaymybro ($100 in chips) 
Seat 6: 7bekon7 ($101.50 in chips) 
Nicedaymybro: posts small blind $0.50
Flix2204: is sitting out 
7bekon7: posts big blind $1
*** HOLE CARDS ***
AlexEliseev7: folds 
Supermegopro: folds 
Nicedaymybro: folds 
Uncalled bet ($0.50) returned to 7bekon7
7bekon7 collected $1 from pot
7bekon7: doesn't show hand 
Flix2204 leaves the table
*** SUMMARY ***
Total pot $1 | Rake $0 
Seat 5: Flix2204
Seat 1: AlexEliseev7 folded before Flop (didn't bet)
Seat 3: Supermegopro (button) folded before Flop (didn't bet)
Seat 4: Nicedaymybro (small blind) folded before Flop
Seat 6: 7bekon7 (big blind) collected ($1)



PokerStars Hand #254715681913:  Hold'em No Limit ($0.50/$1.00 USD) - 2025/02/05 7:04:07 WET [2025/02/05 2:04:07 ET]
Table 'Vanadis' 6-max Seat #6 is the button
Seat 1: AlexEliseev7 ($116.28 in chips) is sitting out
Seat 3: Supermegopro ($121.98 in chips) is sitting out
Seat 4: Nicedaymybro ($100 in chips) 
Seat 6: 7bekon7 ($102 in chips) 
7bekon7: posts small blind $0.50
AlexEliseev7: is sitting out 
Supermegopro: is sitting out 
Nicedaymybro: posts big blind $1
*** HOLE CARDS ***
7bekon7: raises $2 to $3
Supermegopro leaves the table
AlexEliseev7 leaves the table
Nicedaymybro: raises $9 to $12
7bekon7: folds 
Uncalled bet ($9) returned to Nicedaymybro
Nicedaymybro collected $6 from pot
Nicedaymybro: doesn't show hand 
*** SUMMARY ***
Total pot $6 | Rake $0 
Seat 1: AlexEliseev7
Seat 3: Supermegopro
Seat 4: Nicedaymybro (big blind) collected ($6)
Seat 6: 7bekon7 (button) (small blind) folded before Flop



PokerStars Hand #254715669811:  Hold'em No Limit ($0.50/$1.00 USD) - 2025/02/05 7:01:14 WET [2025/02/05 2:01:14 ET]
Table 'Vanadis' 6-max Seat #4 is the button
Seat 1: AlexEliseev7 ($117.78 in chips) 
Seat 2: NeroNemesis04 ($8.87 in chips) 
Seat 3: Supermegopro ($100 in chips) 
Seat 4: Nicedaymybro ($100 in chips) 
Seat 5: Flix2204 ($108.67 in chips) 
Seat 6: 7bekon7 ($100 in chips) 
Flix2204: posts small blind $0.50
7bekon7: posts big blind $1
*** HOLE CARDS ***
AlexEliseev7: folds 
NeroNemesis04: folds 
Supermegopro: raises $1.50 to $2.50
Nicedaymybro: folds 
Flix2204: folds 
7bekon7: folds 
Uncalled bet ($1.50) returned to Supermegopro
Supermegopro collected $2.50 from pot
Supermegopro: doesn't show hand 
*** SUMMARY ***
Total pot $2.50 | Rake $0 
Seat 1: AlexEliseev7 folded before Flop (didn't bet)
Seat 2: NeroNemesis04 folded before Flop (didn't bet)
Seat 3: Supermegopro collected ($2.50)
Seat 4: Nicedaymybro (button) folded before Flop (didn't bet)
Seat 5: Flix2204 (small blind) folded before Flop
Seat 6: 7bekon7 (big blind) folded before Flop



PokerStars Hand #254715501993:  Hold'em No Limit ($0.50/$1.00 USD) - 2025/02/05 6:20:33 WET [2025/02/05 1:20:33 ET]
Table 'Vanadis' 6-max Seat #5 is the button
Seat 1: Rysiff ($107.12 in chips) 
Seat 2: NeroNemesis04 ($31.02 in chips) 
Seat 3: alexandr699 ($117.73 in chips) 
Seat 4: Nicedaymybro ($105.98 in chips) 
Seat 5: Flix2204 ($100 in chips) 
Seat 6: reeqar ($108.58 in chips) 
reeqar: posts small blind $0.50
Rysiff: posts big blind $1
*** HOLE CARDS ***
NeroNemesis04: folds 
alexandr699: folds 
Nicedaymybro: folds 
Flix2204: raises $1.50 to $2.50
reeqar: folds 
Rysiff: calls $1.50
*** FLOP *** [5s 4c 3s]
Rysiff: checks 
Flix2204: bets $2.61
Rysiff: folds 
Uncalled bet ($2.61) returned to Flix2204
Flix2204 collected $5.22 from pot
Flix2204: doesn't show hand 
*** SUMMARY ***
Total pot $5.50 | Rake $0.28 
Board [5s 4c 3s]
Seat 1: Rysiff (big blind) folded on the Flop
Seat 2: NeroNemesis04 folded before Flop (didn't bet)
Seat 3: alexandr699 folded before Flop (didn't bet)
Seat 4: Nicedaymybro folded before Flop (didn't bet)
Seat 5: Flix2204 (button) collected ($5.22)
Seat 6: reeqar (small blind) folded before Flop



PokerStars Hand #254715506093:  Hold'em No Limit ($0.50/$1.00 USD) - 2025/02/05 6:21:31 WET [2025/02/05 1:21:31 ET]
Table 'Vanadis' 6-max Seat #6 is the button
Seat 1: Rysiff ($104.62 in chips) 
Seat 2: NeroNemesis04 ($31.02 in chips) 
Seat 3: alexandr699 ($117.73 in chips) 
Seat 4: Nicedaymybro ($105.98 in chips) 
Seat 5: Flix2204 ($102.72 in chips) 
Seat 6: reeqar ($108.08 in chips) 
Rysiff: posts small blind $0.50
NeroNemesis04: posts big blind $1
*** HOLE CARDS ***
alexandr699: folds 
Nicedaymybro: raises $1.50 to $2.50
Flix2204: folds 
reeqar: folds 
Rysiff: folds 
NeroNemesis04: folds 
Uncalled bet ($1.50) returned to Nicedaymybro
Nicedaymybro collected $2.50 from pot
Nicedaymybro: doesn't show hand 
*** SUMMARY ***
Total pot $2.50 | Rake $0 
Seat 1: Rysiff (small blind) folded before Flop
Seat 2: NeroNemesis04 (big blind) folded before Flop
Seat 3: alexandr699 folded before Flop (didn't bet)
Seat 4: Nicedaymybro collected ($2.50)
Seat 5: Flix2204 folded before Flop (didn't bet)
Seat 6: reeqar (button) folded before Flop (didn't bet)



PokerStars Hand #254715507512:  Hold'em No Limit ($0.50/$1.00 USD) - 2025/02/05 6:21:50 WET [2025/02/05 1:21:50 ET]
Table 'Vanadis' 6-max Seat #1 is the button
Seat 1: Rysiff ($104.12 in chips) 
Seat 2: NeroNemesis04 ($30.02 in chips) 
Seat 3: alexandr699 ($117.73 in chips) 
Seat 4: Nicedaymybro ($107.48 in chips) 
Seat 5: Flix2204 ($102.72 in chips) 
Seat 6: reeqar ($108.08 in chips) 
NeroNemesis04: posts small blind $0.50
alexandr699: posts big blind $1
*** HOLE CARDS ***
Nicedaymybro: folds 
Flix2204: folds 
reeqar: folds 
Rysiff: folds 
NeroNemesis04: calls $0.50
alexandr699: raises $2.98 to $3.98
NeroNemesis04: calls $2.98
*** FLOP *** [9d Ad Ah]
NeroNemesis04: checks 
alexandr699: bets $1.89
NeroNemesis04: calls $1.89
*** TURN *** [9d Ad Ah] [3s]
NeroNemesis04: checks 
alexandr699: bets $12.82
NeroNemesis04: folds 
Uncalled bet ($12.82) returned to alexandr699
alexandr699 collected $11.15 from pot
alexandr699: doesn't show hand 
*** SUMMARY ***
Total pot $11.74 | Rake $0.59 
Board [9d Ad Ah 3s]
Seat 1: Rysiff (button) folded before Flop (didn't bet)
Seat 2: NeroNemesis04 (small blind) folded on the Turn
Seat 3: alexandr699 (big blind) collected ($11.15)
Seat 4: Nicedaymybro folded before Flop (didn't bet)
Seat 5: Flix2204 folded before Flop (didn't bet)
Seat 6: reeqar folded before Flop (didn't bet)



PokerStars Hand #254715511145:  Hold'em No Limit ($0.50/$1.00 USD) - 2025/02/05 6:22:41 WET [2025/02/05 1:22:41 ET]
Table 'Vanadis' 6-max Seat #2 is the button
Seat 1: Rysiff ($104.12 in chips) 
Seat 2: NeroNemesis04 ($24.15 in chips) 
Seat 3: alexandr699 ($123.01 in chips) 
Seat 4: Nicedaymybro ($107.48 in chips) 
Seat 5: Flix2204 ($102.72 in chips) 
Seat 6: reeqar ($108.08 in chips) 
alexandr699: posts small blind $0.50
Nicedaymybro: posts big blind $1
*** HOLE CARDS ***
Flix2204: folds 
reeqar: folds 
Rysiff: folds 
NeroNemesis04: calls $1
alexandr699: raises $2.98 to $3.98
Nicedaymybro: raises $8.02 to $12
NeroNemesis04: folds 
alexandr699: folds 
Uncalled bet ($8.02) returned to Nicedaymybro
Nicedaymybro collected $8.96 from pot
Nicedaymybro: doesn't show hand 
*** SUMMARY ***
Total pot $8.96 | Rake $0 
Seat 1: Rysiff folded before Flop (didn't bet)
Seat 2: NeroNemesis04 (button) folded before Flop
Seat 3: alexandr699 (small blind) folded before Flop
Seat 4: Nicedaymybro (big blind) collected ($8.96)
Seat 5: Flix2204 folded before Flop (didn't bet)
Seat 6: reeqar folded before Flop (didn't bet)



PokerStars Hand #254715513495:  Hold'em No Limit ($0.50/$1.00 USD) - 2025/02/05 6:23:14 WET [2025/02/05 1:23:14 ET]
Table 'Vanadis' 6-max Seat #3 is the button
Seat 1: Rysiff ($104.12 in chips) 
Seat 2: NeroNemesis04 ($23.15 in chips) 
Seat 3: alexandr699 ($119.03 in chips) 
Seat 4: Nicedaymybro ($112.46 in chips) 
Seat 5: Flix2204 ($102.72 in chips) 
Seat 6: reeqar ($108.08 in chips) 
Nicedaymybro: posts small blind $0.50
Flix2204: posts big blind $1
*** HOLE CARDS ***
reeqar: folds 
Rysiff: folds 
NeroNemesis04: calls $1
alexandr699: raises $2.98 to $3.98
Nicedaymybro: folds 
Flix2204: folds 
NeroNemesis04: calls $2.98
*** FLOP *** [Th Qs Ts]
NeroNemesis04: checks 
alexandr699: checks 
*** TURN *** [Th Qs Ts] [4h]
NeroNemesis04: checks 
alexandr699: bets $9.84
NeroNemesis04: folds 
Uncalled bet ($9.84) returned to alexandr699
alexandr699 collected $8.99 from pot
alexandr699: doesn't show hand 
*** SUMMARY ***
Total pot $9.46 | Rake $0.47 
Board [Th Qs Ts 4h]
Seat 1: Rysiff folded before Flop (didn't bet)
Seat 2: NeroNemesis04 folded on the Turn
Seat 3: alexandr699 (button) collected ($8.99)
Seat 4: Nicedaymybro (small blind) folded before Flop
Seat 5: Flix2204 (big blind) folded before Flop
Seat 6: reeqar folded before Flop (didn't bet)



PokerStars Hand #254715517325:  Hold'em No Limit ($0.50/$1.00 USD) - 2025/02/05 6:24:08 WET [2025/02/05 1:24:08 ET]
Table 'Vanadis' 6-max Seat #4 is the button
Seat 6: reeqar ($108.08 in chips) is sitting out
Seat 1: Rysiff ($104.12 in chips) 
Seat 2: NeroNemesis04 ($19.17 in chips) 
Seat 3: alexandr699 ($124.04 in chips) 
Seat 4: Nicedaymybro ($111.96 in chips) 
Seat 5: Flix2204 ($101.72 in chips) 
Flix2204: posts small blind $0.50
reeqar: is sitting out 
Rysiff: posts big blind $1
*** HOLE CARDS ***
NeroNemesis04: folds 
alexandr699: folds 
Nicedaymybro: folds 
Flix2204: folds 
Uncalled bet ($0.50) returned to Rysiff
Rysiff collected $1 from pot
Rysiff: doesn't show hand 
reeqar leaves the table
*** SUMMARY ***
Total pot $1 | Rake $0 
Seat 6: reeqar
Seat 1: Rysiff (big blind) collected ($1)
Seat 2: NeroNemesis04 folded before Flop (didn't bet)
Seat 3: alexandr699 folded before Flop (didn't bet)
Seat 4: Nicedaymybro (button) folded before Flop (didn't bet)
Seat 5: Flix2204 (small blind) folded before Flop



PokerStars Hand #254715518298:  Hold'em No Limit ($0.50/$1.00 USD) - 2025/02/05 6:24:22 WET [2025/02/05 1:24:22 ET]
Table 'Vanadis' 6-max Seat #5 is the button
Seat 1: Rysiff ($104.62 in chips) 
Seat 2: NeroNemesis04 ($19.17 in chips) 
Seat 3: alexandr699 ($124.04 in chips) 
Seat 4: Nicedaymybro ($111.96 in chips) 
Seat 5: Flix2204 ($101.22 in chips) 
Rysiff: posts small blind $0.50
NeroNemesis04: posts big blind $1
*** HOLE CARDS ***
alexandr699: folds 
Nicedaymybro: folds 
Flix2204: raises $1.50 to $2.50
Rysiff: folds 
50CandyJoe joins the table at seat #6 
NeroNemesis04: calls $1.50
*** FLOP *** [Ah Jc Tc]
NeroNemesis04: checks 
Flix2204: checks 
*** TURN *** [Ah Jc Tc] [7s]
NeroNemesis04: bets $5
Flix2204: folds 
Uncalled bet ($5) returned to NeroNemesis04
NeroNemesis04 collected $5.22 from pot
*** SUMMARY ***
Total pot $5.50 | Rake $0.28 
Board [Ah Jc Tc 7s]
Seat 1: Rysiff (small blind) folded before Flop
Seat 2: NeroNemesis04 (big blind) collected ($5.22)
Seat 3: alexandr699 folded before Flop (didn't bet)
Seat 4: Nicedaymybro folded before Flop (didn't bet)
Seat 5: Flix2204 (button) folded on the Turn



PokerStars Hand #254715520658:  Hold'em No Limit ($0.50/$1.00 USD) - 2025/02/05 6:24:55 WET [2025/02/05 1:24:55 ET]
Table 'Vanadis' 6-max Seat #1 is the button
Seat 6: 50CandyJoe ($100 in chips) is sitting out
Seat 1: Rysiff ($104.12 in chips) 
Seat 2: NeroNemesis04 ($21.89 in chips) 
Seat 3: alexandr699 ($124.04 in chips) 
Seat 4: Nicedaymybro ($111.96 in chips) 
Seat 5: Flix2204 ($100 in chips) 
NeroNemesis04: posts small blind $0.50
alexandr699: posts big blind $1
50CandyJoe: sits out 
*** HOLE CARDS ***
Nicedaymybro: folds 
Flix2204: folds 
Rysiff: raises $1.50 to $2.50
NeroNemesis04: folds 
alexandr699: calls $1.50
*** FLOP *** [Qc 7h 9c]
alexandr699: checks 
Rysiff: checks 
*** TURN *** [Qc 7h 9c] [Kh]
alexandr699: checks 
Rysiff: bets $4.18
alexandr699: raises $20.48 to $24.66
Rysiff: calls $20.48
*** RIVER *** [Qc 7h 9c Kh] [Th]
alexandr699: bets $39.24
Rysiff: calls $39.24
*** SHOW DOWN ***
alexandr699: shows [5h Jh] (a flush, King high)
Rysiff: mucks hand 
alexandr699 collected $130.80 from pot
*** SUMMARY ***
Total pot $133.30 | Rake $2.50 
Board [Qc 7h 9c Kh Th]
Seat 6: 50CandyJoe
Seat 1: Rysiff (button) mucked
Seat 2: NeroNemesis04 (small blind) folded before Flop
Seat 3: alexandr699 (big blind) showed [5h Jh] and won ($130.80) with a flush, King high
Seat 4: Nicedaymybro folded before Flop (didn't bet)
Seat 5: Flix2204 folded before Flop (didn't bet)



PokerStars Hand #254715525389:  Hold'em No Limit ($0.50/$1.00 USD) - 2025/02/05 6:26:02 WET [2025/02/05 1:26:02 ET]
Table 'Vanadis' 6-max Seat #2 is the button
Seat 6: 50CandyJoe ($100 in chips) is sitting out
Seat 1: Rysiff ($100 in chips) 
Seat 2: NeroNemesis04 ($21.39 in chips) 
Seat 3: alexandr699 ($188.44 in chips) 
Seat 4: Nicedaymybro ($111.96 in chips) 
Seat 5: Flix2204 ($100 in chips) 
alexandr699: posts small blind $0.50
Nicedaymybro: posts big blind $1
50CandyJoe: sits out 
*** HOLE CARDS ***
Flix2204: folds 
Rysiff: folds 
NeroNemesis04: calls $1
alexandr699: raises $2.98 to $3.98
Rysiff leaves the table
Nicedaymybro: calls $2.98
NeroNemesis04: calls $2.98
*** FLOP *** [Jh Kd 3s]
alexandr699: checks 
Nicedaymybro: checks 
NeroNemesis04: checks 
*** TURN *** [Jh Kd 3s] [7d]
alexandr699: checks 
Nicedaymybro: checks 
NeroNemesis04: checks 
*** RIVER *** [Jh Kd 3s 7d] [3d]
alexandr699: bets $1.70
Nicedaymybro: folds 
NeroNemesis04: calls $1.70
*** SHOW DOWN ***
alexandr699: shows [Jc 6c] (two pair, Jacks and Threes)
NeroNemesis04: mucks hand 
alexandr699 collected $14.57 from pot
*** SUMMARY ***
Total pot $15.34 | Rake $0.77 
Board [Jh Kd 3s 7d 3d]
Seat 6: 50CandyJoe
Seat 1: Rysiff folded before Flop (didn't bet)
Seat 2: NeroNemesis04 (button) mucked
Seat 3: alexandr699 (small blind) showed [Jc 6c] and won ($14.57) with two pair, Jacks and Threes
Seat 4: Nicedaymybro (big blind) folded on the River
Seat 5: Flix2204 folded before Flop (didn't bet)



PokerStars Hand #254715529456:  Hold'em No Limit ($0.50/$1.00 USD) - 2025/02/05 6:27:00 WET [2025/02/05 1:27:00 ET]
Table 'Vanadis' 6-max Seat #3 is the button
Seat 6: 50CandyJoe ($100 in chips) is sitting out
Seat 2: NeroNemesis04 ($15.71 in chips) 
Seat 3: alexandr699 ($197.33 in chips) 
Seat 4: Nicedaymybro ($107.98 in chips) 
Seat 5: Flix2204 ($100 in chips) 
Nicedaymybro: posts small blind $0.50
Flix2204: posts big blind $1
50CandyJoe: sits out 
*** HOLE CARDS ***
AlexEliseev7 joins the table at seat #1 
NeroNemesis04: folds 
alexandr699: raises $1.98 to $2.98
Nicedaymybro: folds 
Flix2204: calls $1.98
*** FLOP *** [5h 2s Td]
Flix2204: checks 
alexandr699: bets $2.03
Flix2204: folds 
Uncalled bet ($2.03) returned to alexandr699
alexandr699 collected $6.14 from pot
alexandr699: doesn't show hand 
*** SUMMARY ***
Total pot $6.46 | Rake $0.32 
Board [5h 2s Td]
Seat 6: 50CandyJoe
Seat 2: NeroNemesis04 folded before Flop (didn't bet)
Seat 3: alexandr699 (button) collected ($6.14)
Seat 4: Nicedaymybro (small blind) folded before Flop
Seat 5: Flix2204 (big blind) folded on the Flop



PokerStars Hand #254715531878:  Hold'em No Limit ($0.50/$1.00 USD) - 2025/02/05 6:27:35 WET [2025/02/05 1:27:35 ET]
Table 'Vanadis' 6-max Seat #4 is the button
Seat 1: AlexEliseev7 ($100 in chips) is sitting out
Seat 2: NeroNemesis04 ($15.71 in chips) 
Seat 3: alexandr699 ($200.49 in chips) 
Seat 4: Nicedaymybro ($107.48 in chips) 
Seat 5: Flix2204 ($100 in chips) 
Seat 6: 50CandyJoe ($100 in chips) 
Flix2204: posts small blind $0.50
50CandyJoe: posts big blind $1
AlexEliseev7: sits out 
*** HOLE CARDS ***
NeroNemesis04: folds 
alexandr699: raises $1.98 to $2.98
Nicedaymybro: raises $6.02 to $9
Flix2204: folds 
50CandyJoe: folds 
alexandr699: calls $6.02
*** FLOP *** [9d Tc Ah]
alexandr699: checks 
Nicedaymybro: checks 
*** TURN *** [9d Tc Ah] [2s]
alexandr699: bets $27.78
Nicedaymybro: folds 
Uncalled bet ($27.78) returned to alexandr699
alexandr699 collected $18.52 from pot
alexandr699: doesn't show hand 
*** SUMMARY ***
Total pot $19.50 | Rake $0.98 
Board [9d Tc Ah 2s]
Seat 1: AlexEliseev7
Seat 2: NeroNemesis04 folded before Flop (didn't bet)
Seat 3: alexandr699 collected ($18.52)
Seat 4: Nicedaymybro (button) folded on the Turn
Seat 5: Flix2204 (small blind) folded before Flop
Seat 6: 50CandyJoe (big blind) folded before Flop



PokerStars Hand #254715535136:  Hold'em No Limit ($0.50/$1.00 USD) - 2025/02/05 6:28:22 WET [2025/02/05 1:28:22 ET]
Table 'Vanadis' 6-max Seat #5 is the button
Seat 1: AlexEliseev7 ($100 in chips) 
Seat 2: NeroNemesis04 ($15.71 in chips) 
Seat 3: alexandr699 ($210.01 in chips) 
Seat 4: Nicedaymybro ($100 in chips) 
Seat 5: Flix2204 ($100 in chips) 
Seat 6: 50CandyJoe ($100 in chips) 
50CandyJoe: posts small blind $0.50
AlexEliseev7: posts big blind $1
*** HOLE CARDS ***
NeroNemesis04: calls $1
alexandr699: folds 
Nicedaymybro: raises $3.50 to $4.50
Flix2204: folds 
50CandyJoe: folds 
AlexEliseev7: folds 
NeroNemesis04: calls $3.50
*** FLOP *** [Kh Ac 5d]
NeroNemesis04: checks 
Nicedaymybro: bets $2.50
NeroNemesis04: calls $2.50
*** TURN *** [Kh Ac 5d] [Jd]
NeroNemesis04: checks 
Nicedaymybro: checks 
*** RIVER *** [Kh Ac 5d Jd] [8d]
NeroNemesis04: bets $8.71 and is all-in
Nicedaymybro: folds 
Uncalled bet ($8.71) returned to NeroNemesis04
NeroNemesis04 collected $14.72 from pot
*** SUMMARY ***
Total pot $15.50 | Rake $0.78 
Board [Kh Ac 5d Jd 8d]
Seat 1: AlexEliseev7 (big blind) folded before Flop
Seat 2: NeroNemesis04 collected ($14.72)
Seat 3: alexandr699 folded before Flop (didn't bet)
Seat 4: Nicedaymybro folded on the River
Seat 5: Flix2204 (button) folded before Flop (didn't bet)
Seat 6: 50CandyJoe (small blind) folded before Flop



PokerStars Hand #254715538248:  Hold'em No Limit ($0.50/$1.00 USD) - 2025/02/05 6:29:07 WET [2025/02/05 1:29:07 ET]
Table 'Vanadis' 6-max Seat #6 is the button
Seat 1: AlexEliseev7 ($100 in chips) 
Seat 2: NeroNemesis04 ($23.43 in chips) 
Seat 3: alexandr699 ($210.01 in chips) 
Seat 4: Nicedaymybro ($100 in chips) 
Seat 5: Flix2204 ($100 in chips) 
Seat 6: 50CandyJoe ($100 in chips) 
AlexEliseev7: posts small blind $0.50
NeroNemesis04: posts big blind $1
*** HOLE CARDS ***
alexandr699: folds 
alexandr699 leaves the table
Nicedaymybro: raises $1.50 to $2.50
Flix2204: folds 
50CandyJoe: folds 
AlexEliseev7: folds 
NeroNemesis04: calls $1.50
*** FLOP *** [Js 8c 5h]
NeroNemesis04: checks 
Nicedaymybro: bets $2
NeroNemesis04: folds 
Uncalled bet ($2) returned to Nicedaymybro
Nicedaymybro collected $5.22 from pot
Nicedaymybro: doesn't show hand 
*** SUMMARY ***
Total pot $5.50 | Rake $0.28 
Board [Js 8c 5h]
Seat 1: AlexEliseev7 (small blind) folded before Flop
Seat 2: NeroNemesis04 (big blind) folded on the Flop
Seat 3: alexandr699 folded before Flop (didn't bet)
Seat 4: Nicedaymybro collected ($5.22)
Seat 5: Flix2204 folded before Flop (didn't bet)
Seat 6: 50CandyJoe (button) folded before Flop (didn't bet)



PokerStars Hand #254715539707:  Hold'em No Limit ($0.50/$1.00 USD) - 2025/02/05 6:29:28 WET [2025/02/05 1:29:28 ET]
Table 'Vanadis' 6-max Seat #1 is the button
Seat 1: AlexEliseev7 ($100 in chips) 
Seat 2: NeroNemesis04 ($20.93 in chips) 
Seat 4: Nicedaymybro ($102.72 in chips) 
Seat 5: Flix2204 ($100 in chips) 
Seat 6: 50CandyJoe ($100 in chips) 
NeroNemesis04: posts small blind $0.50
Nicedaymybro: posts big blind $1
*** HOLE CARDS ***
Flix2204: folds 
Pon4uk.ua joins the table at seat #3 
50CandyJoe: folds 
AlexEliseev7: folds 
NeroNemesis04: folds 
Uncalled bet ($0.50) returned to Nicedaymybro
Nicedaymybro collected $1 from pot
Nicedaymybro: doesn't show hand 
*** SUMMARY ***
Total pot $1 | Rake $0 
Seat 1: AlexEliseev7 (button) folded before Flop (didn't bet)
Seat 2: NeroNemesis04 (small blind) folded before Flop
Seat 4: Nicedaymybro (big blind) collected ($1)
Seat 5: Flix2204 folded before Flop (didn't bet)
Seat 6: 50CandyJoe folded before Flop (didn't bet)



PokerStars Hand #254715541277:  Hold'em No Limit ($0.50/$1.00 USD) - 2025/02/05 6:29:50 WET [2025/02/05 1:29:50 ET]
Table 'Vanadis' 6-max Seat #2 is the button
Seat 3: Pon4uk.ua ($100 in chips) is sitting out
Seat 1: AlexEliseev7 ($100 in chips) 
Seat 2: NeroNemesis04 ($20.43 in chips) 
Seat 4: Nicedaymybro ($103.22 in chips) 
Seat 5: Flix2204 ($100 in chips) 
Seat 6: 50CandyJoe ($100 in chips) 
Nicedaymybro: posts small blind $0.50
Flix2204: posts big blind $1
*** HOLE CARDS ***
50CandyJoe: folds 
AlexEliseev7: folds 
NeroNemesis04: calls $1
Nicedaymybro: folds 
Flix2204: checks 
*** FLOP *** [7h As Qh]
Flix2204: checks 
NeroNemesis04: bets $4
Flix2204: folds 
Uncalled bet ($4) returned to NeroNemesis04
NeroNemesis04 collected $2.38 from pot
*** SUMMARY ***
Total pot $2.50 | Rake $0.12 
Board [7h As Qh]
Seat 3: Pon4uk.ua
Seat 1: AlexEliseev7 folded before Flop (didn't bet)
Seat 2: NeroNemesis04 (button) collected ($2.38)
Seat 4: Nicedaymybro (small blind) folded before Flop
Seat 5: Flix2204 (big blind) folded on the Flop
Seat 6: 50CandyJoe folded before Flop (didn't bet)



PokerStars Hand #254715543161:  Hold'em No Limit ($0.50/$1.00 USD) - 2025/02/05 6:30:17 WET [2025/02/05 1:30:17 ET]
Table 'Vanadis' 6-max Seat #4 is the button
Seat 3: Pon4uk.ua ($100 in chips) is sitting out
Seat 1: AlexEliseev7 ($100 in chips) 
Seat 2: NeroNemesis04 ($21.81 in chips) 
Seat 4: Nicedaymybro ($102.72 in chips) 
Seat 5: Flix2204 ($100 in chips) 
Seat 6: 50CandyJoe ($100 in chips) 
Flix2204: posts small blind $0.50
50CandyJoe: posts big blind $1
Pon4uk.ua: sits out 
*** HOLE CARDS ***
AlexEliseev7: raises $1.50 to $2.50
NeroNemesis04: calls $2.50
Nicedaymybro: folds 
Flix2204: folds 
50CandyJoe: folds 
*** FLOP *** [2d 7d 7s]
AlexEliseev7: checks 
NeroNemesis04: bets $7
AlexEliseev7: folds 
Uncalled bet ($7) returned to NeroNemesis04
NeroNemesis04 collected $6.18 from pot
*** SUMMARY ***
Total pot $6.50 | Rake $0.32 
Board [2d 7d 7s]
Seat 3: Pon4uk.ua
Seat 1: AlexEliseev7 folded on the Flop
Seat 2: NeroNemesis04 collected ($6.18)
Seat 4: Nicedaymybro (button) folded before Flop (didn't bet)
Seat 5: Flix2204 (small blind) folded before Flop
Seat 6: 50CandyJoe (big blind) folded before Flop



PokerStars Hand #254715546865:  Hold'em No Limit ($0.50/$1.00 USD) - 2025/02/05 6:31:10 WET [2025/02/05 1:31:10 ET]
Table 'Vanadis' 6-max Seat #5 is the button
Seat 3: Pon4uk.ua ($100 in chips) is sitting out
Seat 1: AlexEliseev7 ($100 in chips) 
Seat 2: NeroNemesis04 ($25.49 in chips) 
Seat 4: Nicedaymybro ($102.72 in chips) 
Seat 5: Flix2204 ($100 in chips) 
Seat 6: 50CandyJoe ($100 in chips) 
50CandyJoe: posts small blind $0.50
AlexEliseev7: posts big blind $1
Pon4uk.ua: sits out 
*** HOLE CARDS ***
NeroNemesis04: raises $3 to $4
Nicedaymybro: folds 
Flix2204: folds 
50CandyJoe: raises $8 to $12
AlexEliseev7: folds 
NeroNemesis04: calls $8
*** FLOP *** [Kc 4s 9s]
50CandyJoe: bets $88 and is all-in
NeroNemesis04: folds 
Uncalled bet ($88) returned to 50CandyJoe
50CandyJoe collected $23.75 from pot
50CandyJoe: doesn't show hand 
*** SUMMARY ***
Total pot $25 | Rake $1.25 
Board [Kc 4s 9s]
Seat 3: Pon4uk.ua
Seat 1: AlexEliseev7 (big blind) folded before Flop
Seat 2: NeroNemesis04 folded on the Flop
Seat 4: Nicedaymybro folded before Flop (didn't bet)
Seat 5: Flix2204 (button) folded before Flop (didn't bet)
Seat 6: 50CandyJoe (small blind) collected ($23.75)



PokerStars Hand #254715549166:  Hold'em No Limit ($0.50/$1.00 USD) - 2025/02/05 6:31:43 WET [2025/02/05 1:31:43 ET]
Table 'Vanadis' 6-max Seat #6 is the button
Seat 3: Pon4uk.ua ($100 in chips) is sitting out
Seat 1: AlexEliseev7 ($100 in chips) 
Seat 2: NeroNemesis04 ($13.49 in chips) 
Seat 4: Nicedaymybro ($102.72 in chips) 
Seat 5: Flix2204 ($100 in chips) 
Seat 6: 50CandyJoe ($111.75 in chips) 
AlexEliseev7: posts small blind $0.50
NeroNemesis04: posts big blind $1
Pon4uk.ua: sits out 
*** HOLE CARDS ***
Nicedaymybro: folds 
Flix2204: raises $1.50 to $2.50
50CandyJoe: folds 
AlexEliseev7: folds 
NeroNemesis04: calls $1.50
*** FLOP *** [5d 3h 3c]
NeroNemesis04: checks 
Flix2204: bets $1.72
NeroNemesis04: folds 
Uncalled bet ($1.72) returned to Flix2204
Flix2204 collected $5.22 from pot
Flix2204: doesn't show hand 
*** SUMMARY ***
Total pot $5.50 | Rake $0.28 
Board [5d 3h 3c]
Seat 3: Pon4uk.ua
Seat 1: AlexEliseev7 (small blind) folded before Flop
Seat 2: NeroNemesis04 (big blind) folded on the Flop
Seat 4: Nicedaymybro folded before Flop (didn't bet)
Seat 5: Flix2204 collected ($5.22)
Seat 6: 50CandyJoe (button) folded before Flop (didn't bet)



PokerStars Hand #254715550918:  Hold'em No Limit ($0.50/$1.00 USD) - 2025/02/05 6:32:07 WET [2025/02/05 1:32:07 ET]
Table 'Vanadis' 6-max Seat #1 is the button
Seat 1: AlexEliseev7 ($100 in chips) 
Seat 2: NeroNemesis04 ($10.99 in chips) 
Seat 3: Pon4uk.ua ($100 in chips) 
Seat 4: Nicedaymybro ($102.72 in chips) 
Seat 5: Flix2204 ($102.72 in chips) 
Seat 6: 50CandyJoe ($111.75 in chips) 
NeroNemesis04: posts small blind $0.50
Pon4uk.ua: posts big blind $1
*** HOLE CARDS ***
Nicedaymybro: folds 
Flix2204: folds 
50CandyJoe: folds 
AlexEliseev7: raises $1.50 to $2.50
NeroNemesis04: calls $2
Pon4uk.ua: calls $1.50
*** FLOP *** [2c As 9d]
NeroNemesis04: checks 
Pon4uk.ua: checks 
AlexEliseev7: bets $1.78
NeroNemesis04: folds 
Pon4uk.ua: folds 
Uncalled bet ($1.78) returned to AlexEliseev7
AlexEliseev7 collected $7.12 from pot
AlexEliseev7: doesn't show hand 
*** SUMMARY ***
Total pot $7.50 | Rake $0.38 
Board [2c As 9d]
Seat 1: AlexEliseev7 (button) collected ($7.12)
Seat 2: NeroNemesis04 (small blind) folded on the Flop
Seat 3: Pon4uk.ua (big blind) folded on the Flop
Seat 4: Nicedaymybro folded before Flop (didn't bet)
Seat 5: Flix2204 folded before Flop (didn't bet)
Seat 6: 50CandyJoe folded before Flop (didn't bet)



PokerStars Hand #254715554063:  Hold'em No Limit ($0.50/$1.00 USD) - 2025/02/05 6:32:53 WET [2025/02/05 1:32:53 ET]
Table 'Vanadis' 6-max Seat #2 is the button
Seat 1: AlexEliseev7 ($104.62 in chips) 
Seat 2: NeroNemesis04 ($8.49 in chips) 
Seat 3: Pon4uk.ua ($100 in chips) 
Seat 4: Nicedaymybro ($102.72 in chips) 
Seat 5: Flix2204 ($102.72 in chips) 
Seat 6: 50CandyJoe ($111.75 in chips) 
Pon4uk.ua: posts small blind $0.50
Nicedaymybro: posts big blind $1
*** HOLE CARDS ***
Flix2204: folds 
50CandyJoe: raises $1.20 to $2.20
AlexEliseev7: folds 
NeroNemesis04: calls $2.20
Pon4uk.ua: folds 
Nicedaymybro: raises $11.30 to $13.50
50CandyJoe: folds 
NeroNemesis04: calls $6.29 and is all-in
Uncalled bet ($5.01) returned to Nicedaymybro
*** FLOP *** [6c 8d 6h]
*** TURN *** [6c 8d 6h] [7d]
*** RIVER *** [6c 8d 6h 7d] [7s]
*** SHOW DOWN ***
Nicedaymybro: shows [Jh Js] (two pair, Jacks and Sevens)
NeroNemesis04: shows [4d 5h] (a straight, Four to Eight)
NeroNemesis04 collected $18.70 from pot
*** SUMMARY ***
Total pot $19.68 | Rake $0.98 
Board [6c 8d 6h 7d 7s]
Seat 1: AlexEliseev7 folded before Flop (didn't bet)
Seat 2: NeroNemesis04 (button) showed [4d 5h] and won ($18.70) with a straight, Four to Eight
Seat 3: Pon4uk.ua (small blind) folded before Flop
Seat 4: Nicedaymybro (big blind) showed [Jh Js] and lost with two pair, Jacks and Sevens
Seat 5: Flix2204 folded before Flop (didn't bet)
Seat 6: 50CandyJoe folded before Flop



PokerStars Hand #254715556044:  Hold'em No Limit ($0.50/$1.00 USD) - 2025/02/05 6:33:22 WET [2025/02/05 1:33:22 ET]
Table 'Vanadis' 6-max Seat #3 is the button
Seat 1: AlexEliseev7 ($104.62 in chips) 
Seat 2: NeroNemesis04 ($18.70 in chips) 
Seat 3: Pon4uk.ua ($100 in chips) 
Seat 4: Nicedaymybro ($100 in chips) 
Seat 5: Flix2204 ($102.72 in chips) 
Seat 6: 50CandyJoe ($109.55 in chips) 
Nicedaymybro: posts small blind $0.50
Flix2204: posts big blind $1
*** HOLE CARDS ***
50CandyJoe: folds 
AlexEliseev7: folds 
NeroNemesis04: folds 
Pon4uk.ua: folds 
Nicedaymybro: folds 
Uncalled bet ($0.50) returned to Flix2204
Flix2204 collected $1 from pot
Flix2204: doesn't show hand 
*** SUMMARY ***
Total pot $1 | Rake $0 
Seat 1: AlexEliseev7 folded before Flop (didn't bet)
Seat 2: NeroNemesis04 folded before Flop (didn't bet)
Seat 3: Pon4uk.ua (button) folded before Flop (didn't bet)
Seat 4: Nicedaymybro (small blind) folded before Flop
Seat 5: Flix2204 (big blind) collected ($1)
Seat 6: 50CandyJoe folded before Flop (didn't bet)



PokerStars Hand #254715557465:  Hold'em No Limit ($0.50/$1.00 USD) - 2025/02/05 6:33:43 WET [2025/02/05 1:33:43 ET]
Table 'Vanadis' 6-max Seat #4 is the button
Seat 1: AlexEliseev7 ($104.62 in chips) 
Seat 2: NeroNemesis04 ($18.70 in chips) 
Seat 3: Pon4uk.ua ($100 in chips) 
Seat 4: Nicedaymybro ($100 in chips) 
Seat 5: Flix2204 ($103.22 in chips) 
Seat 6: 50CandyJoe ($109.55 in chips) 
Flix2204: posts small blind $0.50
50CandyJoe: posts big blind $1
*** HOLE CARDS ***
AlexEliseev7: folds 
NeroNemesis04: calls $1
Pon4uk.ua: raises $3 to $4
Nicedaymybro: folds 
Flix2204: folds 
50CandyJoe: folds 
NeroNemesis04: calls $3
*** FLOP *** [Td 9d 6d]
NeroNemesis04: bets $6
Pon4uk.ua: folds 
Uncalled bet ($6) returned to NeroNemesis04
NeroNemesis04 collected $9.02 from pot
*** SUMMARY ***
Total pot $9.50 | Rake $0.48 
Board [Td 9d 6d]
Seat 1: AlexEliseev7 folded before Flop (didn't bet)
Seat 2: NeroNemesis04 collected ($9.02)
Seat 3: Pon4uk.ua folded on the Flop
Seat 4: Nicedaymybro (button) folded before Flop (didn't bet)
Seat 5: Flix2204 (small blind) folded before Flop
Seat 6: 50CandyJoe (big blind) folded before Flop



PokerStars Hand #254715559738:  Hold'em No Limit ($0.50/$1.00 USD) - 2025/02/05 6:34:17 WET [2025/02/05 1:34:17 ET]
Table 'Vanadis' 6-max Seat #5 is the button
Seat 1: AlexEliseev7 ($104.62 in chips) 
Seat 2: NeroNemesis04 ($23.72 in chips) 
Seat 3: Pon4uk.ua ($100 in chips) 
Seat 4: Nicedaymybro ($100 in chips) 
Seat 5: Flix2204 ($102.72 in chips) 
Seat 6: 50CandyJoe ($108.55 in chips) 
50CandyJoe: posts small blind $0.50
AlexEliseev7: posts big blind $1
*** HOLE CARDS ***
NeroNemesis04: folds 
Pon4uk.ua: folds 
Nicedaymybro: raises $1.50 to $2.50
Flix2204: folds 
50CandyJoe: folds 
AlexEliseev7: calls $1.50
*** FLOP *** [3d Jd 8d]
AlexEliseev7: checks 
Nicedaymybro: bets $1.31
AlexEliseev7: raises $6.12 to $7.43
Nicedaymybro: folds 
Uncalled bet ($6.12) returned to AlexEliseev7
AlexEliseev7 collected $7.71 from pot
AlexEliseev7: doesn't show hand 
*** SUMMARY ***
Total pot $8.12 | Rake $0.41 
Board [3d Jd 8d]
Seat 1: AlexEliseev7 (big blind) collected ($7.71)
Seat 2: NeroNemesis04 folded before Flop (didn't bet)
Seat 3: Pon4uk.ua folded before Flop (didn't bet)
Seat 4: Nicedaymybro folded on the Flop
Seat 5: Flix2204 (button) folded before Flop (didn't bet)
Seat 6: 50CandyJoe (small blind) folded before Flop



PokerStars Hand #254715562886:  Hold'em No Limit ($0.50/$1.00 USD) - 2025/02/05 6:35:04 WET [2025/02/05 1:35:04 ET]
Table 'Vanadis' 6-max Seat #6 is the button
Seat 1: AlexEliseev7 ($108.52 in chips) 
Seat 2: NeroNemesis04 ($23.72 in chips) 
Seat 3: Pon4uk.ua ($100 in chips) 
Seat 4: Nicedaymybro ($100 in chips) 
Seat 5: Flix2204 ($102.72 in chips) 
Seat 6: 50CandyJoe ($108.05 in chips) 
AlexEliseev7: posts small blind $0.50
NeroNemesis04: posts big blind $1
*** HOLE CARDS ***
Pon4uk.ua: folds 
Nicedaymybro: folds 
Flix2204: raises $1.50 to $2.50
50CandyJoe: raises $5 to $7.50
AlexEliseev7: folds 
NeroNemesis04: folds 
Flix2204: raises $12.50 to $20
50CandyJoe: raises $88.05 to $108.05 and is all-in
Flix2204: folds 
Uncalled bet ($88.05) returned to 50CandyJoe
50CandyJoe collected $41.50 from pot
50CandyJoe: doesn't show hand 
*** SUMMARY ***
Total pot $41.50 | Rake $0 
Seat 1: AlexEliseev7 (small blind) folded before Flop
Seat 2: NeroNemesis04 (big blind) folded before Flop
Seat 3: Pon4uk.ua folded before Flop (didn't bet)
Seat 4: Nicedaymybro folded before Flop (didn't bet)
Seat 5: Flix2204 folded before Flop
Seat 6: 50CandyJoe (button) collected ($41.50)



PokerStars Hand #254715566701:  Hold'em No Limit ($0.50/$1.00 USD) - 2025/02/05 6:36:00 WET [2025/02/05 1:36:00 ET]
Table 'Vanadis' 6-max Seat #1 is the button
Seat 1: AlexEliseev7 ($108.02 in chips) 
Seat 2: NeroNemesis04 ($22.72 in chips) 
Seat 3: Pon4uk.ua ($100 in chips) 
Seat 4: Nicedaymybro ($100 in chips) 
Seat 5: Flix2204 ($100 in chips) 
Seat 6: 50CandyJoe ($129.55 in chips) 
NeroNemesis04: posts small blind $0.50
Pon4uk.ua: posts big blind $1
*** HOLE CARDS ***
Nicedaymybro: folds 
Flix2204: folds 
50CandyJoe: raises $1.20 to $2.20
AlexEliseev7: folds 
NeroNemesis04: folds 
Pon4uk.ua: raises $8.30 to $10.50
50CandyJoe: folds 
Uncalled bet ($8.30) returned to Pon4uk.ua
Pon4uk.ua collected $4.90 from pot
Pon4uk.ua: doesn't show hand 
*** SUMMARY ***
Total pot $4.90 | Rake $0 
Seat 1: AlexEliseev7 (button) folded before Flop (didn't bet)
Seat 2: NeroNemesis04 (small blind) folded before Flop
Seat 3: Pon4uk.ua (big blind) collected ($4.90)
Seat 4: Nicedaymybro folded before Flop (didn't bet)
Seat 5: Flix2204 folded before Flop (didn't bet)
Seat 6: 50CandyJoe folded before Flop



PokerStars Hand #254715568337:  Hold'em No Limit ($0.50/$1.00 USD) - 2025/02/05 6:36:25 WET [2025/02/05 1:36:25 ET]
Table 'Vanadis' 6-max Seat #2 is the button
Seat 1: AlexEliseev7 ($108.02 in chips) 
Seat 2: NeroNemesis04 ($22.22 in chips) 
Seat 3: Pon4uk.ua ($102.70 in chips) 
Seat 4: Nicedaymybro ($100 in chips) 
Seat 5: Flix2204 ($100 in chips) 
Seat 6: 50CandyJoe ($127.35 in chips) 
Pon4uk.ua: posts small blind $0.50
Nicedaymybro: posts big blind $1
*** HOLE CARDS ***
Flix2204: folds 
50CandyJoe: folds 
AlexEliseev7: folds 
NeroNemesis04: calls $1
Pon4uk.ua: calls $0.50
Nicedaymybro: checks 
*** FLOP *** [4c 8c Ad]
Pon4uk.ua: checks 
Nicedaymybro: bets $1.43
NeroNemesis04: folds 
Pon4uk.ua: calls $1.43
*** TURN *** [4c 8c Ad] [Ts]
Pon4uk.ua: checks 
AlexEliseev7 is disconnected 
Nicedaymybro: bets $7.80
Pon4uk.ua: calls $7.80
*** RIVER *** [4c 8c Ad Ts] [Qh]
Pon4uk.ua: checks 
Nicedaymybro: bets $15.30
Pon4uk.ua: calls $15.30
*** SHOW DOWN ***
Nicedaymybro: shows [5d 4d] (a pair of Fours)
Pon4uk.ua: shows [Tc 8h] (two pair, Tens and Eights)
Pon4uk.ua collected $49.56 from pot
*** SUMMARY ***
Total pot $52.06 | Rake $2.50 
Board [4c 8c Ad Ts Qh]
Seat 1: AlexEliseev7 folded before Flop (didn't bet)
Seat 2: NeroNemesis04 (button) folded on the Flop
Seat 3: Pon4uk.ua (small blind) showed [Tc 8h] and won ($49.56) with two pair, Tens and Eights
Seat 4: Nicedaymybro (big blind) showed [5d 4d] and lost with a pair of Fours
Seat 5: Flix2204 folded before Flop (didn't bet)
Seat 6: 50CandyJoe folded before Flop (didn't bet)



PokerStars Hand #254715572707:  Hold'em No Limit ($0.50/$1.00 USD) - 2025/02/05 6:37:29 WET [2025/02/05 1:37:29 ET]
Table 'Vanadis' 6-max Seat #3 is the button
Seat 1: AlexEliseev7 ($108.02 in chips) 
Seat 2: NeroNemesis04 ($21.22 in chips) 
Seat 3: Pon4uk.ua ($126.73 in chips) 
Seat 4: Nicedaymybro ($100 in chips) 
Seat 5: Flix2204 ($100 in chips) 
Seat 6: 50CandyJoe ($127.35 in chips) 
Nicedaymybro: posts small blind $0.50
Flix2204: posts big blind $1
*** HOLE CARDS ***
50CandyJoe: raises $1.20 to $2.20
AlexEliseev7: folds 
NeroNemesis04: folds 
Pon4uk.ua: folds 
Nicedaymybro: folds 
Flix2204: calls $1.20
*** FLOP *** [5s 3h 7c]
Flix2204: checks 
50CandyJoe: checks 
*** TURN *** [5s 3h 7c] [7s]
Flix2204: checks 
50CandyJoe: checks 
*** RIVER *** [5s 3h 7c 7s] [Kh]
Flix2204: checks 
50CandyJoe: checks 
*** SHOW DOWN ***
Flix2204: shows [Td Ac] (a pair of Sevens)
50CandyJoe: shows [Jc As] (a pair of Sevens - Ace+King+Jack kicker)
50CandyJoe collected $4.66 from pot
*** SUMMARY ***
Total pot $4.90 | Rake $0.24 
Board [5s 3h 7c 7s Kh]
Seat 1: AlexEliseev7 folded before Flop (didn't bet)
Seat 2: NeroNemesis04 folded before Flop (didn't bet)
Seat 3: Pon4uk.ua (button) folded before Flop (didn't bet)
Seat 4: Nicedaymybro (small blind) folded before Flop
Seat 5: Flix2204 (big blind) showed [Td Ac] and lost with a pair of Sevens
Seat 6: 50CandyJoe showed [Jc As] and won ($4.66) with a pair of Sevens



PokerStars Hand #254715575467:  Hold'em No Limit ($0.50/$1.00 USD) - 2025/02/05 6:38:09 WET [2025/02/05 1:38:09 ET]
Table 'Vanadis' 6-max Seat #4 is the button
Seat 1: AlexEliseev7 ($108.02 in chips) 
Seat 2: NeroNemesis04 ($21.22 in chips) 
Seat 3: Pon4uk.ua ($126.73 in chips) 
Seat 4: Nicedaymybro ($100 in chips) 
Seat 5: Flix2204 ($100 in chips) 
Seat 6: 50CandyJoe ($129.81 in chips) 
Flix2204: posts small blind $0.50
50CandyJoe: posts big blind $1
*** HOLE CARDS ***
AlexEliseev7: folds 
NeroNemesis04: folds 
Pon4uk.ua: folds 
Nicedaymybro: folds 
Flix2204: folds 
Uncalled bet ($0.50) returned to 50CandyJoe
50CandyJoe collected $1 from pot
50CandyJoe: doesn't show hand 
*** SUMMARY ***
Total pot $1 | Rake $0 
Seat 1: AlexEliseev7 folded before Flop (didn't bet)
Seat 2: NeroNemesis04 folded before Flop (didn't bet)
Seat 3: Pon4uk.ua folded before Flop (didn't bet)
Seat 4: Nicedaymybro (button) folded before Flop (didn't bet)
Seat 5: Flix2204 (small blind) folded before Flop
Seat 6: 50CandyJoe (big blind) collected ($1)



PokerStars Hand #254715486440:  Hold'em No Limit ($0.50/$1.00 USD) - 2025/02/05 6:16:51 WET [2025/02/05 1:16:51 ET]
Table 'Vanadis' 6-max Seat #5 is the button
Seat 1: Rysiff ($108.62 in chips) 
Seat 2: NeroNemesis04 ($42.80 in chips) 
Seat 3: alexandr699 ($111.82 in chips) 
Seat 4: Nicedaymybro ($100 in chips) 
Seat 5: Flix2204 ($100 in chips) 
Seat 6: reeqar ($100 in chips) 
reeqar: posts small blind $0.50
Rysiff: posts big blind $1
*** HOLE CARDS ***
NeroNemesis04: calls $1
alexandr699: raises $3.98 to $4.98
Nicedaymybro: raises $8.52 to $13.50
Flix2204: folds 
reeqar: folds 
Rysiff: folds 
NeroNemesis04: folds 
alexandr699: folds 
Uncalled bet ($8.52) returned to Nicedaymybro
Nicedaymybro collected $12.46 from pot
Nicedaymybro: doesn't show hand 
*** SUMMARY ***
Total pot $12.46 | Rake $0 
Seat 1: Rysiff (big blind) folded before Flop
Seat 2: NeroNemesis04 folded before Flop
Seat 3: alexandr699 folded before Flop
Seat 4: Nicedaymybro collected ($12.46)
Seat 5: Flix2204 (button) folded before Flop (didn't bet)
Seat 6: reeqar (small blind) folded before Flop



PokerStars Hand #254715488808:  Hold'em No Limit ($0.50/$1.00 USD) - 2025/02/05 6:17:25 WET [2025/02/05 1:17:25 ET]
Table 'Vanadis' 6-max Seat #6 is the button
Seat 1: Rysiff ($107.62 in chips) 
Seat 2: NeroNemesis04 ($41.80 in chips) 
Seat 3: alexandr699 ($106.84 in chips) 
Seat 4: Nicedaymybro ($107.48 in chips) 
Seat 5: Flix2204 ($100 in chips) 
Seat 6: reeqar ($100 in chips) 
Rysiff: posts small blind $0.50
NeroNemesis04: posts big blind $1
*** HOLE CARDS ***
alexandr699: folds 
Nicedaymybro: folds 
Flix2204: folds 
reeqar: folds 
Rysiff: folds 
Uncalled bet ($0.50) returned to NeroNemesis04
NeroNemesis04 collected $1 from pot
*** SUMMARY ***
Total pot $1 | Rake $0 
Seat 1: Rysiff (small blind) folded before Flop
Seat 2: NeroNemesis04 (big blind) collected ($1)
Seat 3: alexandr699 folded before Flop (didn't bet)
Seat 4: Nicedaymybro folded before Flop (didn't bet)
Seat 5: Flix2204 folded before Flop (didn't bet)
Seat 6: reeqar (button) folded before Flop (didn't bet)



PokerStars Hand #254715489665:  Hold'em No Limit ($0.50/$1.00 USD) - 2025/02/05 6:17:37 WET [2025/02/05 1:17:37 ET]
Table 'Vanadis' 6-max Seat #1 is the button
Seat 1: Rysiff ($107.12 in chips) 
Seat 2: NeroNemesis04 ($42.30 in chips) 
Seat 3: alexandr699 ($106.84 in chips) 
Seat 4: Nicedaymybro ($107.48 in chips) 
Seat 5: Flix2204 ($100 in chips) 
Seat 6: reeqar ($100 in chips) 
NeroNemesis04: posts small blind $0.50
alexandr699: posts big blind $1
*** HOLE CARDS ***
Nicedaymybro: folds 
Flix2204: folds 
reeqar: folds 
Rysiff: folds 
NeroNemesis04: calls $0.50
alexandr699: raises $3.98 to $4.98
NeroNemesis04: calls $3.98
*** FLOP *** [Jc 6c 4c]
NeroNemesis04: checks 
alexandr699: bets $2.37
NeroNemesis04: calls $2.37
*** TURN *** [Jc 6c 4c] [9c]
NeroNemesis04: checks 
alexandr699: checks 
*** RIVER *** [Jc 6c 4c 9c] [4s]
NeroNemesis04: bets $9
alexandr699: calls $9
*** SHOW DOWN ***
NeroNemesis04: shows [Tc Qh] (a flush, Jack high)
alexandr699: mucks hand 
NeroNemesis04 collected $31.06 from pot
*** SUMMARY ***
Total pot $32.70 | Rake $1.64 
Board [Jc 6c 4c 9c 4s]
Seat 1: Rysiff (button) folded before Flop (didn't bet)
Seat 2: NeroNemesis04 (small blind) showed [Tc Qh] and won ($31.06) with a flush, Jack high
Seat 3: alexandr699 (big blind) mucked
Seat 4: Nicedaymybro folded before Flop (didn't bet)
Seat 5: Flix2204 folded before Flop (didn't bet)
Seat 6: reeqar folded before Flop (didn't bet)



PokerStars Hand #254715492740:  Hold'em No Limit ($0.50/$1.00 USD) - 2025/02/05 6:18:22 WET [2025/02/05 1:18:22 ET]
Table 'Vanadis' 6-max Seat #2 is the button
Seat 1: Rysiff ($107.12 in chips) 
Seat 2: NeroNemesis04 ($57.01 in chips) 
Seat 3: alexandr699 ($100 in chips) 
Seat 4: Nicedaymybro ($107.48 in chips) 
Seat 5: Flix2204 ($100 in chips) 
Seat 6: reeqar ($100 in chips) 
alexandr699: posts small blind $0.50
Nicedaymybro: posts big blind $1
*** HOLE CARDS ***
Flix2204: folds 
reeqar: folds 
Rysiff: folds 
NeroNemesis04: calls $1
alexandr699: raises $3.98 to $4.98
Nicedaymybro: folds 
NeroNemesis04: calls $3.98
*** FLOP *** [Jh 2c As]
alexandr699: checks 
NeroNemesis04: checks 
*** TURN *** [Jh 2c As] [3d]
alexandr699: checks 
NeroNemesis04: checks 
*** RIVER *** [Jh 2c As 3d] [2h]
alexandr699: checks 
NeroNemesis04: bets $12
alexandr699: calls $12
*** SHOW DOWN ***
NeroNemesis04: shows [8s 4s] (a pair of Deuces)
alexandr699: shows [9d Jc] (two pair, Jacks and Deuces)
alexandr699 collected $33.21 from pot
*** SUMMARY ***
Total pot $34.96 | Rake $1.75 
Board [Jh 2c As 3d 2h]
Seat 1: Rysiff folded before Flop (didn't bet)
Seat 2: NeroNemesis04 (button) showed [8s 4s] and lost with a pair of Deuces
Seat 3: alexandr699 (small blind) showed [9d Jc] and won ($33.21) with two pair, Jacks and Deuces
Seat 4: Nicedaymybro (big blind) folded before Flop
Seat 5: Flix2204 folded before Flop (didn't bet)
Seat 6: reeqar folded before Flop (didn't bet)



PokerStars Hand #254715497686:  Hold'em No Limit ($0.50/$1.00 USD) - 2025/02/05 6:19:32 WET [2025/02/05 1:19:32 ET]
Table 'Vanadis' 6-max Seat #3 is the button
Seat 1: Rysiff ($107.12 in chips) 
Seat 2: NeroNemesis04 ($40.03 in chips) 
Seat 3: alexandr699 ($116.23 in chips) 
Seat 4: Nicedaymybro ($106.48 in chips) 
Seat 5: Flix2204 ($100 in chips) 
Seat 6: reeqar ($100 in chips) 
Nicedaymybro: posts small blind $0.50
Flix2204: posts big blind $1
*** HOLE CARDS ***
reeqar: folds 
Rysiff: folds 
NeroNemesis04: folds 
alexandr699: raises $1.98 to $2.98
Nicedaymybro: folds 
Flix2204: folds 
Uncalled bet ($1.98) returned to alexandr699
alexandr699 collected $2.50 from pot
alexandr699: doesn't show hand 
*** SUMMARY ***
Total pot $2.50 | Rake $0 
Seat 1: Rysiff folded before Flop (didn't bet)
Seat 2: NeroNemesis04 folded before Flop (didn't bet)
Seat 3: alexandr699 (button) collected ($2.50)
Seat 4: Nicedaymybro (small blind) folded before Flop
Seat 5: Flix2204 (big blind) folded before Flop
Seat 6: reeqar folded before Flop (didn't bet)



PokerStars Hand #254715499239:  Hold'em No Limit ($0.50/$1.00 USD) - 2025/02/05 6:19:54 WET [2025/02/05 1:19:54 ET]
Table 'Vanadis' 6-max Seat #4 is the button
Seat 1: Rysiff ($107.12 in chips) 
Seat 2: NeroNemesis04 ($40.03 in chips) 
Seat 3: alexandr699 ($117.73 in chips) 
Seat 4: Nicedaymybro ($105.98 in chips) 
Seat 5: Flix2204 ($100 in chips) 
Seat 6: reeqar ($100 in chips) 
Flix2204: posts small blind $0.50
reeqar: posts big blind $1
*** HOLE CARDS ***
Rysiff: folds 
NeroNemesis04: calls $1
alexandr699: folds 
Nicedaymybro: folds 
Flix2204: folds 
reeqar: checks 
*** FLOP *** [8c 3d 2c]
reeqar: bets $1.19
NeroNemesis04: calls $1.19
*** TURN *** [8c 3d 2c] [Kh]
reeqar: bets $6.82
NeroNemesis04: calls $6.82
*** RIVER *** [8c 3d 2c Kh] [Qc]
reeqar: bets $6.33
NeroNemesis04: folds 
Uncalled bet ($6.33) returned to reeqar
reeqar collected $17.59 from pot
reeqar: doesn't show hand 
*** SUMMARY ***
Total pot $18.52 | Rake $0.93 
Board [8c 3d 2c Kh Qc]
Seat 1: Rysiff folded before Flop (didn't bet)
Seat 2: NeroNemesis04 folded on the River
Seat 3: alexandr699 folded before Flop (didn't bet)
Seat 4: Nicedaymybro (button) folded before Flop (didn't bet)
Seat 5: Flix2204 (small blind) folded before Flop
Seat 6: reeqar (big blind) collected ($17.59)



PokerStars Hand #254715592867:  Hold'em No Limit ($0.50/$1.00 USD) - 2025/02/05 6:42:15 WET [2025/02/05 1:42:15 ET]
Table 'Vanadis' 6-max Seat #5 is the button
Seat 4: Nicedaymybro ($100 in chips) is sitting out
Seat 1: AlexEliseev7 ($117.57 in chips) 
Seat 2: NeroNemesis04 ($21.12 in chips) 
Seat 3: Pon4uk.ua ($123.23 in chips) 
Seat 5: Flix2204 ($102 in chips) 
Seat 6: 50CandyJoe ($123.56 in chips) 
50CandyJoe: posts small blind $0.50
AlexEliseev7: posts big blind $1
*** HOLE CARDS ***
NeroNemesis04: calls $1
Pon4uk.ua: folds 
Flix2204: folds 
50CandyJoe: folds 
AlexEliseev7: checks 
*** FLOP *** [Kd Jc Th]
AlexEliseev7: checks 
NeroNemesis04: checks 
*** TURN *** [Kd Jc Th] [3d]
AlexEliseev7: checks 
NeroNemesis04: checks 
*** RIVER *** [Kd Jc Th 3d] [Kc]
AlexEliseev7: bets $1
NeroNemesis04: calls $1
*** SHOW DOWN ***
AlexEliseev7: shows [8s Tc] (two pair, Kings and Tens)
NeroNemesis04: mucks hand 
AlexEliseev7 collected $4.28 from pot
*** SUMMARY ***
Total pot $4.50 | Rake $0.22 
Board [Kd Jc Th 3d Kc]
Seat 4: Nicedaymybro
Seat 1: AlexEliseev7 (big blind) showed [8s Tc] and won ($4.28) with two pair, Kings and Tens
Seat 2: NeroNemesis04 mucked
Seat 3: Pon4uk.ua folded before Flop (didn't bet)
Seat 5: Flix2204 (button) folded before Flop (didn't bet)
Seat 6: 50CandyJoe (small blind) folded before Flop



PokerStars Hand #254715596707:  Hold'em No Limit ($0.50/$1.00 USD) - 2025/02/05 6:43:09 WET [2025/02/05 1:43:09 ET]
Table 'Vanadis' 6-max Seat #6 is the button
Seat 4: Nicedaymybro ($100 in chips) is sitting out
Seat 1: AlexEliseev7 ($119.85 in chips) 
Seat 2: NeroNemesis04 ($19.12 in chips) 
Seat 3: Pon4uk.ua ($123.23 in chips) 
Seat 5: Flix2204 ($102 in chips) 
Seat 6: 50CandyJoe ($123.06 in chips) 
AlexEliseev7: posts small blind $0.50
NeroNemesis04: posts big blind $1
Nicedaymybro: sits out 
*** HOLE CARDS ***
Pon4uk.ua: raises $1 to $2
Flix2204: folds 
50CandyJoe: folds 
AlexEliseev7: folds 
NeroNemesis04: calls $1
*** FLOP *** [Tc 9c 5c]
NeroNemesis04: checks 
Pon4uk.ua: bets $1.41
NeroNemesis04: folds 
Uncalled bet ($1.41) returned to Pon4uk.ua
Pon4uk.ua collected $4.28 from pot
Pon4uk.ua: doesn't show hand 
*** SUMMARY ***
Total pot $4.50 | Rake $0.22 
Board [Tc 9c 5c]
Seat 4: Nicedaymybro
Seat 1: AlexEliseev7 (small blind) folded before Flop
Seat 2: NeroNemesis04 (big blind) folded on the Flop
Seat 3: Pon4uk.ua collected ($4.28)
Seat 5: Flix2204 folded before Flop (didn't bet)
Seat 6: 50CandyJoe (button) folded before Flop (didn't bet)



PokerStars Hand #254715598918:  Hold'em No Limit ($0.50/$1.00 USD) - 2025/02/05 6:43:40 WET [2025/02/05 1:43:40 ET]
Table 'Vanadis' 6-max Seat #1 is the button
Seat 4: Nicedaymybro ($100 in chips) is sitting out
Seat 1: AlexEliseev7 ($119.35 in chips) 
Seat 2: NeroNemesis04 ($17.12 in chips) 
Seat 3: Pon4uk.ua ($125.51 in chips) 
Seat 5: Flix2204 ($102 in chips) 
Seat 6: 50CandyJoe ($123.06 in chips) 
NeroNemesis04: posts small blind $0.50
Pon4uk.ua: posts big blind $1
Nicedaymybro: sits out 
*** HOLE CARDS ***
Flix2204: folds 
50CandyJoe: folds 
AlexEliseev7: raises $1.50 to $2.50
NeroNemesis04: folds 
Pon4uk.ua: raises $8.50 to $11
AlexEliseev7: folds 
Uncalled bet ($8.50) returned to Pon4uk.ua
Pon4uk.ua collected $5.50 from pot
Pon4uk.ua: doesn't show hand 
*** SUMMARY ***
Total pot $5.50 | Rake $0 
Seat 4: Nicedaymybro
Seat 1: AlexEliseev7 (button) folded before Flop
Seat 2: NeroNemesis04 (small blind) folded before Flop
Seat 3: Pon4uk.ua (big blind) collected ($5.50)
Seat 5: Flix2204 folded before Flop (didn't bet)
Seat 6: 50CandyJoe folded before Flop (didn't bet)



PokerStars Hand #254715600667:  Hold'em No Limit ($0.50/$1.00 USD) - 2025/02/05 6:44:05 WET [2025/02/05 1:44:05 ET]
Table 'Vanadis' 6-max Seat #2 is the button
Seat 1: AlexEliseev7 ($116.85 in chips) 
Seat 2: NeroNemesis04 ($16.62 in chips) 
Seat 3: Pon4uk.ua ($128.51 in chips) 
Seat 4: Nicedaymybro ($100 in chips) 
Seat 5: Flix2204 ($102 in chips) 
Seat 6: 50CandyJoe ($123.06 in chips) 
Pon4uk.ua: posts small blind $0.50
Nicedaymybro: posts big blind $1
*** HOLE CARDS ***
Flix2204: folds 
50CandyJoe: raises $1.20 to $2.20
AlexEliseev7: folds 
NeroNemesis04: folds 
Pon4uk.ua: folds 
Nicedaymybro: calls $1.20
*** FLOP *** [3h 6h 2d]
Nicedaymybro: bets $1.54
50CandyJoe: calls $1.54
*** TURN *** [3h 6h 2d] [8c]
Nicedaymybro: bets $2.50
50CandyJoe: folds 
Uncalled bet ($2.50) returned to Nicedaymybro
Nicedaymybro collected $7.58 from pot
Nicedaymybro: doesn't show hand 
*** SUMMARY ***
Total pot $7.98 | Rake $0.40 
Board [3h 6h 2d 8c]
Seat 1: AlexEliseev7 folded before Flop (didn't bet)
Seat 2: NeroNemesis04 (button) folded before Flop (didn't bet)
Seat 3: Pon4uk.ua (small blind) folded before Flop
Seat 4: Nicedaymybro (big blind) collected ($7.58)
Seat 5: Flix2204 folded before Flop (didn't bet)
Seat 6: 50CandyJoe folded on the Turn



PokerStars Hand #254715604738:  Hold'em No Limit ($0.50/$1.00 USD) - 2025/02/05 6:45:02 WET [2025/02/05 1:45:02 ET]
Table 'Vanadis' 6-max Seat #3 is the button
Seat 1: AlexEliseev7 ($116.85 in chips) 
Seat 2: NeroNemesis04 ($16.62 in chips) 
Seat 3: Pon4uk.ua ($128.01 in chips) 
Seat 4: Nicedaymybro ($103.84 in chips) 
Seat 5: Flix2204 ($102 in chips) 
Seat 6: 50CandyJoe ($119.32 in chips) 
Nicedaymybro: posts small blind $0.50
Flix2204: posts big blind $1
*** HOLE CARDS ***
50CandyJoe: folds 
AlexEliseev7: folds 
NeroNemesis04: raises $3 to $4
Pon4uk.ua: folds 
Nicedaymybro: folds 
Flix2204: folds 
Uncalled bet ($3) returned to NeroNemesis04
NeroNemesis04 collected $2.50 from pot
*** SUMMARY ***
Total pot $2.50 | Rake $0 
Seat 1: AlexEliseev7 folded before Flop (didn't bet)
Seat 2: NeroNemesis04 collected ($2.50)
Seat 3: Pon4uk.ua (button) folded before Flop (didn't bet)
Seat 4: Nicedaymybro (small blind) folded before Flop
Seat 5: Flix2204 (big blind) folded before Flop
Seat 6: 50CandyJoe folded before Flop (didn't bet)



PokerStars Hand #254715606477:  Hold'em No Limit ($0.50/$1.00 USD) - 2025/02/05 6:45:27 WET [2025/02/05 1:45:27 ET]
Table 'Vanadis' 6-max Seat #4 is the button
Seat 1: AlexEliseev7 ($116.85 in chips) 
Seat 2: NeroNemesis04 ($18.12 in chips) 
Seat 3: Pon4uk.ua ($128.01 in chips) 
Seat 4: Nicedaymybro ($103.34 in chips) 
Seat 5: Flix2204 ($101 in chips) 
Seat 6: 50CandyJoe ($119.32 in chips) 
Flix2204: posts small blind $0.50
50CandyJoe: posts big blind $1
*** HOLE CARDS ***
AlexEliseev7: folds 
NeroNemesis04: folds 
Pon4uk.ua: folds 
Nicedaymybro: folds 
Flix2204: folds 
Uncalled bet ($0.50) returned to 50CandyJoe
50CandyJoe collected $1 from pot
50CandyJoe: doesn't show hand 
*** SUMMARY ***
Total pot $1 | Rake $0 
Seat 1: AlexEliseev7 folded before Flop (didn't bet)
Seat 2: NeroNemesis04 folded before Flop (didn't bet)
Seat 3: Pon4uk.ua folded before Flop (didn't bet)
Seat 4: Nicedaymybro (button) folded before Flop (didn't bet)
Seat 5: Flix2204 (small blind) folded before Flop
Seat 6: 50CandyJoe (big blind) collected ($1)



PokerStars Hand #254715607221:  Hold'em No Limit ($0.50/$1.00 USD) - 2025/02/05 6:45:37 WET [2025/02/05 1:45:37 ET]
Table 'Vanadis' 6-max Seat #5 is the button
Seat 1: AlexEliseev7 ($116.85 in chips) 
Seat 2: NeroNemesis04 ($18.12 in chips) 
Seat 3: Pon4uk.ua ($128.01 in chips) 
Seat 4: Nicedaymybro ($103.34 in chips) 
Seat 5: Flix2204 ($100.50 in chips) 
Seat 6: 50CandyJoe ($119.82 in chips) 
50CandyJoe: posts small blind $0.50
AlexEliseev7: posts big blind $1
*** HOLE CARDS ***
NeroNemesis04: calls $1
Pon4uk.ua: folds 
Nicedaymybro: folds 
Flix2204: folds 
50CandyJoe: folds 
AlexEliseev7: checks 
*** FLOP *** [Qh 8h 8c]
AlexEliseev7: checks 
NeroNemesis04: checks 
*** TURN *** [Qh 8h 8c] [Jd]
AlexEliseev7: checks 
NeroNemesis04: bets $3
AlexEliseev7: folds 
Uncalled bet ($3) returned to NeroNemesis04
NeroNemesis04 collected $2.38 from pot
*** SUMMARY ***
Total pot $2.50 | Rake $0.12 
Board [Qh 8h 8c Jd]
Seat 1: AlexEliseev7 (big blind) folded on the Turn
Seat 2: NeroNemesis04 collected ($2.38)
Seat 3: Pon4uk.ua folded before Flop (didn't bet)
Seat 4: Nicedaymybro folded before Flop (didn't bet)
Seat 5: Flix2204 (button) folded before Flop (didn't bet)
Seat 6: 50CandyJoe (small blind) folded before Flop



PokerStars Hand #254715610278:  Hold'em No Limit ($0.50/$1.00 USD) - 2025/02/05 6:46:21 WET [2025/02/05 1:46:21 ET]
Table 'Vanadis' 6-max Seat #6 is the button
Seat 1: AlexEliseev7 ($115.85 in chips) 
Seat 2: NeroNemesis04 ($19.50 in chips) 
Seat 3: Pon4uk.ua ($128.01 in chips) 
Seat 4: Nicedaymybro ($103.34 in chips) 
Seat 5: Flix2204 ($100.50 in chips) 
Seat 6: 50CandyJoe ($119.32 in chips) 
AlexEliseev7: posts small blind $0.50
NeroNemesis04: posts big blind $1
*** HOLE CARDS ***
Pon4uk.ua: folds 
Nicedaymybro: folds 
Flix2204: raises $1.50 to $2.50
50CandyJoe: folds 
AlexEliseev7: folds 
NeroNemesis04: calls $1.50
*** FLOP *** [7d Qd Qh]
NeroNemesis04: checks 
Flix2204: bets $1.72
NeroNemesis04: calls $1.72
*** TURN *** [7d Qd Qh] [3h]
NeroNemesis04: checks 
Flix2204: checks 
*** RIVER *** [7d Qd Qh 3h] [Ad]
NeroNemesis04: bets $5
Flix2204: calls $5
*** SHOW DOWN ***
NeroNemesis04: shows [3d 3c] (a full house, Threes full of Queens)
Flix2204: mucks hand 
NeroNemesis04 collected $17.99 from pot
*** SUMMARY ***
Total pot $18.94 | Rake $0.95 
Board [7d Qd Qh 3h Ad]
Seat 1: AlexEliseev7 (small blind) folded before Flop
Seat 2: NeroNemesis04 (big blind) showed [3d 3c] and won ($17.99) with a full house, Threes full of Queens
Seat 3: Pon4uk.ua folded before Flop (didn't bet)
Seat 4: Nicedaymybro folded before Flop (didn't bet)
Seat 5: Flix2204 mucked
Seat 6: 50CandyJoe (button) folded before Flop (didn't bet)



PokerStars Hand #254715612938:  Hold'em No Limit ($0.50/$1.00 USD) - 2025/02/05 6:46:58 WET [2025/02/05 1:46:58 ET]
Table 'Vanadis' 6-max Seat #1 is the button
Seat 1: AlexEliseev7 ($115.35 in chips) 
Seat 2: NeroNemesis04 ($28.27 in chips) 
Seat 3: Pon4uk.ua ($128.01 in chips) 
Seat 4: Nicedaymybro ($103.34 in chips) 
Seat 5: Flix2204 ($100 in chips) 
Seat 6: 50CandyJoe ($119.32 in chips) 
NeroNemesis04: posts small blind $0.50
Pon4uk.ua: posts big blind $1
*** HOLE CARDS ***
Nicedaymybro: folds 
Flix2204: folds 
50CandyJoe: folds 
AlexEliseev7: raises $1.50 to $2.50
NeroNemesis04: calls $2
Pon4uk.ua: calls $1.50
*** FLOP *** [8s 2c 2s]
NeroNemesis04: checks 
Pon4uk.ua: checks 
AlexEliseev7: checks 
*** TURN *** [8s 2c 2s] [Jc]
NeroNemesis04: checks 
Pon4uk.ua: checks 
AlexEliseev7: checks 
*** RIVER *** [8s 2c 2s Jc] [6s]
NeroNemesis04: checks 
Pon4uk.ua: bets $3.56
AlexEliseev7: folds 
NeroNemesis04: folds 
Uncalled bet ($3.56) returned to Pon4uk.ua
Pon4uk.ua collected $7.12 from pot
Pon4uk.ua: doesn't show hand 
*** SUMMARY ***
Total pot $7.50 | Rake $0.38 
Board [8s 2c 2s Jc 6s]
Seat 1: AlexEliseev7 (button) folded on the River
Seat 2: NeroNemesis04 (small blind) folded on the River
Seat 3: Pon4uk.ua (big blind) collected ($7.12)
Seat 4: Nicedaymybro folded before Flop (didn't bet)
Seat 5: Flix2204 folded before Flop (didn't bet)
Seat 6: 50CandyJoe folded before Flop (didn't bet)



PokerStars Hand #254715616569:  Hold'em No Limit ($0.50/$1.00 USD) - 2025/02/05 6:47:51 WET [2025/02/05 1:47:51 ET]
Table 'Vanadis' 6-max Seat #2 is the button
Seat 1: AlexEliseev7 ($112.85 in chips) 
Seat 2: NeroNemesis04 ($25.77 in chips) 
Seat 3: Pon4uk.ua ($132.63 in chips) 
Seat 4: Nicedaymybro ($103.34 in chips) 
Seat 5: Flix2204 ($100 in chips) 
Seat 6: 50CandyJoe ($119.32 in chips) 
Pon4uk.ua: posts small blind $0.50
Nicedaymybro: posts big blind $1
*** HOLE CARDS ***
Flix2204: folds 
50CandyJoe: folds 
AlexEliseev7: folds 
NeroNemesis04: folds 
Pon4uk.ua: raises $1.75 to $2.75
Nicedaymybro: folds 
Uncalled bet ($1.75) returned to Pon4uk.ua
Pon4uk.ua collected $2 from pot
Pon4uk.ua: doesn't show hand 
*** SUMMARY ***
Total pot $2 | Rake $0 
Seat 1: AlexEliseev7 folded before Flop (didn't bet)
Seat 2: NeroNemesis04 (button) folded before Flop (didn't bet)
Seat 3: Pon4uk.ua (small blind) collected ($2)
Seat 4: Nicedaymybro (big blind) folded before Flop
Seat 5: Flix2204 folded before Flop (didn't bet)
Seat 6: 50CandyJoe folded before Flop (didn't bet)



PokerStars Hand #254715617847:  Hold'em No Limit ($0.50/$1.00 USD) - 2025/02/05 6:48:09 WET [2025/02/05 1:48:09 ET]
Table 'Vanadis' 6-max Seat #3 is the button
Seat 1: AlexEliseev7 ($112.85 in chips) 
Seat 2: NeroNemesis04 ($25.77 in chips) 
Seat 3: Pon4uk.ua ($133.63 in chips) 
Seat 4: Nicedaymybro ($102.34 in chips) 
Seat 5: Flix2204 ($100 in chips) 
Seat 6: 50CandyJoe ($119.32 in chips) 
Nicedaymybro: posts small blind $0.50
Flix2204: posts big blind $1
*** HOLE CARDS ***
50CandyJoe: folds 
AlexEliseev7: raises $1.50 to $2.50
NeroNemesis04: calls $2.50
Pon4uk.ua: folds 
Nicedaymybro: folds 
Flix2204: folds 
*** FLOP *** [4h 3c 2c]
AlexEliseev7: checks 
NeroNemesis04: bets $5
AlexEliseev7: folds 
Uncalled bet ($5) returned to NeroNemesis04
NeroNemesis04 collected $6.18 from pot
*** SUMMARY ***
Total pot $6.50 | Rake $0.32 
Board [4h 3c 2c]
Seat 1: AlexEliseev7 folded on the Flop
Seat 2: NeroNemesis04 collected ($6.18)
Seat 3: Pon4uk.ua (button) folded before Flop (didn't bet)
Seat 4: Nicedaymybro (small blind) folded before Flop
Seat 5: Flix2204 (big blind) folded before Flop
Seat 6: 50CandyJoe folded before Flop (didn't bet)



PokerStars Hand #254715619643:  Hold'em No Limit ($0.50/$1.00 USD) - 2025/02/05 6:48:35 WET [2025/02/05 1:48:35 ET]
Table 'Vanadis' 6-max Seat #4 is the button
Seat 1: AlexEliseev7 ($110.35 in chips) 
Seat 2: NeroNemesis04 ($29.45 in chips) 
Seat 3: Pon4uk.ua ($133.63 in chips) 
Seat 4: Nicedaymybro ($101.84 in chips) 
Seat 5: Flix2204 ($100 in chips) 
Seat 6: 50CandyJoe ($119.32 in chips) 
Flix2204: posts small blind $0.50
50CandyJoe: posts big blind $1
*** HOLE CARDS ***
AlexEliseev7: folds 
NeroNemesis04: calls $1
Pon4uk.ua: folds 
Nicedaymybro: folds 
Flix2204: folds 
50CandyJoe: checks 
*** FLOP *** [4s Td 2d]
50CandyJoe: checks 
NeroNemesis04: checks 
*** TURN *** [4s Td 2d] [Jd]
50CandyJoe: checks 
NeroNemesis04: checks 
*** RIVER *** [4s Td 2d Jd] [2s]
50CandyJoe: bets $2
NeroNemesis04: folds 
Uncalled bet ($2) returned to 50CandyJoe
50CandyJoe collected $2.38 from pot
50CandyJoe: doesn't show hand 
*** SUMMARY ***
Total pot $2.50 | Rake $0.12 
Board [4s Td 2d Jd 2s]
Seat 1: AlexEliseev7 folded before Flop (didn't bet)
Seat 2: NeroNemesis04 folded on the River
Seat 3: Pon4uk.ua folded before Flop (didn't bet)
Seat 4: Nicedaymybro (button) folded before Flop (didn't bet)
Seat 5: Flix2204 (small blind) folded before Flop
Seat 6: 50CandyJoe (big blind) collected ($2.38)



PokerStars Hand #254715621953:  Hold'em No Limit ($0.50/$1.00 USD) - 2025/02/05 6:49:08 WET [2025/02/05 1:49:08 ET]
Table 'Vanadis' 6-max Seat #5 is the button
Seat 1: AlexEliseev7 ($110.35 in chips) 
Seat 2: NeroNemesis04 ($28.45 in chips) 
Seat 3: Pon4uk.ua ($133.63 in chips) 
Seat 4: Nicedaymybro ($101.84 in chips) 
Seat 5: Flix2204 ($100 in chips) 
Seat 6: 50CandyJoe ($120.70 in chips) 
50CandyJoe: posts small blind $0.50
AlexEliseev7: posts big blind $1
*** HOLE CARDS ***
NeroNemesis04: folds 
Pon4uk.ua: folds 
Nicedaymybro: folds 
Flix2204: folds 
50CandyJoe: folds 
Uncalled bet ($0.50) returned to AlexEliseev7
AlexEliseev7 collected $1 from pot
AlexEliseev7: doesn't show hand 
*** SUMMARY ***
Total pot $1 | Rake $0 
Seat 1: AlexEliseev7 (big blind) collected ($1)
Seat 2: NeroNemesis04 folded before Flop (didn't bet)
Seat 3: Pon4uk.ua folded before Flop (didn't bet)
Seat 4: Nicedaymybro folded before Flop (didn't bet)
Seat 5: Flix2204 (button) folded before Flop (didn't bet)
Seat 6: 50CandyJoe (small blind) folded before Flop



PokerStars Hand #254715623237:  Hold'em No Limit ($0.50/$1.00 USD) - 2025/02/05 6:49:27 WET [2025/02/05 1:49:27 ET]
Table 'Vanadis' 6-max Seat #6 is the button
Seat 1: AlexEliseev7 ($110.85 in chips) 
Seat 2: NeroNemesis04 ($28.45 in chips) 
Seat 3: Pon4uk.ua ($133.63 in chips) 
Seat 4: Nicedaymybro ($101.84 in chips) 
Seat 5: Flix2204 ($100 in chips) 
Seat 6: 50CandyJoe ($120.20 in chips) 
AlexEliseev7: posts small blind $0.50
NeroNemesis04: posts big blind $1
*** HOLE CARDS ***
Pon4uk.ua: folds 
Nicedaymybro: folds 
Flix2204: folds 
50CandyJoe: raises $1.50 to $2.50
AlexEliseev7: folds 
NeroNemesis04: calls $1.50
*** FLOP *** [Ks Ac 7s]
NeroNemesis04: checks 
50CandyJoe: checks 
*** TURN *** [Ks Ac 7s] [2d]
NeroNemesis04: bets $4
50CandyJoe: calls $4
*** RIVER *** [Ks Ac 7s 2d] [3s]
NeroNemesis04: checks 
50CandyJoe: checks 
*** SHOW DOWN ***
NeroNemesis04: shows [9c 7h] (a pair of Sevens)
50CandyJoe: shows [9s Kd] (a pair of Kings)
50CandyJoe collected $12.82 from pot
*** SUMMARY ***
Total pot $13.50 | Rake $0.68 
Board [Ks Ac 7s 2d 3s]
Seat 1: AlexEliseev7 (small blind) folded before Flop
Seat 2: NeroNemesis04 (big blind) showed [9c 7h] and lost with a pair of Sevens
Seat 3: Pon4uk.ua folded before Flop (didn't bet)
Seat 4: Nicedaymybro folded before Flop (didn't bet)
Seat 5: Flix2204 folded before Flop (didn't bet)
Seat 6: 50CandyJoe (button) showed [9s Kd] and won ($12.82) with a pair of Kings



PokerStars Hand #254715626307:  Hold'em No Limit ($0.50/$1.00 USD) - 2025/02/05 6:50:09 WET [2025/02/05 1:50:09 ET]
Table 'Vanadis' 6-max Seat #1 is the button
Seat 1: AlexEliseev7 ($110.35 in chips) 
Seat 2: NeroNemesis04 ($21.95 in chips) 
Seat 3: Pon4uk.ua ($133.63 in chips) 
Seat 4: Nicedaymybro ($101.84 in chips) 
Seat 5: Flix2204 ($100 in chips) 
Seat 6: 50CandyJoe ($126.52 in chips) 
NeroNemesis04: posts small blind $0.50
Pon4uk.ua: posts big blind $1
*** HOLE CARDS ***
Nicedaymybro: folds 
Flix2204: folds 
50CandyJoe: folds 
AlexEliseev7: raises $1.50 to $2.50
NeroNemesis04: calls $2
Pon4uk.ua: folds 
*** FLOP *** [4h 9s 2s]
NeroNemesis04: checks 
AlexEliseev7: checks 
*** TURN *** [4h 9s 2s] [5d]
NeroNemesis04: checks 
AlexEliseev7: checks 
*** RIVER *** [4h 9s 2s 5d] [Qh]
NeroNemesis04: checks 
AlexEliseev7: bets $4.45
NeroNemesis04: folds 
Uncalled bet ($4.45) returned to AlexEliseev7
AlexEliseev7 collected $5.70 from pot
AlexEliseev7: doesn't show hand 
*** SUMMARY ***
Total pot $6 | Rake $0.30 
Board [4h 9s 2s 5d Qh]
Seat 1: AlexEliseev7 (button) collected ($5.70)
Seat 2: NeroNemesis04 (small blind) folded on the River
Seat 3: Pon4uk.ua (big blind) folded before Flop
Seat 4: Nicedaymybro folded before Flop (didn't bet)
Seat 5: Flix2204 folded before Flop (didn't bet)
Seat 6: 50CandyJoe folded before Flop (didn't bet)



PokerStars Hand #254715630598:  Hold'em No Limit ($0.50/$1.00 USD) - 2025/02/05 6:51:10 WET [2025/02/05 1:51:10 ET]
Table 'Vanadis' 6-max Seat #2 is the button
Seat 1: AlexEliseev7 ($113.55 in chips) 
Seat 2: NeroNemesis04 ($19.45 in chips) 
Seat 3: Pon4uk.ua ($132.63 in chips) 
Seat 4: Nicedaymybro ($101.84 in chips) 
Seat 5: Flix2204 ($100 in chips) 
Seat 6: 50CandyJoe ($126.52 in chips) 
Pon4uk.ua: posts small blind $0.50
Nicedaymybro: posts big blind $1
*** HOLE CARDS ***
Flix2204: folds 
50CandyJoe: folds 
AlexEliseev7: folds 
NeroNemesis04: calls $1
Pon4uk.ua: calls $0.50
Nicedaymybro: checks 
*** FLOP *** [4d 3d Kd]
Pon4uk.ua: checks 
Nicedaymybro: checks 
NeroNemesis04: checks 
*** TURN *** [4d 3d Kd] [Qd]
Pon4uk.ua: checks 
Nicedaymybro: bets $3
NeroNemesis04: folds 
Pon4uk.ua: folds 
Uncalled bet ($3) returned to Nicedaymybro
Nicedaymybro collected $2.85 from pot
Nicedaymybro: doesn't show hand 
*** SUMMARY ***
Total pot $3 | Rake $0.15 
Board [4d 3d Kd Qd]
Seat 1: AlexEliseev7 folded before Flop (didn't bet)
Seat 2: NeroNemesis04 (button) folded on the Turn
Seat 3: Pon4uk.ua (small blind) folded on the Turn
Seat 4: Nicedaymybro (big blind) collected ($2.85)
Seat 5: Flix2204 folded before Flop (didn't bet)
Seat 6: 50CandyJoe folded before Flop (didn't bet)



PokerStars Hand #254715633156:  Hold'em No Limit ($0.50/$1.00 USD) - 2025/02/05 6:51:47 WET [2025/02/05 1:51:47 ET]
Table 'Vanadis' 6-max Seat #3 is the button
Seat 1: AlexEliseev7 ($113.55 in chips) 
Seat 2: NeroNemesis04 ($18.45 in chips) 
Seat 3: Pon4uk.ua ($131.63 in chips) 
Seat 4: Nicedaymybro ($103.69 in chips) 
Seat 5: Flix2204 ($100 in chips) 
Seat 6: 50CandyJoe ($126.52 in chips) 
Nicedaymybro: posts small blind $0.50
Flix2204: posts big blind $1
*** HOLE CARDS ***
50CandyJoe: raises $1.20 to $2.20
AlexEliseev7: folds 
NeroNemesis04: calls $2.20
Pon4uk.ua: folds 
Nicedaymybro: folds 
Flix2204: raises $11.80 to $14
50CandyJoe: folds 
NeroNemesis04: folds 
Uncalled bet ($11.80) returned to Flix2204
Flix2204 collected $7.10 from pot
Flix2204: doesn't show hand 
*** SUMMARY ***
Total pot $7.10 | Rake $0 
Seat 1: AlexEliseev7 folded before Flop (didn't bet)
Seat 2: NeroNemesis04 folded before Flop
Seat 3: Pon4uk.ua (button) folded before Flop (didn't bet)
Seat 4: Nicedaymybro (small blind) folded before Flop
Seat 5: Flix2204 (big blind) collected ($7.10)
Seat 6: 50CandyJoe folded before Flop



PokerStars Hand #254715635265:  Hold'em No Limit ($0.50/$1.00 USD) - 2025/02/05 6:52:17 WET [2025/02/05 1:52:17 ET]
Table 'Vanadis' 6-max Seat #4 is the button
Seat 1: AlexEliseev7 ($113.55 in chips) 
Seat 2: NeroNemesis04 ($16.25 in chips) 
Seat 3: Pon4uk.ua ($131.63 in chips) 
Seat 4: Nicedaymybro ($103.19 in chips) 
Seat 5: Flix2204 ($104.90 in chips) 
Seat 6: 50CandyJoe ($124.32 in chips) 
Flix2204: posts small blind $0.50
50CandyJoe: posts big blind $1
*** HOLE CARDS ***
AlexEliseev7: folds 
NeroNemesis04: folds 
Pon4uk.ua: folds 
Nicedaymybro: folds 
Flix2204: folds 
Uncalled bet ($0.50) returned to 50CandyJoe
50CandyJoe collected $1 from pot
50CandyJoe: doesn't show hand 
*** SUMMARY ***
Total pot $1 | Rake $0 
Seat 1: AlexEliseev7 folded before Flop (didn't bet)
Seat 2: NeroNemesis04 folded before Flop (didn't bet)
Seat 3: Pon4uk.ua folded before Flop (didn't bet)
Seat 4: Nicedaymybro (button) folded before Flop (didn't bet)
Seat 5: Flix2204 (small blind) folded before Flop
Seat 6: 50CandyJoe (big blind) collected ($1)



PokerStars Hand #254715636384:  Hold'em No Limit ($0.50/$1.00 USD) - 2025/02/05 6:52:33 WET [2025/02/05 1:52:33 ET]
Table 'Vanadis' 6-max Seat #5 is the button
Seat 1: AlexEliseev7 ($113.55 in chips) 
Seat 2: NeroNemesis04 ($16.25 in chips) 
Seat 3: Pon4uk.ua ($131.63 in chips) 
Seat 4: Nicedaymybro ($103.19 in chips) 
Seat 5: Flix2204 ($104.40 in chips) 
Seat 6: 50CandyJoe ($124.82 in chips) 
50CandyJoe: posts small blind $0.50
AlexEliseev7: posts big blind $1
*** HOLE CARDS ***
NeroNemesis04: folds 
Pon4uk.ua: folds 
Nicedaymybro: raises $1.50 to $2.50
Flix2204: folds 
50CandyJoe: folds 
AlexEliseev7: raises $10.50 to $13
Nicedaymybro: folds 
Uncalled bet ($10.50) returned to AlexEliseev7
AlexEliseev7 collected $5.50 from pot
AlexEliseev7: doesn't show hand 
*** SUMMARY ***
Total pot $5.50 | Rake $0 
Seat 1: AlexEliseev7 (big blind) collected ($5.50)
Seat 2: NeroNemesis04 folded before Flop (didn't bet)
Seat 3: Pon4uk.ua folded before Flop (didn't bet)
Seat 4: Nicedaymybro folded before Flop
Seat 5: Flix2204 (button) folded before Flop (didn't bet)
Seat 6: 50CandyJoe (small blind) folded before Flop



PokerStars Hand #254715638836:  Hold'em No Limit ($0.50/$1.00 USD) - 2025/02/05 6:53:08 WET [2025/02/05 1:53:08 ET]
Table 'Vanadis' 6-max Seat #6 is the button
Seat 1: AlexEliseev7 ($116.55 in chips) 
Seat 2: NeroNemesis04 ($16.25 in chips) 
Seat 3: Pon4uk.ua ($131.63 in chips) 
Seat 4: Nicedaymybro ($100.69 in chips) 
Seat 5: Flix2204 ($104.40 in chips) 
Seat 6: 50CandyJoe ($124.32 in chips) 
AlexEliseev7: posts small blind $0.50
NeroNemesis04: posts big blind $1
*** HOLE CARDS ***
Pon4uk.ua: folds 
Nicedaymybro: folds 
Flix2204: folds 
50CandyJoe: folds 
AlexEliseev7: folds 
Uncalled bet ($0.50) returned to NeroNemesis04
NeroNemesis04 collected $1 from pot
*** SUMMARY ***
Total pot $1 | Rake $0 
Seat 1: AlexEliseev7 (small blind) folded before Flop
Seat 2: NeroNemesis04 (big blind) collected ($1)
Seat 3: Pon4uk.ua folded before Flop (didn't bet)
Seat 4: Nicedaymybro folded before Flop (didn't bet)
Seat 5: Flix2204 folded before Flop (didn't bet)
Seat 6: 50CandyJoe (button) folded before Flop (didn't bet)



PokerStars Hand #254715640122:  Hold'em No Limit ($0.50/$1.00 USD) - 2025/02/05 6:53:26 WET [2025/02/05 1:53:26 ET]
Table 'Vanadis' 6-max Seat #1 is the button
Seat 1: AlexEliseev7 ($116.05 in chips) 
Seat 2: NeroNemesis04 ($16.75 in chips) 
Seat 3: Pon4uk.ua ($131.63 in chips) 
Seat 4: Nicedaymybro ($100.69 in chips) 
Seat 5: Flix2204 ($104.40 in chips) 
Seat 6: 50CandyJoe ($124.32 in chips) 
NeroNemesis04: posts small blind $0.50
Pon4uk.ua: posts big blind $1
*** HOLE CARDS ***
Nicedaymybro: folds 
Flix2204: folds 
50CandyJoe: raises $1.20 to $2.20
AlexEliseev7: folds 
NeroNemesis04: calls $1.70
Pon4uk.ua: folds 
*** FLOP *** [2d As 5s]
NeroNemesis04: checks 
50CandyJoe: bets $2
NeroNemesis04: calls $2
*** TURN *** [2d As 5s] [Ks]
NeroNemesis04: checks 
50CandyJoe: bets $2.23
NeroNemesis04: calls $2.23
*** RIVER *** [2d As 5s Ks] [6c]
NeroNemesis04: bets $6
50CandyJoe: calls $6
*** SHOW DOWN ***
NeroNemesis04: shows [Ah 3d] (a pair of Aces)
50CandyJoe: shows [Ac 9c] (a pair of Aces - King+Nine kicker)
50CandyJoe collected $24.57 from pot
*** SUMMARY ***
Total pot $25.86 | Rake $1.29 
Board [2d As 5s Ks 6c]
Seat 1: AlexEliseev7 (button) folded before Flop (didn't bet)
Seat 2: NeroNemesis04 (small blind) showed [Ah 3d] and lost with a pair of Aces
Seat 3: Pon4uk.ua (big blind) folded before Flop
Seat 4: Nicedaymybro folded before Flop (didn't bet)
Seat 5: Flix2204 folded before Flop (didn't bet)
Seat 6: 50CandyJoe showed [Ac 9c] and won ($24.57) with a pair of Aces



PokerStars Hand #254715642902:  Hold'em No Limit ($0.50/$1.00 USD) - 2025/02/05 6:54:07 WET [2025/02/05 1:54:07 ET]
Table 'Vanadis' 6-max Seat #2 is the button
Seat 1: AlexEliseev7 ($116.05 in chips) 
Seat 2: NeroNemesis04 ($4.32 in chips) 
Seat 3: Pon4uk.ua ($130.63 in chips) 
Seat 4: Nicedaymybro ($100.69 in chips) 
Seat 5: Flix2204 ($104.40 in chips) 
Seat 6: 50CandyJoe ($136.46 in chips) 
Pon4uk.ua: posts small blind $0.50
Nicedaymybro: posts big blind $1
*** HOLE CARDS ***
Flix2204: folds 
50CandyJoe: folds 
50CandyJoe leaves the table
AlexEliseev7: folds 
NeroNemesis04: raises $3.32 to $4.32 and is all-in
Pon4uk.ua: folds 
Nicedaymybro: calls $3.32
*** FLOP *** [2c 8s 8c]
*** TURN *** [2c 8s 8c] [4d]
*** RIVER *** [2c 8s 8c 4d] [Qd]
*** SHOW DOWN ***
Nicedaymybro: shows [9c 7c] (a pair of Eights)
NeroNemesis04: shows [7h 7d] (two pair, Eights and Sevens)
NeroNemesis04 collected $8.68 from pot
*** SUMMARY ***
Total pot $9.14 | Rake $0.46 
Board [2c 8s 8c 4d Qd]
Seat 1: AlexEliseev7 folded before Flop (didn't bet)
Seat 2: NeroNemesis04 (button) showed [7h 7d] and won ($8.68) with two pair, Eights and Sevens
Seat 3: Pon4uk.ua (small blind) folded before Flop
Seat 4: Nicedaymybro (big blind) showed [9c 7c] and lost with a pair of Eights
Seat 5: Flix2204 folded before Flop (didn't bet)
Seat 6: 50CandyJoe folded before Flop (didn't bet)



PokerStars Hand #254715645402:  Hold'em No Limit ($0.50/$1.00 USD) - 2025/02/05 6:54:42 WET [2025/02/05 1:54:42 ET]
Table 'Vanadis' 6-max Seat #3 is the button
Seat 1: AlexEliseev7 ($116.05 in chips) 
Seat 2: NeroNemesis04 ($8.68 in chips) 
Seat 3: Pon4uk.ua ($130.13 in chips) 
Seat 4: Nicedaymybro ($100 in chips) 
Seat 5: Flix2204 ($104.40 in chips) 
Nicedaymybro: posts small blind $0.50
Flix2204: posts big blind $1
*** HOLE CARDS ***
AlexEliseev7: folds 
NeroNemesis04: folds 
Pon4uk.ua: folds 
Nicedaymybro: folds 
Uncalled bet ($0.50) returned to Flix2204
7bekon7 joins the table at seat #6 
Flix2204 collected $1 from pot
Flix2204: doesn't show hand 
*** SUMMARY ***
Total pot $1 | Rake $0 
Seat 1: AlexEliseev7 folded before Flop (didn't bet)
Seat 2: NeroNemesis04 folded before Flop (didn't bet)
Seat 3: Pon4uk.ua (button) folded before Flop (didn't bet)
Seat 4: Nicedaymybro (small blind) folded before Flop
Seat 5: Flix2204 (big blind) collected ($1)



PokerStars Hand #254715646379:  Hold'em No Limit ($0.50/$1.00 USD) - 2025/02/05 6:54:57 WET [2025/02/05 1:54:57 ET]
Table 'Vanadis' 6-max Seat #4 is the button
Seat 1: AlexEliseev7 ($116.05 in chips) 
Seat 2: NeroNemesis04 ($8.68 in chips) 
Seat 3: Pon4uk.ua ($130.13 in chips) 
Seat 4: Nicedaymybro ($100 in chips) 
Seat 5: Flix2204 ($104.90 in chips) 
Seat 6: 7bekon7 ($100 in chips) 
Flix2204: posts small blind $0.50
7bekon7: posts big blind $1
*** HOLE CARDS ***
AlexEliseev7: folds 
NeroNemesis04: calls $1
Pon4uk.ua: folds 
Nicedaymybro: folds 
Flix2204: folds 
7bekon7: checks 
*** FLOP *** [8d 4h 2h]
7bekon7: checks 
NeroNemesis04: checks 
*** TURN *** [8d 4h 2h] [2c]
7bekon7: checks 
NeroNemesis04: checks 
*** RIVER *** [8d 4h 2h 2c] [8c]
7bekon7: bets $1.19
NeroNemesis04: folds 
Uncalled bet ($1.19) returned to 7bekon7
7bekon7 collected $2.38 from pot
7bekon7: doesn't show hand 
*** SUMMARY ***
Total pot $2.50 | Rake $0.12 
Board [8d 4h 2h 2c 8c]
Seat 1: AlexEliseev7 folded before Flop (didn't bet)
Seat 2: NeroNemesis04 folded on the River
Seat 3: Pon4uk.ua folded before Flop (didn't bet)
Seat 4: Nicedaymybro (button) folded before Flop (didn't bet)
Seat 5: Flix2204 (small blind) folded before Flop
Seat 6: 7bekon7 (big blind) collected ($2.38)



PokerStars Hand #254715649789:  Hold'em No Limit ($0.50/$1.00 USD) - 2025/02/05 6:55:52 WET [2025/02/05 1:55:52 ET]
Table 'Vanadis' 6-max Seat #5 is the button
Seat 1: AlexEliseev7 ($116.05 in chips) 
Seat 2: NeroNemesis04 ($7.68 in chips) 
Seat 3: Pon4uk.ua ($130.13 in chips) 
Seat 4: Nicedaymybro ($100 in chips) 
Seat 5: Flix2204 ($104.40 in chips) 
Seat 6: 7bekon7 ($101.38 in chips) 
7bekon7: posts small blind $0.50
AlexEliseev7: posts big blind $1
*** HOLE CARDS ***
NeroNemesis04: folds 
Pon4uk.ua: folds 
Nicedaymybro: raises $1.50 to $2.50
Flix2204: folds 
7bekon7: folds 
AlexEliseev7: folds 
Uncalled bet ($1.50) returned to Nicedaymybro
Nicedaymybro collected $2.50 from pot
Nicedaymybro: doesn't show hand 
*** SUMMARY ***
Total pot $2.50 | Rake $0 
Seat 1: AlexEliseev7 (big blind) folded before Flop
Seat 2: NeroNemesis04 folded before Flop (didn't bet)
Seat 3: Pon4uk.ua folded before Flop (didn't bet)
Seat 4: Nicedaymybro collected ($2.50)
Seat 5: Flix2204 (button) folded before Flop (didn't bet)
Seat 6: 7bekon7 (small blind) folded before Flop



PokerStars Hand #254715651264:  Hold'em No Limit ($0.50/$1.00 USD) - 2025/02/05 6:56:17 WET [2025/02/05 1:56:17 ET]
Table 'Vanadis' 6-max Seat #6 is the button
Seat 1: AlexEliseev7 ($115.05 in chips) 
Seat 2: NeroNemesis04 ($7.68 in chips) 
Seat 3: Pon4uk.ua ($130.13 in chips) 
Seat 4: Nicedaymybro ($101.50 in chips) 
Seat 5: Flix2204 ($104.40 in chips) 
Seat 6: 7bekon7 ($100.88 in chips) 
AlexEliseev7: posts small blind $0.50
NeroNemesis04: posts big blind $1
*** HOLE CARDS ***
Pon4uk.ua: folds 
Nicedaymybro: folds 
Flix2204: folds 
7bekon7: folds 
AlexEliseev7: raises $2 to $3
NeroNemesis04: folds 
Uncalled bet ($2) returned to AlexEliseev7
AlexEliseev7 collected $2 from pot
AlexEliseev7: doesn't show hand 
*** SUMMARY ***
Total pot $2 | Rake $0 
Seat 1: AlexEliseev7 (small blind) collected ($2)
Seat 2: NeroNemesis04 (big blind) folded before Flop
Seat 3: Pon4uk.ua folded before Flop (didn't bet)
Seat 4: Nicedaymybro folded before Flop (didn't bet)
Seat 5: Flix2204 folded before Flop (didn't bet)
Seat 6: 7bekon7 (button) folded before Flop (didn't bet)



PokerStars Hand #254715653051:  Hold'em No Limit ($0.50/$1.00 USD) - 2025/02/05 6:56:46 WET [2025/02/05 1:56:46 ET]
Table 'Vanadis' 6-max Seat #1 is the button
Seat 1: AlexEliseev7 ($116.05 in chips) 
Seat 2: NeroNemesis04 ($6.68 in chips) 
Seat 3: Pon4uk.ua ($130.13 in chips) 
Seat 4: Nicedaymybro ($101.50 in chips) 
Seat 5: Flix2204 ($104.40 in chips) 
Seat 6: 7bekon7 ($100.88 in chips) 
NeroNemesis04: posts small blind $0.50
Pon4uk.ua: posts big blind $1
*** HOLE CARDS ***
Nicedaymybro: folds 
Flix2204: folds 
7bekon7: folds 
AlexEliseev7: raises $1 to $2
NeroNemesis04: calls $1.50
Pon4uk.ua: folds 
*** FLOP *** [5h 5d Ts]
NeroNemesis04: checks 
AlexEliseev7: bets $5
NeroNemesis04: folds 
Uncalled bet ($5) returned to AlexEliseev7
AlexEliseev7 collected $4.75 from pot
AlexEliseev7: doesn't show hand 
*** SUMMARY ***
Total pot $5 | Rake $0.25 
Board [5h 5d Ts]
Seat 1: AlexEliseev7 (button) collected ($4.75)
Seat 2: NeroNemesis04 (small blind) folded on the Flop
Seat 3: Pon4uk.ua (big blind) folded before Flop
Seat 4: Nicedaymybro folded before Flop (didn't bet)
Seat 5: Flix2204 folded before Flop (didn't bet)
Seat 6: 7bekon7 folded before Flop (didn't bet)



PokerStars Hand #254715654535:  Hold'em No Limit ($0.50/$1.00 USD) - 2025/02/05 6:57:10 WET [2025/02/05 1:57:10 ET]
Table 'Vanadis' 6-max Seat #2 is the button
Seat 1: AlexEliseev7 ($118.80 in chips) 
Seat 2: NeroNemesis04 ($4.68 in chips) 
Seat 3: Pon4uk.ua ($129.13 in chips) 
Seat 4: Nicedaymybro ($101.50 in chips) 
Seat 5: Flix2204 ($104.40 in chips) 
Seat 6: 7bekon7 ($100.88 in chips) 
Pon4uk.ua: posts small blind $0.50
Nicedaymybro: posts big blind $1
*** HOLE CARDS ***
Flix2204: folds 
7bekon7: raises $1.25 to $2.25
AlexEliseev7: folds 
NeroNemesis04: folds 
Pon4uk.ua: folds 
Nicedaymybro: folds 
Uncalled bet ($1.25) returned to 7bekon7
7bekon7 collected $2.50 from pot
7bekon7: doesn't show hand 
*** SUMMARY ***
Total pot $2.50 | Rake $0 
Seat 1: AlexEliseev7 folded before Flop (didn't bet)
Seat 2: NeroNemesis04 (button) folded before Flop (didn't bet)
Seat 3: Pon4uk.ua (small blind) folded before Flop
Seat 4: Nicedaymybro (big blind) folded before Flop
Seat 5: Flix2204 folded before Flop (didn't bet)
Seat 6: 7bekon7 collected ($2.50)



PokerStars Hand #254715656505:  Hold'em No Limit ($0.50/$1.00 USD) - 2025/02/05 6:57:43 WET [2025/02/05 1:57:43 ET]
Table 'Vanadis' 6-max Seat #3 is the button
Seat 1: AlexEliseev7 ($118.80 in chips) 
Seat 2: NeroNemesis04 ($4.68 in chips) 
Seat 3: Pon4uk.ua ($128.63 in chips) 
Seat 4: Nicedaymybro ($100.50 in chips) 
Seat 5: Flix2204 ($104.40 in chips) 
Seat 6: 7bekon7 ($102.38 in chips) 
Nicedaymybro: posts small blind $0.50
Flix2204: posts big blind $1
*** HOLE CARDS ***
7bekon7: folds 
AlexEliseev7: folds 
NeroNemesis04: folds 
Pon4uk.ua: folds 
Nicedaymybro: folds 
Uncalled bet ($0.50) returned to Flix2204
Flix2204 collected $1 from pot
Flix2204: doesn't show hand 
Pon4uk.ua leaves the table
*** SUMMARY ***
Total pot $1 | Rake $0 
Seat 1: AlexEliseev7 folded before Flop (didn't bet)
Seat 2: NeroNemesis04 folded before Flop (didn't bet)
Seat 3: Pon4uk.ua (button) folded before Flop (didn't bet)
Seat 4: Nicedaymybro (small blind) folded before Flop
Seat 5: Flix2204 (big blind) collected ($1)
Seat 6: 7bekon7 folded before Flop (didn't bet)



PokerStars Hand #254715657130:  Hold'em No Limit ($0.50/$1.00 USD) - 2025/02/05 6:57:53 WET [2025/02/05 1:57:53 ET]
Table 'Vanadis' 6-max Seat #4 is the button
Seat 1: AlexEliseev7 ($118.80 in chips) 
Seat 2: NeroNemesis04 ($4.68 in chips) 
Seat 4: Nicedaymybro ($100 in chips) 
Seat 5: Flix2204 ($104.90 in chips) 
Seat 6: 7bekon7 ($102.38 in chips) 
Flix2204: posts small blind $0.50
7bekon7: posts big blind $1
*** HOLE CARDS ***
AlexEliseev7: folds 
NeroNemesis04: raises $3.68 to $4.68 and is all-in
Nicedaymybro: folds 
Flix2204: folds 
7bekon7: calls $3.68
*** FLOP *** [7d Ah Qd]
*** TURN *** [7d Ah Qd] [9d]
*** RIVER *** [7d Ah Qd 9d] [8d]
*** SHOW DOWN ***
7bekon7: shows [Ks 7h] (a pair of Sevens)
NeroNemesis04: shows [Jh Kd] (a flush, King high)
Supermegopro joins the table at seat #3 
NeroNemesis04 collected $9.37 from pot
*** SUMMARY ***
Total pot $9.86 | Rake $0.49 
Board [7d Ah Qd 9d 8d]
Seat 1: AlexEliseev7 folded before Flop (didn't bet)
Seat 2: NeroNemesis04 showed [Jh Kd] and won ($9.37) with a flush, King high
Seat 4: Nicedaymybro (button) folded before Flop (didn't bet)
Seat 5: Flix2204 (small blind) folded before Flop
Seat 6: 7bekon7 (big blind) showed [Ks 7h] and lost with a pair of Sevens



PokerStars Hand #254715659553:  Hold'em No Limit ($0.50/$1.00 USD) - 2025/02/05 6:58:33 WET [2025/02/05 1:58:33 ET]
Table 'Vanadis' 6-max Seat #5 is the button
Seat 3: Supermegopro ($100 in chips) is sitting out
Seat 1: AlexEliseev7 ($118.80 in chips) 
Seat 2: NeroNemesis04 ($9.37 in chips) 
Seat 4: Nicedaymybro ($100 in chips) 
Seat 5: Flix2204 ($104.40 in chips) 
Seat 6: 7bekon7 ($100 in chips) 
7bekon7: posts small blind $0.50
AlexEliseev7: posts big blind $1
Supermegopro: sits out 
*** HOLE CARDS ***
NeroNemesis04: raises $4 to $5
Nicedaymybro: folds 
Flix2204: folds 
7bekon7: folds 
AlexEliseev7: folds 
Uncalled bet ($4) returned to NeroNemesis04
NeroNemesis04 collected $2.50 from pot
*** SUMMARY ***
Total pot $2.50 | Rake $0 
Seat 3: Supermegopro
Seat 1: AlexEliseev7 (big blind) folded before Flop
Seat 2: NeroNemesis04 collected ($2.50)
Seat 4: Nicedaymybro folded before Flop (didn't bet)
Seat 5: Flix2204 (button) folded before Flop (didn't bet)
Seat 6: 7bekon7 (small blind) folded before Flop



PokerStars Hand #254715661278:  Hold'em No Limit ($0.50/$1.00 USD) - 2025/02/05 6:59:00 WET [2025/02/05 1:59:00 ET]
Table 'Vanadis' 6-max Seat #6 is the button
Seat 3: Supermegopro ($100 in chips) is sitting out
Seat 1: AlexEliseev7 ($117.80 in chips) 
Seat 2: NeroNemesis04 ($10.87 in chips) 
Seat 4: Nicedaymybro ($100 in chips) 
Seat 5: Flix2204 ($104.40 in chips) 
Seat 6: 7bekon7 ($100 in chips) 
AlexEliseev7: posts small blind $0.50
NeroNemesis04: posts big blind $1
Supermegopro: sits out 
*** HOLE CARDS ***
Nicedaymybro: folds 
Flix2204: folds 
7bekon7: folds 
AlexEliseev7: folds 
Uncalled bet ($0.50) returned to NeroNemesis04
NeroNemesis04 collected $1 from pot
*** SUMMARY ***
Total pot $1 | Rake $0 
Seat 3: Supermegopro
Seat 1: AlexEliseev7 (small blind) folded before Flop
Seat 2: NeroNemesis04 (big blind) collected ($1)
Seat 4: Nicedaymybro folded before Flop (didn't bet)
Seat 5: Flix2204 folded before Flop (didn't bet)
Seat 6: 7bekon7 (button) folded before Flop (didn't bet)



PokerStars Hand #254715662558:  Hold'em No Limit ($0.50/$1.00 USD) - 2025/02/05 6:59:21 WET [2025/02/05 1:59:21 ET]
Table 'Vanadis' 6-max Seat #1 is the button
Seat 1: AlexEliseev7 ($117.30 in chips) 
Seat 2: NeroNemesis04 ($11.37 in chips) 
Seat 3: Supermegopro ($100 in chips) 
Seat 4: Nicedaymybro ($100 in chips) 
Seat 5: Flix2204 ($104.40 in chips) 
Seat 6: 7bekon7 ($100 in chips) 
NeroNemesis04: posts small blind $0.50
Supermegopro: posts big blind $1
*** HOLE CARDS ***
Nicedaymybro: folds 
Flix2204: folds 
7bekon7: folds 
AlexEliseev7: raises $1.50 to $2.50
NeroNemesis04: calls $2
Supermegopro: folds 
*** FLOP *** [Ac Jc 8h]
NeroNemesis04: checks 
AlexEliseev7: bets $1.88
NeroNemesis04: folds 
Uncalled bet ($1.88) returned to AlexEliseev7
AlexEliseev7 collected $5.70 from pot
AlexEliseev7: doesn't show hand 
*** SUMMARY ***
Total pot $6 | Rake $0.30 
Board [Ac Jc 8h]
Seat 1: AlexEliseev7 (button) collected ($5.70)
Seat 2: NeroNemesis04 (small blind) folded on the Flop
Seat 3: Supermegopro (big blind) folded before Flop
Seat 4: Nicedaymybro folded before Flop (didn't bet)
Seat 5: Flix2204 folded before Flop (didn't bet)
Seat 6: 7bekon7 folded before Flop (didn't bet)



PokerStars Hand #254715664635:  Hold'em No Limit ($0.50/$1.00 USD) - 2025/02/05 6:59:55 WET [2025/02/05 1:59:55 ET]
Table 'Vanadis' 6-max Seat #2 is the button
Seat 1: AlexEliseev7 ($120.50 in chips) 
Seat 2: NeroNemesis04 ($8.87 in chips) 
Seat 3: Supermegopro ($100 in chips) 
Seat 4: Nicedaymybro ($100 in chips) 
Seat 5: Flix2204 ($104.40 in chips) 
Seat 6: 7bekon7 ($100 in chips) 
Supermegopro: posts small blind $0.50
Nicedaymybro: posts big blind $1
*** HOLE CARDS ***
Flix2204: folds 
7bekon7: folds 
AlexEliseev7: raises $1.50 to $2.50
NeroNemesis04: folds 
Supermegopro: folds 
Nicedaymybro: folds 
Uncalled bet ($1.50) returned to AlexEliseev7
AlexEliseev7 collected $2.50 from pot
AlexEliseev7: doesn't show hand 
*** SUMMARY ***
Total pot $2.50 | Rake $0 
Seat 1: AlexEliseev7 collected ($2.50)
Seat 2: NeroNemesis04 (button) folded before Flop (didn't bet)
Seat 3: Supermegopro (small blind) folded before Flop
Seat 4: Nicedaymybro (big blind) folded before Flop
Seat 5: Flix2204 folded before Flop (didn't bet)
Seat 6: 7bekon7 folded before Flop (didn't bet)



PokerStars Hand #254715665440:  Hold'em No Limit ($0.50/$1.00 USD) - 2025/02/05 7:00:08 WET [2025/02/05 2:00:08 ET]
Table 'Vanadis' 6-max Seat #3 is the button
Seat 1: AlexEliseev7 ($122 in chips) 
Seat 2: NeroNemesis04 ($8.87 in chips) 
Seat 3: Supermegopro ($100 in chips) 
Seat 4: Nicedaymybro ($100 in chips) 
Seat 5: Flix2204 ($104.40 in chips) 
Seat 6: 7bekon7 ($100 in chips) 
Nicedaymybro: posts small blind $0.50
Flix2204: posts big blind $1
*** HOLE CARDS ***
7bekon7: folds 
AlexEliseev7: raises $1.50 to $2.50
NeroNemesis04: folds 
Supermegopro: folds 
Nicedaymybro: folds 
Flix2204: calls $1.50
*** FLOP *** [As 8h Ah]
Flix2204: checks 
AlexEliseev7: bets $1.72
Flix2204: calls $1.72
*** TURN *** [As 8h Ah] [8c]
Flix2204: checks 
AlexEliseev7: checks 
*** RIVER *** [As 8h Ah 8c] [Th]
Flix2204: bets $2.80
AlexEliseev7: folds 
Uncalled bet ($2.80) returned to Flix2204
Flix2204 collected $8.49 from pot
Flix2204: doesn't show hand 
*** SUMMARY ***
Total pot $8.94 | Rake $0.45 
Board [As 8h Ah 8c Th]
Seat 1: AlexEliseev7 folded on the River
Seat 2: NeroNemesis04 folded before Flop (didn't bet)
Seat 3: Supermegopro (button) folded before Flop (didn't bet)
Seat 4: Nicedaymybro (small blind) folded before Flop
Seat 5: Flix2204 (big blind) collected ($8.49)
Seat 6: 7bekon7 folded before Flop (didn't bet)



