PokerStars Hand #254719433515:  Hold'em No Limit ($0.50/$1.00 USD) - 2025/02/05 15:32:01 WET [2025/02/05 10:32:01 ET]
Table 'Alekto II' 6-max Seat #4 is the button
Seat 2: vadjkeee ($100 in chips) is sitting out
Seat 4: MAO_DZEDYN_S ($100 in chips) 
Seat 6: BadenBadenPH ($100 in chips) 
MAO_DZEDYN_S: posts small blind $0.50
BadenBadenPH: posts big blind $1
*** HOLE CARDS ***
MAO_DZEDYN_S: folds 
Uncalled bet ($0.50) returned to BadenBadenPH
BadenBadenPH collected $1 from pot
*** SUMMARY ***
Total pot $1 | Rake $0 
Seat 2: vadjkeee
Seat 4: MAO_DZEDYN_S (button) (small blind) folded before Flop
Seat 6: BadenBadenPH (big blind) collected ($1)



PokerStars Hand #254719435194:  Hold'em No Limit ($0.50/$1.00 USD) - 2025/02/05 15:32:09 WET [2025/02/05 10:32:09 ET]
Table 'Alekto II' 6-max Seat #4 is the button
Seat 2: vadjkeee ($100 in chips) 
Seat 4: MAO_DZEDYN_S ($100 in chips) 
Seat 6: BadenBadenPH ($100.50 in chips) 
BadenBadenPH: posts small blind $0.50
vadjkeee: posts big blind $1
*** HOLE CARDS ***
yawea joins the table at seat #1 
MAO_DZEDYN_S: raises $1.50 to $2.50
gudrozd joins the table at seat #5 
Poker9803 joins the table at seat #3 
BadenBadenPH: folds 
vadjkeee: folds 
Uncalled bet ($1.50) returned to MAO_DZEDYN_S
MAO_DZEDYN_S collected $2.50 from pot
MAO_DZEDYN_S: doesn't show hand 
*** SUMMARY ***
Total pot $2.50 | Rake $0 
Seat 2: vadjkeee (big blind) folded before Flop
Seat 4: MAO_DZEDYN_S (button) collected ($2.50)
Seat 6: BadenBadenPH (small blind) folded before Flop



PokerStars Hand #254719438259:  Hold'em No Limit ($0.50/$1.00 USD) - 2025/02/05 15:32:24 WET [2025/02/05 10:32:24 ET]
Table 'Alekto II' 6-max Seat #6 is the button
Seat 1: yawea ($46.59 in chips) is sitting out
Seat 5: gudrozd ($100 in chips) is sitting out
Seat 2: vadjkeee ($100 in chips) 
Seat 3: Poker9803 ($100 in chips) 
Seat 4: MAO_DZEDYN_S ($101.50 in chips) 
Seat 6: BadenBadenPH ($100 in chips) 
vadjkeee: posts small blind $0.50
Poker9803: posts big blind $1
gudrozd: sits out 
*** HOLE CARDS ***
MAO_DZEDYN_S: raises $1.25 to $2.25
BadenBadenPH: folds 
vadjkeee: folds 
Poker9803: calls $1.25
*** FLOP *** [Qd 4c 2s]
Poker9803: checks 
MAO_DZEDYN_S: bets $1.14
Poker9803: raises $5.86 to $7
MAO_DZEDYN_S: calls $5.86
*** TURN *** [Qd 4c 2s] [4d]
Poker9803: checks 
MAO_DZEDYN_S: checks 
*** RIVER *** [Qd 4c 2s 4d] [Kh]
Poker9803: checks 
MAO_DZEDYN_S: checks 
*** SHOW DOWN ***
Poker9803: shows [Ac 8c] (a pair of Fours)
MAO_DZEDYN_S: shows [9h Qh] (two pair, Queens and Fours)
MAO_DZEDYN_S collected $18.05 from pot
*** SUMMARY ***
Total pot $19 | Rake $0.95 
Board [Qd 4c 2s 4d Kh]
Seat 1: yawea
Seat 5: gudrozd
Seat 2: vadjkeee (small blind) folded before Flop
Seat 3: Poker9803 (big blind) showed [Ac 8c] and lost with a pair of Fours
Seat 4: MAO_DZEDYN_S showed [9h Qh] and won ($18.05) with two pair, Queens and Fours
Seat 6: BadenBadenPH (button) folded before Flop (didn't bet)



PokerStars Hand #254719457956:  Hold'em No Limit ($0.50/$1.00 USD) - 2025/02/05 15:33:55 WET [2025/02/05 10:33:55 ET]
Table 'Alekto II' 6-max Seat #2 is the button
Seat 5: gudrozd ($100 in chips) is sitting out
Seat 1: yawea ($46.59 in chips) 
Seat 2: vadjkeee ($100 in chips) 
Seat 3: Poker9803 ($100 in chips) 
Seat 4: MAO_DZEDYN_S ($110.30 in chips) 
Seat 6: BadenBadenPH ($100 in chips) 
Poker9803: posts small blind $0.50
MAO_DZEDYN_S: posts big blind $1
gudrozd: sits out 
yawea: posts big blind $1
*** HOLE CARDS ***
BadenBadenPH: folds 
yawea: raises $2 to $3
vadjkeee: folds 
Poker9803: folds 
MAO_DZEDYN_S: folds 
Uncalled bet ($2) returned to yawea
yawea collected $2.50 from pot
yawea: doesn't show hand 
*** SUMMARY ***
Total pot $2.50 | Rake $0 
Seat 5: gudrozd
Seat 1: yawea collected ($2.50)
Seat 2: vadjkeee (button) folded before Flop (didn't bet)
Seat 3: Poker9803 (small blind) folded before Flop
Seat 4: MAO_DZEDYN_S (big blind) folded before Flop
Seat 6: BadenBadenPH folded before Flop (didn't bet)



PokerStars Hand #254719462538:  Hold'em No Limit ($0.50/$1.00 USD) - 2025/02/05 15:34:17 WET [2025/02/05 10:34:17 ET]
Table 'Alekto II' 6-max Seat #3 is the button
Seat 1: yawea ($48.09 in chips) 
Seat 2: vadjkeee ($100 in chips) 
Seat 3: Poker9803 ($100 in chips) 
Seat 4: MAO_DZEDYN_S ($109.30 in chips) 
Seat 5: gudrozd ($100 in chips) 
Seat 6: BadenBadenPH ($100 in chips) 
MAO_DZEDYN_S: posts small blind $0.50
gudrozd: posts big blind $1
*** HOLE CARDS ***
BadenBadenPH: folds 
yawea: raises $2 to $3
vadjkeee: folds 
Poker9803: folds 
MAO_DZEDYN_S: folds 
gudrozd: folds 
Uncalled bet ($2) returned to yawea
yawea collected $2.50 from pot
yawea: doesn't show hand 
*** SUMMARY ***
Total pot $2.50 | Rake $0 
Seat 1: yawea collected ($2.50)
Seat 2: vadjkeee folded before Flop (didn't bet)
Seat 3: Poker9803 (button) folded before Flop (didn't bet)
Seat 4: MAO_DZEDYN_S (small blind) folded before Flop
Seat 5: gudrozd (big blind) folded before Flop
Seat 6: BadenBadenPH folded before Flop (didn't bet)



PokerStars Hand #254719465687:  Hold'em No Limit ($0.50/$1.00 USD) - 2025/02/05 15:34:32 WET [2025/02/05 10:34:32 ET]
Table 'Alekto II' 6-max Seat #4 is the button
Seat 1: yawea ($49.59 in chips) 
Seat 2: vadjkeee ($100 in chips) 
Seat 3: Poker9803 ($100 in chips) 
Seat 4: MAO_DZEDYN_S ($108.80 in chips) 
Seat 5: gudrozd ($100 in chips) 
Seat 6: BadenBadenPH ($100 in chips) 
gudrozd: posts small blind $0.50
BadenBadenPH: posts big blind $1
*** HOLE CARDS ***
yawea: raises $2 to $3
vadjkeee: folds 
Poker9803: folds 
MAO_DZEDYN_S: folds 
gudrozd: folds 
BadenBadenPH: raises $8.50 to $11.50
yawea: calls $8.50
*** FLOP *** [Qh 9d 6h]
BadenBadenPH: bets $88.50 and is all-in
yawea: folds 
Uncalled bet ($88.50) returned to BadenBadenPH
BadenBadenPH collected $22.02 from pot
*** SUMMARY ***
Total pot $23.50 | Rake $1.48 
Board [Qh 9d 6h]
Seat 1: yawea folded on the Flop
Seat 2: vadjkeee folded before Flop (didn't bet)
Seat 3: Poker9803 folded before Flop (didn't bet)
Seat 4: MAO_DZEDYN_S (button) folded before Flop (didn't bet)
Seat 5: gudrozd (small blind) folded before Flop
Seat 6: BadenBadenPH (big blind) collected ($22.02)



PokerStars Hand #254719475620:  Hold'em No Limit ($0.50/$1.00 USD) - 2025/02/05 15:35:18 WET [2025/02/05 10:35:18 ET]
Table 'Alekto II' 6-max Seat #5 is the button
Seat 1: yawea ($38.09 in chips) 
Seat 2: vadjkeee ($100 in chips) 
Seat 3: Poker9803 ($100 in chips) 
Seat 4: MAO_DZEDYN_S ($108.80 in chips) 
Seat 5: gudrozd ($100 in chips) 
Seat 6: BadenBadenPH ($110.52 in chips) 
BadenBadenPH: posts small blind $0.50
yawea: posts big blind $1
*** HOLE CARDS ***
vadjkeee: raises $1.50 to $2.50
Poker9803: folds 
MAO_DZEDYN_S: folds 
gudrozd: calls $2.50
BadenBadenPH: folds 
yawea: calls $1.50
*** FLOP *** [Qc 8d 4s]
yawea: checks 
vadjkeee: checks 
gudrozd: checks 
*** TURN *** [Qc 8d 4s] [Jh]
yawea: checks 
vadjkeee: bets $5.09
gudrozd: folds 
yawea: folds 
Uncalled bet ($5.09) returned to vadjkeee
vadjkeee collected $7.60 from pot
vadjkeee: doesn't show hand 
*** SUMMARY ***
Total pot $8 | Rake $0.40 
Board [Qc 8d 4s Jh]
Seat 1: yawea (big blind) folded on the Turn
Seat 2: vadjkeee collected ($7.60)
Seat 3: Poker9803 folded before Flop (didn't bet)
Seat 4: MAO_DZEDYN_S folded before Flop (didn't bet)
Seat 5: gudrozd (button) folded on the Turn
Seat 6: BadenBadenPH (small blind) folded before Flop



PokerStars Hand #254719489444:  Hold'em No Limit ($0.50/$1.00 USD) - 2025/02/05 15:36:23 WET [2025/02/05 10:36:23 ET]
Table 'Alekto II' 6-max Seat #6 is the button
Seat 1: yawea ($35.59 in chips) 
Seat 2: vadjkeee ($105.10 in chips) 
Seat 3: Poker9803 ($100 in chips) 
Seat 4: MAO_DZEDYN_S ($108.80 in chips) 
Seat 5: gudrozd ($100 in chips) 
Seat 6: BadenBadenPH ($110.02 in chips) 
yawea: posts small blind $0.50
vadjkeee: posts big blind $1
*** HOLE CARDS ***
Poker9803: folds 
MAO_DZEDYN_S: folds 
gudrozd: folds 
BadenBadenPH: folds 
yawea: raises $2 to $3
vadjkeee: calls $2
*** FLOP *** [3d 2c 4h]
yawea: bets $2.85
vadjkeee: folds 
Uncalled bet ($2.85) returned to yawea
yawea collected $5.70 from pot
yawea: doesn't show hand 
*** SUMMARY ***
Total pot $6 | Rake $0.30 
Board [3d 2c 4h]
Seat 1: yawea (small blind) collected ($5.70)
Seat 2: vadjkeee (big blind) folded on the Flop
Seat 3: Poker9803 folded before Flop (didn't bet)
Seat 4: MAO_DZEDYN_S folded before Flop (didn't bet)
Seat 5: gudrozd folded before Flop (didn't bet)
Seat 6: BadenBadenPH (button) folded before Flop (didn't bet)



PokerStars Hand #254719497791:  Hold'em No Limit ($0.50/$1.00 USD) - 2025/02/05 15:37:02 WET [2025/02/05 10:37:02 ET]
Table 'Alekto II' 6-max Seat #1 is the button
Seat 1: yawea ($38.29 in chips) 
Seat 2: vadjkeee ($102.10 in chips) 
Seat 3: Poker9803 ($100 in chips) 
Seat 4: MAO_DZEDYN_S ($108.80 in chips) 
Seat 5: gudrozd ($100 in chips) 
Seat 6: BadenBadenPH ($110.02 in chips) 
vadjkeee: posts small blind $0.50
Poker9803: posts big blind $1
*** HOLE CARDS ***
MAO_DZEDYN_S: folds 
gudrozd: folds 
BadenBadenPH: folds 
yawea: folds 
vadjkeee: folds 
Uncalled bet ($0.50) returned to Poker9803
Poker9803 collected $1 from pot
Poker9803: doesn't show hand 
*** SUMMARY ***
Total pot $1 | Rake $0 
Seat 1: yawea (button) folded before Flop (didn't bet)
Seat 2: vadjkeee (small blind) folded before Flop
Seat 3: Poker9803 (big blind) collected ($1)
Seat 4: MAO_DZEDYN_S folded before Flop (didn't bet)
Seat 5: gudrozd folded before Flop (didn't bet)
Seat 6: BadenBadenPH folded before Flop (didn't bet)



PokerStars Hand #254719503071:  Hold'em No Limit ($0.50/$1.00 USD) - 2025/02/05 15:37:27 WET [2025/02/05 10:37:27 ET]
Table 'Alekto II' 6-max Seat #2 is the button
Seat 1: yawea ($38.29 in chips) 
Seat 2: vadjkeee ($101.60 in chips) 
Seat 3: Poker9803 ($100.50 in chips) 
Seat 4: MAO_DZEDYN_S ($108.80 in chips) 
Seat 5: gudrozd ($100 in chips) 
Seat 6: BadenBadenPH ($110.02 in chips) 
Poker9803: posts small blind $0.50
MAO_DZEDYN_S: posts big blind $1
*** HOLE CARDS ***
gudrozd: folds 
BadenBadenPH: raises $1 to $2
yawea: calls $2
vadjkeee: folds 
Poker9803: folds 
MAO_DZEDYN_S: folds 
*** FLOP *** [Kd 6h 7c]
BadenBadenPH: bets $2.61
yawea: raises $4.22 to $6.83
BadenBadenPH: raises $13.44 to $20.27
yawea: raises $16.02 to $36.29 and is all-in
BadenBadenPH: calls $16.02
BadenBadenPH has timed out
yawea has timed out
*** TURN *** [Kd 6h 7c] [2d]
*** RIVER *** [Kd 6h 7c 2d] [2h]
*** SHOW DOWN ***
BadenBadenPH: shows [Ad Ah] (two pair, Aces and Deuces)
yawea: shows [Qc Ks] (two pair, Kings and Deuces)
BadenBadenPH collected $74.96 from pot
*** SUMMARY ***
Total pot $78.08 | Rake $3.12 
Board [Kd 6h 7c 2d 2h]
Seat 1: yawea showed [Qc Ks] and lost with two pair, Kings and Deuces
Seat 2: vadjkeee (button) folded before Flop (didn't bet)
Seat 3: Poker9803 (small blind) folded before Flop
Seat 4: MAO_DZEDYN_S (big blind) folded before Flop
Seat 5: gudrozd folded before Flop (didn't bet)
Seat 6: BadenBadenPH showed [Ad Ah] and won ($74.96) with two pair, Aces and Deuces



PokerStars Hand #254719516459:  Hold'em No Limit ($0.50/$1.00 USD) - 2025/02/05 15:38:30 WET [2025/02/05 10:38:30 ET]
Table 'Alekto II' 6-max Seat #3 is the button
Seat 1: yawea ($0 in chips) is sitting out
Seat 2: vadjkeee ($101.60 in chips) is sitting out
Seat 3: Poker9803 ($100 in chips) 
Seat 4: MAO_DZEDYN_S ($107.80 in chips) 
Seat 5: gudrozd ($100 in chips) 
Seat 6: BadenBadenPH ($146.69 in chips) 
MAO_DZEDYN_S: posts small blind $0.50
gudrozd: posts big blind $1
*** HOLE CARDS ***
vadjkeee leaves the table
BadenBadenPH: folds 
Poker9803: raises $1.50 to $2.50
MAO_DZEDYN_S: folds 
gudrozd: calls $1.50
*** FLOP *** [2d 7c Jh]
gudrozd: checks 
yawea leaves the table
Poker9803: bets $1.72
gudrozd: raises $4.33 to $6.05
Poker9803: raises $13.95 to $20
gudrozd: folds 
Uncalled bet ($13.95) returned to Poker9803
Poker9803 collected $16.72 from pot
Poker9803: doesn't show hand 
*** SUMMARY ***
Total pot $17.60 | Rake $0.88 
Board [2d 7c Jh]
Seat 1: yawea
Seat 2: vadjkeee
Seat 3: Poker9803 (button) collected ($16.72)
Seat 4: MAO_DZEDYN_S (small blind) folded before Flop
Seat 5: gudrozd (big blind) folded on the Flop
Seat 6: BadenBadenPH folded before Flop (didn't bet)



PokerStars Hand #254719526753:  Hold'em No Limit ($0.50/$1.00 USD) - 2025/02/05 15:39:19 WET [2025/02/05 10:39:19 ET]
Table 'Alekto II' 6-max Seat #6 is the button
Seat 2: ddyyjj ($100 in chips) 
Seat 6: BadenBadenPH ($146.69 in chips) 
BadenBadenPH: posts small blind $0.50
ddyyjj: posts big blind $1
*** HOLE CARDS ***
BadenBadenPH: folds 
Uncalled bet ($0.50) returned to ddyyjj
ddyyjj collected $1 from pot
ddyyjj: doesn't show hand 
*** SUMMARY ***
Total pot $1 | Rake $0 
Seat 2: ddyyjj (big blind) collected ($1)
Seat 6: BadenBadenPH (button) (small blind) folded before Flop



