PokerStars Hand #254720300783:  Hold'em No Limit ($0.50/$1.00 USD) - 2025/02/05 16:39:30 WET [2025/02/05 11:39:30 ET]
Table 'Zita II' 6-max Seat #1 is the button
Seat 1: alexandr699 ($100 in chips) 
Seat 2: MAO_DZEDYN_S ($100 in chips) 
Seat 3: reiyser ($100 in chips) 
Seat 4: sterwes ($81.90 in chips) 
Seat 5: Nice S.P. ($100 in chips) 
Seat 6: mr.Jckpot ($100 in chips) 
MAO_DZEDYN_S: posts small blind $0.50
reiyser: posts big blind $1
*** HOLE CARDS ***
sterwes: raises $2 to $3
Nice S.P.: folds 
mr.Jckpot: folds 
alexandr699: folds 
MAO_DZEDYN_S: folds 
reiyser: calls $2
*** FLOP *** [8h 3s 9d]
reiyser: checks 
sterwes: checks 
*** TURN *** [8h 3s 9d] [9c]
reiyser: bets $3.21
sterwes: calls $3.21
*** RIVER *** [8h 3s 9d 9c] [4h]
reiyser: checks 
sterwes: checks 
*** SHOW DOWN ***
reiyser: shows [2c 2h] (two pair, Nines and Deuces)
sterwes: mucks hand 
reiyser collected $12.27 from pot
*** SUMMARY ***
Total pot $12.92 | Rake $0.65 
Board [8h 3s 9d 9c 4h]
Seat 1: alexandr699 (button) folded before Flop (didn't bet)
Seat 2: MAO_DZEDYN_S (small blind) folded before Flop
Seat 3: reiyser (big blind) showed [2c 2h] and won ($12.27) with two pair, Nines and Deuces
Seat 4: sterwes mucked
Seat 5: Nice S.P. folded before Flop (didn't bet)
Seat 6: mr.Jckpot folded before Flop (didn't bet)



PokerStars Hand #254720310103:  Hold'em No Limit ($0.50/$1.00 USD) - 2025/02/05 16:40:11 WET [2025/02/05 11:40:11 ET]
Table 'Zita II' 6-max Seat #2 is the button
Seat 1: alexandr699 ($100 in chips) 
Seat 2: MAO_DZEDYN_S ($100 in chips) 
Seat 3: reiyser ($106.06 in chips) 
Seat 4: sterwes ($75.69 in chips) 
Seat 5: Nice S.P. ($100 in chips) 
Seat 6: mr.Jckpot ($100 in chips) 
reiyser: posts small blind $0.50
sterwes: posts big blind $1
*** HOLE CARDS ***
Nice S.P.: folds 
mr.Jckpot: folds 
alexandr699: folds 
MAO_DZEDYN_S: raises $1.50 to $2.50
reiyser: folds 
sterwes: folds 
Uncalled bet ($1.50) returned to MAO_DZEDYN_S
MAO_DZEDYN_S collected $2.50 from pot
MAO_DZEDYN_S: doesn't show hand 
*** SUMMARY ***
Total pot $2.50 | Rake $0 
Seat 1: alexandr699 folded before Flop (didn't bet)
Seat 2: MAO_DZEDYN_S (button) collected ($2.50)
Seat 3: reiyser (small blind) folded before Flop
Seat 4: sterwes (big blind) folded before Flop
Seat 5: Nice S.P. folded before Flop (didn't bet)
Seat 6: mr.Jckpot folded before Flop (didn't bet)



PokerStars Hand #254720316007:  Hold'em No Limit ($0.50/$1.00 USD) - 2025/02/05 16:40:37 WET [2025/02/05 11:40:37 ET]
Table 'Zita II' 6-max Seat #3 is the button
Seat 1: alexandr699 ($100 in chips) 
Seat 2: MAO_DZEDYN_S ($101.50 in chips) 
Seat 3: reiyser ($105.56 in chips) 
Seat 4: sterwes ($74.69 in chips) 
Seat 5: Nice S.P. ($100 in chips) 
Seat 6: mr.Jckpot ($100 in chips) 
sterwes: posts small blind $0.50
Nice S.P.: posts big blind $1
*** HOLE CARDS ***
mr.Jckpot: folds 
alexandr699: raises $1.98 to $2.98
MAO_DZEDYN_S: folds 
reiyser: folds 
sterwes: folds 
Nice S.P.: folds 
Uncalled bet ($1.98) returned to alexandr699
alexandr699 collected $2.50 from pot
alexandr699: doesn't show hand 
*** SUMMARY ***
Total pot $2.50 | Rake $0 
Seat 1: alexandr699 collected ($2.50)
Seat 2: MAO_DZEDYN_S folded before Flop (didn't bet)
Seat 3: reiyser (button) folded before Flop (didn't bet)
Seat 4: sterwes (small blind) folded before Flop
Seat 5: Nice S.P. (big blind) folded before Flop
Seat 6: mr.Jckpot folded before Flop (didn't bet)



PokerStars Hand #254720320526:  Hold'em No Limit ($0.50/$1.00 USD) - 2025/02/05 16:40:57 WET [2025/02/05 11:40:57 ET]
Table 'Zita II' 6-max Seat #4 is the button
Seat 1: alexandr699 ($101.50 in chips) 
Seat 2: MAO_DZEDYN_S ($101.50 in chips) 
Seat 3: reiyser ($105.56 in chips) 
Seat 4: sterwes ($74.19 in chips) 
Seat 5: Nice S.P. ($100 in chips) 
Seat 6: mr.Jckpot ($100 in chips) 
Nice S.P.: posts small blind $0.50
mr.Jckpot: posts big blind $1
*** HOLE CARDS ***
alexandr699: folds 
MAO_DZEDYN_S: folds 
reiyser: folds 
sterwes: raises $2 to $3
Nice S.P.: folds 
mr.Jckpot: folds 
Uncalled bet ($2) returned to sterwes
sterwes collected $2.50 from pot
*** SUMMARY ***
Total pot $2.50 | Rake $0 
Seat 1: alexandr699 folded before Flop (didn't bet)
Seat 2: MAO_DZEDYN_S folded before Flop (didn't bet)
Seat 3: reiyser folded before Flop (didn't bet)
Seat 4: sterwes (button) collected ($2.50)
Seat 5: Nice S.P. (small blind) folded before Flop
Seat 6: mr.Jckpot (big blind) folded before Flop



PokerStars Hand #254720323752:  Hold'em No Limit ($0.50/$1.00 USD) - 2025/02/05 16:41:11 WET [2025/02/05 11:41:11 ET]
Table 'Zita II' 6-max Seat #5 is the button
Seat 1: alexandr699 ($101.50 in chips) 
Seat 2: MAO_DZEDYN_S ($101.50 in chips) 
Seat 3: reiyser ($105.56 in chips) 
Seat 4: sterwes ($75.69 in chips) 
Seat 5: Nice S.P. ($100 in chips) 
Seat 6: mr.Jckpot ($100 in chips) 
mr.Jckpot: posts small blind $0.50
alexandr699: posts big blind $1
*** HOLE CARDS ***
MAO_DZEDYN_S: folds 
reiyser: folds 
sterwes: folds 
Nice S.P.: folds 
mr.Jckpot: folds 
Uncalled bet ($0.50) returned to alexandr699
alexandr699 collected $1 from pot
alexandr699: doesn't show hand 
*** SUMMARY ***
Total pot $1 | Rake $0 
Seat 1: alexandr699 (big blind) collected ($1)
Seat 2: MAO_DZEDYN_S folded before Flop (didn't bet)
Seat 3: reiyser folded before Flop (didn't bet)
Seat 4: sterwes folded before Flop (didn't bet)
Seat 5: Nice S.P. (button) folded before Flop (didn't bet)
Seat 6: mr.Jckpot (small blind) folded before Flop



PokerStars Hand #254720325865:  Hold'em No Limit ($0.50/$1.00 USD) - 2025/02/05 16:41:20 WET [2025/02/05 11:41:20 ET]
Table 'Zita II' 6-max Seat #6 is the button
Seat 1: alexandr699 ($102 in chips) 
Seat 2: MAO_DZEDYN_S ($101.50 in chips) 
Seat 3: reiyser ($105.56 in chips) 
Seat 4: sterwes ($75.69 in chips) 
Seat 5: Nice S.P. ($100 in chips) 
Seat 6: mr.Jckpot ($100 in chips) 
alexandr699: posts small blind $0.50
MAO_DZEDYN_S: posts big blind $1
*** HOLE CARDS ***
reiyser: folds 
sterwes: raises $2 to $3
Nice S.P.: folds 
mr.Jckpot: folds 
alexandr699: folds 
MAO_DZEDYN_S: folds 
Uncalled bet ($2) returned to sterwes
sterwes collected $2.50 from pot
*** SUMMARY ***
Total pot $2.50 | Rake $0 
Seat 1: alexandr699 (small blind) folded before Flop
Seat 2: MAO_DZEDYN_S (big blind) folded before Flop
Seat 3: reiyser folded before Flop (didn't bet)
Seat 4: sterwes collected ($2.50)
Seat 5: Nice S.P. folded before Flop (didn't bet)
Seat 6: mr.Jckpot (button) folded before Flop (didn't bet)



PokerStars Hand #254720330255:  Hold'em No Limit ($0.50/$1.00 USD) - 2025/02/05 16:41:39 WET [2025/02/05 11:41:39 ET]
Table 'Zita II' 6-max Seat #1 is the button
Seat 1: alexandr699 ($101.50 in chips) 
Seat 2: MAO_DZEDYN_S ($100.50 in chips) 
Seat 3: reiyser ($105.56 in chips) 
Seat 4: sterwes ($77.19 in chips) 
Seat 5: Nice S.P. ($100 in chips) 
Seat 6: mr.Jckpot ($100 in chips) 
MAO_DZEDYN_S: posts small blind $0.50
reiyser: posts big blind $1
*** HOLE CARDS ***
sterwes: folds 
Nice S.P.: folds 
mr.Jckpot: folds 
alexandr699: raises $1.98 to $2.98
MAO_DZEDYN_S: folds 
reiyser: raises $10.02 to $13
alexandr699: folds 
Uncalled bet ($10.02) returned to reiyser
reiyser collected $6.46 from pot
reiyser: doesn't show hand 
*** SUMMARY ***
Total pot $6.46 | Rake $0 
Seat 1: alexandr699 (button) folded before Flop
Seat 2: MAO_DZEDYN_S (small blind) folded before Flop
Seat 3: reiyser (big blind) collected ($6.46)
Seat 4: sterwes folded before Flop (didn't bet)
Seat 5: Nice S.P. folded before Flop (didn't bet)
Seat 6: mr.Jckpot folded before Flop (didn't bet)



PokerStars Hand #254720337417:  Hold'em No Limit ($0.50/$1.00 USD) - 2025/02/05 16:42:11 WET [2025/02/05 11:42:11 ET]
Table 'Zita II' 6-max Seat #2 is the button
Seat 1: alexandr699 ($100 in chips) 
Seat 2: MAO_DZEDYN_S ($100 in chips) 
Seat 3: reiyser ($109.04 in chips) 
Seat 4: sterwes ($77.19 in chips) 
Seat 5: Nice S.P. ($100 in chips) 
Seat 6: mr.Jckpot ($100 in chips) 
reiyser: posts small blind $0.50
sterwes: posts big blind $1
*** HOLE CARDS ***
Nice S.P.: folds 
mr.Jckpot: folds 
alexandr699: raises $3.98 to $4.98
MAO_DZEDYN_S: folds 
reiyser: folds 
sterwes: folds 
Uncalled bet ($3.98) returned to alexandr699
alexandr699 collected $2.50 from pot
alexandr699: doesn't show hand 
*** SUMMARY ***
Total pot $2.50 | Rake $0 
Seat 1: alexandr699 collected ($2.50)
Seat 2: MAO_DZEDYN_S (button) folded before Flop (didn't bet)
Seat 3: reiyser (small blind) folded before Flop
Seat 4: sterwes (big blind) folded before Flop
Seat 5: Nice S.P. folded before Flop (didn't bet)
Seat 6: mr.Jckpot folded before Flop (didn't bet)



PokerStars Hand #254720341870:  Hold'em No Limit ($0.50/$1.00 USD) - 2025/02/05 16:42:30 WET [2025/02/05 11:42:30 ET]
Table 'Zita II' 6-max Seat #3 is the button
Seat 1: alexandr699 ($101.50 in chips) 
Seat 2: MAO_DZEDYN_S ($100 in chips) 
Seat 3: reiyser ($108.54 in chips) 
Seat 4: sterwes ($76.19 in chips) 
Seat 5: Nice S.P. ($100 in chips) 
Seat 6: mr.Jckpot ($100 in chips) 
sterwes: posts small blind $0.50
Nice S.P.: posts big blind $1
*** HOLE CARDS ***
mr.Jckpot: folds 
alexandr699: folds 
MAO_DZEDYN_S: folds 
reiyser: raises $1.23 to $2.23
sterwes: calls $1.73
Nice S.P.: folds 
*** FLOP *** [4c Kd 3h]
sterwes: checks 
reiyser: checks 
*** TURN *** [4c Kd 3h] [Kc]
sterwes: bets $2.60
reiyser: folds 
Uncalled bet ($2.60) returned to sterwes
sterwes collected $5.19 from pot
*** SUMMARY ***
Total pot $5.46 | Rake $0.27 
Board [4c Kd 3h Kc]
Seat 1: alexandr699 folded before Flop (didn't bet)
Seat 2: MAO_DZEDYN_S folded before Flop (didn't bet)
Seat 3: reiyser (button) folded on the Turn
Seat 4: sterwes (small blind) collected ($5.19)
Seat 5: Nice S.P. (big blind) folded before Flop
Seat 6: mr.Jckpot folded before Flop (didn't bet)



PokerStars Hand #254720350334:  Hold'em No Limit ($0.50/$1.00 USD) - 2025/02/05 16:43:07 WET [2025/02/05 11:43:07 ET]
Table 'Zita II' 6-max Seat #4 is the button
Seat 1: alexandr699 ($101.50 in chips) 
Seat 2: MAO_DZEDYN_S ($100 in chips) 
Seat 3: reiyser ($106.31 in chips) 
Seat 4: sterwes ($79.15 in chips) 
Seat 5: Nice S.P. ($100 in chips) 
Seat 6: mr.Jckpot ($100 in chips) 
Nice S.P.: posts small blind $0.50
mr.Jckpot: posts big blind $1
*** HOLE CARDS ***
alexandr699: folds 
MAO_DZEDYN_S: folds 
reiyser: folds 
sterwes: folds 
Nice S.P.: raises $2 to $3
mr.Jckpot: folds 
Uncalled bet ($2) returned to Nice S.P.
Nice S.P. collected $2 from pot
Nice S.P.: doesn't show hand 
*** SUMMARY ***
Total pot $2 | Rake $0 
Seat 1: alexandr699 folded before Flop (didn't bet)
Seat 2: MAO_DZEDYN_S folded before Flop (didn't bet)
Seat 3: reiyser folded before Flop (didn't bet)
Seat 4: sterwes (button) folded before Flop (didn't bet)
Seat 5: Nice S.P. (small blind) collected ($2)
Seat 6: mr.Jckpot (big blind) folded before Flop



PokerStars Hand #254720355672:  Hold'em No Limit ($0.50/$1.00 USD) - 2025/02/05 16:43:31 WET [2025/02/05 11:43:31 ET]
Table 'Zita II' 6-max Seat #5 is the button
Seat 1: alexandr699 ($101.50 in chips) 
Seat 2: MAO_DZEDYN_S ($100 in chips) 
Seat 3: reiyser ($106.31 in chips) 
Seat 4: sterwes ($79.15 in chips) 
Seat 5: Nice S.P. ($101 in chips) 
Seat 6: mr.Jckpot ($100 in chips) 
mr.Jckpot: posts small blind $0.50
alexandr699: posts big blind $1
*** HOLE CARDS ***
MAO_DZEDYN_S: folds 
reiyser: folds 
sterwes: folds 
Nice S.P.: raises $1 to $2
mr.Jckpot: folds 
alexandr699: calls $1
*** FLOP *** [Th 7h 4s]
alexandr699: checks 
Nice S.P.: checks 
*** TURN *** [Th 7h 4s] [Qh]
alexandr699: bets $3.21
Nice S.P.: calls $3.21
*** RIVER *** [Th 7h 4s Qh] [8c]
alexandr699: checks 
Nice S.P.: checks 
*** SHOW DOWN ***
alexandr699: shows [Ks 8h] (a pair of Eights)
Nice S.P.: mucks hand 
alexandr699 collected $10.37 from pot
*** SUMMARY ***
Total pot $10.92 | Rake $0.55 
Board [Th 7h 4s Qh 8c]
Seat 1: alexandr699 (big blind) showed [Ks 8h] and won ($10.37) with a pair of Eights
Seat 2: MAO_DZEDYN_S folded before Flop (didn't bet)
Seat 3: reiyser folded before Flop (didn't bet)
Seat 4: sterwes folded before Flop (didn't bet)
Seat 5: Nice S.P. (button) mucked
Seat 6: mr.Jckpot (small blind) folded before Flop



PokerStars Hand #254720377359:  Hold'em No Limit ($0.50/$1.00 USD) - 2025/02/05 16:45:06 WET [2025/02/05 11:45:06 ET]
Table 'Zita II' 6-max Seat #6 is the button
Seat 1: alexandr699 ($106.66 in chips) 
Seat 2: MAO_DZEDYN_S ($100 in chips) 
Seat 3: reiyser ($106.31 in chips) 
Seat 4: sterwes ($79.15 in chips) 
Seat 5: Nice S.P. ($100 in chips) 
Seat 6: mr.Jckpot ($100 in chips) 
alexandr699: posts small blind $0.50
MAO_DZEDYN_S: posts big blind $1
*** HOLE CARDS ***
reiyser: folds 
sterwes: folds 
Nice S.P.: folds 
mr.Jckpot: folds 
alexandr699: folds 
Uncalled bet ($0.50) returned to MAO_DZEDYN_S
MAO_DZEDYN_S collected $1 from pot
MAO_DZEDYN_S: doesn't show hand 
*** SUMMARY ***
Total pot $1 | Rake $0 
Seat 1: alexandr699 (small blind) folded before Flop
Seat 2: MAO_DZEDYN_S (big blind) collected ($1)
Seat 3: reiyser folded before Flop (didn't bet)
Seat 4: sterwes folded before Flop (didn't bet)
Seat 5: Nice S.P. folded before Flop (didn't bet)
Seat 6: mr.Jckpot (button) folded before Flop (didn't bet)



PokerStars Hand #254720380833:  Hold'em No Limit ($0.50/$1.00 USD) - 2025/02/05 16:45:21 WET [2025/02/05 11:45:21 ET]
Table 'Zita II' 6-max Seat #1 is the button
Seat 1: alexandr699 ($106.16 in chips) 
Seat 2: MAO_DZEDYN_S ($100.50 in chips) 
Seat 3: reiyser ($106.31 in chips) 
Seat 4: sterwes ($79.15 in chips) 
Seat 5: Nice S.P. ($100 in chips) 
Seat 6: mr.Jckpot ($100 in chips) 
MAO_DZEDYN_S: posts small blind $0.50
reiyser: posts big blind $1
*** HOLE CARDS ***
sterwes: folds 
Nice S.P.: folds 
mr.Jckpot: raises $1.50 to $2.50
alexandr699: folds 
MAO_DZEDYN_S: folds 
reiyser: raises $9.50 to $12
mr.Jckpot: calls $9.50
*** FLOP *** [Tc Td 7c]
reiyser: bets $12.11
mr.Jckpot: calls $12.11
*** TURN *** [Tc Td 7c] [4s]
reiyser: checks 
mr.Jckpot: checks 
*** RIVER *** [Tc Td 7c 4s] [4h]
reiyser: checks 
mr.Jckpot: bets $26.50
reiyser: folds 
Uncalled bet ($26.50) returned to mr.Jckpot
mr.Jckpot collected $46.28 from pot
mr.Jckpot: doesn't show hand 
*** SUMMARY ***
Total pot $48.72 | Rake $2.44 
Board [Tc Td 7c 4s 4h]
Seat 1: alexandr699 (button) folded before Flop (didn't bet)
Seat 2: MAO_DZEDYN_S (small blind) folded before Flop
Seat 3: reiyser (big blind) folded on the River
Seat 4: sterwes folded before Flop (didn't bet)
Seat 5: Nice S.P. folded before Flop (didn't bet)
Seat 6: mr.Jckpot collected ($46.28)



PokerStars Hand #254720406781:  Hold'em No Limit ($0.50/$1.00 USD) - 2025/02/05 16:47:14 WET [2025/02/05 11:47:14 ET]
Table 'Zita II' 6-max Seat #2 is the button
Seat 1: alexandr699 ($106.16 in chips) 
Seat 2: MAO_DZEDYN_S ($100 in chips) 
Seat 3: reiyser ($100 in chips) 
Seat 4: sterwes ($79.15 in chips) 
Seat 5: Nice S.P. ($100 in chips) 
Seat 6: mr.Jckpot ($122.17 in chips) 
reiyser: posts small blind $0.50
sterwes: posts big blind $1
*** HOLE CARDS ***
Nice S.P.: folds 
mr.Jckpot: raises $1.50 to $2.50
alexandr699: folds 
MAO_DZEDYN_S: folds 
reiyser: folds 
sterwes: folds 
Uncalled bet ($1.50) returned to mr.Jckpot
mr.Jckpot collected $2.50 from pot
mr.Jckpot: doesn't show hand 
*** SUMMARY ***
Total pot $2.50 | Rake $0 
Seat 1: alexandr699 folded before Flop (didn't bet)
Seat 2: MAO_DZEDYN_S (button) folded before Flop (didn't bet)
Seat 3: reiyser (small blind) folded before Flop
Seat 4: sterwes (big blind) folded before Flop
Seat 5: Nice S.P. folded before Flop (didn't bet)
Seat 6: mr.Jckpot collected ($2.50)



PokerStars Hand #254720410264:  Hold'em No Limit ($0.50/$1.00 USD) - 2025/02/05 16:47:30 WET [2025/02/05 11:47:30 ET]
Table 'Zita II' 6-max Seat #3 is the button
Seat 1: alexandr699 ($106.16 in chips) 
Seat 2: MAO_DZEDYN_S ($100 in chips) 
Seat 3: reiyser ($100 in chips) 
Seat 4: sterwes ($78.15 in chips) 
Seat 5: Nice S.P. ($100 in chips) 
Seat 6: mr.Jckpot ($123.67 in chips) 
sterwes: posts small blind $0.50
Nice S.P.: posts big blind $1
*** HOLE CARDS ***
mr.Jckpot: folds 
alexandr699: folds 
MAO_DZEDYN_S: folds 
reiyser: folds 
sterwes: calls $0.50
Nice S.P.: checks 
*** FLOP *** [4c 7h 4s]
sterwes: checks 
Nice S.P.: checks 
*** TURN *** [4c 7h 4s] [Ts]
sterwes: bets $2
Nice S.P.: folds 
Uncalled bet ($2) returned to sterwes
sterwes collected $1.90 from pot
*** SUMMARY ***
Total pot $2 | Rake $0.10 
Board [4c 7h 4s Ts]
Seat 1: alexandr699 folded before Flop (didn't bet)
Seat 2: MAO_DZEDYN_S folded before Flop (didn't bet)
Seat 3: reiyser (button) folded before Flop (didn't bet)
Seat 4: sterwes (small blind) collected ($1.90)
Seat 5: Nice S.P. (big blind) folded on the Turn
Seat 6: mr.Jckpot folded before Flop (didn't bet)



PokerStars Hand #254720415833:  Hold'em No Limit ($0.50/$1.00 USD) - 2025/02/05 16:47:54 WET [2025/02/05 11:47:54 ET]
Table 'Zita II' 6-max Seat #4 is the button
Seat 1: alexandr699 ($106.16 in chips) 
Seat 2: MAO_DZEDYN_S ($100 in chips) 
Seat 3: reiyser ($100 in chips) 
Seat 4: sterwes ($79.05 in chips) 
Seat 5: Nice S.P. ($100 in chips) 
Seat 6: mr.Jckpot ($123.67 in chips) 
Nice S.P.: posts small blind $0.50
mr.Jckpot: posts big blind $1
*** HOLE CARDS ***
alexandr699: raises $1.98 to $2.98
MAO_DZEDYN_S: folds 
reiyser: folds 
sterwes: folds 
Nice S.P.: folds 
mr.Jckpot: calls $1.98
*** FLOP *** [Ts 5s 7c]
mr.Jckpot: checks 
alexandr699: bets $2.03
mr.Jckpot: folds 
Uncalled bet ($2.03) returned to alexandr699
alexandr699 collected $6.14 from pot
alexandr699: doesn't show hand 
*** SUMMARY ***
Total pot $6.46 | Rake $0.32 
Board [Ts 5s 7c]
Seat 1: alexandr699 collected ($6.14)
Seat 2: MAO_DZEDYN_S folded before Flop (didn't bet)
Seat 3: reiyser folded before Flop (didn't bet)
Seat 4: sterwes (button) folded before Flop (didn't bet)
Seat 5: Nice S.P. (small blind) folded before Flop
Seat 6: mr.Jckpot (big blind) folded on the Flop



PokerStars Hand #254720426992:  Hold'em No Limit ($0.50/$1.00 USD) - 2025/02/05 16:48:42 WET [2025/02/05 11:48:42 ET]
Table 'Zita II' 6-max Seat #5 is the button
Seat 1: alexandr699 ($109.32 in chips) 
Seat 2: MAO_DZEDYN_S ($100 in chips) 
Seat 3: reiyser ($100 in chips) 
Seat 4: sterwes ($79.05 in chips) 
Seat 5: Nice S.P. ($100 in chips) 
Seat 6: mr.Jckpot ($120.69 in chips) 
mr.Jckpot: posts small blind $0.50
alexandr699: posts big blind $1
*** HOLE CARDS ***
MAO_DZEDYN_S: raises $1.25 to $2.25
reiyser: folds 
sterwes: folds 
Nice S.P.: raises $4.73 to $6.98
mr.Jckpot: folds 
alexandr699: folds 
MAO_DZEDYN_S: folds 
Uncalled bet ($4.73) returned to Nice S.P.
Nice S.P. collected $6 from pot
Nice S.P.: doesn't show hand 
*** SUMMARY ***
Total pot $6 | Rake $0 
Seat 1: alexandr699 (big blind) folded before Flop
Seat 2: MAO_DZEDYN_S folded before Flop
Seat 3: reiyser folded before Flop (didn't bet)
Seat 4: sterwes folded before Flop (didn't bet)
Seat 5: Nice S.P. (button) collected ($6)
Seat 6: mr.Jckpot (small blind) folded before Flop



PokerStars Hand #254720432215:  Hold'em No Limit ($0.50/$1.00 USD) - 2025/02/05 16:49:05 WET [2025/02/05 11:49:05 ET]
Table 'Zita II' 6-max Seat #6 is the button
Seat 1: alexandr699 ($108.32 in chips) 
Seat 2: MAO_DZEDYN_S ($100 in chips) 
Seat 3: reiyser ($100 in chips) 
Seat 4: sterwes ($79.05 in chips) 
Seat 5: Nice S.P. ($103.75 in chips) 
Seat 6: mr.Jckpot ($120.19 in chips) 
alexandr699: posts small blind $0.50
MAO_DZEDYN_S: posts big blind $1
*** HOLE CARDS ***
reiyser: folds 
sterwes: raises $2 to $3
Nice S.P.: raises $6.30 to $9.30
mr.Jckpot: folds 
alexandr699: folds 
MAO_DZEDYN_S: folds 
sterwes: raises $69.75 to $79.05 and is all-in
Nice S.P.: folds 
Uncalled bet ($69.75) returned to sterwes
sterwes collected $20.10 from pot
*** SUMMARY ***
Total pot $20.10 | Rake $0 
Seat 1: alexandr699 (small blind) folded before Flop
Seat 2: MAO_DZEDYN_S (big blind) folded before Flop
Seat 3: reiyser folded before Flop (didn't bet)
Seat 4: sterwes collected ($20.10)
Seat 5: Nice S.P. folded before Flop
Seat 6: mr.Jckpot (button) folded before Flop (didn't bet)



PokerStars Hand #254720437294:  Hold'em No Limit ($0.50/$1.00 USD) - 2025/02/05 16:49:26 WET [2025/02/05 11:49:26 ET]
Table 'Zita II' 6-max Seat #1 is the button
Seat 1: alexandr699 ($107.82 in chips) 
Seat 2: MAO_DZEDYN_S ($100 in chips) 
Seat 3: reiyser ($100 in chips) 
Seat 4: sterwes ($89.85 in chips) 
Seat 5: Nice S.P. ($100 in chips) 
Seat 6: mr.Jckpot ($120.19 in chips) 
MAO_DZEDYN_S: posts small blind $0.50
reiyser: posts big blind $1
*** HOLE CARDS ***
sterwes: folds 
Nice S.P.: raises $1 to $2
mr.Jckpot: folds 
alexandr699: folds 
MAO_DZEDYN_S: folds 
reiyser: folds 
Uncalled bet ($1) returned to Nice S.P.
Nice S.P. collected $2.50 from pot
Nice S.P.: doesn't show hand 
*** SUMMARY ***
Total pot $2.50 | Rake $0 
Seat 1: alexandr699 (button) folded before Flop (didn't bet)
Seat 2: MAO_DZEDYN_S (small blind) folded before Flop
Seat 3: reiyser (big blind) folded before Flop
Seat 4: sterwes folded before Flop (didn't bet)
Seat 5: Nice S.P. collected ($2.50)
Seat 6: mr.Jckpot folded before Flop (didn't bet)



PokerStars Hand #254720443279:  Hold'em No Limit ($0.50/$1.00 USD) - 2025/02/05 16:49:53 WET [2025/02/05 11:49:53 ET]
Table 'Zita II' 6-max Seat #2 is the button
Seat 1: alexandr699 ($107.82 in chips) 
Seat 2: MAO_DZEDYN_S ($100 in chips) 
Seat 3: reiyser ($100 in chips) 
Seat 4: sterwes ($89.85 in chips) 
Seat 5: Nice S.P. ($101.50 in chips) 
Seat 6: mr.Jckpot ($120.19 in chips) 
reiyser: posts small blind $0.50
sterwes: posts big blind $1
*** HOLE CARDS ***
Nice S.P.: folds 
mr.Jckpot: folds 
alexandr699: raises $1.98 to $2.98
MAO_DZEDYN_S: folds 
reiyser: folds 
sterwes: calls $1.98
*** FLOP *** [2s As 9h]
sterwes: checks 
alexandr699: bets $2.03
sterwes: folds 
Uncalled bet ($2.03) returned to alexandr699
alexandr699 collected $6.14 from pot
alexandr699: doesn't show hand 
*** SUMMARY ***
Total pot $6.46 | Rake $0.32 
Board [2s As 9h]
Seat 1: alexandr699 collected ($6.14)
Seat 2: MAO_DZEDYN_S (button) folded before Flop (didn't bet)
Seat 3: reiyser (small blind) folded before Flop
Seat 4: sterwes (big blind) folded on the Flop
Seat 5: Nice S.P. folded before Flop (didn't bet)
Seat 6: mr.Jckpot folded before Flop (didn't bet)



PokerStars Hand #254720455448:  Hold'em No Limit ($0.50/$1.00 USD) - 2025/02/05 16:50:46 WET [2025/02/05 11:50:46 ET]
Table 'Zita II' 6-max Seat #3 is the button
Seat 1: alexandr699 ($110.98 in chips) 
Seat 2: MAO_DZEDYN_S ($100 in chips) 
Seat 3: reiyser ($100 in chips) 
Seat 4: sterwes ($86.87 in chips) 
Seat 5: Nice S.P. ($101.50 in chips) 
Seat 6: mr.Jckpot ($120.19 in chips) 
sterwes: posts small blind $0.50
Nice S.P.: posts big blind $1
*** HOLE CARDS ***
mr.Jckpot: folds 
alexandr699: folds 
MAO_DZEDYN_S: folds 
reiyser: folds 
sterwes: folds 
Uncalled bet ($0.50) returned to Nice S.P.
Nice S.P. collected $1 from pot
Nice S.P.: doesn't show hand 
*** SUMMARY ***
Total pot $1 | Rake $0 
Seat 1: alexandr699 folded before Flop (didn't bet)
Seat 2: MAO_DZEDYN_S folded before Flop (didn't bet)
Seat 3: reiyser (button) folded before Flop (didn't bet)
Seat 4: sterwes (small blind) folded before Flop
Seat 5: Nice S.P. (big blind) collected ($1)
Seat 6: mr.Jckpot folded before Flop (didn't bet)



PokerStars Hand #254720460140:  Hold'em No Limit ($0.50/$1.00 USD) - 2025/02/05 16:51:07 WET [2025/02/05 11:51:07 ET]
Table 'Zita II' 6-max Seat #4 is the button
Seat 1: alexandr699 ($110.98 in chips) 
Seat 2: MAO_DZEDYN_S ($100 in chips) 
Seat 3: reiyser ($100 in chips) 
Seat 4: sterwes ($86.37 in chips) 
Seat 5: Nice S.P. ($102 in chips) 
Seat 6: mr.Jckpot ($120.19 in chips) 
Nice S.P.: posts small blind $0.50
mr.Jckpot: posts big blind $1
*** HOLE CARDS ***
alexandr699: folds 
MAO_DZEDYN_S: folds 
reiyser: folds 
sterwes: folds 
Nice S.P.: raises $2 to $3
mr.Jckpot: folds 
Uncalled bet ($2) returned to Nice S.P.
Nice S.P. collected $2 from pot
Nice S.P.: doesn't show hand 
*** SUMMARY ***
Total pot $2 | Rake $0 
Seat 1: alexandr699 folded before Flop (didn't bet)
Seat 2: MAO_DZEDYN_S folded before Flop (didn't bet)
Seat 3: reiyser folded before Flop (didn't bet)
Seat 4: sterwes (button) folded before Flop (didn't bet)
Seat 5: Nice S.P. (small blind) collected ($2)
Seat 6: mr.Jckpot (big blind) folded before Flop



PokerStars Hand #254720463983:  Hold'em No Limit ($0.50/$1.00 USD) - 2025/02/05 16:51:23 WET [2025/02/05 11:51:23 ET]
Table 'Zita II' 6-max Seat #5 is the button
Seat 1: alexandr699 ($110.98 in chips) 
Seat 2: MAO_DZEDYN_S ($100 in chips) 
Seat 3: reiyser ($100 in chips) 
Seat 4: sterwes ($86.37 in chips) 
Seat 5: Nice S.P. ($103 in chips) 
Seat 6: mr.Jckpot ($119.19 in chips) 
mr.Jckpot: posts small blind $0.50
alexandr699: posts big blind $1
*** HOLE CARDS ***
MAO_DZEDYN_S: folds 
reiyser: folds 
sterwes: folds 
Nice S.P.: folds 
mr.Jckpot: raises $2 to $3
alexandr699: calls $2
*** FLOP *** [Jh Ks Th]
mr.Jckpot: bets $1.88
alexandr699: calls $1.88
*** TURN *** [Jh Ks Th] [6d]
mr.Jckpot: bets $3.06
alexandr699: calls $3.06
*** RIVER *** [Jh Ks Th 6d] [Ad]
mr.Jckpot: checks 
alexandr699: bets $30.18
mr.Jckpot: calls $30.18
*** SHOW DOWN ***
alexandr699: shows [8c Jc] (a pair of Jacks)
mr.Jckpot: shows [As Ac] (three of a kind, Aces)
mr.Jckpot collected $73.74 from pot
*** SUMMARY ***
Total pot $76.24 | Rake $2.50 
Board [Jh Ks Th 6d Ad]
Seat 1: alexandr699 (big blind) showed [8c Jc] and lost with a pair of Jacks
Seat 2: MAO_DZEDYN_S folded before Flop (didn't bet)
Seat 3: reiyser folded before Flop (didn't bet)
Seat 4: sterwes folded before Flop (didn't bet)
Seat 5: Nice S.P. (button) folded before Flop (didn't bet)
Seat 6: mr.Jckpot (small blind) showed [As Ac] and won ($73.74) with three of a kind, Aces



PokerStars Hand #254720480629:  Hold'em No Limit ($0.50/$1.00 USD) - 2025/02/05 16:52:36 WET [2025/02/05 11:52:36 ET]
Table 'Zita II' 6-max Seat #6 is the button
Seat 1: alexandr699 ($100 in chips) 
Seat 2: MAO_DZEDYN_S ($100 in chips) 
Seat 3: reiyser ($100 in chips) 
Seat 4: sterwes ($86.37 in chips) 
Seat 5: Nice S.P. ($103 in chips) 
Seat 6: mr.Jckpot ($154.81 in chips) 
alexandr699: posts small blind $0.50
MAO_DZEDYN_S: posts big blind $1
*** HOLE CARDS ***
reiyser: folds 
sterwes has timed out
sterwes: folds 
Nice S.P.: folds 
mr.Jckpot: raises $1.50 to $2.50
alexandr699: raises $9.50 to $12
MAO_DZEDYN_S: folds 
mr.Jckpot: folds 
Uncalled bet ($9.50) returned to alexandr699
alexandr699 collected $6 from pot
alexandr699: doesn't show hand 
*** SUMMARY ***
Total pot $6 | Rake $0 
Seat 1: alexandr699 (small blind) collected ($6)
Seat 2: MAO_DZEDYN_S (big blind) folded before Flop
Seat 3: reiyser folded before Flop (didn't bet)
Seat 4: sterwes folded before Flop (didn't bet)
Seat 5: Nice S.P. folded before Flop (didn't bet)
Seat 6: mr.Jckpot (button) folded before Flop



PokerStars Hand #254720493215:  Hold'em No Limit ($0.50/$1.00 USD) - 2025/02/05 16:53:31 WET [2025/02/05 11:53:31 ET]
Table 'Zita II' 6-max Seat #1 is the button
Seat 4: sterwes ($86.37 in chips) is sitting out
Seat 1: alexandr699 ($103.50 in chips) 
Seat 2: MAO_DZEDYN_S ($100 in chips) 
Seat 3: reiyser ($100 in chips) 
Seat 5: Nice S.P. ($103 in chips) 
Seat 6: mr.Jckpot ($152.31 in chips) 
MAO_DZEDYN_S: posts small blind $0.50
reiyser: posts big blind $1
*** HOLE CARDS ***
Nice S.P.: folds 
mr.Jckpot: folds 
alexandr699: raises $1.98 to $2.98
MAO_DZEDYN_S: folds 
reiyser: folds 
Uncalled bet ($1.98) returned to alexandr699
alexandr699 collected $2.50 from pot
alexandr699: doesn't show hand 
*** SUMMARY ***
Total pot $2.50 | Rake $0 
Seat 4: sterwes
Seat 1: alexandr699 (button) collected ($2.50)
Seat 2: MAO_DZEDYN_S (small blind) folded before Flop
Seat 3: reiyser (big blind) folded before Flop
Seat 5: Nice S.P. folded before Flop (didn't bet)
Seat 6: mr.Jckpot folded before Flop (didn't bet)



PokerStars Hand #254720499162:  Hold'em No Limit ($0.50/$1.00 USD) - 2025/02/05 16:53:57 WET [2025/02/05 11:53:57 ET]
Table 'Zita II' 6-max Seat #2 is the button
Seat 4: sterwes ($86.37 in chips) is sitting out
Seat 1: alexandr699 ($105 in chips) 
Seat 2: MAO_DZEDYN_S ($100 in chips) 
Seat 3: reiyser ($100 in chips) 
Seat 5: Nice S.P. ($103 in chips) 
Seat 6: mr.Jckpot ($152.31 in chips) 
reiyser: posts small blind $0.50
Nice S.P.: posts big blind $1
*** HOLE CARDS ***
mr.Jckpot: raises $1.50 to $2.50
alexandr699: folds 
MAO_DZEDYN_S: folds 
reiyser: folds 
Nice S.P.: folds 
Uncalled bet ($1.50) returned to mr.Jckpot
mr.Jckpot collected $2.50 from pot
mr.Jckpot: doesn't show hand 
*** SUMMARY ***
Total pot $2.50 | Rake $0 
Seat 4: sterwes
Seat 1: alexandr699 folded before Flop (didn't bet)
Seat 2: MAO_DZEDYN_S (button) folded before Flop (didn't bet)
Seat 3: reiyser (small blind) folded before Flop
Seat 5: Nice S.P. (big blind) folded before Flop
Seat 6: mr.Jckpot collected ($2.50)



PokerStars Hand #254720503543:  Hold'em No Limit ($0.50/$1.00 USD) - 2025/02/05 16:54:16 WET [2025/02/05 11:54:16 ET]
Table 'Zita II' 6-max Seat #3 is the button
Seat 4: sterwes ($86.37 in chips) is sitting out
Seat 1: alexandr699 ($105 in chips) 
Seat 2: MAO_DZEDYN_S ($100 in chips) 
Seat 3: reiyser ($100 in chips) 
Seat 5: Nice S.P. ($102 in chips) 
Seat 6: mr.Jckpot ($153.81 in chips) 
Nice S.P.: posts small blind $0.50
mr.Jckpot: posts big blind $1
*** HOLE CARDS ***
alexandr699: raises $1.98 to $2.98
MAO_DZEDYN_S: folds 
reiyser: folds 
Nice S.P.: folds 
mr.Jckpot: calls $1.98
*** FLOP *** [Jh Jd 3d]
mr.Jckpot: checks 
alexandr699: bets $2.03
mr.Jckpot: calls $2.03
*** TURN *** [Jh Jd 3d] [Js]
mr.Jckpot: checks 
alexandr699: bets $24.98
mr.Jckpot: folds 
Uncalled bet ($24.98) returned to alexandr699
alexandr699 collected $9.99 from pot
alexandr699: doesn't show hand 
*** SUMMARY ***
Total pot $10.52 | Rake $0.53 
Board [Jh Jd 3d Js]
Seat 4: sterwes
Seat 1: alexandr699 collected ($9.99)
Seat 2: MAO_DZEDYN_S folded before Flop (didn't bet)
Seat 3: reiyser (button) folded before Flop (didn't bet)
Seat 5: Nice S.P. (small blind) folded before Flop
Seat 6: mr.Jckpot (big blind) folded on the Turn



PokerStars Hand #254720513736:  Hold'em No Limit ($0.50/$1.00 USD) - 2025/02/05 16:55:00 WET [2025/02/05 11:55:00 ET]
Table 'Zita II' 6-max Seat #5 is the button
Seat 4: sterwes ($86.37 in chips) is sitting out
Seat 1: alexandr699 ($109.98 in chips) 
Seat 2: MAO_DZEDYN_S ($100 in chips) 
Seat 3: reiyser ($100 in chips) 
Seat 5: Nice S.P. ($101.50 in chips) 
Seat 6: mr.Jckpot ($148.80 in chips) 
mr.Jckpot: posts small blind $0.50
alexandr699: posts big blind $1
*** HOLE CARDS ***
MAO_DZEDYN_S: folds 
reiyser: folds 
Nice S.P.: folds 
mr.Jckpot: folds 
Uncalled bet ($0.50) returned to alexandr699
alexandr699 collected $1 from pot
alexandr699: doesn't show hand 
MAO_DZEDYN_S leaves the table
*** SUMMARY ***
Total pot $1 | Rake $0 
Seat 4: sterwes
Seat 1: alexandr699 (big blind) collected ($1)
Seat 2: MAO_DZEDYN_S folded before Flop (didn't bet)
Seat 3: reiyser folded before Flop (didn't bet)
Seat 5: Nice S.P. (button) folded before Flop (didn't bet)
Seat 6: mr.Jckpot (small blind) folded before Flop



PokerStars Hand #254720516918:  Hold'em No Limit ($0.50/$1.00 USD) - 2025/02/05 16:55:17 WET [2025/02/05 11:55:17 ET]
Table 'Zita II' 6-max Seat #6 is the button
Seat 4: sterwes ($86.37 in chips) is sitting out
Seat 1: alexandr699 ($110.48 in chips) 
Seat 3: reiyser ($100 in chips) 
Seat 5: Nice S.P. ($101.50 in chips) 
Seat 6: mr.Jckpot ($148.30 in chips) 
alexandr699: posts small blind $0.50
reiyser: posts big blind $1
*** HOLE CARDS ***
Nice S.P.: folds 
mr.Jckpot: raises $1.50 to $2.50
alexandr699: raises $9.50 to $12
reiyser: raises $15 to $27
mr.Jckpot: folds 
alexandr699: folds 
Uncalled bet ($15) returned to reiyser
reiyser collected $26.50 from pot
reiyser: doesn't show hand 
*** SUMMARY ***
Total pot $26.50 | Rake $0 
Seat 4: sterwes
Seat 1: alexandr699 (small blind) folded before Flop
Seat 3: reiyser (big blind) collected ($26.50)
Seat 5: Nice S.P. folded before Flop (didn't bet)
Seat 6: mr.Jckpot (button) folded before Flop



PokerStars Hand #254720527448:  Hold'em No Limit ($0.50/$1.00 USD) - 2025/02/05 16:56:17 WET [2025/02/05 11:56:17 ET]
Table 'Zita II' 6-max Seat #1 is the button
Seat 4: sterwes ($86.37 in chips) is sitting out
Seat 1: alexandr699 ($100 in chips) 
Seat 3: reiyser ($114.50 in chips) 
Seat 5: Nice S.P. ($101.50 in chips) 
Seat 6: mr.Jckpot ($145.80 in chips) 
reiyser: posts small blind $0.50
Nice S.P.: posts big blind $1
*** HOLE CARDS ***
mr.Jckpot: folds 
alexandr699: raises $1.98 to $2.98
reiyser: folds 
Nice S.P.: folds 
Uncalled bet ($1.98) returned to alexandr699
alexandr699 collected $2.50 from pot
alexandr699: doesn't show hand 
*** SUMMARY ***
Total pot $2.50 | Rake $0 
Seat 4: sterwes
Seat 1: alexandr699 (button) collected ($2.50)
Seat 3: reiyser (small blind) folded before Flop
Seat 5: Nice S.P. (big blind) folded before Flop
Seat 6: mr.Jckpot folded before Flop (didn't bet)



PokerStars Hand #254720529760:  Hold'em No Limit ($0.50/$1.00 USD) - 2025/02/05 16:56:30 WET [2025/02/05 11:56:30 ET]
Table 'Zita II' 6-max Seat #3 is the button
Seat 4: sterwes ($86.37 in chips) is sitting out
Seat 6: mr.Jckpot ($145.80 in chips) is sitting out
Seat 1: alexandr699 ($101.50 in chips) 
Seat 3: reiyser ($114 in chips) 
Seat 5: Nice S.P. ($100.50 in chips) 
Nice S.P.: posts small blind $0.50
mr.Jckpot: is sitting out 
alexandr699: posts big blind $1
*** HOLE CARDS ***
reiyser: raises $1.23 to $2.23
Nice S.P.: folds 
mr.Jckpot leaves the table
alexandr699: folds 
Uncalled bet ($1.23) returned to reiyser
reiyser collected $2.50 from pot
reiyser: doesn't show hand 
*** SUMMARY ***
Total pot $2.50 | Rake $0 
Seat 4: sterwes
Seat 6: mr.Jckpot
Seat 1: alexandr699 (big blind) folded before Flop
Seat 3: reiyser (button) collected ($2.50)
Seat 5: Nice S.P. (small blind) folded before Flop



PokerStars Hand #254720531786:  Hold'em No Limit ($0.50/$1.00 USD) - 2025/02/05 16:56:42 WET [2025/02/05 11:56:42 ET]
Table 'Zita II' 6-max Seat #5 is the button
Seat 4: sterwes ($86.37 in chips) is sitting out
Seat 1: alexandr699 ($100.50 in chips) 
Seat 3: reiyser ($115.50 in chips) 
Seat 5: Nice S.P. ($100 in chips) 
alexandr699: posts small blind $0.50
reiyser: posts big blind $1
*** HOLE CARDS ***
Nice S.P.: folds 
alexandr699: folds 
Uncalled bet ($0.50) returned to reiyser
reiyser collected $1 from pot
reiyser: doesn't show hand 
*** SUMMARY ***
Total pot $1 | Rake $0 
Seat 4: sterwes
Seat 1: alexandr699 (small blind) folded before Flop
Seat 3: reiyser (big blind) collected ($1)
Seat 5: Nice S.P. (button) folded before Flop (didn't bet)



PokerStars Hand #254720534069:  Hold'em No Limit ($0.50/$1.00 USD) - 2025/02/05 16:56:55 WET [2025/02/05 11:56:55 ET]
Table 'Zita II' 6-max Seat #1 is the button
Seat 4: sterwes ($86.37 in chips) is sitting out
Seat 1: alexandr699 ($100 in chips) 
Seat 3: reiyser ($116 in chips) 
Seat 5: Nice S.P. ($100 in chips) 
reiyser: posts small blind $0.50
Nice S.P.: posts big blind $1
*** HOLE CARDS ***
alexandr699: raises $1.98 to $2.98
reiyser: folds 
Nice S.P.: raises $9.02 to $12
Zager.v joins the table at seat #6 
alexandr699: folds 
Uncalled bet ($9.02) returned to Nice S.P.
Nice S.P. collected $6.46 from pot
Nice S.P.: doesn't show hand 
*** SUMMARY ***
Total pot $6.46 | Rake $0 
Seat 4: sterwes
Seat 1: alexandr699 (button) folded before Flop
Seat 3: reiyser (small blind) folded before Flop
Seat 5: Nice S.P. (big blind) collected ($6.46)



PokerStars Hand #254720538894:  Hold'em No Limit ($0.50/$1.00 USD) - 2025/02/05 16:57:23 WET [2025/02/05 11:57:23 ET]
Table 'Zita II' 6-max Seat #3 is the button
Seat 4: sterwes ($86.37 in chips) is sitting out
Seat 1: alexandr699 ($100 in chips) 
Seat 3: reiyser ($115.50 in chips) 
Seat 5: Nice S.P. ($103.48 in chips) 
Seat 6: Zager.v ($100 in chips) 
Nice S.P.: posts small blind $0.50
Zager.v: posts big blind $1
*** HOLE CARDS ***
alexandr699: folds 
reiyser: folds 
Nice S.P.: raises $2 to $3
Zager.v: folds 
Uncalled bet ($2) returned to Nice S.P.
Nice S.P. collected $2 from pot
Nice S.P.: doesn't show hand 
ponchua joins the table at seat #2 
*** SUMMARY ***
Total pot $2 | Rake $0 
Seat 4: sterwes
Seat 1: alexandr699 folded before Flop (didn't bet)
Seat 3: reiyser (button) folded before Flop (didn't bet)
Seat 5: Nice S.P. (small blind) collected ($2)
Seat 6: Zager.v (big blind) folded before Flop



PokerStars Hand #254720541236:  Hold'em No Limit ($0.50/$1.00 USD) - 2025/02/05 16:57:36 WET [2025/02/05 11:57:36 ET]
Table 'Zita II' 6-max Seat #5 is the button
Seat 2: ponchua ($100 in chips) is sitting out
Seat 4: sterwes ($86.37 in chips) is sitting out
Seat 1: alexandr699 ($100 in chips) 
Seat 3: reiyser ($115.50 in chips) 
Seat 5: Nice S.P. ($104.48 in chips) 
Seat 6: Zager.v ($100 in chips) 
Zager.v: posts small blind $0.50
alexandr699: posts big blind $1
ponchua: sits out 
*** HOLE CARDS ***
reiyser: folds 
Nice S.P.: folds 
Zager.v: raises $2.10 to $3.10
alexandr699: calls $2.10
*** FLOP *** [8c 5c 2s]
Zager.v: checks 
alexandr699: bets $2.95
Zager.v: calls $2.95
*** TURN *** [8c 5c 2s] [Ts]
Zager.v: checks 
alexandr699: bets $5.75
Zager.v: calls $5.75
*** RIVER *** [8c 5c 2s Ts] [Qd]
Zager.v: checks 
alexandr699: checks 
*** SHOW DOWN ***
Zager.v: shows [8h 9h] (a pair of Eights)
alexandr699: mucks hand 
Zager.v collected $22.60 from pot
*** SUMMARY ***
Total pot $23.60 | Rake $1 
Board [8c 5c 2s Ts Qd]
Seat 2: ponchua
Seat 4: sterwes
Seat 1: alexandr699 (big blind) mucked
Seat 3: reiyser folded before Flop (didn't bet)
Seat 5: Nice S.P. (button) folded before Flop (didn't bet)
Seat 6: Zager.v (small blind) showed [8h 9h] and won ($22.60) with a pair of Eights



PokerStars Hand #254720556970:  Hold'em No Limit ($0.50/$1.00 USD) - 2025/02/05 16:59:04 WET [2025/02/05 11:59:04 ET]
Table 'Zita II' 6-max Seat #6 is the button
Seat 4: sterwes ($86.37 in chips) is sitting out
Seat 1: alexandr699 ($100 in chips) 
Seat 2: ponchua ($100 in chips) 
Seat 3: reiyser ($115.50 in chips) 
Seat 5: Nice S.P. ($104.48 in chips) 
Seat 6: Zager.v ($110.80 in chips) 
alexandr699: posts small blind $0.50
ponchua: posts big blind $1
*** HOLE CARDS ***
reiyser: folds 
Nice S.P.: folds 
Zager.v: folds 
alexandr699: folds 
Uncalled bet ($0.50) returned to ponchua
ponchua collected $1 from pot
ponchua: doesn't show hand 
*** SUMMARY ***
Total pot $1 | Rake $0 
Seat 4: sterwes
Seat 1: alexandr699 (small blind) folded before Flop
Seat 2: ponchua (big blind) collected ($1)
Seat 3: reiyser folded before Flop (didn't bet)
Seat 5: Nice S.P. folded before Flop (didn't bet)
Seat 6: Zager.v (button) folded before Flop (didn't bet)



PokerStars Hand #254720561021:  Hold'em No Limit ($0.50/$1.00 USD) - 2025/02/05 16:59:26 WET [2025/02/05 11:59:26 ET]
Table 'Zita II' 6-max Seat #1 is the button
Seat 4: sterwes ($86.37 in chips) is sitting out
Seat 1: alexandr699 ($100 in chips) 
Seat 2: ponchua ($100.50 in chips) 
Seat 3: reiyser ($115.50 in chips) 
Seat 5: Nice S.P. ($104.48 in chips) 
Seat 6: Zager.v ($110.80 in chips) 
ponchua: posts small blind $0.50
reiyser: posts big blind $1
*** HOLE CARDS ***
Nice S.P.: folds 
Zager.v: folds 
alexandr699: raises $1.98 to $2.98
ponchua: folds 
reiyser: folds 
Uncalled bet ($1.98) returned to alexandr699
alexandr699 collected $2.50 from pot
alexandr699: doesn't show hand 
*** SUMMARY ***
Total pot $2.50 | Rake $0 
Seat 4: sterwes
Seat 1: alexandr699 (button) collected ($2.50)
Seat 2: ponchua (small blind) folded before Flop
Seat 3: reiyser (big blind) folded before Flop
Seat 5: Nice S.P. folded before Flop (didn't bet)
Seat 6: Zager.v folded before Flop (didn't bet)



PokerStars Hand #254720565030:  Hold'em No Limit ($0.50/$1.00 USD) - 2025/02/05 16:59:48 WET [2025/02/05 11:59:48 ET]
Table 'Zita II' 6-max Seat #2 is the button
Seat 4: sterwes ($86.37 in chips) is sitting out
Seat 1: alexandr699 ($101.50 in chips) 
Seat 2: ponchua ($100 in chips) 
Seat 3: reiyser ($114.50 in chips) 
Seat 5: Nice S.P. ($104.48 in chips) 
Seat 6: Zager.v ($110.80 in chips) 
reiyser: posts small blind $0.50
Nice S.P.: posts big blind $1
*** HOLE CARDS ***
Zager.v: raises $1.25 to $2.25
alexandr699: folds 
ponchua: folds 
reiyser: folds 
Nice S.P.: folds 
Uncalled bet ($1.25) returned to Zager.v
Zager.v collected $2.50 from pot
Zager.v: doesn't show hand 
*** SUMMARY ***
Total pot $2.50 | Rake $0 
Seat 4: sterwes
Seat 1: alexandr699 folded before Flop (didn't bet)
Seat 2: ponchua (button) folded before Flop (didn't bet)
Seat 3: reiyser (small blind) folded before Flop
Seat 5: Nice S.P. (big blind) folded before Flop
Seat 6: Zager.v collected ($2.50)



PokerStars Hand #254720569156:  Hold'em No Limit ($0.50/$1.00 USD) - 2025/02/05 17:00:11 WET [2025/02/05 12:00:11 ET]
Table 'Zita II' 6-max Seat #3 is the button
Seat 4: sterwes ($86.37 in chips) is sitting out
Seat 1: alexandr699 ($101.50 in chips) 
Seat 2: ponchua ($100 in chips) 
Seat 3: reiyser ($114 in chips) 
Seat 5: Nice S.P. ($103.48 in chips) 
Seat 6: Zager.v ($112.30 in chips) 
Nice S.P.: posts small blind $0.50
Zager.v: posts big blind $1
*** HOLE CARDS ***
alexandr699: folds 
ponchua: raises $1.50 to $2.50
reiyser: folds 
Nice S.P.: folds 
Zager.v: folds 
Uncalled bet ($1.50) returned to ponchua
ponchua collected $2.50 from pot
ponchua: doesn't show hand 
*** SUMMARY ***
Total pot $2.50 | Rake $0 
Seat 4: sterwes
Seat 1: alexandr699 folded before Flop (didn't bet)
Seat 2: ponchua collected ($2.50)
Seat 3: reiyser (button) folded before Flop (didn't bet)
Seat 5: Nice S.P. (small blind) folded before Flop
Seat 6: Zager.v (big blind) folded before Flop



PokerStars Hand #254720572954:  Hold'em No Limit ($0.50/$1.00 USD) - 2025/02/05 17:00:32 WET [2025/02/05 12:00:32 ET]
Table 'Zita II' 6-max Seat #5 is the button
Seat 1: alexandr699 ($101.50 in chips) 
Seat 2: ponchua ($101.50 in chips) 
Seat 3: reiyser ($114 in chips) 
Seat 4: sterwes ($86.37 in chips) 
Seat 5: Nice S.P. ($102.98 in chips) 
Seat 6: Zager.v ($111.30 in chips) 
Zager.v: posts small blind $0.50
alexandr699: posts big blind $1
sterwes: posts small & big blinds $1.50
*** HOLE CARDS ***
ponchua: folds 
reiyser: raises $3 to $4
sterwes: folds 
Nice S.P.: folds 
Zager.v: folds 
alexandr699: folds 
Uncalled bet ($3) returned to reiyser
reiyser collected $4 from pot
reiyser: doesn't show hand 
*** SUMMARY ***
Total pot $4 | Rake $0 
Seat 1: alexandr699 (big blind) folded before Flop
Seat 2: ponchua folded before Flop (didn't bet)
Seat 3: reiyser collected ($4)
Seat 4: sterwes folded before Flop (didn't bet)
Seat 5: Nice S.P. (button) folded before Flop (didn't bet)
Seat 6: Zager.v (small blind) folded before Flop



PokerStars Hand #254720577562:  Hold'em No Limit ($0.50/$1.00 USD) - 2025/02/05 17:00:55 WET [2025/02/05 12:00:55 ET]
Table 'Zita II' 6-max Seat #6 is the button
Seat 1: alexandr699 ($100.50 in chips) 
Seat 2: ponchua ($101.50 in chips) 
Seat 3: reiyser ($117 in chips) 
Seat 4: sterwes ($84.87 in chips) 
Seat 5: Nice S.P. ($102.98 in chips) 
Seat 6: Zager.v ($110.80 in chips) 
alexandr699: posts small blind $0.50
ponchua: posts big blind $1
*** HOLE CARDS ***
reiyser: folds 
sterwes: folds 
Nice S.P.: folds 
Zager.v: folds 
alexandr699: folds 
Uncalled bet ($0.50) returned to ponchua
ponchua collected $1 from pot
ponchua: doesn't show hand 
*** SUMMARY ***
Total pot $1 | Rake $0 
Seat 1: alexandr699 (small blind) folded before Flop
Seat 2: ponchua (big blind) collected ($1)
Seat 3: reiyser folded before Flop (didn't bet)
Seat 4: sterwes folded before Flop (didn't bet)
Seat 5: Nice S.P. folded before Flop (didn't bet)
Seat 6: Zager.v (button) folded before Flop (didn't bet)



PokerStars Hand #254720580234:  Hold'em No Limit ($0.50/$1.00 USD) - 2025/02/05 17:01:08 WET [2025/02/05 12:01:08 ET]
Table 'Zita II' 6-max Seat #1 is the button
Seat 1: alexandr699 ($100 in chips) 
Seat 2: ponchua ($102 in chips) 
Seat 3: reiyser ($117 in chips) 
Seat 4: sterwes ($84.87 in chips) 
Seat 5: Nice S.P. ($102.98 in chips) 
Seat 6: Zager.v ($110.80 in chips) 
ponchua: posts small blind $0.50
reiyser: posts big blind $1
*** HOLE CARDS ***
sterwes: raises $2 to $3
Nice S.P.: folds 
Zager.v: raises $6.05 to $9.05
alexandr699: folds 
ponchua: folds 
reiyser: folds 
sterwes: calls $6.05
*** FLOP *** [6h 7d 6c]
sterwes: checks 
Zager.v: bets $7.45
sterwes: raises $9.45 to $16.90
Zager.v: calls $9.45
*** TURN *** [6h 7d 6c] [Jc]
sterwes: bets $58.92 and is all-in
Zager.v: calls $58.92
*** RIVER *** [6h 7d 6c Jc] [As]
*** SHOW DOWN ***
sterwes: shows [5c 8c] (a pair of Sixes)
Zager.v: shows [Kd Kh] (two pair, Kings and Sixes)
Zager.v collected $168.74 from pot
*** SUMMARY ***
Total pot $171.24 | Rake $2.50 
Board [6h 7d 6c Jc As]
Seat 1: alexandr699 (button) folded before Flop (didn't bet)
Seat 2: ponchua (small blind) folded before Flop
Seat 3: reiyser (big blind) folded before Flop
Seat 4: sterwes showed [5c 8c] and lost with a pair of Sixes
Seat 5: Nice S.P. folded before Flop (didn't bet)
Seat 6: Zager.v showed [Kd Kh] and won ($168.74) with two pair, Kings and Sixes



PokerStars Hand #254720595506:  Hold'em No Limit ($0.50/$1.00 USD) - 2025/02/05 17:02:18 WET [2025/02/05 12:02:18 ET]
Table 'Zita II' 6-max Seat #2 is the button
Seat 4: sterwes ($0 in chips) is sitting out
Seat 1: alexandr699 ($100 in chips) 
Seat 2: ponchua ($101.50 in chips) 
Seat 3: reiyser ($116 in chips) 
Seat 5: Nice S.P. ($102.98 in chips) 
Seat 6: Zager.v ($194.67 in chips) 
reiyser: posts small blind $0.50
Nice S.P.: posts big blind $1
*** HOLE CARDS ***
Zager.v: folds 
sterwes is disconnected 
alexandr699: raises $1.98 to $2.98
ponchua: folds 
reiyser: folds 
Nice S.P.: folds 
Uncalled bet ($1.98) returned to alexandr699
alexandr699 collected $2.50 from pot
alexandr699: doesn't show hand 
*** SUMMARY ***
Total pot $2.50 | Rake $0 
Seat 4: sterwes
Seat 1: alexandr699 collected ($2.50)
Seat 2: ponchua (button) folded before Flop (didn't bet)
Seat 3: reiyser (small blind) folded before Flop
Seat 5: Nice S.P. (big blind) folded before Flop
Seat 6: Zager.v folded before Flop (didn't bet)



PokerStars Hand #254720599671:  Hold'em No Limit ($0.50/$1.00 USD) - 2025/02/05 17:02:37 WET [2025/02/05 12:02:37 ET]
Table 'Zita II' 6-max Seat #3 is the button
Seat 4: sterwes ($0 in chips) is sitting out
Seat 1: alexandr699 ($101.50 in chips) 
Seat 2: ponchua ($101.50 in chips) 
Seat 3: reiyser ($115.50 in chips) 
Seat 5: Nice S.P. ($101.98 in chips) 
Seat 6: Zager.v ($194.67 in chips) 
Nice S.P.: posts small blind $0.50
Zager.v: posts big blind $1
*** HOLE CARDS ***
alexandr699: folds 
ponchua: folds 
reiyser: folds 
Nice S.P.: folds 
Uncalled bet ($0.50) returned to Zager.v
Zager.v collected $1 from pot
Zager.v: doesn't show hand 
*** SUMMARY ***
Total pot $1 | Rake $0 
Seat 4: sterwes
Seat 1: alexandr699 folded before Flop (didn't bet)
Seat 2: ponchua folded before Flop (didn't bet)
Seat 3: reiyser (button) folded before Flop (didn't bet)
Seat 5: Nice S.P. (small blind) folded before Flop
Seat 6: Zager.v (big blind) collected ($1)



PokerStars Hand #254720602771:  Hold'em No Limit ($0.50/$1.00 USD) - 2025/02/05 17:02:51 WET [2025/02/05 12:02:51 ET]
Table 'Zita II' 6-max Seat #5 is the button
Seat 4: sterwes ($0 in chips) is sitting out
Seat 1: alexandr699 ($101.50 in chips) 
Seat 2: ponchua ($101.50 in chips) 
Seat 3: reiyser ($115.50 in chips) 
Seat 5: Nice S.P. ($101.48 in chips) 
Seat 6: Zager.v ($195.17 in chips) 
Zager.v: posts small blind $0.50
alexandr699: posts big blind $1
*** HOLE CARDS ***
ponchua: folds 
reiyser: raises $1.23 to $2.23
Nice S.P.: folds 
Zager.v: folds 
alexandr699: folds 
Uncalled bet ($1.23) returned to reiyser
reiyser collected $2.50 from pot
reiyser: doesn't show hand 
*** SUMMARY ***
Total pot $2.50 | Rake $0 
Seat 4: sterwes
Seat 1: alexandr699 (big blind) folded before Flop
Seat 2: ponchua folded before Flop (didn't bet)
Seat 3: reiyser collected ($2.50)
Seat 5: Nice S.P. (button) folded before Flop (didn't bet)
Seat 6: Zager.v (small blind) folded before Flop



PokerStars Hand #254720606531:  Hold'em No Limit ($0.50/$1.00 USD) - 2025/02/05 17:03:06 WET [2025/02/05 12:03:06 ET]
Table 'Zita II' 6-max Seat #6 is the button
Seat 4: sterwes ($0 in chips) is sitting out
Seat 1: alexandr699 ($100.50 in chips) 
Seat 2: ponchua ($101.50 in chips) 
Seat 3: reiyser ($117 in chips) 
Seat 5: Nice S.P. ($101.48 in chips) 
Seat 6: Zager.v ($194.67 in chips) 
alexandr699: posts small blind $0.50
ponchua: posts big blind $1
*** HOLE CARDS ***
reiyser: folds 
Nice S.P.: folds 
Zager.v: folds 
alexandr699: raises $1.98 to $2.98
ponchua: raises $5.96 to $8.94
alexandr699: folds 
Uncalled bet ($5.96) returned to ponchua
ponchua collected $5.96 from pot
ponchua: doesn't show hand 
*** SUMMARY ***
Total pot $5.96 | Rake $0 
Seat 4: sterwes
Seat 1: alexandr699 (small blind) folded before Flop
Seat 2: ponchua (big blind) collected ($5.96)
Seat 3: reiyser folded before Flop (didn't bet)
Seat 5: Nice S.P. folded before Flop (didn't bet)
Seat 6: Zager.v (button) folded before Flop (didn't bet)



PokerStars Hand #254720617589:  Hold'em No Limit ($0.50/$1.00 USD) - 2025/02/05 17:03:54 WET [2025/02/05 12:03:54 ET]
Table 'Zita II' 6-max Seat #1 is the button
Seat 4: sterwes ($0 in chips) is sitting out
Seat 1: alexandr699 ($100 in chips) 
Seat 2: ponchua ($104.48 in chips) 
Seat 3: reiyser ($117 in chips) 
Seat 5: Nice S.P. ($101.48 in chips) 
Seat 6: Zager.v ($194.67 in chips) 
ponchua: posts small blind $0.50
reiyser: posts big blind $1
*** HOLE CARDS ***
Nice S.P.: folds 
Zager.v: folds 
alexandr699: folds 
ponchua: raises $2 to $3
reiyser: calls $2
*** FLOP *** [Qc 4s 9s]
ponchua: checks 
reiyser: checks 
*** TURN *** [Qc 4s 9s] [Kd]
ponchua: checks 
reiyser: checks 
*** RIVER *** [Qc 4s 9s Kd] [Ks]
ponchua: bets $3.82
reiyser: folds 
Uncalled bet ($3.82) returned to ponchua
ponchua collected $5.70 from pot
ponchua: doesn't show hand 
*** SUMMARY ***
Total pot $6 | Rake $0.30 
Board [Qc 4s 9s Kd Ks]
Seat 4: sterwes
Seat 1: alexandr699 (button) folded before Flop (didn't bet)
Seat 2: ponchua (small blind) collected ($5.70)
Seat 3: reiyser (big blind) folded on the River
Seat 5: Nice S.P. folded before Flop (didn't bet)
Seat 6: Zager.v folded before Flop (didn't bet)



PokerStars Hand #254720634204:  Hold'em No Limit ($0.50/$1.00 USD) - 2025/02/05 17:05:05 WET [2025/02/05 12:05:05 ET]
Table 'Zita II' 6-max Seat #3 is the button
Seat 1: alexandr699 ($100 in chips) is sitting out
Seat 4: sterwes ($0 in chips) is sitting out
Seat 5: Nice S.P. ($101.48 in chips) is sitting out
Seat 6: Zager.v ($194.67 in chips) is sitting out
Seat 2: ponchua ($107.18 in chips) 
Seat 3: reiyser ($114 in chips) 
reiyser: posts small blind $0.50
Nice S.P.: is sitting out 
Zager.v: is sitting out 
alexandr699: is sitting out 
ponchua: posts big blind $1
*** HOLE CARDS ***
Nice S.P. leaves the table
alexandr699 leaves the table
reiyser: raises $1.50 to $2.50
ponchua: folds 
Uncalled bet ($1.50) returned to reiyser
reiyser collected $2 from pot
reiyser: doesn't show hand 
EAroca joins the table at seat #1 
*** SUMMARY ***
Total pot $2 | Rake $0 
Seat 1: alexandr699
Seat 4: sterwes
Seat 5: Nice S.P.
Seat 6: Zager.v
Seat 2: ponchua (big blind) folded before Flop
Seat 3: reiyser (button) (small blind) collected ($2)



PokerStars Hand #254720636765:  Hold'em No Limit ($0.50/$1.00 USD) - 2025/02/05 17:05:16 WET [2025/02/05 12:05:16 ET]
Table 'Zita II' 6-max Seat #2 is the button
Seat 4: sterwes ($0 in chips) is sitting out
Seat 6: Zager.v ($194.67 in chips) is sitting out
Seat 1: EAroca ($100 in chips) 
Seat 2: ponchua ($106.18 in chips) 
Seat 3: reiyser ($115 in chips) 
reiyser: posts small blind $0.50
EAroca is connected 
EAroca: posts big blind $1
*** HOLE CARDS ***
ponchua: raises $1.50 to $2.50
reiyser: folds 
EAroca: calls $1.50
*** FLOP *** [Ah Ac 7c]
EAroca: checks 
ponchua: bets $1.62
EAroca: calls $1.62
*** TURN *** [Ah Ac 7c] [8h]
EAroca: checks 
ponchua: checks 
*** RIVER *** [Ah Ac 7c 8h] [As]
recinosfabian joins the table at seat #5 
recinosfabian is disconnected 
EAroca: bets $3
ponchua: calls $3
*** SHOW DOWN ***
EAroca: shows [Jc 9s] (three of a kind, Aces)
ponchua: shows [7h 9h] (a full house, Aces full of Sevens)
ponchua collected $14 from pot
*** SUMMARY ***
Total pot $14.74 | Rake $0.74 
Board [Ah Ac 7c 8h As]
Seat 4: sterwes
Seat 6: Zager.v
Seat 1: EAroca (big blind) showed [Jc 9s] and lost with three of a kind, Aces
Seat 2: ponchua (button) showed [7h 9h] and won ($14) with a full house, Aces full of Sevens
Seat 3: reiyser (small blind) folded before Flop



PokerStars Hand #254720650643:  Hold'em No Limit ($0.50/$1.00 USD) - 2025/02/05 17:06:15 WET [2025/02/05 12:06:15 ET]
Table 'Zita II' 6-max Seat #3 is the button
Seat 4: sterwes ($0 in chips) is sitting out
Seat 5: recinosfabian ($100 in chips) is sitting out
Seat 6: Zager.v ($194.67 in chips) is sitting out
Seat 1: EAroca ($100 in chips) 
Seat 2: ponchua ($113.06 in chips) 
Seat 3: reiyser ($114.50 in chips) 
EAroca: posts small blind $0.50
ponchua: posts big blind $1
*** HOLE CARDS ***
reiyser: folds 
EAroca: raises $2 to $3
ponchua: folds 
Uncalled bet ($2) returned to EAroca
EAroca collected $2 from pot
EAroca: doesn't show hand 
*** SUMMARY ***
Total pot $2 | Rake $0 
Seat 4: sterwes
Seat 5: recinosfabian
Seat 6: Zager.v
Seat 1: EAroca (small blind) collected ($2)
Seat 2: ponchua (big blind) folded before Flop
Seat 3: reiyser (button) folded before Flop (didn't bet)



PokerStars Hand #254720655022:  Hold'em No Limit ($0.50/$1.00 USD) - 2025/02/05 17:06:34 WET [2025/02/05 12:06:34 ET]
Table 'Zita II' 6-max Seat #1 is the button
Seat 4: sterwes ($0 in chips) is sitting out
Seat 6: Zager.v ($194.67 in chips) is sitting out
Seat 1: EAroca ($101 in chips) 
Seat 2: ponchua ($112.06 in chips) 
Seat 3: reiyser ($114.50 in chips) 
Seat 5: recinosfabian ($100 in chips) 
ponchua: posts small blind $0.50
reiyser: posts big blind $1
recinosfabian: posts big blind $1
Zager.v: sits out 
*** HOLE CARDS ***
recinosfabian: checks 
EAroca: raises $3 to $4
ponchua: raises $10 to $14
reiyser: folds 
recinosfabian: folds 
EAroca: folds 
Uncalled bet ($10) returned to ponchua
ponchua collected $10 from pot
ponchua: doesn't show hand 
*** SUMMARY ***
Total pot $10 | Rake $0 
Seat 4: sterwes
Seat 6: Zager.v
Seat 1: EAroca (button) folded before Flop
Seat 2: ponchua (small blind) collected ($10)
Seat 3: reiyser (big blind) folded before Flop
Seat 5: recinosfabian folded before Flop (didn't bet)



PokerStars Hand #254720665455:  Hold'em No Limit ($0.50/$1.00 USD) - 2025/02/05 17:07:18 WET [2025/02/05 12:07:18 ET]
Table 'Zita II' 6-max Seat #2 is the button
Seat 4: sterwes ($0 in chips) is sitting out
Seat 6: Zager.v ($194.67 in chips) is sitting out
Seat 1: EAroca ($100 in chips) 
Seat 2: ponchua ($118.06 in chips) 
Seat 3: reiyser ($113.50 in chips) 
Seat 5: recinosfabian ($99 in chips) 
reiyser: posts small blind $0.50
recinosfabian: posts big blind $1
Zager.v: sits out 
*** HOLE CARDS ***
EAroca: folds 
ponchua: raises $1.50 to $2.50
reiyser: folds 
recinosfabian: folds 
Uncalled bet ($1.50) returned to ponchua
ponchua collected $2.50 from pot
ponchua: doesn't show hand 
*** SUMMARY ***
Total pot $2.50 | Rake $0 
Seat 4: sterwes
Seat 6: Zager.v
Seat 1: EAroca folded before Flop (didn't bet)
Seat 2: ponchua (button) collected ($2.50)
Seat 3: reiyser (small blind) folded before Flop
Seat 5: recinosfabian (big blind) folded before Flop



PokerStars Hand #254720671298:  Hold'em No Limit ($0.50/$1.00 USD) - 2025/02/05 17:07:43 WET [2025/02/05 12:07:43 ET]
Table 'Zita II' 6-max Seat #3 is the button
Seat 4: sterwes ($0 in chips) is sitting out
Seat 1: EAroca ($100 in chips) 
Seat 2: ponchua ($119.56 in chips) 
Seat 3: reiyser ($113 in chips) 
Seat 5: recinosfabian ($98 in chips) 
Seat 6: Zager.v ($194.67 in chips) 
recinosfabian: posts small blind $0.50
Zager.v: posts big blind $1
*** HOLE CARDS ***
EAroca: raises $1 to $2
ponchua: folds 
reiyser: folds 
recinosfabian: raises $3 to $5
Zager.v: folds 
EAroca: calls $3
*** FLOP *** [7h 2h Ac]
recinosfabian: checks 
EAroca: checks 
*** TURN *** [7h 2h Ac] [Ad]
recinosfabian: checks 
EAroca: bets $7
recinosfabian: raises $7 to $14
EAroca: folds 
Uncalled bet ($7) returned to recinosfabian
recinosfabian collected $23.75 from pot
*** SUMMARY ***
Total pot $25 | Rake $1.25 
Board [7h 2h Ac Ad]
Seat 4: sterwes
Seat 1: EAroca folded on the Turn
Seat 2: ponchua folded before Flop (didn't bet)
Seat 3: reiyser (button) folded before Flop (didn't bet)
Seat 5: recinosfabian (small blind) collected ($23.75)
Seat 6: Zager.v (big blind) folded before Flop



PokerStars Hand #254720689962:  Hold'em No Limit ($0.50/$1.00 USD) - 2025/02/05 17:09:02 WET [2025/02/05 12:09:02 ET]
Table 'Zita II' 6-max Seat #5 is the button
Seat 4: sterwes ($0 in chips) is sitting out
Seat 1: EAroca ($100 in chips) 
Seat 2: ponchua ($119.56 in chips) 
Seat 3: reiyser ($113 in chips) 
Seat 5: recinosfabian ($109.75 in chips) 
Seat 6: Zager.v ($193.67 in chips) 
Zager.v: posts small blind $0.50
EAroca: posts big blind $1
*** HOLE CARDS ***
ponchua: folds 
reiyser: raises $1.23 to $2.23
recinosfabian: raises $6.77 to $9
Zager.v: folds 
EAroca: folds 
reiyser: folds 
Uncalled bet ($6.77) returned to recinosfabian
recinosfabian collected $5.96 from pot
*** SUMMARY ***
Total pot $5.96 | Rake $0 
Seat 4: sterwes
Seat 1: EAroca (big blind) folded before Flop
Seat 2: ponchua folded before Flop (didn't bet)
Seat 3: reiyser folded before Flop
Seat 5: recinosfabian (button) collected ($5.96)
Seat 6: Zager.v (small blind) folded before Flop



PokerStars Hand #254720696467:  Hold'em No Limit ($0.50/$1.00 USD) - 2025/02/05 17:09:30 WET [2025/02/05 12:09:30 ET]
Table 'Zita II' 6-max Seat #6 is the button
Seat 4: sterwes ($0 in chips) is sitting out
Seat 1: EAroca ($100 in chips) 
Seat 2: ponchua ($119.56 in chips) 
Seat 3: reiyser ($110.77 in chips) 
Seat 5: recinosfabian ($113.48 in chips) 
Seat 6: Zager.v ($193.17 in chips) 
EAroca: posts small blind $0.50
ponchua: posts big blind $1
*** HOLE CARDS ***
reiyser: folds 
recinosfabian: calls $1
Zager.v: folds 
EAroca: folds 
ponchua: checks 
*** FLOP *** [Js 8h Ad]
ponchua: checks 
recinosfabian: bets $1
ponchua: folds 
Uncalled bet ($1) returned to recinosfabian
recinosfabian collected $2.38 from pot
*** SUMMARY ***
Total pot $2.50 | Rake $0.12 
Board [Js 8h Ad]
Seat 4: sterwes
Seat 1: EAroca (small blind) folded before Flop
Seat 2: ponchua (big blind) folded on the Flop
Seat 3: reiyser folded before Flop (didn't bet)
Seat 5: recinosfabian collected ($2.38)
Seat 6: Zager.v (button) folded before Flop (didn't bet)



PokerStars Hand #254720704873:  Hold'em No Limit ($0.50/$1.00 USD) - 2025/02/05 17:10:05 WET [2025/02/05 12:10:05 ET]
Table 'Zita II' 6-max Seat #1 is the button
Seat 4: sterwes ($0 in chips) is sitting out
Seat 1: EAroca ($100 in chips) 
Seat 2: ponchua ($118.56 in chips) 
Seat 3: reiyser ($110.77 in chips) 
Seat 5: recinosfabian ($114.86 in chips) 
Seat 6: Zager.v ($193.17 in chips) 
ponchua: posts small blind $0.50
reiyser: posts big blind $1
*** HOLE CARDS ***
recinosfabian: calls $1
Zager.v: folds 
EAroca: folds 
ponchua: raises $3 to $4
reiyser: folds 
recinosfabian: calls $3
*** FLOP *** [Qh Tc 6h]
ponchua: bets $2.65
recinosfabian: folds 
Uncalled bet ($2.65) returned to ponchua
ponchua collected $8.55 from pot
ponchua: doesn't show hand 
*** SUMMARY ***
Total pot $9 | Rake $0.45 
Board [Qh Tc 6h]
Seat 4: sterwes
Seat 1: EAroca (button) folded before Flop (didn't bet)
Seat 2: ponchua (small blind) collected ($8.55)
Seat 3: reiyser (big blind) folded before Flop
Seat 5: recinosfabian folded on the Flop
Seat 6: Zager.v folded before Flop (didn't bet)



PokerStars Hand #254720715232:  Hold'em No Limit ($0.50/$1.00 USD) - 2025/02/05 17:10:48 WET [2025/02/05 12:10:48 ET]
Table 'Zita II' 6-max Seat #2 is the button
Seat 4: sterwes ($0 in chips) is sitting out
Seat 1: EAroca ($100 in chips) 
Seat 2: ponchua ($123.11 in chips) 
Seat 3: reiyser ($109.77 in chips) 
Seat 5: recinosfabian ($110.86 in chips) 
Seat 6: Zager.v ($193.17 in chips) 
reiyser: posts small blind $0.50
recinosfabian: posts big blind $1
*** HOLE CARDS ***
Zager.v: folds 
EAroca: folds 
ponchua: raises $1.50 to $2.50
reiyser: folds 
recinosfabian: calls $1.50
*** FLOP *** [Td Ac 4c]
recinosfabian: bets $1
ponchua: calls $1
*** TURN *** [Td Ac 4c] [As]
recinosfabian: checks 
ponchua: bets $5.20
recinosfabian: raises $5.20 to $10.40
ponchua: calls $5.20
*** RIVER *** [Td Ac 4c As] [9h]
recinosfabian: bets $96.96 and is all-in
ponchua: folds 
Uncalled bet ($96.96) returned to recinosfabian
recinosfabian collected $26.88 from pot
sterwes leaves the table
*** SUMMARY ***
Total pot $28.30 | Rake $1.42 
Board [Td Ac 4c As 9h]
Seat 4: sterwes
Seat 1: EAroca folded before Flop (didn't bet)
Seat 2: ponchua (button) folded on the River
Seat 3: reiyser (small blind) folded before Flop
Seat 5: recinosfabian (big blind) collected ($26.88)
Seat 6: Zager.v folded before Flop (didn't bet)



PokerStars Hand #254720737641:  Hold'em No Limit ($0.50/$1.00 USD) - 2025/02/05 17:12:20 WET [2025/02/05 12:12:20 ET]
Table 'Zita II' 6-max Seat #3 is the button
Seat 1: EAroca ($100 in chips) 
Seat 2: ponchua ($109.21 in chips) 
Seat 3: reiyser ($109.27 in chips) 
Seat 5: recinosfabian ($123.84 in chips) 
Seat 6: Zager.v ($193.17 in chips) 
recinosfabian: posts small blind $0.50
Zager.v: posts big blind $1
*** HOLE CARDS ***
EAroca: folds 
vadjkeee joins the table at seat #4 
ponchua: folds 
reiyser: folds 
recinosfabian: calls $0.50
Zager.v: checks 
*** FLOP *** [6c 9s 2d]
recinosfabian: checks 
Zager.v: checks 
*** TURN *** [6c 9s 2d] [9c]
recinosfabian: checks 
Zager.v: checks 
*** RIVER *** [6c 9s 2d 9c] [5h]
recinosfabian: checks 
Zager.v: bets $1
recinosfabian: folds 
Uncalled bet ($1) returned to Zager.v
Zager.v collected $1.90 from pot
Zager.v: doesn't show hand 
*** SUMMARY ***
Total pot $2 | Rake $0.10 
Board [6c 9s 2d 9c 5h]
Seat 1: EAroca folded before Flop (didn't bet)
Seat 2: ponchua folded before Flop (didn't bet)
Seat 3: reiyser (button) folded before Flop (didn't bet)
Seat 5: recinosfabian (small blind) folded on the River
Seat 6: Zager.v (big blind) collected ($1.90)



PokerStars Hand #254720748437:  Hold'em No Limit ($0.50/$1.00 USD) - 2025/02/05 17:13:05 WET [2025/02/05 12:13:05 ET]
Table 'Zita II' 6-max Seat #5 is the button
Seat 4: vadjkeee ($100 in chips) is sitting out
Seat 1: EAroca ($100 in chips) 
Seat 2: ponchua ($109.21 in chips) 
Seat 3: reiyser ($109.27 in chips) 
Seat 5: recinosfabian ($122.84 in chips) 
Seat 6: Zager.v ($194.07 in chips) 
Zager.v: posts small blind $0.50
EAroca: posts big blind $1
vadjkeee: sits out 
*** HOLE CARDS ***
ponchua: folds 
reiyser: folds 
recinosfabian: calls $1
Zager.v: folds 
EAroca: checks 
*** FLOP *** [Jd 6d 3d]
EAroca: checks 
recinosfabian: checks 
*** TURN *** [Jd 6d 3d] [5c]
EAroca: bets $1.59
recinosfabian: folds 
Uncalled bet ($1.59) returned to EAroca
EAroca collected $2.38 from pot
EAroca: doesn't show hand 
*** SUMMARY ***
Total pot $2.50 | Rake $0.12 
Board [Jd 6d 3d 5c]
Seat 4: vadjkeee
Seat 1: EAroca (big blind) collected ($2.38)
Seat 2: ponchua folded before Flop (didn't bet)
Seat 3: reiyser folded before Flop (didn't bet)
Seat 5: recinosfabian (button) folded on the Turn
Seat 6: Zager.v (small blind) folded before Flop



PokerStars Hand #254720757893:  Hold'em No Limit ($0.50/$1.00 USD) - 2025/02/05 17:13:43 WET [2025/02/05 12:13:43 ET]
Table 'Zita II' 6-max Seat #6 is the button
Seat 4: vadjkeee ($100 in chips) is sitting out
Seat 1: EAroca ($101.38 in chips) 
Seat 2: ponchua ($109.21 in chips) 
Seat 3: reiyser ($109.27 in chips) 
Seat 5: recinosfabian ($121.84 in chips) 
Seat 6: Zager.v ($193.57 in chips) 
EAroca: posts small blind $0.50
ponchua: posts big blind $1
vadjkeee: sits out 
*** HOLE CARDS ***
reiyser: folds 
recinosfabian: calls $1
Zager.v: folds 
EAroca: raises $4.50 to $5.50
ponchua: raises $9.50 to $15
recinosfabian: folds 
EAroca: calls $9.50
*** FLOP *** [3s 2d 8h]
EAroca: checks 
ponchua: bets $8.84
EAroca: calls $8.84
*** TURN *** [3s 2d 8h] [9h]
EAroca: checks 
ponchua: bets $23.59
EAroca: raises $53.95 to $77.54 and is all-in
ponchua: folds 
Uncalled bet ($53.95) returned to EAroca
EAroca collected $93.36 from pot
EAroca: doesn't show hand 
*** SUMMARY ***
Total pot $95.86 | Rake $2.50 
Board [3s 2d 8h 9h]
Seat 4: vadjkeee
Seat 1: EAroca (small blind) collected ($93.36)
Seat 2: ponchua (big blind) folded on the Turn
Seat 3: reiyser folded before Flop (didn't bet)
Seat 5: recinosfabian folded before Flop
Seat 6: Zager.v (button) folded before Flop (didn't bet)



PokerStars Hand #254720787040:  Hold'em No Limit ($0.50/$1.00 USD) - 2025/02/05 17:15:42 WET [2025/02/05 12:15:42 ET]
Table 'Zita II' 6-max Seat #1 is the button
Seat 4: vadjkeee ($100 in chips) is sitting out
Seat 1: EAroca ($147.31 in chips) 
Seat 2: ponchua ($100 in chips) 
Seat 3: reiyser ($109.27 in chips) 
Seat 5: recinosfabian ($120.84 in chips) 
Seat 6: Zager.v ($193.57 in chips) 
ponchua: posts small blind $0.50
reiyser: posts big blind $1
vadjkeee: sits out 
*** HOLE CARDS ***
recinosfabian: folds 
Zager.v: folds 
EAroca: raises $1.50 to $2.50
ponchua: folds 
reiyser: folds 
Uncalled bet ($1.50) returned to EAroca
EAroca collected $2.50 from pot
EAroca: doesn't show hand 
*** SUMMARY ***
Total pot $2.50 | Rake $0 
Seat 4: vadjkeee
Seat 1: EAroca (button) collected ($2.50)
Seat 2: ponchua (small blind) folded before Flop
Seat 3: reiyser (big blind) folded before Flop
Seat 5: recinosfabian folded before Flop (didn't bet)
Seat 6: Zager.v folded before Flop (didn't bet)



PokerStars Hand #254720792937:  Hold'em No Limit ($0.50/$1.00 USD) - 2025/02/05 17:16:05 WET [2025/02/05 12:16:05 ET]
Table 'Zita II' 6-max Seat #2 is the button
Seat 1: EAroca ($148.81 in chips) 
Seat 2: ponchua ($100 in chips) 
Seat 3: reiyser ($108.27 in chips) 
Seat 4: vadjkeee ($100 in chips) 
Seat 5: recinosfabian ($120.84 in chips) 
Seat 6: Zager.v ($193.57 in chips) 
reiyser: posts small blind $0.50
vadjkeee: posts big blind $1
*** HOLE CARDS ***
recinosfabian: calls $1
Zager.v: raises $3.35 to $4.35
EAroca: raises $10.15 to $14.50
ponchua: folds 
reiyser: folds 
vadjkeee: folds 
recinosfabian: raises $10.15 to $24.65
Zager.v: folds 
EAroca: calls $10.15
*** FLOP *** [4h Qc 3h]
recinosfabian: bets $18
EAroca: calls $18
*** TURN *** [4h Qc 3h] [2s]
recinosfabian: bets $21
EAroca: calls $21
*** RIVER *** [4h Qc 3h 2s] [4s]
recinosfabian: bets $57.19 and is all-in
EAroca: calls $57.19
*** SHOW DOWN ***
recinosfabian: shows [8h 8d] (two pair, Eights and Fours)
EAroca: shows [5c Ac] (a straight, Ace to Five)
EAroca collected $245.03 from pot
*** SUMMARY ***
Total pot $247.53 | Rake $2.50 
Board [4h Qc 3h 2s 4s]
Seat 1: EAroca showed [5c Ac] and won ($245.03) with a straight, Ace to Five
Seat 2: ponchua (button) folded before Flop (didn't bet)
Seat 3: reiyser (small blind) folded before Flop
Seat 4: vadjkeee (big blind) folded before Flop
Seat 5: recinosfabian showed [8h 8d] and lost with two pair, Eights and Fours
Seat 6: Zager.v folded before Flop



PokerStars Hand #254720823489:  Hold'em No Limit ($0.50/$1.00 USD) - 2025/02/05 17:18:09 WET [2025/02/05 12:18:09 ET]
Table 'Zita II' 6-max Seat #3 is the button
Seat 5: recinosfabian ($0 in chips) is sitting out
Seat 1: EAroca ($273 in chips) 
Seat 2: ponchua ($100 in chips) 
Seat 3: reiyser ($107.77 in chips) 
Seat 4: vadjkeee ($100 in chips) 
Seat 6: Zager.v ($189.22 in chips) 
vadjkeee: posts small blind $0.50
Zager.v: posts big blind $1
*** HOLE CARDS ***
EAroca: folds 
ponchua: folds 
recinosfabian leaves the table
reiyser: folds 
vadjkeee: folds 
Uncalled bet ($0.50) returned to Zager.v
ponchua leaves the table
Zager.v collected $1 from pot
Zager.v: doesn't show hand 
*** SUMMARY ***
Total pot $1 | Rake $0 
Seat 5: recinosfabian
Seat 1: EAroca folded before Flop (didn't bet)
Seat 2: ponchua folded before Flop (didn't bet)
Seat 3: reiyser (button) folded before Flop (didn't bet)
Seat 4: vadjkeee (small blind) folded before Flop
Seat 6: Zager.v (big blind) collected ($1)



PokerStars Hand #254720826351:  Hold'em No Limit ($0.50/$1.00 USD) - 2025/02/05 17:18:20 WET [2025/02/05 12:18:20 ET]
Table 'Zita II' 6-max Seat #4 is the button
Seat 1: EAroca ($273 in chips) 
Seat 3: reiyser ($107.77 in chips) 
Seat 4: vadjkeee ($100 in chips) 
Seat 6: Zager.v ($189.72 in chips) 
Zager.v: posts small blind $0.50
EAroca: posts big blind $1
*** HOLE CARDS ***
reiyser: folds 
vadjkeee: folds 
Zager.v: raises $2.10 to $3.10
EAroca: calls $2.10
*** FLOP *** [6h 9s 7h]
Zager.v: checks 
EAroca: checks 
*** TURN *** [6h 9s 7h] [9c]
Zager.v: checks 
reiyser leaves the table
EAroca: bets $2.36
Zager.v: folds 
Uncalled bet ($2.36) returned to EAroca
Zager.v leaves the table
EAroca collected $5.89 from pot
EAroca: doesn't show hand 
*** SUMMARY ***
Total pot $6.20 | Rake $0.31 
Board [6h 9s 7h 9c]
Seat 1: EAroca (big blind) collected ($5.89)
Seat 3: reiyser folded before Flop (didn't bet)
Seat 4: vadjkeee (button) folded before Flop (didn't bet)
Seat 6: Zager.v (small blind) folded on the Turn



