PokerStars Hand #254718432771:  Hold'em No Limit ($0.50/$1.00 USD) - 2025/02/05 14:00:27 WET [2025/02/05 9:00:27 ET]
Table 'Gabriella II' 6-max Seat #6 is the button
Seat 3: Raimondas09 ($35.78 in chips) is sitting out
Seat 4: hshas ($100 in chips) is sitting out
Seat 1: Loco Crazy07 ($106.02 in chips) 
Seat 2: LeaveItYeah ($100 in chips) 
Seat 6: habib beye ($100 in chips) 
Loco Crazy07: posts small blind $0.50
LeaveItYeah: posts big blind $1
Raimondas09: sits out 
hshas: sits out 
*** HOLE CARDS ***
Rdalonso joins the table at seat #5 
habib beye: raises $1.50 to $2.50
Loco Crazy07: folds 
LeaveItYeah: raises $10.50 to $13
habib beye: calls $10.50
*** FLOP *** [9s Kd 7h]
LeaveItYeah: bets $12.75
habib beye: folds 
Uncalled bet ($12.75) returned to LeaveItYeah
LeaveItYeah collected $25.50 from pot
LeaveItYeah: doesn't show hand 
*** SUMMARY ***
Total pot $26.50 | Rake $1 
Board [9s Kd 7h]
Seat 3: Raimondas09
Seat 4: hshas
Seat 1: Loco Crazy07 (small blind) folded before Flop
Seat 2: LeaveItYeah (big blind) collected ($25.50)
Seat 6: habib beye (button) folded on the Flop



PokerStars Hand #254718439288:  Hold'em No Limit ($0.50/$1.00 USD) - 2025/02/05 14:01:09 WET [2025/02/05 9:01:09 ET]
Table 'Gabriella II' 6-max Seat #1 is the button
Seat 4: hshas ($100 in chips) is sitting out
Seat 5: Rdalonso ($100 in chips) is sitting out
Seat 1: Loco Crazy07 ($105.52 in chips) 
Seat 2: LeaveItYeah ($112.50 in chips) 
Seat 3: Raimondas09 ($35.78 in chips) 
Seat 6: habib beye ($100 in chips) 
LeaveItYeah: posts small blind $0.50
Raimondas09: posts big blind $1
hshas: sits out 
Rdalonso: sits out 
*** HOLE CARDS ***
habib beye: raises $1.30 to $2.30
Loco Crazy07: folds 
LeaveItYeah: folds 
Raimondas09: folds 
Uncalled bet ($1.30) returned to habib beye
habib beye collected $2.50 from pot
*** SUMMARY ***
Total pot $2.50 | Rake $0 
Seat 4: hshas
Seat 5: Rdalonso
Seat 1: Loco Crazy07 (button) folded before Flop (didn't bet)
Seat 2: LeaveItYeah (small blind) folded before Flop
Seat 3: Raimondas09 (big blind) folded before Flop
Seat 6: habib beye collected ($2.50)



PokerStars Hand #254718443468:  Hold'em No Limit ($0.50/$1.00 USD) - 2025/02/05 14:01:34 WET [2025/02/05 9:01:34 ET]
Table 'Gabriella II' 6-max Seat #2 is the button
Seat 5: Rdalonso ($100 in chips) is sitting out
Seat 1: Loco Crazy07 ($105.52 in chips) 
Seat 2: LeaveItYeah ($112 in chips) 
Seat 3: Raimondas09 ($34.78 in chips) 
Seat 4: hshas ($100 in chips) 
Seat 6: habib beye ($101.50 in chips) 
Raimondas09: posts small blind $0.50
hshas: posts big blind $1
Rdalonso: sits out 
*** HOLE CARDS ***
habib beye: folds 
Loco Crazy07: folds 
LeaveItYeah: raises $1.50 to $2.50
Raimondas09: calls $2
hshas: calls $1.50
*** FLOP *** [Tc 8h 3s]
Raimondas09: checks 
hshas: checks 
LeaveItYeah: checks 
*** TURN *** [Tc 8h 3s] [As]
Raimondas09: checks 
hshas: checks 
LeaveItYeah: checks 
*** RIVER *** [Tc 8h 3s As] [9c]
Raimondas09: bets $3.56
hshas: folds 
LeaveItYeah: folds 
Uncalled bet ($3.56) returned to Raimondas09
Raimondas09 collected $7.12 from pot
*** SUMMARY ***
Total pot $7.50 | Rake $0.38 
Board [Tc 8h 3s As 9c]
Seat 5: Rdalonso
Seat 1: Loco Crazy07 folded before Flop (didn't bet)
Seat 2: LeaveItYeah (button) folded on the River
Seat 3: Raimondas09 (small blind) collected ($7.12)
Seat 4: hshas (big blind) folded on the River
Seat 6: habib beye folded before Flop (didn't bet)



PokerStars Hand #254718455995:  Hold'em No Limit ($0.50/$1.00 USD) - 2025/02/05 14:02:47 WET [2025/02/05 9:02:47 ET]
Table 'Gabriella II' 6-max Seat #3 is the button
Seat 1: Loco Crazy07 ($105.52 in chips) 
Seat 2: LeaveItYeah ($109.50 in chips) 
Seat 3: Raimondas09 ($39.40 in chips) 
Seat 4: hshas ($100 in chips) 
Seat 5: Rdalonso ($100 in chips) 
Seat 6: habib beye ($101.50 in chips) 
hshas: posts small blind $0.50
Rdalonso: posts big blind $1
*** HOLE CARDS ***
habib beye: folds 
Loco Crazy07: raises $1 to $2
LeaveItYeah: raises $4.50 to $6.50
Raimondas09: folds 
hshas: folds 
Rdalonso: folds 
Loco Crazy07: folds 
Uncalled bet ($4.50) returned to LeaveItYeah
LeaveItYeah collected $5.50 from pot
LeaveItYeah: doesn't show hand 
*** SUMMARY ***
Total pot $5.50 | Rake $0 
Seat 1: Loco Crazy07 folded before Flop
Seat 2: LeaveItYeah collected ($5.50)
Seat 3: Raimondas09 (button) folded before Flop (didn't bet)
Seat 4: hshas (small blind) folded before Flop
Seat 5: Rdalonso (big blind) folded before Flop
Seat 6: habib beye folded before Flop (didn't bet)



PokerStars Hand #254718462806:  Hold'em No Limit ($0.50/$1.00 USD) - 2025/02/05 14:03:27 WET [2025/02/05 9:03:27 ET]
Table 'Gabriella II' 6-max Seat #4 is the button
Seat 1: Loco Crazy07 ($103.52 in chips) 
Seat 2: LeaveItYeah ($113 in chips) 
Seat 3: Raimondas09 ($39.40 in chips) 
Seat 4: hshas ($100 in chips) 
Seat 5: Rdalonso ($100 in chips) 
Seat 6: habib beye ($101.50 in chips) 
Rdalonso: posts small blind $0.50
habib beye: posts big blind $1
*** HOLE CARDS ***
Loco Crazy07: folds 
LeaveItYeah: raises $1.10 to $2.10
Raimondas09: folds 
hshas: folds 
Rdalonso: folds 
habib beye: folds 
Uncalled bet ($1.10) returned to LeaveItYeah
LeaveItYeah collected $2.50 from pot
LeaveItYeah: doesn't show hand 
*** SUMMARY ***
Total pot $2.50 | Rake $0 
Seat 1: Loco Crazy07 folded before Flop (didn't bet)
Seat 2: LeaveItYeah collected ($2.50)
Seat 3: Raimondas09 folded before Flop (didn't bet)
Seat 4: hshas (button) folded before Flop (didn't bet)
Seat 5: Rdalonso (small blind) folded before Flop
Seat 6: habib beye (big blind) folded before Flop



PokerStars Hand #254718467112:  Hold'em No Limit ($0.50/$1.00 USD) - 2025/02/05 14:03:52 WET [2025/02/05 9:03:52 ET]
Table 'Gabriella II' 6-max Seat #5 is the button
Seat 1: Loco Crazy07 ($103.52 in chips) 
Seat 2: LeaveItYeah ($114.50 in chips) 
Seat 3: Raimondas09 ($39.40 in chips) 
Seat 4: hshas ($100 in chips) 
Seat 5: Rdalonso ($100 in chips) 
Seat 6: habib beye ($100.50 in chips) 
habib beye: posts small blind $0.50
Loco Crazy07: posts big blind $1
*** HOLE CARDS ***
LeaveItYeah: folds 
Raimondas09: calls $1
hshas: folds 
Rdalonso: folds 
habib beye: calls $0.50
Loco Crazy07: checks 
*** FLOP *** [6h 2h 7h]
habib beye: checks 
Loco Crazy07: checks 
Raimondas09: bets $1.43
habib beye: folds 
Loco Crazy07: calls $1.43
*** TURN *** [6h 2h 7h] [Ac]
Loco Crazy07: checks 
Raimondas09: bets $2
Loco Crazy07: calls $2
*** RIVER *** [6h 2h 7h Ac] [6c]
Loco Crazy07: bets $11.24
Raimondas09: folds 
Uncalled bet ($11.24) returned to Loco Crazy07
Loco Crazy07 collected $9.37 from pot
Loco Crazy07: doesn't show hand 
*** SUMMARY ***
Total pot $9.86 | Rake $0.49 
Board [6h 2h 7h Ac 6c]
Seat 1: Loco Crazy07 (big blind) collected ($9.37)
Seat 2: LeaveItYeah folded before Flop (didn't bet)
Seat 3: Raimondas09 folded on the River
Seat 4: hshas folded before Flop (didn't bet)
Seat 5: Rdalonso (button) folded before Flop (didn't bet)
Seat 6: habib beye (small blind) folded on the Flop



PokerStars Hand #254718486132:  Hold'em No Limit ($0.50/$1.00 USD) - 2025/02/05 14:05:44 WET [2025/02/05 9:05:44 ET]
Table 'Gabriella II' 6-max Seat #6 is the button
Seat 1: Loco Crazy07 ($108.46 in chips) 
Seat 2: LeaveItYeah ($114.50 in chips) 
Seat 3: Raimondas09 ($34.97 in chips) 
Seat 4: hshas ($100 in chips) 
Seat 5: Rdalonso ($100 in chips) 
Seat 6: habib beye ($100 in chips) 
Loco Crazy07: posts small blind $0.50
LeaveItYeah: posts big blind $1
*** HOLE CARDS ***
Raimondas09: folds 
hshas: raises $1.25 to $2.25
Rdalonso: folds 
habib beye: folds 
Loco Crazy07: raises $9.75 to $12
LeaveItYeah: folds 
hshas: raises $12 to $24
Loco Crazy07: calls $12
*** FLOP *** [7h 9h Jh]
Loco Crazy07: checks 
hshas: checks 
*** TURN *** [7h 9h Jh] [2d]
Loco Crazy07: bets $13.50
hshas: calls $13.50
*** RIVER *** [7h 9h Jh 2d] [2c]
Loco Crazy07: bets $70.96 and is all-in
hshas: folds 
Uncalled bet ($70.96) returned to Loco Crazy07
Loco Crazy07 collected $73.50 from pot
Loco Crazy07: doesn't show hand 
*** SUMMARY ***
Total pot $76 | Rake $2.50 
Board [7h 9h Jh 2d 2c]
Seat 1: Loco Crazy07 (small blind) collected ($73.50)
Seat 2: LeaveItYeah (big blind) folded before Flop
Seat 3: Raimondas09 folded before Flop (didn't bet)
Seat 4: hshas folded on the River
Seat 5: Rdalonso folded before Flop (didn't bet)
Seat 6: habib beye (button) folded before Flop (didn't bet)



PokerStars Hand #254718511311:  Hold'em No Limit ($0.50/$1.00 USD) - 2025/02/05 14:08:11 WET [2025/02/05 9:08:11 ET]
Table 'Gabriella II' 6-max Seat #1 is the button
Seat 1: Loco Crazy07 ($144.46 in chips) 
Seat 2: LeaveItYeah ($113.50 in chips) 
Seat 3: Raimondas09 ($34.97 in chips) 
Seat 4: hshas ($100 in chips) 
Seat 5: Rdalonso ($100 in chips) 
Seat 6: habib beye ($100 in chips) 
LeaveItYeah: posts small blind $0.50
Raimondas09: posts big blind $1
*** HOLE CARDS ***
hshas: folds 
Rdalonso: folds 
habib beye: raises $1.30 to $2.30
Loco Crazy07: folds 
LeaveItYeah: folds 
Raimondas09: folds 
Uncalled bet ($1.30) returned to habib beye
habib beye collected $2.50 from pot
*** SUMMARY ***
Total pot $2.50 | Rake $0 
Seat 1: Loco Crazy07 (button) folded before Flop (didn't bet)
Seat 2: LeaveItYeah (small blind) folded before Flop
Seat 3: Raimondas09 (big blind) folded before Flop
Seat 4: hshas folded before Flop (didn't bet)
Seat 5: Rdalonso folded before Flop (didn't bet)
Seat 6: habib beye collected ($2.50)



PokerStars Hand #254718515773:  Hold'em No Limit ($0.50/$1.00 USD) - 2025/02/05 14:08:38 WET [2025/02/05 9:08:38 ET]
Table 'Gabriella II' 6-max Seat #2 is the button
Seat 1: Loco Crazy07 ($144.46 in chips) 
Seat 2: LeaveItYeah ($113 in chips) 
Seat 3: Raimondas09 ($33.97 in chips) 
Seat 4: hshas ($100 in chips) 
Seat 5: Rdalonso ($100 in chips) 
Seat 6: habib beye ($101.50 in chips) 
Raimondas09: posts small blind $0.50
hshas: posts big blind $1
*** HOLE CARDS ***
Rdalonso: folds 
habib beye: folds 
Loco Crazy07: folds 
LeaveItYeah: folds 
Raimondas09: folds 
Uncalled bet ($0.50) returned to hshas
hshas collected $1 from pot
hshas: doesn't show hand 
*** SUMMARY ***
Total pot $1 | Rake $0 
Seat 1: Loco Crazy07 folded before Flop (didn't bet)
Seat 2: LeaveItYeah (button) folded before Flop (didn't bet)
Seat 3: Raimondas09 (small blind) folded before Flop
Seat 4: hshas (big blind) collected ($1)
Seat 5: Rdalonso folded before Flop (didn't bet)
Seat 6: habib beye folded before Flop (didn't bet)



PokerStars Hand #254718517665:  Hold'em No Limit ($0.50/$1.00 USD) - 2025/02/05 14:08:49 WET [2025/02/05 9:08:49 ET]
Table 'Gabriella II' 6-max Seat #3 is the button
Seat 1: Loco Crazy07 ($144.46 in chips) 
Seat 2: LeaveItYeah ($113 in chips) 
Seat 3: Raimondas09 ($33.47 in chips) 
Seat 4: hshas ($100.50 in chips) 
Seat 5: Rdalonso ($100 in chips) 
Seat 6: habib beye ($101.50 in chips) 
hshas: posts small blind $0.50
Rdalonso: posts big blind $1
*** HOLE CARDS ***
habib beye: folds 
Loco Crazy07: folds 
LeaveItYeah: folds 
Raimondas09: folds 
hshas: folds 
Uncalled bet ($0.50) returned to Rdalonso
Rdalonso collected $1 from pot
Rdalonso: doesn't show hand 
*** SUMMARY ***
Total pot $1 | Rake $0 
Seat 1: Loco Crazy07 folded before Flop (didn't bet)
Seat 2: LeaveItYeah folded before Flop (didn't bet)
Seat 3: Raimondas09 (button) folded before Flop (didn't bet)
Seat 4: hshas (small blind) folded before Flop
Seat 5: Rdalonso (big blind) collected ($1)
Seat 6: habib beye folded before Flop (didn't bet)



PokerStars Hand #254718521457:  Hold'em No Limit ($0.50/$1.00 USD) - 2025/02/05 14:09:10 WET [2025/02/05 9:09:10 ET]
Table 'Gabriella II' 6-max Seat #4 is the button
Seat 1: Loco Crazy07 ($144.46 in chips) 
Seat 2: LeaveItYeah ($113 in chips) 
Seat 3: Raimondas09 ($33.47 in chips) 
Seat 4: hshas ($100 in chips) 
Seat 5: Rdalonso ($100.50 in chips) 
Seat 6: habib beye ($101.50 in chips) 
Rdalonso: posts small blind $0.50
habib beye: posts big blind $1
*** HOLE CARDS ***
Loco Crazy07: folds 
LeaveItYeah: folds 
Raimondas09: calls $1
hshas: folds 
Rdalonso: folds 
habib beye: checks 
*** FLOP *** [7s Qh 6d]
habib beye: checks 
Raimondas09: checks 
*** TURN *** [7s Qh 6d] [Td]
habib beye: checks 
Raimondas09: bets $2.19
habib beye: folds 
Uncalled bet ($2.19) returned to Raimondas09
Raimondas09 collected $2.38 from pot
*** SUMMARY ***
Total pot $2.50 | Rake $0.12 
Board [7s Qh 6d Td]
Seat 1: Loco Crazy07 folded before Flop (didn't bet)
Seat 2: LeaveItYeah folded before Flop (didn't bet)
Seat 3: Raimondas09 collected ($2.38)
Seat 4: hshas (button) folded before Flop (didn't bet)
Seat 5: Rdalonso (small blind) folded before Flop
Seat 6: habib beye (big blind) folded on the Turn



PokerStars Hand #254718528359:  Hold'em No Limit ($0.50/$1.00 USD) - 2025/02/05 14:09:50 WET [2025/02/05 9:09:50 ET]
Table 'Gabriella II' 6-max Seat #5 is the button
Seat 1: Loco Crazy07 ($144.46 in chips) 
Seat 2: LeaveItYeah ($113 in chips) 
Seat 3: Raimondas09 ($34.85 in chips) 
Seat 4: hshas ($100 in chips) 
Seat 5: Rdalonso ($100 in chips) 
Seat 6: habib beye ($100.50 in chips) 
habib beye: posts small blind $0.50
Loco Crazy07: posts big blind $1
*** HOLE CARDS ***
LeaveItYeah: folds 
Raimondas09: calls $1
hshas: folds 
Rdalonso: raises $4 to $5
habib beye: folds 
Loco Crazy07: folds 
Raimondas09: calls $4
*** FLOP *** [3d Js Ad]
Raimondas09: checks 
Rdalonso: bets $3.60
Raimondas09: calls $3.60
*** TURN *** [3d Js Ad] [7d]
Raimondas09: checks 
Rdalonso: checks 
*** RIVER *** [3d Js Ad 7d] [Th]
Raimondas09: checks 
Rdalonso: checks 
*** SHOW DOWN ***
Raimondas09: shows [Ac 6d] (a pair of Aces)
Rdalonso: mucks hand 
Raimondas09 collected $17.76 from pot
*** SUMMARY ***
Total pot $18.70 | Rake $0.94 
Board [3d Js Ad 7d Th]
Seat 1: Loco Crazy07 (big blind) folded before Flop
Seat 2: LeaveItYeah folded before Flop (didn't bet)
Seat 3: Raimondas09 showed [Ac 6d] and won ($17.76) with a pair of Aces
Seat 4: hshas folded before Flop (didn't bet)
Seat 5: Rdalonso (button) mucked
Seat 6: habib beye (small blind) folded before Flop



PokerStars Hand #254718539314:  Hold'em No Limit ($0.50/$1.00 USD) - 2025/02/05 14:10:53 WET [2025/02/05 9:10:53 ET]
Table 'Gabriella II' 6-max Seat #6 is the button
Seat 1: Loco Crazy07 ($143.46 in chips) 
Seat 2: LeaveItYeah ($113 in chips) 
Seat 3: Raimondas09 ($44.01 in chips) 
Seat 4: hshas ($100 in chips) 
Seat 5: Rdalonso ($100 in chips) 
Seat 6: habib beye ($100 in chips) 
Loco Crazy07: posts small blind $0.50
LeaveItYeah: posts big blind $1
*** HOLE CARDS ***
Raimondas09: raises $1 to $2
hshas: folds 
Rdalonso: folds 
habib beye: calls $2
Loco Crazy07: folds 
LeaveItYeah: calls $1
*** FLOP *** [9d Tc 7h]
LeaveItYeah: checks 
Raimondas09: checks 
habib beye: checks 
*** TURN *** [9d Tc 7h] [3h]
LeaveItYeah: bets $4.64
Raimondas09: calls $4.64
habib beye: calls $4.64
*** RIVER *** [9d Tc 7h 3h] [Js]
LeaveItYeah: bets $11.83
Raimondas09: raises $25.54 to $37.37 and is all-in
habib beye: calls $37.37
LeaveItYeah: folds 
*** SHOW DOWN ***
Raimondas09: shows [Qs Ks] (a straight, Nine to King)
habib beye: shows [Qh Kd] (a straight, Nine to King)
Raimondas09 collected $52.25 from pot
habib beye collected $52.24 from pot
*** SUMMARY ***
Total pot $106.99 | Rake $2.50 
Board [9d Tc 7h 3h Js]
Seat 1: Loco Crazy07 (small blind) folded before Flop
Seat 2: LeaveItYeah (big blind) folded on the River
Seat 3: Raimondas09 showed [Qs Ks] and won ($52.25) with a straight, Nine to King
Seat 4: hshas folded before Flop (didn't bet)
Seat 5: Rdalonso folded before Flop (didn't bet)
Seat 6: habib beye (button) showed [Qh Kd] and won ($52.24) with a straight, Nine to King



PokerStars Hand #254718556936:  Hold'em No Limit ($0.50/$1.00 USD) - 2025/02/05 14:12:37 WET [2025/02/05 9:12:37 ET]
Table 'Gabriella II' 6-max Seat #1 is the button
Seat 1: Loco Crazy07 ($142.96 in chips) 
Seat 2: LeaveItYeah ($100 in chips) 
Seat 3: Raimondas09 ($52.25 in chips) 
Seat 4: hshas ($100 in chips) 
Seat 5: Rdalonso ($100 in chips) 
Seat 6: habib beye ($108.23 in chips) 
LeaveItYeah: posts small blind $0.50
Raimondas09: posts big blind $1
*** HOLE CARDS ***
hshas: raises $1.25 to $2.25
Rdalonso: folds 
habib beye: raises $5.25 to $7.50
Loco Crazy07: raises $12 to $19.50
LeaveItYeah: folds 
Raimondas09: folds 
hshas: folds 
habib beye: folds 
Uncalled bet ($12) returned to Loco Crazy07
Loco Crazy07 collected $18.75 from pot
Loco Crazy07: doesn't show hand 
*** SUMMARY ***
Total pot $18.75 | Rake $0 
Seat 1: Loco Crazy07 (button) collected ($18.75)
Seat 2: LeaveItYeah (small blind) folded before Flop
Seat 3: Raimondas09 (big blind) folded before Flop
Seat 4: hshas folded before Flop
Seat 5: Rdalonso folded before Flop (didn't bet)
Seat 6: habib beye folded before Flop



PokerStars Hand #254718561233:  Hold'em No Limit ($0.50/$1.00 USD) - 2025/02/05 14:13:02 WET [2025/02/05 9:13:02 ET]
Table 'Gabriella II' 6-max Seat #2 is the button
Seat 1: Loco Crazy07 ($154.21 in chips) 
Seat 2: LeaveItYeah ($100 in chips) 
Seat 3: Raimondas09 ($51.25 in chips) 
Seat 4: hshas ($100 in chips) 
Seat 5: Rdalonso ($100 in chips) 
Seat 6: habib beye ($100.73 in chips) 
Raimondas09: posts small blind $0.50
hshas: posts big blind $1
*** HOLE CARDS ***
Rdalonso: folds 
habib beye: raises $1.25 to $2.25
Loco Crazy07: folds 
LeaveItYeah: folds 
Raimondas09: calls $1.75
hshas: raises $10.75 to $13
habib beye: folds 
Raimondas09: calls $10.75
*** FLOP *** [8c Qh Qs]
Raimondas09: checks 
hshas: bets $6
Raimondas09: folds 
Uncalled bet ($6) returned to hshas
hshas collected $26.84 from pot
hshas: doesn't show hand 
*** SUMMARY ***
Total pot $28.25 | Rake $1.41 
Board [8c Qh Qs]
Seat 1: Loco Crazy07 folded before Flop (didn't bet)
Seat 2: LeaveItYeah (button) folded before Flop (didn't bet)
Seat 3: Raimondas09 (small blind) folded on the Flop
Seat 4: hshas (big blind) collected ($26.84)
Seat 5: Rdalonso folded before Flop (didn't bet)
Seat 6: habib beye folded before Flop



PokerStars Hand #254718571034:  Hold'em No Limit ($0.50/$1.00 USD) - 2025/02/05 14:14:00 WET [2025/02/05 9:14:00 ET]
Table 'Gabriella II' 6-max Seat #3 is the button
Seat 1: Loco Crazy07 ($154.21 in chips) 
Seat 2: LeaveItYeah ($100 in chips) 
Seat 3: Raimondas09 ($38.25 in chips) 
Seat 4: hshas ($113.84 in chips) 
Seat 5: Rdalonso ($100 in chips) 
Seat 6: habib beye ($100 in chips) 
hshas: posts small blind $0.50
Rdalonso: posts big blind $1
*** HOLE CARDS ***
habib beye: folds 
Loco Crazy07: folds 
LeaveItYeah: folds 
Raimondas09: calls $1
hshas: folds 
Rdalonso: checks 
*** FLOP *** [5h 8s 7d]
Rdalonso: checks 
Raimondas09: bets $1
Rdalonso: calls $1
*** TURN *** [5h 8s 7d] [2h]
Rdalonso: checks 
Raimondas09: bets $1
Rdalonso: calls $1
*** RIVER *** [5h 8s 7d 2h] [Qd]
Rdalonso: checks 
Raimondas09: checks 
*** SHOW DOWN ***
Rdalonso: shows [Ah 4c] (high card Ace)
Raimondas09: shows [As Kc] (high card Ace - King kicker)
Raimondas09 collected $6.18 from pot
*** SUMMARY ***
Total pot $6.50 | Rake $0.32 
Board [5h 8s 7d 2h Qd]
Seat 1: Loco Crazy07 folded before Flop (didn't bet)
Seat 2: LeaveItYeah folded before Flop (didn't bet)
Seat 3: Raimondas09 (button) showed [As Kc] and won ($6.18) with high card Ace
Seat 4: hshas (small blind) folded before Flop
Seat 5: Rdalonso (big blind) showed [Ah 4c] and lost with high card Ace
Seat 6: habib beye folded before Flop (didn't bet)



PokerStars Hand #254718586461:  Hold'em No Limit ($0.50/$1.00 USD) - 2025/02/05 14:15:28 WET [2025/02/05 9:15:28 ET]
Table 'Gabriella II' 6-max Seat #4 is the button
Seat 1: Loco Crazy07 ($154.21 in chips) 
Seat 2: LeaveItYeah ($100 in chips) 
Seat 3: Raimondas09 ($41.43 in chips) 
Seat 4: hshas ($113.34 in chips) 
Seat 5: Rdalonso ($100 in chips) 
Seat 6: habib beye ($100 in chips) 
Rdalonso: posts small blind $0.50
habib beye: posts big blind $1
*** HOLE CARDS ***
Loco Crazy07: folds 
LeaveItYeah: folds 
Raimondas09: calls $1
hshas: folds 
Rdalonso: folds 
habib beye: checks 
*** FLOP *** [8d Tc 4c]
habib beye: checks 
Raimondas09: bets $1.19
habib beye: calls $1.19
*** TURN *** [8d Tc 4c] [6c]
habib beye: checks 
Raimondas09: bets $2.32
habib beye: calls $2.32
*** RIVER *** [8d Tc 4c 6c] [Js]
habib beye: checks 
Raimondas09: bets $9.04
habib beye: folds 
Uncalled bet ($9.04) returned to Raimondas09
Raimondas09 collected $9.04 from pot
*** SUMMARY ***
Total pot $9.52 | Rake $0.48 
Board [8d Tc 4c 6c Js]
Seat 1: Loco Crazy07 folded before Flop (didn't bet)
Seat 2: LeaveItYeah folded before Flop (didn't bet)
Seat 3: Raimondas09 collected ($9.04)
Seat 4: hshas (button) folded before Flop (didn't bet)
Seat 5: Rdalonso (small blind) folded before Flop
Seat 6: habib beye (big blind) folded on the River



PokerStars Hand #254718597016:  Hold'em No Limit ($0.50/$1.00 USD) - 2025/02/05 14:16:29 WET [2025/02/05 9:16:29 ET]
Table 'Gabriella II' 6-max Seat #5 is the button
Seat 1: Loco Crazy07 ($154.21 in chips) 
Seat 2: LeaveItYeah ($100 in chips) 
Seat 3: Raimondas09 ($45.96 in chips) 
Seat 4: hshas ($113.34 in chips) 
Seat 5: Rdalonso ($100 in chips) 
Seat 6: habib beye ($100 in chips) 
habib beye: posts small blind $0.50
Loco Crazy07: posts big blind $1
*** HOLE CARDS ***
LeaveItYeah: raises $1.10 to $2.10
Raimondas09: folds 
hshas: folds 
Rdalonso: folds 
habib beye: folds 
Loco Crazy07: folds 
Uncalled bet ($1.10) returned to LeaveItYeah
LeaveItYeah collected $2.50 from pot
LeaveItYeah: doesn't show hand 
*** SUMMARY ***
Total pot $2.50 | Rake $0 
Seat 1: Loco Crazy07 (big blind) folded before Flop
Seat 2: LeaveItYeah collected ($2.50)
Seat 3: Raimondas09 folded before Flop (didn't bet)
Seat 4: hshas folded before Flop (didn't bet)
Seat 5: Rdalonso (button) folded before Flop (didn't bet)
Seat 6: habib beye (small blind) folded before Flop



PokerStars Hand #254718600750:  Hold'em No Limit ($0.50/$1.00 USD) - 2025/02/05 14:16:51 WET [2025/02/05 9:16:51 ET]
Table 'Gabriella II' 6-max Seat #6 is the button
Seat 1: Loco Crazy07 ($153.21 in chips) 
Seat 2: LeaveItYeah ($101.50 in chips) 
Seat 3: Raimondas09 ($45.96 in chips) 
Seat 4: hshas ($113.34 in chips) 
Seat 5: Rdalonso ($100 in chips) 
Seat 6: habib beye ($100 in chips) 
Loco Crazy07: posts small blind $0.50
LeaveItYeah: posts big blind $1
*** HOLE CARDS ***
Raimondas09: calls $1
hshas: folds 
Rdalonso: folds 
habib beye: folds 
Loco Crazy07: folds 
LeaveItYeah: checks 
*** FLOP *** [Qc 6d Qh]
LeaveItYeah: checks 
Raimondas09: bets $1
LeaveItYeah: calls $1
*** TURN *** [Qc 6d Qh] [8h]
LeaveItYeah: checks 
Raimondas09: bets $2.14
LeaveItYeah: calls $2.14
*** RIVER *** [Qc 6d Qh 8h] [4c]
LeaveItYeah: checks 
Raimondas09: bets $8.34
LeaveItYeah: folds 
Uncalled bet ($8.34) returned to Raimondas09
Raimondas09 collected $8.34 from pot
*** SUMMARY ***
Total pot $8.78 | Rake $0.44 
Board [Qc 6d Qh 8h 4c]
Seat 1: Loco Crazy07 (small blind) folded before Flop
Seat 2: LeaveItYeah (big blind) folded on the River
Seat 3: Raimondas09 collected ($8.34)
Seat 4: hshas folded before Flop (didn't bet)
Seat 5: Rdalonso folded before Flop (didn't bet)
Seat 6: habib beye (button) folded before Flop (didn't bet)



PokerStars Hand #254718614066:  Hold'em No Limit ($0.50/$1.00 USD) - 2025/02/05 14:18:07 WET [2025/02/05 9:18:07 ET]
Table 'Gabriella II' 6-max Seat #1 is the button
Seat 1: Loco Crazy07 ($152.71 in chips) 
Seat 2: LeaveItYeah ($100 in chips) 
Seat 3: Raimondas09 ($50.16 in chips) 
Seat 4: hshas ($113.34 in chips) 
Seat 5: Rdalonso ($100 in chips) 
Seat 6: habib beye ($100 in chips) 
LeaveItYeah: posts small blind $0.50
Raimondas09: posts big blind $1
*** HOLE CARDS ***
hshas: folds 
Rdalonso: folds 
habib beye: folds 
Loco Crazy07: raises $1.20 to $2.20
LeaveItYeah: folds 
Raimondas09: folds 
Uncalled bet ($1.20) returned to Loco Crazy07
Loco Crazy07 collected $2.50 from pot
Loco Crazy07: doesn't show hand 
Raimondas09 leaves the table
*** SUMMARY ***
Total pot $2.50 | Rake $0 
Seat 1: Loco Crazy07 (button) collected ($2.50)
Seat 2: LeaveItYeah (small blind) folded before Flop
Seat 3: Raimondas09 (big blind) folded before Flop
Seat 4: hshas folded before Flop (didn't bet)
Seat 5: Rdalonso folded before Flop (didn't bet)
Seat 6: habib beye folded before Flop (didn't bet)



PokerStars Hand #254718617940:  Hold'em No Limit ($0.50/$1.00 USD) - 2025/02/05 14:18:30 WET [2025/02/05 9:18:30 ET]
Table 'Gabriella II' 6-max Seat #2 is the button
Seat 1: Loco Crazy07 ($154.21 in chips) 
Seat 2: LeaveItYeah ($100 in chips) 
Seat 4: hshas ($113.34 in chips) 
Seat 5: Rdalonso ($100 in chips) 
Seat 6: habib beye ($100 in chips) 
hshas: posts small blind $0.50
Rdalonso: posts big blind $1
*** HOLE CARDS ***
habib beye: folds 
Loco Crazy07: folds 
LeaveItYeah: folds 
hshas: raises $2 to $3
Rdalonso: folds 
Uncalled bet ($2) returned to hshas
hshas collected $2 from pot
hshas: doesn't show hand 
*** SUMMARY ***
Total pot $2 | Rake $0 
Seat 1: Loco Crazy07 folded before Flop (didn't bet)
Seat 2: LeaveItYeah (button) folded before Flop (didn't bet)
Seat 4: hshas (small blind) collected ($2)
Seat 5: Rdalonso (big blind) folded before Flop
Seat 6: habib beye folded before Flop (didn't bet)



PokerStars Hand #254718621464:  Hold'em No Limit ($0.50/$1.00 USD) - 2025/02/05 14:18:50 WET [2025/02/05 9:18:50 ET]
Table 'Gabriella II' 6-max Seat #4 is the button
Seat 1: Loco Crazy07 ($154.21 in chips) 
Seat 2: LeaveItYeah ($100 in chips) 
Seat 4: hshas ($114.34 in chips) 
Seat 5: Rdalonso ($100 in chips) 
Seat 6: habib beye ($100 in chips) 
Rdalonso: posts small blind $0.50
habib beye: posts big blind $1
*** HOLE CARDS ***
Loco Crazy07: folds 
LeaveItYeah: raises $1.25 to $2.25
hshas: folds 
Rdalonso: folds 
habib beye: calls $1.25
*** FLOP *** [5h 6h 9h]
habib beye: checks 
LeaveItYeah: checks 
*** TURN *** [5h 6h 9h] [Ac]
habib beye: checks 
LeaveItYeah: checks 
*** RIVER *** [5h 6h 9h Ac] [Kc]
habib beye: bets $2.90
LeaveItYeah: folds 
Uncalled bet ($2.90) returned to habib beye
habib beye collected $4.75 from pot
*** SUMMARY ***
Total pot $5 | Rake $0.25 
Board [5h 6h 9h Ac Kc]
Seat 1: Loco Crazy07 folded before Flop (didn't bet)
Seat 2: LeaveItYeah folded on the River
Seat 4: hshas (button) folded before Flop (didn't bet)
Seat 5: Rdalonso (small blind) folded before Flop
Seat 6: habib beye (big blind) collected ($4.75)



PokerStars Hand #254718632194:  Hold'em No Limit ($0.50/$1.00 USD) - 2025/02/05 14:19:52 WET [2025/02/05 9:19:52 ET]
Table 'Gabriella II' 6-max Seat #5 is the button
Seat 1: Loco Crazy07 ($154.21 in chips) 
Seat 2: LeaveItYeah ($100 in chips) 
Seat 4: hshas ($114.34 in chips) 
Seat 5: Rdalonso ($100 in chips) 
Seat 6: habib beye ($102.50 in chips) 
habib beye: posts small blind $0.50
Loco Crazy07: posts big blind $1
*** HOLE CARDS ***
LeaveItYeah: folds 
hshas: folds 
Rdalonso: folds 
habib beye: folds 
Uncalled bet ($0.50) returned to Loco Crazy07
Loco Crazy07 collected $1 from pot
Loco Crazy07: doesn't show hand 
*** SUMMARY ***
Total pot $1 | Rake $0 
Seat 1: Loco Crazy07 (big blind) collected ($1)
Seat 2: LeaveItYeah folded before Flop (didn't bet)
Seat 4: hshas folded before Flop (didn't bet)
Seat 5: Rdalonso (button) folded before Flop (didn't bet)
Seat 6: habib beye (small blind) folded before Flop



PokerStars Hand #254718634725:  Hold'em No Limit ($0.50/$1.00 USD) - 2025/02/05 14:20:06 WET [2025/02/05 9:20:06 ET]
Table 'Gabriella II' 6-max Seat #6 is the button
Seat 1: Loco Crazy07 ($154.71 in chips) 
Seat 2: LeaveItYeah ($100 in chips) 
Seat 4: hshas ($114.34 in chips) 
Seat 5: Rdalonso ($100 in chips) 
Seat 6: habib beye ($102 in chips) 
Loco Crazy07: posts small blind $0.50
LeaveItYeah: posts big blind $1
*** HOLE CARDS ***
hshas: folds 
Rdalonso: raises $1.50 to $2.50
habib beye: folds 
Loco Crazy07: folds 
LeaveItYeah: raises $10.50 to $13
Rdalonso: folds 
Uncalled bet ($10.50) returned to LeaveItYeah
LeaveItYeah collected $5.50 from pot
LeaveItYeah: doesn't show hand 
*** SUMMARY ***
Total pot $5.50 | Rake $0 
Seat 1: Loco Crazy07 (small blind) folded before Flop
Seat 2: LeaveItYeah (big blind) collected ($5.50)
Seat 4: hshas folded before Flop (didn't bet)
Seat 5: Rdalonso folded before Flop
Seat 6: habib beye (button) folded before Flop (didn't bet)



PokerStars Hand #254718638389:  Hold'em No Limit ($0.50/$1.00 USD) - 2025/02/05 14:20:27 WET [2025/02/05 9:20:27 ET]
Table 'Gabriella II' 6-max Seat #1 is the button
Seat 4: hshas ($114.34 in chips) is sitting out
Seat 5: Rdalonso ($100 in chips) is sitting out
Seat 1: Loco Crazy07 ($154.21 in chips) 
Seat 2: LeaveItYeah ($103 in chips) 
Seat 6: habib beye ($102 in chips) 
LeaveItYeah: posts small blind $0.50
hshas: is sitting out 
Rdalonso: is sitting out 
habib beye: posts big blind $1
*** HOLE CARDS ***
Loco Crazy07: raises $1.20 to $2.20
LeaveItYeah: folds 
hshas leaves the table
Rdalonso leaves the table
habib beye: folds 
Uncalled bet ($1.20) returned to Loco Crazy07
Loco Crazy07 collected $2.50 from pot
Loco Crazy07: doesn't show hand 
*** SUMMARY ***
Total pot $2.50 | Rake $0 
Seat 4: hshas
Seat 5: Rdalonso
Seat 1: Loco Crazy07 (button) collected ($2.50)
Seat 2: LeaveItYeah (small blind) folded before Flop
Seat 6: habib beye (big blind) folded before Flop



PokerStars Hand #254718641103:  Hold'em No Limit ($0.50/$1.00 USD) - 2025/02/05 14:20:43 WET [2025/02/05 9:20:43 ET]
Table 'Gabriella II' 6-max Seat #6 is the button
Seat 1: Loco Crazy07 ($155.71 in chips) is sitting out
Seat 2: LeaveItYeah ($102.50 in chips) 
Seat 6: habib beye ($101 in chips) 
habib beye: posts small blind $0.50
LeaveItYeah: posts big blind $1
*** HOLE CARDS ***
habib beye: folds 
Uncalled bet ($0.50) returned to LeaveItYeah
LeaveItYeah collected $1 from pot
LeaveItYeah: doesn't show hand 
*** SUMMARY ***
Total pot $1 | Rake $0 
Seat 1: Loco Crazy07
Seat 2: LeaveItYeah (big blind) collected ($1)
Seat 6: habib beye (button) (small blind) folded before Flop



PokerStars Hand #254718642047:  Hold'em No Limit ($0.50/$1.00 USD) - 2025/02/05 14:20:48 WET [2025/02/05 9:20:48 ET]
Table 'Gabriella II' 6-max Seat #2 is the button
Seat 1: Loco Crazy07 ($155.71 in chips) is sitting out
Seat 2: LeaveItYeah ($103 in chips) 
Seat 6: habib beye ($100.50 in chips) 
LeaveItYeah: posts small blind $0.50
habib beye: posts big blind $1
*** HOLE CARDS ***
Loco Crazy07 leaves the table
LeaveItYeah: folds 
Uncalled bet ($0.50) returned to habib beye
habib beye collected $1 from pot
*** SUMMARY ***
Total pot $1 | Rake $0 
Seat 1: Loco Crazy07
Seat 2: LeaveItYeah (button) (small blind) folded before Flop
Seat 6: habib beye (big blind) collected ($1)



PokerStars Hand #254718643655:  Hold'em No Limit ($0.50/$1.00 USD) - 2025/02/05 14:20:58 WET [2025/02/05 9:20:58 ET]
Table 'Gabriella II' 6-max Seat #6 is the button
Seat 2: LeaveItYeah ($102.50 in chips) 
Seat 6: habib beye ($101 in chips) 
habib beye: posts small blind $0.50
LeaveItYeah: posts big blind $1
*** HOLE CARDS ***
habib beye: raises $1.50 to $2.50
LeaveItYeah: folds 
Uncalled bet ($1.50) returned to habib beye
habib beye collected $2 from pot
*** SUMMARY ***
Total pot $2 | Rake $0 
Seat 2: LeaveItYeah (big blind) folded before Flop
Seat 6: habib beye (button) (small blind) collected ($2)



PokerStars Hand #254718645604:  Hold'em No Limit ($0.50/$1.00 USD) - 2025/02/05 14:21:08 WET [2025/02/05 9:21:08 ET]
Table 'Gabriella II' 6-max Seat #2 is the button
Seat 2: LeaveItYeah ($101.50 in chips) 
Seat 6: habib beye ($102 in chips) 
LeaveItYeah: posts small blind $0.50
habib beye: posts big blind $1
*** HOLE CARDS ***
LeaveItYeah: raises $1.50 to $2.50
habib beye: raises $7.50 to $10
dollypem joins the table at seat #5 
dollypem is disconnected 
LeaveItYeah: calls $7.50
*** FLOP *** [Kd 9s 5s]
AlexEliseev7 joins the table at seat #1 
Twistenko joins the table at seat #4 
easy_sarcasm joins the table at seat #3 
habib beye: bets $9.36
LeaveItYeah: folds 
Uncalled bet ($9.36) returned to habib beye
habib beye collected $19 from pot
*** SUMMARY ***
Total pot $20 | Rake $1 
Board [Kd 9s 5s]
Seat 2: LeaveItYeah (button) (small blind) folded on the Flop
Seat 6: habib beye (big blind) collected ($19)



PokerStars Hand #254718652355:  Hold'em No Limit ($0.50/$1.00 USD) - 2025/02/05 14:21:48 WET [2025/02/05 9:21:48 ET]
Table 'Gabriella II' 6-max Seat #6 is the button
Seat 1: AlexEliseev7 ($100 in chips) is sitting out
Seat 4: Twistenko ($100 in chips) is sitting out
Seat 2: LeaveItYeah ($100 in chips) 
Seat 3: easy_sarcasm ($100 in chips) 
Seat 5: dollypem ($30.37 in chips) 
Seat 6: habib beye ($111 in chips) 
LeaveItYeah: posts small blind $0.50
easy_sarcasm: posts big blind $1
Twistenko: sits out 
dollypem: posts big blind $1
*** HOLE CARDS ***
dollypem: checks 
habib beye: folds 
LeaveItYeah: calls $0.50
easy_sarcasm: checks 
*** FLOP *** [Ad 5d Js]
LeaveItYeah: checks 
easy_sarcasm: checks 
dollypem: bets $1.43
LeaveItYeah: folds 
easy_sarcasm: folds 
Uncalled bet ($1.43) returned to dollypem
dollypem collected $2.85 from pot
*** SUMMARY ***
Total pot $3 | Rake $0.15 
Board [Ad 5d Js]
Seat 1: AlexEliseev7
Seat 4: Twistenko
Seat 2: LeaveItYeah (small blind) folded on the Flop
Seat 3: easy_sarcasm (big blind) folded on the Flop
Seat 5: dollypem collected ($2.85)
Seat 6: habib beye (button) folded before Flop (didn't bet)



PokerStars Hand #254718660236:  Hold'em No Limit ($0.50/$1.00 USD) - 2025/02/05 14:22:32 WET [2025/02/05 9:22:32 ET]
Table 'Gabriella II' 6-max Seat #2 is the button
Seat 1: AlexEliseev7 ($100 in chips) is sitting out
Seat 2: LeaveItYeah ($100 in chips) 
Seat 3: easy_sarcasm ($100 in chips) 
Seat 4: Twistenko ($100 in chips) 
Seat 5: dollypem ($32.22 in chips) 
Seat 6: habib beye ($111 in chips) 
easy_sarcasm: posts small blind $0.50
Twistenko: posts big blind $1
AlexEliseev7: sits out 
*** HOLE CARDS ***
dollypem: raises $2 to $3
habib beye: folds 
LeaveItYeah: folds 
easy_sarcasm: folds 
Twistenko: folds 
Uncalled bet ($2) returned to dollypem
dollypem collected $2.50 from pot
*** SUMMARY ***
Total pot $2.50 | Rake $0 
Seat 1: AlexEliseev7
Seat 2: LeaveItYeah (button) folded before Flop (didn't bet)
Seat 3: easy_sarcasm (small blind) folded before Flop
Seat 4: Twistenko (big blind) folded before Flop
Seat 5: dollypem collected ($2.50)
Seat 6: habib beye folded before Flop (didn't bet)



PokerStars Hand #254718663536:  Hold'em No Limit ($0.50/$1.00 USD) - 2025/02/05 14:22:51 WET [2025/02/05 9:22:51 ET]
Table 'Gabriella II' 6-max Seat #3 is the button
Seat 1: AlexEliseev7 ($100 in chips) is sitting out
Seat 2: LeaveItYeah ($100 in chips) 
Seat 3: easy_sarcasm ($100 in chips) 
Seat 4: Twistenko ($100 in chips) 
Seat 5: dollypem ($33.72 in chips) 
Seat 6: habib beye ($111 in chips) 
Twistenko: posts small blind $0.50
dollypem: posts big blind $1
AlexEliseev7: sits out 
*** HOLE CARDS ***
habib beye: raises $1.25 to $2.25
LeaveItYeah: folds 
easy_sarcasm: folds 
Twistenko: raises $10.75 to $13
dollypem: folds 
habib beye: folds 
Uncalled bet ($10.75) returned to Twistenko
Twistenko collected $5.50 from pot
Twistenko: doesn't show hand 
*** SUMMARY ***
Total pot $5.50 | Rake $0 
Seat 1: AlexEliseev7
Seat 2: LeaveItYeah folded before Flop (didn't bet)
Seat 3: easy_sarcasm (button) folded before Flop (didn't bet)
Seat 4: Twistenko (small blind) collected ($5.50)
Seat 5: dollypem (big blind) folded before Flop
Seat 6: habib beye folded before Flop



PokerStars Hand #254718702332:  Hold'em No Limit ($0.50/$1.00 USD) - 2025/02/05 14:26:33 WET [2025/02/05 9:26:33 ET]
Table 'Gabriella II' 6-max Seat #3 is the button
Seat 1: AlexEliseev7 ($104 in chips) 
Seat 2: LeaveItYeah ($100 in chips) 
Seat 3: easy_sarcasm ($100 in chips) 
Seat 4: Twistenko ($102.25 in chips) 
Seat 5: dollypem ($66.16 in chips) 
Seat 6: habib beye ($104.25 in chips) 
Twistenko: posts small blind $0.50
dollypem: posts big blind $1
*** HOLE CARDS ***
habib beye has timed out
habib beye: folds 
AlexEliseev7: folds 
LeaveItYeah: raises $1.25 to $2.25
easy_sarcasm: folds 
Twistenko: folds 
dollypem: folds 
Uncalled bet ($1.25) returned to LeaveItYeah
LeaveItYeah collected $2.50 from pot
LeaveItYeah: doesn't show hand 
*** SUMMARY ***
Total pot $2.50 | Rake $0 
Seat 1: AlexEliseev7 folded before Flop (didn't bet)
Seat 2: LeaveItYeah collected ($2.50)
Seat 3: easy_sarcasm (button) folded before Flop (didn't bet)
Seat 4: Twistenko (small blind) folded before Flop
Seat 5: dollypem (big blind) folded before Flop
Seat 6: habib beye folded before Flop (didn't bet)



PokerStars Hand #254718709159:  Hold'em No Limit ($0.50/$1.00 USD) - 2025/02/05 14:27:12 WET [2025/02/05 9:27:12 ET]
Table 'Gabriella II' 6-max Seat #4 is the button
Seat 1: AlexEliseev7 ($104 in chips) 
Seat 2: LeaveItYeah ($101.50 in chips) 
Seat 3: easy_sarcasm ($100 in chips) 
Seat 4: Twistenko ($101.75 in chips) 
Seat 5: dollypem ($65.16 in chips) 
Seat 6: habib beye ($104.25 in chips) 
dollypem: posts small blind $0.50
habib beye: posts big blind $1
*** HOLE CARDS ***
AlexEliseev7: folds 
LeaveItYeah: folds 
easy_sarcasm: folds 
Twistenko: folds 
dollypem: calls $0.50
habib beye: raises $2 to $3
dollypem: calls $2
*** FLOP *** [Kc 8h Ad]
dollypem: checks 
habib beye: bets $1.50
dollypem: calls $1.50
*** TURN *** [Kc 8h Ad] [Kd]
dollypem: checks 
habib beye: checks 
*** RIVER *** [Kc 8h Ad Kd] [4c]
dollypem: bets $4.28
habib beye: folds 
Uncalled bet ($4.28) returned to dollypem
dollypem collected $8.55 from pot
dollypem: shows [Ah]
*** SUMMARY ***
Total pot $9 | Rake $0.45 
Board [Kc 8h Ad Kd 4c]
Seat 1: AlexEliseev7 folded before Flop (didn't bet)
Seat 2: LeaveItYeah folded before Flop (didn't bet)
Seat 3: easy_sarcasm folded before Flop (didn't bet)
Seat 4: Twistenko (button) folded before Flop (didn't bet)
Seat 5: dollypem (small blind) collected ($8.55)
Seat 6: habib beye (big blind) folded on the River



PokerStars Hand #254718716709:  Hold'em No Limit ($0.50/$1.00 USD) - 2025/02/05 14:27:55 WET [2025/02/05 9:27:55 ET]
Table 'Gabriella II' 6-max Seat #5 is the button
Seat 1: AlexEliseev7 ($104 in chips) 
Seat 2: LeaveItYeah ($101.50 in chips) 
Seat 3: easy_sarcasm ($100 in chips) 
Seat 4: Twistenko ($101.75 in chips) 
Seat 5: dollypem ($69.21 in chips) 
Seat 6: habib beye ($100 in chips) 
habib beye: posts small blind $0.50
AlexEliseev7: posts big blind $1
*** HOLE CARDS ***
LeaveItYeah: folds 
easy_sarcasm: folds 
Twistenko: raises $1.30 to $2.30
dollypem: folds 
habib beye: folds 
AlexEliseev7: calls $1.30
*** FLOP *** [4s Qs 9d]
AlexEliseev7: checks 
Twistenko: bets $1.60
AlexEliseev7: folds 
Uncalled bet ($1.60) returned to Twistenko
Twistenko collected $4.84 from pot
Twistenko: doesn't show hand 
*** SUMMARY ***
Total pot $5.10 | Rake $0.26 
Board [4s Qs 9d]
Seat 1: AlexEliseev7 (big blind) folded on the Flop
Seat 2: LeaveItYeah folded before Flop (didn't bet)
Seat 3: easy_sarcasm folded before Flop (didn't bet)
Seat 4: Twistenko collected ($4.84)
Seat 5: dollypem (button) folded before Flop (didn't bet)
Seat 6: habib beye (small blind) folded before Flop



PokerStars Hand #254718724960:  Hold'em No Limit ($0.50/$1.00 USD) - 2025/02/05 14:28:43 WET [2025/02/05 9:28:43 ET]
Table 'Gabriella II' 6-max Seat #6 is the button
Seat 1: AlexEliseev7 ($101.70 in chips) 
Seat 2: LeaveItYeah ($101.50 in chips) 
Seat 3: easy_sarcasm ($100 in chips) 
Seat 4: Twistenko ($104.29 in chips) 
Seat 5: dollypem ($69.21 in chips) 
Seat 6: habib beye ($100 in chips) 
AlexEliseev7: posts small blind $0.50
LeaveItYeah: posts big blind $1
*** HOLE CARDS ***
easy_sarcasm: folds 
Twistenko: raises $1.30 to $2.30
dollypem: folds 
habib beye: folds 
AlexEliseev7: folds 
LeaveItYeah: folds 
Uncalled bet ($1.30) returned to Twistenko
Twistenko collected $2.50 from pot
Twistenko: doesn't show hand 
*** SUMMARY ***
Total pot $2.50 | Rake $0 
Seat 1: AlexEliseev7 (small blind) folded before Flop
Seat 2: LeaveItYeah (big blind) folded before Flop
Seat 3: easy_sarcasm folded before Flop (didn't bet)
Seat 4: Twistenko collected ($2.50)
Seat 5: dollypem folded before Flop (didn't bet)
Seat 6: habib beye (button) folded before Flop (didn't bet)



PokerStars Hand #254718727754:  Hold'em No Limit ($0.50/$1.00 USD) - 2025/02/05 14:28:59 WET [2025/02/05 9:28:59 ET]
Table 'Gabriella II' 6-max Seat #1 is the button
Seat 1: AlexEliseev7 ($101.20 in chips) 
Seat 2: LeaveItYeah ($100.50 in chips) 
Seat 3: easy_sarcasm ($100 in chips) 
Seat 4: Twistenko ($105.79 in chips) 
Seat 5: dollypem ($69.21 in chips) 
Seat 6: habib beye ($100 in chips) 
LeaveItYeah: posts small blind $0.50
easy_sarcasm: posts big blind $1
*** HOLE CARDS ***
Twistenko: folds 
dollypem: calls $1
habib beye: folds 
AlexEliseev7: folds 
LeaveItYeah: raises $4 to $5
easy_sarcasm: raises $9 to $14
dollypem: folds 
LeaveItYeah: folds 
Uncalled bet ($9) returned to easy_sarcasm
easy_sarcasm collected $11 from pot
*** SUMMARY ***
Total pot $11 | Rake $0 
Seat 1: AlexEliseev7 (button) folded before Flop (didn't bet)
Seat 2: LeaveItYeah (small blind) folded before Flop
Seat 3: easy_sarcasm (big blind) collected ($11)
Seat 4: Twistenko folded before Flop (didn't bet)
Seat 5: dollypem folded before Flop
Seat 6: habib beye folded before Flop (didn't bet)



PokerStars Hand #254718734864:  Hold'em No Limit ($0.50/$1.00 USD) - 2025/02/05 14:29:40 WET [2025/02/05 9:29:40 ET]
Table 'Gabriella II' 6-max Seat #2 is the button
Seat 1: AlexEliseev7 ($101.20 in chips) 
Seat 2: LeaveItYeah ($100 in chips) 
Seat 3: easy_sarcasm ($106 in chips) 
Seat 4: Twistenko ($105.79 in chips) 
Seat 5: dollypem ($68.21 in chips) 
Seat 6: habib beye ($100 in chips) 
easy_sarcasm: posts small blind $0.50
Twistenko: posts big blind $1
*** HOLE CARDS ***
dollypem: folds 
habib beye: folds 
AlexEliseev7: folds 
LeaveItYeah: raises $1.50 to $2.50
easy_sarcasm: folds 
Twistenko: folds 
Uncalled bet ($1.50) returned to LeaveItYeah
LeaveItYeah collected $2.50 from pot
LeaveItYeah: doesn't show hand 
*** SUMMARY ***
Total pot $2.50 | Rake $0 
Seat 1: AlexEliseev7 folded before Flop (didn't bet)
Seat 2: LeaveItYeah (button) collected ($2.50)
Seat 3: easy_sarcasm (small blind) folded before Flop
Seat 4: Twistenko (big blind) folded before Flop
Seat 5: dollypem folded before Flop (didn't bet)
Seat 6: habib beye folded before Flop (didn't bet)



PokerStars Hand #254718739470:  Hold'em No Limit ($0.50/$1.00 USD) - 2025/02/05 14:30:06 WET [2025/02/05 9:30:06 ET]
Table 'Gabriella II' 6-max Seat #3 is the button
Seat 1: AlexEliseev7 ($101.20 in chips) 
Seat 2: LeaveItYeah ($101.50 in chips) 
Seat 3: easy_sarcasm ($105.50 in chips) 
Seat 4: Twistenko ($104.79 in chips) 
Seat 5: dollypem ($68.21 in chips) 
Seat 6: habib beye ($100 in chips) 
Twistenko: posts small blind $0.50
dollypem: posts big blind $1
*** HOLE CARDS ***
habib beye: folds 
AlexEliseev7: folds 
LeaveItYeah: raises $1.25 to $2.25
easy_sarcasm: folds 
Twistenko: folds 
dollypem: calls $1.25
*** FLOP *** [9h 5s 3s]
dollypem: checks 
LeaveItYeah: bets $3.56
dollypem: calls $3.56
*** TURN *** [9h 5s 3s] [6d]
dollypem: checks 
LeaveItYeah: checks 
*** RIVER *** [9h 5s 3s 6d] [7d]
dollypem: bets $11.51
LeaveItYeah: calls $11.51
*** SHOW DOWN ***
dollypem: shows [6s 4s] (a straight, Three to Seven)
LeaveItYeah: mucks hand 
dollypem collected $33.38 from pot
*** SUMMARY ***
Total pot $35.14 | Rake $1.76 
Board [9h 5s 3s 6d 7d]
Seat 1: AlexEliseev7 folded before Flop (didn't bet)
Seat 2: LeaveItYeah mucked
Seat 3: easy_sarcasm (button) folded before Flop (didn't bet)
Seat 4: Twistenko (small blind) folded before Flop
Seat 5: dollypem (big blind) showed [6s 4s] and won ($33.38) with a straight, Three to Seven
Seat 6: habib beye folded before Flop (didn't bet)



PokerStars Hand #254718749224:  Hold'em No Limit ($0.50/$1.00 USD) - 2025/02/05 14:31:01 WET [2025/02/05 9:31:01 ET]
Table 'Gabriella II' 6-max Seat #4 is the button
Seat 1: AlexEliseev7 ($101.20 in chips) 
Seat 2: LeaveItYeah ($100 in chips) 
Seat 3: easy_sarcasm ($105.50 in chips) 
Seat 4: Twistenko ($104.29 in chips) 
Seat 5: dollypem ($84.27 in chips) 
Seat 6: habib beye ($100 in chips) 
dollypem: posts small blind $0.50
habib beye: posts big blind $1
*** HOLE CARDS ***
AlexEliseev7: folds 
LeaveItYeah: folds 
easy_sarcasm: folds 
Twistenko: folds 
dollypem: raises $2 to $3
habib beye: calls $2
*** FLOP *** [6c Kc 2h]
dollypem: checks 
habib beye: bets $1.88
dollypem: calls $1.88
*** TURN *** [6c Kc 2h] [3d]
dollypem: checks 
habib beye: checks 
*** RIVER *** [6c Kc 2h 3d] [Kh]
dollypem: bets $4.64
habib beye: folds 
Uncalled bet ($4.64) returned to dollypem
dollypem collected $9.27 from pot
*** SUMMARY ***
Total pot $9.76 | Rake $0.49 
Board [6c Kc 2h 3d Kh]
Seat 1: AlexEliseev7 folded before Flop (didn't bet)
Seat 2: LeaveItYeah folded before Flop (didn't bet)
Seat 3: easy_sarcasm folded before Flop (didn't bet)
Seat 4: Twistenko (button) folded before Flop (didn't bet)
Seat 5: dollypem (small blind) collected ($9.27)
Seat 6: habib beye (big blind) folded on the River



PokerStars Hand #254718758835:  Hold'em No Limit ($0.50/$1.00 USD) - 2025/02/05 14:31:54 WET [2025/02/05 9:31:54 ET]
Table 'Gabriella II' 6-max Seat #5 is the button
Seat 1: AlexEliseev7 ($101.20 in chips) 
Seat 2: LeaveItYeah ($100 in chips) 
Seat 3: easy_sarcasm ($105.50 in chips) 
Seat 4: Twistenko ($104.29 in chips) 
Seat 5: dollypem ($88.66 in chips) 
Seat 6: habib beye ($100 in chips) 
habib beye: posts small blind $0.50
AlexEliseev7: posts big blind $1
*** HOLE CARDS ***
LeaveItYeah: folds 
easy_sarcasm: folds 
Twistenko: raises $1.30 to $2.30
dollypem: folds 
habib beye: folds 
AlexEliseev7: folds 
Uncalled bet ($1.30) returned to Twistenko
Twistenko collected $2.50 from pot
Twistenko: doesn't show hand 
*** SUMMARY ***
Total pot $2.50 | Rake $0 
Seat 1: AlexEliseev7 (big blind) folded before Flop
Seat 2: LeaveItYeah folded before Flop (didn't bet)
Seat 3: easy_sarcasm folded before Flop (didn't bet)
Seat 4: Twistenko collected ($2.50)
Seat 5: dollypem (button) folded before Flop (didn't bet)
Seat 6: habib beye (small blind) folded before Flop



PokerStars Hand #254718761487:  Hold'em No Limit ($0.50/$1.00 USD) - 2025/02/05 14:32:09 WET [2025/02/05 9:32:09 ET]
Table 'Gabriella II' 6-max Seat #6 is the button
Seat 1: AlexEliseev7 ($100.20 in chips) 
Seat 2: LeaveItYeah ($100 in chips) 
Seat 3: easy_sarcasm ($105.50 in chips) 
Seat 4: Twistenko ($105.79 in chips) 
Seat 5: dollypem ($88.66 in chips) 
Seat 6: habib beye ($100 in chips) 
AlexEliseev7: posts small blind $0.50
LeaveItYeah: posts big blind $1
*** HOLE CARDS ***
easy_sarcasm: folds 
Twistenko: raises $1.30 to $2.30
dollypem: folds 
habib beye: folds 
AlexEliseev7: folds 
LeaveItYeah: folds 
Uncalled bet ($1.30) returned to Twistenko
Twistenko collected $2.50 from pot
Twistenko: doesn't show hand 
*** SUMMARY ***
Total pot $2.50 | Rake $0 
Seat 1: AlexEliseev7 (small blind) folded before Flop
Seat 2: LeaveItYeah (big blind) folded before Flop
Seat 3: easy_sarcasm folded before Flop (didn't bet)
Seat 4: Twistenko collected ($2.50)
Seat 5: dollypem folded before Flop (didn't bet)
Seat 6: habib beye (button) folded before Flop (didn't bet)



PokerStars Hand #254718766111:  Hold'em No Limit ($0.50/$1.00 USD) - 2025/02/05 14:32:35 WET [2025/02/05 9:32:35 ET]
Table 'Gabriella II' 6-max Seat #1 is the button
Seat 1: AlexEliseev7 ($100 in chips) 
Seat 2: LeaveItYeah ($100 in chips) 
Seat 3: easy_sarcasm ($105.50 in chips) 
Seat 4: Twistenko ($107.29 in chips) 
Seat 5: dollypem ($88.66 in chips) 
Seat 6: habib beye ($100 in chips) 
LeaveItYeah: posts small blind $0.50
easy_sarcasm: posts big blind $1
*** HOLE CARDS ***
Twistenko: raises $1.30 to $2.30
dollypem: calls $2.30
habib beye: folds 
AlexEliseev7: folds 
LeaveItYeah: folds 
easy_sarcasm: folds 
*** FLOP *** [5s Qc 3s]
Twistenko: checks 
dollypem: checks 
*** TURN *** [5s Qc 3s] [Kc]
Twistenko: checks 
dollypem: bets $2.90
Twistenko: calls $2.90
*** RIVER *** [5s Qc 3s Kc] [7d]
Twistenko: checks 
dollypem: bets $3.65
Twistenko: raises $6.35 to $10
dollypem: folds 
Uncalled bet ($6.35) returned to Twistenko
Twistenko collected $18.24 from pot
Twistenko: doesn't show hand 
*** SUMMARY ***
Total pot $19.20 | Rake $0.96 
Board [5s Qc 3s Kc 7d]
Seat 1: AlexEliseev7 (button) folded before Flop (didn't bet)
Seat 2: LeaveItYeah (small blind) folded before Flop
Seat 3: easy_sarcasm (big blind) folded before Flop
Seat 4: Twistenko collected ($18.24)
Seat 5: dollypem folded on the River
Seat 6: habib beye folded before Flop (didn't bet)



PokerStars Hand #254718778486:  Hold'em No Limit ($0.50/$1.00 USD) - 2025/02/05 14:33:45 WET [2025/02/05 9:33:45 ET]
Table 'Gabriella II' 6-max Seat #2 is the button
Seat 1: AlexEliseev7 ($100 in chips) 
Seat 2: LeaveItYeah ($100 in chips) 
Seat 3: easy_sarcasm ($104.50 in chips) 
Seat 4: Twistenko ($116.68 in chips) 
Seat 5: dollypem ($79.81 in chips) 
Seat 6: habib beye ($100 in chips) 
easy_sarcasm: posts small blind $0.50
Twistenko: posts big blind $1
*** HOLE CARDS ***
dollypem: folds 
habib beye: raises $1.25 to $2.25
AlexEliseev7: folds 
LeaveItYeah: folds 
easy_sarcasm: folds 
Twistenko: calls $1.25
*** FLOP *** [9c 4s 3s]
Twistenko: checks 
habib beye: checks 
*** TURN *** [9c 4s 3s] [Js]
Twistenko: bets $2.38
habib beye: calls $2.38
*** RIVER *** [9c 4s 3s Js] [7d]
Twistenko: bets $13.90
habib beye: folds 
Uncalled bet ($13.90) returned to Twistenko
Twistenko collected $9.27 from pot
Twistenko: doesn't show hand 
*** SUMMARY ***
Total pot $9.76 | Rake $0.49 
Board [9c 4s 3s Js 7d]
Seat 1: AlexEliseev7 folded before Flop (didn't bet)
Seat 2: LeaveItYeah (button) folded before Flop (didn't bet)
Seat 3: easy_sarcasm (small blind) folded before Flop
Seat 4: Twistenko (big blind) collected ($9.27)
Seat 5: dollypem folded before Flop (didn't bet)
Seat 6: habib beye folded on the River



PokerStars Hand #254718788301:  Hold'em No Limit ($0.50/$1.00 USD) - 2025/02/05 14:34:39 WET [2025/02/05 9:34:39 ET]
Table 'Gabriella II' 6-max Seat #3 is the button
Seat 1: AlexEliseev7 ($100 in chips) 
Seat 2: LeaveItYeah ($100 in chips) 
Seat 3: easy_sarcasm ($104 in chips) 
Seat 4: Twistenko ($121.32 in chips) 
Seat 5: dollypem ($79.81 in chips) 
Seat 6: habib beye ($100 in chips) 
Twistenko: posts small blind $0.50
dollypem: posts big blind $1
*** HOLE CARDS ***
habib beye: folds 
AlexEliseev7: folds 
LeaveItYeah: raises $1.25 to $2.25
easy_sarcasm: folds 
Twistenko: folds 
dollypem: calls $1.25
*** FLOP *** [5c 5h Ts]
dollypem: checks 
LeaveItYeah: checks 
*** TURN *** [5c 5h Ts] [Td]
dollypem: checks 
LeaveItYeah: checks 
*** RIVER *** [5c 5h Ts Td] [6d]
dollypem: bets $5.38
LeaveItYeah: calls $5.38
*** SHOW DOWN ***
dollypem: shows [5d Ad] (a full house, Fives full of Tens)
LeaveItYeah: mucks hand 
dollypem collected $14.97 from pot
*** SUMMARY ***
Total pot $15.76 | Rake $0.79 
Board [5c 5h Ts Td 6d]
Seat 1: AlexEliseev7 folded before Flop (didn't bet)
Seat 2: LeaveItYeah mucked
Seat 3: easy_sarcasm (button) folded before Flop (didn't bet)
Seat 4: Twistenko (small blind) folded before Flop
Seat 5: dollypem (big blind) showed [5d Ad] and won ($14.97) with a full house, Fives full of Tens
Seat 6: habib beye folded before Flop (didn't bet)



PokerStars Hand #254718798815:  Hold'em No Limit ($0.50/$1.00 USD) - 2025/02/05 14:35:37 WET [2025/02/05 9:35:37 ET]
Table 'Gabriella II' 6-max Seat #4 is the button
Seat 1: AlexEliseev7 ($100 in chips) 
Seat 2: LeaveItYeah ($100 in chips) 
Seat 3: easy_sarcasm ($104 in chips) 
Seat 4: Twistenko ($120.82 in chips) 
Seat 5: dollypem ($87.15 in chips) 
Seat 6: habib beye ($100 in chips) 
dollypem: posts small blind $0.50
habib beye: posts big blind $1
*** HOLE CARDS ***
AlexEliseev7: folds 
LeaveItYeah: folds 
easy_sarcasm: folds 
Twistenko: folds 
dollypem: folds 
Uncalled bet ($0.50) returned to habib beye
habib beye collected $1 from pot
*** SUMMARY ***
Total pot $1 | Rake $0 
Seat 1: AlexEliseev7 folded before Flop (didn't bet)
Seat 2: LeaveItYeah folded before Flop (didn't bet)
Seat 3: easy_sarcasm folded before Flop (didn't bet)
Seat 4: Twistenko (button) folded before Flop (didn't bet)
Seat 5: dollypem (small blind) folded before Flop
Seat 6: habib beye (big blind) collected ($1)



PokerStars Hand #254718803155:  Hold'em No Limit ($0.50/$1.00 USD) - 2025/02/05 14:36:01 WET [2025/02/05 9:36:01 ET]
Table 'Gabriella II' 6-max Seat #5 is the button
Seat 1: AlexEliseev7 ($100 in chips) 
Seat 2: LeaveItYeah ($100 in chips) 
Seat 3: easy_sarcasm ($104 in chips) 
Seat 4: Twistenko ($120.82 in chips) 
Seat 5: dollypem ($86.65 in chips) 
Seat 6: habib beye ($100.50 in chips) 
habib beye: posts small blind $0.50
AlexEliseev7: posts big blind $1
*** HOLE CARDS ***
LeaveItYeah: raises $1.10 to $2.10
easy_sarcasm: folds 
Twistenko: folds 
dollypem: folds 
habib beye: folds 
AlexEliseev7: folds 
Uncalled bet ($1.10) returned to LeaveItYeah
LeaveItYeah collected $2.50 from pot
LeaveItYeah: doesn't show hand 
*** SUMMARY ***
Total pot $2.50 | Rake $0 
Seat 1: AlexEliseev7 (big blind) folded before Flop
Seat 2: LeaveItYeah collected ($2.50)
Seat 3: easy_sarcasm folded before Flop (didn't bet)
Seat 4: Twistenko folded before Flop (didn't bet)
Seat 5: dollypem (button) folded before Flop (didn't bet)
Seat 6: habib beye (small blind) folded before Flop



PokerStars Hand #254718806359:  Hold'em No Limit ($0.50/$1.00 USD) - 2025/02/05 14:36:19 WET [2025/02/05 9:36:19 ET]
Table 'Gabriella II' 6-max Seat #6 is the button
Seat 1: AlexEliseev7 ($100 in chips) 
Seat 2: LeaveItYeah ($101.50 in chips) 
Seat 3: easy_sarcasm ($104 in chips) 
Seat 4: Twistenko ($120.82 in chips) 
Seat 5: dollypem ($86.65 in chips) 
Seat 6: habib beye ($100 in chips) 
AlexEliseev7: posts small blind $0.50
LeaveItYeah: posts big blind $1
*** HOLE CARDS ***
easy_sarcasm: folds 
Twistenko: folds 
dollypem: folds 
habib beye: raises $1.50 to $2.50
AlexEliseev7: folds 
LeaveItYeah: raises $10.50 to $13
habib beye: folds 
Uncalled bet ($10.50) returned to LeaveItYeah
LeaveItYeah collected $5.50 from pot
LeaveItYeah: doesn't show hand 
*** SUMMARY ***
Total pot $5.50 | Rake $0 
Seat 1: AlexEliseev7 (small blind) folded before Flop
Seat 2: LeaveItYeah (big blind) collected ($5.50)
Seat 3: easy_sarcasm folded before Flop (didn't bet)
Seat 4: Twistenko folded before Flop (didn't bet)
Seat 5: dollypem folded before Flop (didn't bet)
Seat 6: habib beye (button) folded before Flop



PokerStars Hand #254718813228:  Hold'em No Limit ($0.50/$1.00 USD) - 2025/02/05 14:36:57 WET [2025/02/05 9:36:57 ET]
Table 'Gabriella II' 6-max Seat #1 is the button
Seat 1: AlexEliseev7 ($100 in chips) 
Seat 2: LeaveItYeah ($104.50 in chips) 
Seat 3: easy_sarcasm ($104 in chips) 
Seat 4: Twistenko ($120.82 in chips) 
Seat 5: dollypem ($86.65 in chips) 
Seat 6: habib beye ($100 in chips) 
LeaveItYeah: posts small blind $0.50
easy_sarcasm: posts big blind $1
*** HOLE CARDS ***
Twistenko: folds 
dollypem: folds 
habib beye: folds 
AlexEliseev7: folds 
LeaveItYeah: folds 
Uncalled bet ($0.50) returned to easy_sarcasm
easy_sarcasm collected $1 from pot
*** SUMMARY ***
Total pot $1 | Rake $0 
Seat 1: AlexEliseev7 (button) folded before Flop (didn't bet)
Seat 2: LeaveItYeah (small blind) folded before Flop
Seat 3: easy_sarcasm (big blind) collected ($1)
Seat 4: Twistenko folded before Flop (didn't bet)
Seat 5: dollypem folded before Flop (didn't bet)
Seat 6: habib beye folded before Flop (didn't bet)



PokerStars Hand #254718818047:  Hold'em No Limit ($0.50/$1.00 USD) - 2025/02/05 14:37:23 WET [2025/02/05 9:37:23 ET]
Table 'Gabriella II' 6-max Seat #2 is the button
Seat 1: AlexEliseev7 ($100 in chips) 
Seat 2: LeaveItYeah ($104 in chips) 
Seat 3: easy_sarcasm ($104.50 in chips) 
Seat 4: Twistenko ($120.82 in chips) 
Seat 5: dollypem ($86.65 in chips) 
Seat 6: habib beye ($100 in chips) 
easy_sarcasm: posts small blind $0.50
Twistenko: posts big blind $1
*** HOLE CARDS ***
dollypem: folds 
habib beye: raises $1.25 to $2.25
AlexEliseev7: folds 
LeaveItYeah: folds 
easy_sarcasm: folds 
Twistenko: folds 
Uncalled bet ($1.25) returned to habib beye
habib beye collected $2.50 from pot
*** SUMMARY ***
Total pot $2.50 | Rake $0 
Seat 1: AlexEliseev7 folded before Flop (didn't bet)
Seat 2: LeaveItYeah (button) folded before Flop (didn't bet)
Seat 3: easy_sarcasm (small blind) folded before Flop
Seat 4: Twistenko (big blind) folded before Flop
Seat 5: dollypem folded before Flop (didn't bet)
Seat 6: habib beye collected ($2.50)



PokerStars Hand #254718822968:  Hold'em No Limit ($0.50/$1.00 USD) - 2025/02/05 14:37:51 WET [2025/02/05 9:37:51 ET]
Table 'Gabriella II' 6-max Seat #3 is the button
Seat 1: AlexEliseev7 ($100 in chips) 
Seat 2: LeaveItYeah ($104 in chips) 
Seat 3: easy_sarcasm ($104 in chips) 
Seat 4: Twistenko ($119.82 in chips) 
Seat 5: dollypem ($86.65 in chips) 
Seat 6: habib beye ($101.50 in chips) 
Twistenko: posts small blind $0.50
dollypem: posts big blind $1
*** HOLE CARDS ***
habib beye: folds 
AlexEliseev7: folds 
LeaveItYeah: folds 
easy_sarcasm: raises $1.20 to $2.20
Twistenko: folds 
dollypem: calls $1.20
*** FLOP *** [9c 4d 2c]
dollypem: checks 
easy_sarcasm: bets $2.50
dollypem: calls $2.50
*** TURN *** [9c 4d 2c] [2h]
dollypem: checks 
easy_sarcasm: bets $11.50
dollypem: calls $11.50
*** RIVER *** [9c 4d 2c 2h] [Qh]
dollypem: checks 
easy_sarcasm: bets $21
dollypem: calls $21
*** SHOW DOWN ***
easy_sarcasm: shows [Tc Td] (two pair, Tens and Deuces)
dollypem: shows [7s 2s] (three of a kind, Deuces)
dollypem collected $72.40 from pot
*** SUMMARY ***
Total pot $74.90 | Rake $2.50 
Board [9c 4d 2c 2h Qh]
Seat 1: AlexEliseev7 folded before Flop (didn't bet)
Seat 2: LeaveItYeah folded before Flop (didn't bet)
Seat 3: easy_sarcasm (button) showed [Tc Td] and lost with two pair, Tens and Deuces
Seat 4: Twistenko (small blind) folded before Flop
Seat 5: dollypem (big blind) showed [7s 2s] and won ($72.40) with three of a kind, Deuces
Seat 6: habib beye folded before Flop (didn't bet)



PokerStars Hand #254718833296:  Hold'em No Limit ($0.50/$1.00 USD) - 2025/02/05 14:38:48 WET [2025/02/05 9:38:48 ET]
Table 'Gabriella II' 6-max Seat #4 is the button
Seat 1: AlexEliseev7 ($100 in chips) 
Seat 2: LeaveItYeah ($104 in chips) 
Seat 3: easy_sarcasm ($100 in chips) 
Seat 4: Twistenko ($119.32 in chips) 
Seat 5: dollypem ($121.85 in chips) 
Seat 6: habib beye ($101.50 in chips) 
dollypem: posts small blind $0.50
habib beye: posts big blind $1
*** HOLE CARDS ***
AlexEliseev7: folds 
LeaveItYeah: raises $1.10 to $2.10
easy_sarcasm: raises $5.90 to $8
Twistenko: folds 
dollypem: folds 
habib beye: folds 
LeaveItYeah: raises $12 to $20
easy_sarcasm: folds 
Uncalled bet ($12) returned to LeaveItYeah
LeaveItYeah collected $17.50 from pot
LeaveItYeah: doesn't show hand 
*** SUMMARY ***
Total pot $17.50 | Rake $0 
Seat 1: AlexEliseev7 folded before Flop (didn't bet)
Seat 2: LeaveItYeah collected ($17.50)
Seat 3: easy_sarcasm folded before Flop
Seat 4: Twistenko (button) folded before Flop (didn't bet)
Seat 5: dollypem (small blind) folded before Flop
Seat 6: habib beye (big blind) folded before Flop



PokerStars Hand #254718841007:  Hold'em No Limit ($0.50/$1.00 USD) - 2025/02/05 14:39:31 WET [2025/02/05 9:39:31 ET]
Table 'Gabriella II' 6-max Seat #5 is the button
Seat 1: AlexEliseev7 ($100 in chips) 
Seat 2: LeaveItYeah ($113.50 in chips) 
Seat 3: easy_sarcasm ($100 in chips) 
Seat 4: Twistenko ($119.32 in chips) 
Seat 5: dollypem ($121.35 in chips) 
Seat 6: habib beye ($100.50 in chips) 
habib beye: posts small blind $0.50
AlexEliseev7: posts big blind $1
*** HOLE CARDS ***
LeaveItYeah: folds 
easy_sarcasm: folds 
Twistenko: folds 
dollypem: folds 
habib beye: folds 
Uncalled bet ($0.50) returned to AlexEliseev7
AlexEliseev7 collected $1 from pot
AlexEliseev7: doesn't show hand 
*** SUMMARY ***
Total pot $1 | Rake $0 
Seat 1: AlexEliseev7 (big blind) collected ($1)
Seat 2: LeaveItYeah folded before Flop (didn't bet)
Seat 3: easy_sarcasm folded before Flop (didn't bet)
Seat 4: Twistenko folded before Flop (didn't bet)
Seat 5: dollypem (button) folded before Flop (didn't bet)
Seat 6: habib beye (small blind) folded before Flop



PokerStars Hand #254718843601:  Hold'em No Limit ($0.50/$1.00 USD) - 2025/02/05 14:39:45 WET [2025/02/05 9:39:45 ET]
Table 'Gabriella II' 6-max Seat #6 is the button
Seat 1: AlexEliseev7 ($100.50 in chips) 
Seat 2: LeaveItYeah ($113.50 in chips) 
Seat 3: easy_sarcasm ($100 in chips) 
Seat 4: Twistenko ($119.32 in chips) 
Seat 5: dollypem ($121.35 in chips) 
Seat 6: habib beye ($100 in chips) 
AlexEliseev7: posts small blind $0.50
LeaveItYeah: posts big blind $1
*** HOLE CARDS ***
easy_sarcasm: folds 
Twistenko: folds 
dollypem: folds 
habib beye: raises $1.50 to $2.50
AlexEliseev7: folds 
LeaveItYeah: folds 
Uncalled bet ($1.50) returned to habib beye
habib beye collected $2.50 from pot
*** SUMMARY ***
Total pot $2.50 | Rake $0 
Seat 1: AlexEliseev7 (small blind) folded before Flop
Seat 2: LeaveItYeah (big blind) folded before Flop
Seat 3: easy_sarcasm folded before Flop (didn't bet)
Seat 4: Twistenko folded before Flop (didn't bet)
Seat 5: dollypem folded before Flop (didn't bet)
Seat 6: habib beye (button) collected ($2.50)



PokerStars Hand #254718847366:  Hold'em No Limit ($0.50/$1.00 USD) - 2025/02/05 14:40:06 WET [2025/02/05 9:40:06 ET]
Table 'Gabriella II' 6-max Seat #1 is the button
Seat 1: AlexEliseev7 ($100 in chips) 
Seat 2: LeaveItYeah ($112.50 in chips) 
Seat 3: easy_sarcasm ($100 in chips) 
Seat 4: Twistenko ($119.32 in chips) 
Seat 5: dollypem ($121.35 in chips) 
Seat 6: habib beye ($101.50 in chips) 
LeaveItYeah: posts small blind $0.50
easy_sarcasm: posts big blind $1
*** HOLE CARDS ***
Twistenko: folds 
dollypem: folds 
habib beye: folds 
AlexEliseev7: folds 
LeaveItYeah: raises $2 to $3
easy_sarcasm: raises $6 to $9
LeaveItYeah: raises $12.20 to $21.20
easy_sarcasm: calls $12.20
*** FLOP *** [Qc 9h 9c]
LeaveItYeah: bets $10.08
easy_sarcasm: raises $16.42 to $26.50
LeaveItYeah: folds 
Uncalled bet ($16.42) returned to easy_sarcasm
easy_sarcasm collected $60.06 from pot
*** SUMMARY ***
Total pot $62.56 | Rake $2.50 
Board [Qc 9h 9c]
Seat 1: AlexEliseev7 (button) folded before Flop (didn't bet)
Seat 2: LeaveItYeah (small blind) folded on the Flop
Seat 3: easy_sarcasm (big blind) collected ($60.06)
Seat 4: Twistenko folded before Flop (didn't bet)
Seat 5: dollypem folded before Flop (didn't bet)
Seat 6: habib beye folded before Flop (didn't bet)



PokerStars Hand #254718861416:  Hold'em No Limit ($0.50/$1.00 USD) - 2025/02/05 14:41:22 WET [2025/02/05 9:41:22 ET]
Table 'Gabriella II' 6-max Seat #2 is the button
Seat 1: AlexEliseev7 ($100 in chips) 
Seat 2: LeaveItYeah ($100 in chips) 
Seat 3: easy_sarcasm ($128.78 in chips) 
Seat 4: Twistenko ($119.32 in chips) 
Seat 5: dollypem ($121.35 in chips) 
Seat 6: habib beye ($101.50 in chips) 
easy_sarcasm: posts small blind $0.50
Twistenko: posts big blind $1
*** HOLE CARDS ***
dollypem: raises $1 to $2
habib beye: raises $4 to $6
AlexEliseev7: folds 
LeaveItYeah: folds 
easy_sarcasm: folds 
Twistenko: folds 
dollypem: calls $4
*** FLOP *** [Qd 3h Ad]
dollypem: checks 
habib beye: bets $4.23
dollypem: raises $7.23 to $11.46
habib beye: folds 
Uncalled bet ($7.23) returned to dollypem
dollypem collected $20.86 from pot
*** SUMMARY ***
Total pot $21.96 | Rake $1.10 
Board [Qd 3h Ad]
Seat 1: AlexEliseev7 folded before Flop (didn't bet)
Seat 2: LeaveItYeah (button) folded before Flop (didn't bet)
Seat 3: easy_sarcasm (small blind) folded before Flop
Seat 4: Twistenko (big blind) folded before Flop
Seat 5: dollypem collected ($20.86)
Seat 6: habib beye folded on the Flop



PokerStars Hand #254718870571:  Hold'em No Limit ($0.50/$1.00 USD) - 2025/02/05 14:42:12 WET [2025/02/05 9:42:12 ET]
Table 'Gabriella II' 6-max Seat #3 is the button
Seat 1: AlexEliseev7 ($100 in chips) 
Seat 2: LeaveItYeah ($100 in chips) 
Seat 3: easy_sarcasm ($128.28 in chips) 
Seat 4: Twistenko ($118.32 in chips) 
Seat 5: dollypem ($131.98 in chips) 
Seat 6: habib beye ($100 in chips) 
Twistenko: posts small blind $0.50
dollypem: posts big blind $1
*** HOLE CARDS ***
habib beye: folds 
AlexEliseev7: raises $1.50 to $2.50
LeaveItYeah: folds 
easy_sarcasm: folds 
Twistenko: folds 
dollypem: calls $1.50
*** FLOP *** [4d 3s As]
dollypem: checks 
AlexEliseev7: checks 
*** TURN *** [4d 3s As] [Ah]
dollypem: checks 
AlexEliseev7: checks 
*** RIVER *** [4d 3s As Ah] [3d]
dollypem: bets $2.61
AlexEliseev7: folds 
Uncalled bet ($2.61) returned to dollypem
dollypem collected $5.22 from pot
*** SUMMARY ***
Total pot $5.50 | Rake $0.28 
Board [4d 3s As Ah 3d]
Seat 1: AlexEliseev7 folded on the River
Seat 2: LeaveItYeah folded before Flop (didn't bet)
Seat 3: easy_sarcasm (button) folded before Flop (didn't bet)
Seat 4: Twistenko (small blind) folded before Flop
Seat 5: dollypem (big blind) collected ($5.22)
Seat 6: habib beye folded before Flop (didn't bet)



PokerStars Hand #254718878707:  Hold'em No Limit ($0.50/$1.00 USD) - 2025/02/05 14:42:56 WET [2025/02/05 9:42:56 ET]
Table 'Gabriella II' 6-max Seat #4 is the button
Seat 1: AlexEliseev7 ($100 in chips) 
Seat 2: LeaveItYeah ($100 in chips) 
Seat 3: easy_sarcasm ($128.28 in chips) 
Seat 4: Twistenko ($117.82 in chips) 
Seat 5: dollypem ($134.70 in chips) 
Seat 6: habib beye ($100 in chips) 
dollypem: posts small blind $0.50
habib beye: posts big blind $1
*** HOLE CARDS ***
AlexEliseev7: folds 
LeaveItYeah: folds 
easy_sarcasm: folds 
Twistenko: folds 
dollypem: calls $0.50
habib beye: checks 
*** FLOP *** [6s 9c 6h]
dollypem: checks 
habib beye: checks 
*** TURN *** [6s 9c 6h] [5d]
dollypem: checks 
habib beye: bets $1
dollypem: calls $1
*** RIVER *** [6s 9c 6h 5d] [Qh]
dollypem: checks 
habib beye: checks 
*** SHOW DOWN ***
dollypem: shows [7h 5c] (two pair, Sixes and Fives)
habib beye: shows [2d 5h] (two pair, Sixes and Fives)
dollypem collected $1.90 from pot
habib beye collected $1.90 from pot
*** SUMMARY ***
Total pot $4 | Rake $0.20 
Board [6s 9c 6h 5d Qh]
Seat 1: AlexEliseev7 folded before Flop (didn't bet)
Seat 2: LeaveItYeah folded before Flop (didn't bet)
Seat 3: easy_sarcasm folded before Flop (didn't bet)
Seat 4: Twistenko (button) folded before Flop (didn't bet)
Seat 5: dollypem (small blind) showed [7h 5c] and won ($1.90) with two pair, Sixes and Fives
Seat 6: habib beye (big blind) showed [2d 5h] and won ($1.90) with two pair, Sixes and Fives



PokerStars Hand #254718887156:  Hold'em No Limit ($0.50/$1.00 USD) - 2025/02/05 14:43:42 WET [2025/02/05 9:43:42 ET]
Table 'Gabriella II' 6-max Seat #5 is the button
Seat 1: AlexEliseev7 ($100 in chips) 
Seat 2: LeaveItYeah ($100 in chips) 
Seat 3: easy_sarcasm ($128.28 in chips) 
Seat 4: Twistenko ($117.82 in chips) 
Seat 5: dollypem ($134.60 in chips) 
Seat 6: habib beye ($100 in chips) 
habib beye: posts small blind $0.50
AlexEliseev7: posts big blind $1
*** HOLE CARDS ***
LeaveItYeah: folds 
easy_sarcasm: folds 
Twistenko: folds 
dollypem: raises $1 to $2
habib beye: folds 
AlexEliseev7: raises $10 to $12
dollypem: calls $10
*** FLOP *** [2h Qh 6d]
AlexEliseev7: bets $7.68
dollypem: folds [5s 5d]
Uncalled bet ($7.68) returned to AlexEliseev7
AlexEliseev7 collected $23.28 from pot
AlexEliseev7: doesn't show hand 
*** SUMMARY ***
Total pot $24.50 | Rake $1.22 
Board [2h Qh 6d]
Seat 1: AlexEliseev7 (big blind) collected ($23.28)
Seat 2: LeaveItYeah folded before Flop (didn't bet)
Seat 3: easy_sarcasm folded before Flop (didn't bet)
Seat 4: Twistenko folded before Flop (didn't bet)
Seat 5: dollypem (button) folded on the Flop
Seat 6: habib beye (small blind) folded before Flop



PokerStars Hand #254718897867:  Hold'em No Limit ($0.50/$1.00 USD) - 2025/02/05 14:44:40 WET [2025/02/05 9:44:40 ET]
Table 'Gabriella II' 6-max Seat #6 is the button
Seat 1: AlexEliseev7 ($111.28 in chips) 
Seat 2: LeaveItYeah ($100 in chips) 
Seat 3: easy_sarcasm ($128.28 in chips) 
Seat 4: Twistenko ($117.82 in chips) 
Seat 5: dollypem ($122.60 in chips) 
Seat 6: habib beye ($100 in chips) 
AlexEliseev7: posts small blind $0.50
LeaveItYeah: posts big blind $1
*** HOLE CARDS ***
easy_sarcasm: folds 
Twistenko: folds 
dollypem: folds 
habib beye: raises $1.50 to $2.50
AlexEliseev7: folds 
dollypem leaves the table
LeaveItYeah: folds 
Uncalled bet ($1.50) returned to habib beye
habib beye collected $2.50 from pot
*** SUMMARY ***
Total pot $2.50 | Rake $0 
Seat 1: AlexEliseev7 (small blind) folded before Flop
Seat 2: LeaveItYeah (big blind) folded before Flop
Seat 3: easy_sarcasm folded before Flop (didn't bet)
Seat 4: Twistenko folded before Flop (didn't bet)
Seat 5: dollypem folded before Flop (didn't bet)
Seat 6: habib beye (button) collected ($2.50)



PokerStars Hand #254718901192:  Hold'em No Limit ($0.50/$1.00 USD) - 2025/02/05 14:44:58 WET [2025/02/05 9:44:58 ET]
Table 'Gabriella II' 6-max Seat #1 is the button
Seat 1: AlexEliseev7 ($110.78 in chips) 
Seat 2: LeaveItYeah ($100 in chips) 
Seat 3: easy_sarcasm ($128.28 in chips) 
Seat 4: Twistenko ($117.82 in chips) 
Seat 6: habib beye ($101.50 in chips) 
LeaveItYeah: posts small blind $0.50
easy_sarcasm: posts big blind $1
*** HOLE CARDS ***
Twistenko: folds 
habib beye: folds 
Twistenko leaves the table
AlexEliseev7: raises $1.50 to $2.50
LeaveItYeah: folds 
easy_sarcasm: folds 
Uncalled bet ($1.50) returned to AlexEliseev7
AlexEliseev7 collected $2.50 from pot
AlexEliseev7: doesn't show hand 
*** SUMMARY ***
Total pot $2.50 | Rake $0 
Seat 1: AlexEliseev7 (button) collected ($2.50)
Seat 2: LeaveItYeah (small blind) folded before Flop
Seat 3: easy_sarcasm (big blind) folded before Flop
Seat 4: Twistenko folded before Flop (didn't bet)
Seat 6: habib beye folded before Flop (didn't bet)



PokerStars Hand #254718904434:  Hold'em No Limit ($0.50/$1.00 USD) - 2025/02/05 14:45:16 WET [2025/02/05 9:45:16 ET]
Table 'Gabriella II' 6-max Seat #2 is the button
Seat 1: AlexEliseev7 ($112.28 in chips) 
Seat 2: LeaveItYeah ($100 in chips) 
Seat 3: easy_sarcasm ($127.28 in chips) 
Seat 6: habib beye ($101.50 in chips) 
easy_sarcasm: posts small blind $0.50
habib beye: posts big blind $1
*** HOLE CARDS ***
AlexEliseev7: folds 
LeaveItYeah: folds 
easy_sarcasm: raises $2 to $3
LeaveItYeah leaves the table
AlexEliseev7 leaves the table
habib beye: raises $6 to $9
easy_sarcasm: folds 
Uncalled bet ($6) returned to habib beye
habib beye collected $6 from pot
*** SUMMARY ***
Total pot $6 | Rake $0 
Seat 1: AlexEliseev7 folded before Flop (didn't bet)
Seat 2: LeaveItYeah (button) folded before Flop (didn't bet)
Seat 3: easy_sarcasm (small blind) folded before Flop
Seat 6: habib beye (big blind) collected ($6)



