PokerStars Hand #254721463518:  Hold'em No Limit ($0.50/$1.00 USD) - 2025/02/05 18:00:57 WET [2025/02/05 13:00:57 ET]
Table 'Comacina II' 6-max Seat #3 is the button
Seat 2: AIien Hand ($100 in chips) 
Seat 3: alexandr699 ($100 in chips) 
Seat 5: poker_soul11 ($100 in chips) 
poker_soul11: posts small blind $0.50
AIien Hand: posts big blind $1
*** HOLE CARDS ***
alexandr699: raises $1.98 to $2.98
poker_soul11: folds 
AIien Hand: raises $9.52 to $12.50
alexandr699: folds 
Uncalled bet ($9.52) returned to AIien Hand
AIien Hand collected $6.46 from pot
AIien Hand: doesn't show hand 
*** SUMMARY ***
Total pot $6.46 | Rake $0 
Seat 2: AIien Hand (big blind) collected ($6.46)
Seat 3: alexandr699 (button) folded before Flop
Seat 5: poker_soul11 (small blind) folded before Flop



PokerStars Hand #254721470382:  Hold'em No Limit ($0.50/$1.00 USD) - 2025/02/05 18:01:27 WET [2025/02/05 13:01:27 ET]
Table 'Comacina II' 6-max Seat #5 is the button
Seat 2: AIien Hand ($103.48 in chips) 
Seat 3: alexandr699 ($100 in chips) 
Seat 5: poker_soul11 ($100 in chips) 
AIien Hand: posts small blind $0.50
alexandr699: posts big blind $1
*** HOLE CARDS ***
poker_soul11: folds 
AIien Hand: folds 
Uncalled bet ($0.50) returned to alexandr699
alexandr699 collected $1 from pot
alexandr699: doesn't show hand 
*** SUMMARY ***
Total pot $1 | Rake $0 
Seat 2: AIien Hand (small blind) folded before Flop
Seat 3: alexandr699 (big blind) collected ($1)
Seat 5: poker_soul11 (button) folded before Flop (didn't bet)



PokerStars Hand #254721472137:  Hold'em No Limit ($0.50/$1.00 USD) - 2025/02/05 18:01:34 WET [2025/02/05 13:01:34 ET]
Table 'Comacina II' 6-max Seat #2 is the button
Seat 2: AIien Hand ($102.98 in chips) 
Seat 3: alexandr699 ($100.50 in chips) 
Seat 5: poker_soul11 ($100 in chips) 
alexandr699: posts small blind $0.50
poker_soul11: posts big blind $1
*** HOLE CARDS ***
AIien Hand: folds 
alexandr699: folds 
Uncalled bet ($0.50) returned to poker_soul11
poker_soul11 collected $1 from pot
poker_soul11: doesn't show hand 
*** SUMMARY ***
Total pot $1 | Rake $0 
Seat 2: AIien Hand (button) folded before Flop (didn't bet)
Seat 3: alexandr699 (small blind) folded before Flop
Seat 5: poker_soul11 (big blind) collected ($1)



PokerStars Hand #254721474817:  Hold'em No Limit ($0.50/$1.00 USD) - 2025/02/05 18:01:46 WET [2025/02/05 13:01:46 ET]
Table 'Comacina II' 6-max Seat #3 is the button
Seat 2: AIien Hand ($102.98 in chips) 
Seat 3: alexandr699 ($100 in chips) 
Seat 5: poker_soul11 ($100.50 in chips) 
poker_soul11: posts small blind $0.50
AIien Hand: posts big blind $1
*** HOLE CARDS ***
alexandr699: folds 
poker_soul11: folds 
Uncalled bet ($0.50) returned to AIien Hand
AIien Hand collected $1 from pot
AIien Hand: doesn't show hand 
*** SUMMARY ***
Total pot $1 | Rake $0 
Seat 2: AIien Hand (big blind) collected ($1)
Seat 3: alexandr699 (button) folded before Flop (didn't bet)
Seat 5: poker_soul11 (small blind) folded before Flop



PokerStars Hand #254721478860:  Hold'em No Limit ($0.50/$1.00 USD) - 2025/02/05 18:02:03 WET [2025/02/05 13:02:03 ET]
Table 'Comacina II' 6-max Seat #5 is the button
Seat 2: AIien Hand ($103.48 in chips) 
Seat 3: alexandr699 ($100 in chips) 
Seat 5: poker_soul11 ($100 in chips) 
AIien Hand: posts small blind $0.50
alexandr699: posts big blind $1
*** HOLE CARDS ***
poker_soul11: raises $1.20 to $2.20
AIien Hand: folds 
alexandr699: folds 
Uncalled bet ($1.20) returned to poker_soul11
poker_soul11 collected $2.50 from pot
poker_soul11: doesn't show hand 
*** SUMMARY ***
Total pot $2.50 | Rake $0 
Seat 2: AIien Hand (small blind) folded before Flop
Seat 3: alexandr699 (big blind) folded before Flop
Seat 5: poker_soul11 (button) collected ($2.50)



PokerStars Hand #254721483909:  Hold'em No Limit ($0.50/$1.00 USD) - 2025/02/05 18:02:23 WET [2025/02/05 13:02:23 ET]
Table 'Comacina II' 6-max Seat #2 is the button
Seat 3: alexandr699 ($100 in chips) is sitting out
Seat 2: AIien Hand ($102.98 in chips) 
Seat 5: poker_soul11 ($101.50 in chips) 
AIien Hand: posts small blind $0.50
poker_soul11: posts big blind $1
*** HOLE CARDS ***
alexandr699 leaves the table
AIien Hand: raises $1.50 to $2.50
poker_soul11: folds 
Uncalled bet ($1.50) returned to AIien Hand
AIien Hand collected $2 from pot
AIien Hand: doesn't show hand 
*** SUMMARY ***
Total pot $2 | Rake $0 
Seat 3: alexandr699
Seat 2: AIien Hand (button) (small blind) collected ($2)
Seat 5: poker_soul11 (big blind) folded before Flop



PokerStars Hand #254721487118:  Hold'em No Limit ($0.50/$1.00 USD) - 2025/02/05 18:02:35 WET [2025/02/05 13:02:35 ET]
Table 'Comacina II' 6-max Seat #5 is the button
Seat 2: AIien Hand ($103.98 in chips) 
Seat 5: poker_soul11 ($100.50 in chips) 
poker_soul11: posts small blind $0.50
AIien Hand: posts big blind $1
*** HOLE CARDS ***
poker_soul11: folds 
Uncalled bet ($0.50) returned to AIien Hand
AIien Hand collected $1 from pot
AIien Hand: doesn't show hand 
*** SUMMARY ***
Total pot $1 | Rake $0 
Seat 2: AIien Hand (big blind) collected ($1)
Seat 5: poker_soul11 (button) (small blind) folded before Flop



PokerStars Hand #254721502477:  Hold'em No Limit ($0.50/$1.00 USD) - 2025/02/05 18:03:33 WET [2025/02/05 13:03:33 ET]
Table 'Comacina II' 6-max Seat #6 is the button
Seat 2: AIien Hand ($104.48 in chips) 
Seat 4: franco232315 ($80 in chips) 
Seat 6: poker_soul11 ($100 in chips) 
AIien Hand: posts small blind $0.50
franco232315: posts big blind $1
*** HOLE CARDS ***
poker_soul11: raises $1.20 to $2.20
AIien Hand: raises $8.80 to $11
franco232315: folds 
poker_soul11: folds 
Uncalled bet ($8.80) returned to AIien Hand
AIien Hand collected $5.40 from pot
AIien Hand: doesn't show hand 
*** SUMMARY ***
Total pot $5.40 | Rake $0 
Seat 2: AIien Hand (small blind) collected ($5.40)
Seat 4: franco232315 (big blind) folded before Flop
Seat 6: poker_soul11 (button) folded before Flop



PokerStars Hand #254721509391:  Hold'em No Limit ($0.50/$1.00 USD) - 2025/02/05 18:04:00 WET [2025/02/05 13:04:00 ET]
Table 'Comacina II' 6-max Seat #2 is the button
Seat 2: AIien Hand ($107.68 in chips) 
Seat 4: franco232315 ($100 in chips) 
Seat 6: poker_soul11 ($100 in chips) 
franco232315: posts small blind $0.50
poker_soul11: posts big blind $1
*** HOLE CARDS ***
AIien Hand: folds 
franco232315: folds 
Uncalled bet ($0.50) returned to poker_soul11
poker_soul11 collected $1 from pot
poker_soul11: doesn't show hand 
*** SUMMARY ***
Total pot $1 | Rake $0 
Seat 2: AIien Hand (button) folded before Flop (didn't bet)
Seat 4: franco232315 (small blind) folded before Flop
Seat 6: poker_soul11 (big blind) collected ($1)



PokerStars Hand #254721513134:  Hold'em No Limit ($0.50/$1.00 USD) - 2025/02/05 18:04:14 WET [2025/02/05 13:04:14 ET]
Table 'Comacina II' 6-max Seat #4 is the button
Seat 2: AIien Hand ($107.68 in chips) 
Seat 4: franco232315 ($100 in chips) 
Seat 6: poker_soul11 ($100.50 in chips) 
poker_soul11: posts small blind $0.50
AIien Hand: posts big blind $1
*** HOLE CARDS ***
franco232315: folds 
poker_soul11: folds 
Uncalled bet ($0.50) returned to AIien Hand
AIien Hand collected $1 from pot
AIien Hand: doesn't show hand 
*** SUMMARY ***
Total pot $1 | Rake $0 
Seat 2: AIien Hand (big blind) collected ($1)
Seat 4: franco232315 (button) folded before Flop (didn't bet)
Seat 6: poker_soul11 (small blind) folded before Flop



PokerStars Hand #254721516357:  Hold'em No Limit ($0.50/$1.00 USD) - 2025/02/05 18:04:26 WET [2025/02/05 13:04:26 ET]
Table 'Comacina II' 6-max Seat #6 is the button
Seat 2: AIien Hand ($108.18 in chips) 
Seat 4: franco232315 ($100 in chips) 
Seat 6: poker_soul11 ($100 in chips) 
AIien Hand: posts small blind $0.50
franco232315: posts big blind $1
*** HOLE CARDS ***
poker_soul11: raises $1.20 to $2.20
AIien Hand: folds 
franco232315: raises $9.30 to $11.50
poker_soul11: calls $9.30
*** FLOP *** [8s 5d Kc]
franco232315: bets $7.43
poker_soul11: folds 
Uncalled bet ($7.43) returned to franco232315
franco232315 collected $22.50 from pot
franco232315: doesn't show hand 
*** SUMMARY ***
Total pot $23.50 | Rake $1 
Board [8s 5d Kc]
Seat 2: AIien Hand (small blind) folded before Flop
Seat 4: franco232315 (big blind) collected ($22.50)
Seat 6: poker_soul11 (button) folded on the Flop



PokerStars Hand #254721527714:  Hold'em No Limit ($0.50/$1.00 USD) - 2025/02/05 18:05:09 WET [2025/02/05 13:05:09 ET]
Table 'Comacina II' 6-max Seat #2 is the button
Seat 2: AIien Hand ($107.68 in chips) 
Seat 4: franco232315 ($111 in chips) 
Seat 6: poker_soul11 ($100 in chips) 
franco232315: posts small blind $0.50
poker_soul11: posts big blind $1
*** HOLE CARDS ***
AIien Hand: raises $1.50 to $2.50
franco232315: folds 
poker_soul11: folds 
Uncalled bet ($1.50) returned to AIien Hand
AIien Hand collected $2.50 from pot
AIien Hand: doesn't show hand 
*** SUMMARY ***
Total pot $2.50 | Rake $0 
Seat 2: AIien Hand (button) collected ($2.50)
Seat 4: franco232315 (small blind) folded before Flop
Seat 6: poker_soul11 (big blind) folded before Flop



PokerStars Hand #254721530099:  Hold'em No Limit ($0.50/$1.00 USD) - 2025/02/05 18:05:18 WET [2025/02/05 13:05:18 ET]
Table 'Comacina II' 6-max Seat #4 is the button
Seat 2: AIien Hand ($109.18 in chips) 
Seat 4: franco232315 ($110.50 in chips) 
Seat 6: poker_soul11 ($100 in chips) 
poker_soul11: posts small blind $0.50
AIien Hand: posts big blind $1
*** HOLE CARDS ***
franco232315: folds 
poker_soul11: raises $2 to $3
AIien Hand: folds 
Uncalled bet ($2) returned to poker_soul11
poker_soul11 collected $2 from pot
poker_soul11: doesn't show hand 
*** SUMMARY ***
Total pot $2 | Rake $0 
Seat 2: AIien Hand (big blind) folded before Flop
Seat 4: franco232315 (button) folded before Flop (didn't bet)
Seat 6: poker_soul11 (small blind) collected ($2)



PokerStars Hand #254721534990:  Hold'em No Limit ($0.50/$1.00 USD) - 2025/02/05 18:05:37 WET [2025/02/05 13:05:37 ET]
Table 'Comacina II' 6-max Seat #6 is the button
Seat 2: AIien Hand ($108.18 in chips) 
Seat 4: franco232315 ($110.50 in chips) 
Seat 6: poker_soul11 ($101 in chips) 
AIien Hand: posts small blind $0.50
franco232315: posts big blind $1
*** HOLE CARDS ***
poker_soul11: raises $1.20 to $2.20
AIien Hand: folds 
franco232315: folds 
Uncalled bet ($1.20) returned to poker_soul11
poker_soul11 collected $2.50 from pot
poker_soul11: doesn't show hand 
*** SUMMARY ***
Total pot $2.50 | Rake $0 
Seat 2: AIien Hand (small blind) folded before Flop
Seat 4: franco232315 (big blind) folded before Flop
Seat 6: poker_soul11 (button) collected ($2.50)



PokerStars Hand #254721539184:  Hold'em No Limit ($0.50/$1.00 USD) - 2025/02/05 18:05:52 WET [2025/02/05 13:05:52 ET]
Table 'Comacina II' 6-max Seat #2 is the button
Seat 2: AIien Hand ($107.68 in chips) 
Seat 4: franco232315 ($109.50 in chips) 
Seat 6: poker_soul11 ($102.50 in chips) 
franco232315: posts small blind $0.50
poker_soul11: posts big blind $1
*** HOLE CARDS ***
AIien Hand: raises $1.50 to $2.50
franco232315: folds 
poker_soul11: folds 
Uncalled bet ($1.50) returned to AIien Hand
AIien Hand collected $2.50 from pot
AIien Hand: doesn't show hand 
*** SUMMARY ***
Total pot $2.50 | Rake $0 
Seat 2: AIien Hand (button) collected ($2.50)
Seat 4: franco232315 (small blind) folded before Flop
Seat 6: poker_soul11 (big blind) folded before Flop



PokerStars Hand #254721544730:  Hold'em No Limit ($0.50/$1.00 USD) - 2025/02/05 18:06:13 WET [2025/02/05 13:06:13 ET]
Table 'Comacina II' 6-max Seat #4 is the button
Seat 2: AIien Hand ($109.18 in chips) 
Seat 4: franco232315 ($109 in chips) 
Seat 6: poker_soul11 ($101.50 in chips) 
poker_soul11: posts small blind $0.50
AIien Hand: posts big blind $1
*** HOLE CARDS ***
franco232315: raises $1.50 to $2.50
poker_soul11: raises $9.50 to $12
AIien Hand: folds 
franco232315: folds 
Uncalled bet ($9.50) returned to poker_soul11
poker_soul11 collected $6 from pot
poker_soul11: doesn't show hand 
*** SUMMARY ***
Total pot $6 | Rake $0 
Seat 2: AIien Hand (big blind) folded before Flop
Seat 4: franco232315 (button) folded before Flop
Seat 6: poker_soul11 (small blind) collected ($6)



PokerStars Hand #254721551273:  Hold'em No Limit ($0.50/$1.00 USD) - 2025/02/05 18:06:38 WET [2025/02/05 13:06:38 ET]
Table 'Comacina II' 6-max Seat #6 is the button
Seat 2: AIien Hand ($108.18 in chips) 
Seat 4: franco232315 ($106.50 in chips) 
Seat 6: poker_soul11 ($105 in chips) 
AIien Hand: posts small blind $0.50
franco232315: posts big blind $1
*** HOLE CARDS ***
poker_soul11: raises $1.20 to $2.20
AIien Hand: raises $8.80 to $11
franco232315: folds 
poker_soul11: folds 
Uncalled bet ($8.80) returned to AIien Hand
AIien Hand collected $5.40 from pot
AIien Hand: doesn't show hand 
*** SUMMARY ***
Total pot $5.40 | Rake $0 
Seat 2: AIien Hand (small blind) collected ($5.40)
Seat 4: franco232315 (big blind) folded before Flop
Seat 6: poker_soul11 (button) folded before Flop



PokerStars Hand #254721559661:  Hold'em No Limit ($0.50/$1.00 USD) - 2025/02/05 18:07:09 WET [2025/02/05 13:07:09 ET]
Table 'Comacina II' 6-max Seat #2 is the button
Seat 2: AIien Hand ($111.38 in chips) 
Seat 4: franco232315 ($105.50 in chips) 
Seat 6: poker_soul11 ($102.80 in chips) 
franco232315: posts small blind $0.50
poker_soul11: posts big blind $1
*** HOLE CARDS ***
AIien Hand: folds 
franco232315: raises $2 to $3
poker_soul11: calls $2
*** FLOP *** [5d 8h 2d]
franco232315: bets $2.85
poker_soul11: folds 
Uncalled bet ($2.85) returned to franco232315
franco232315 collected $5.70 from pot
franco232315: doesn't show hand 
*** SUMMARY ***
Total pot $6 | Rake $0.30 
Board [5d 8h 2d]
Seat 2: AIien Hand (button) folded before Flop (didn't bet)
Seat 4: franco232315 (small blind) collected ($5.70)
Seat 6: poker_soul11 (big blind) folded on the Flop



PokerStars Hand #254721570596:  Hold'em No Limit ($0.50/$1.00 USD) - 2025/02/05 18:07:50 WET [2025/02/05 13:07:50 ET]
Table 'Comacina II' 6-max Seat #4 is the button
Seat 2: AIien Hand ($111.38 in chips) 
Seat 4: franco232315 ($108.20 in chips) 
Seat 6: poker_soul11 ($100 in chips) 
poker_soul11: posts small blind $0.50
AIien Hand: posts big blind $1
*** HOLE CARDS ***
franco232315: folds 
cacan89 joins the table at seat #3 
cacan89 is disconnected 
poker_soul11: folds 
Uncalled bet ($0.50) returned to AIien Hand
antey89 joins the table at seat #5 
AIien Hand collected $1 from pot
AIien Hand: doesn't show hand 
z00mba joins the table at seat #1 
*** SUMMARY ***
Total pot $1 | Rake $0 
Seat 2: AIien Hand (big blind) collected ($1)
Seat 4: franco232315 (button) folded before Flop (didn't bet)
Seat 6: poker_soul11 (small blind) folded before Flop



PokerStars Hand #254721573415:  Hold'em No Limit ($0.50/$1.00 USD) - 2025/02/05 18:08:01 WET [2025/02/05 13:08:01 ET]
Table 'Comacina II' 6-max Seat #6 is the button
Seat 1: z00mba ($100 in chips) is sitting out
Seat 5: antey89 ($100 in chips) is sitting out
Seat 2: AIien Hand ($111.88 in chips) 
Seat 3: cacan89 ($80 in chips) 
Seat 4: franco232315 ($108.20 in chips) 
Seat 6: poker_soul11 ($100 in chips) 
AIien Hand: posts small blind $0.50
cacan89: posts big blind $1
antey89: sits out 
*** HOLE CARDS ***
franco232315: folds 
poker_soul11: folds 
AIien Hand: folds 
Uncalled bet ($0.50) returned to cacan89
cacan89 collected $1 from pot
*** SUMMARY ***
Total pot $1 | Rake $0 
Seat 1: z00mba
Seat 5: antey89
Seat 2: AIien Hand (small blind) folded before Flop
Seat 3: cacan89 (big blind) collected ($1)
Seat 4: franco232315 folded before Flop (didn't bet)
Seat 6: poker_soul11 (button) folded before Flop (didn't bet)



PokerStars Hand #254721575414:  Hold'em No Limit ($0.50/$1.00 USD) - 2025/02/05 18:08:09 WET [2025/02/05 13:08:09 ET]
Table 'Comacina II' 6-max Seat #2 is the button
Seat 1: z00mba ($100 in chips) is sitting out
Seat 5: antey89 ($100 in chips) is sitting out
Seat 2: AIien Hand ($111.38 in chips) 
Seat 3: cacan89 ($80.50 in chips) 
Seat 4: franco232315 ($108.20 in chips) 
Seat 6: poker_soul11 ($100 in chips) 
cacan89: posts small blind $0.50
franco232315: posts big blind $1
antey89: sits out 
z00mba: sits out 
*** HOLE CARDS ***
poker_soul11: folds 
AIien Hand: raises $1.50 to $2.50
cacan89: folds 
franco232315: folds 
Uncalled bet ($1.50) returned to AIien Hand
AIien Hand collected $2.50 from pot
AIien Hand: doesn't show hand 
*** SUMMARY ***
Total pot $2.50 | Rake $0 
Seat 1: z00mba
Seat 5: antey89
Seat 2: AIien Hand (button) collected ($2.50)
Seat 3: cacan89 (small blind) folded before Flop
Seat 4: franco232315 (big blind) folded before Flop
Seat 6: poker_soul11 folded before Flop (didn't bet)



PokerStars Hand #254721578755:  Hold'em No Limit ($0.50/$1.00 USD) - 2025/02/05 18:08:21 WET [2025/02/05 13:08:21 ET]
Table 'Comacina II' 6-max Seat #3 is the button
Seat 1: z00mba ($100 in chips) is sitting out
Seat 2: AIien Hand ($112.88 in chips) 
Seat 3: cacan89 ($80 in chips) 
Seat 4: franco232315 ($107.20 in chips) 
Seat 5: antey89 ($100 in chips) 
Seat 6: poker_soul11 ($100 in chips) 
franco232315: posts small blind $0.50
antey89: posts big blind $1
z00mba: sits out 
*** HOLE CARDS ***
poker_soul11: folds 
AIien Hand: raises $1.20 to $2.20
cacan89: folds 
franco232315: folds 
antey89: folds 
Uncalled bet ($1.20) returned to AIien Hand
AIien Hand collected $2.50 from pot
AIien Hand: doesn't show hand 
*** SUMMARY ***
Total pot $2.50 | Rake $0 
Seat 1: z00mba
Seat 2: AIien Hand collected ($2.50)
Seat 3: cacan89 (button) folded before Flop (didn't bet)
Seat 4: franco232315 (small blind) folded before Flop
Seat 5: antey89 (big blind) folded before Flop
Seat 6: poker_soul11 folded before Flop (didn't bet)



PokerStars Hand #254721583340:  Hold'em No Limit ($0.50/$1.00 USD) - 2025/02/05 18:08:38 WET [2025/02/05 13:08:38 ET]
Table 'Comacina II' 6-max Seat #4 is the button
Seat 1: z00mba ($100 in chips) is sitting out
Seat 2: AIien Hand ($114.38 in chips) 
Seat 3: cacan89 ($80 in chips) 
Seat 4: franco232315 ($106.70 in chips) 
Seat 5: antey89 ($100 in chips) 
Seat 6: poker_soul11 ($100 in chips) 
antey89: posts small blind $0.50
poker_soul11: posts big blind $1
z00mba: sits out 
*** HOLE CARDS ***
AIien Hand: folds 
cacan89: folds 
franco232315: folds 
antey89: folds 
Uncalled bet ($0.50) returned to poker_soul11
poker_soul11 collected $1 from pot
poker_soul11: doesn't show hand 
*** SUMMARY ***
Total pot $1 | Rake $0 
Seat 1: z00mba
Seat 2: AIien Hand folded before Flop (didn't bet)
Seat 3: cacan89 folded before Flop (didn't bet)
Seat 4: franco232315 (button) folded before Flop (didn't bet)
Seat 5: antey89 (small blind) folded before Flop
Seat 6: poker_soul11 (big blind) collected ($1)



PokerStars Hand #254721589146:  Hold'em No Limit ($0.50/$1.00 USD) - 2025/02/05 18:09:01 WET [2025/02/05 13:09:01 ET]
Table 'Comacina II' 6-max Seat #5 is the button
Seat 1: z00mba ($100 in chips) 
Seat 2: AIien Hand ($114.38 in chips) 
Seat 3: cacan89 ($80 in chips) 
Seat 4: franco232315 ($106.70 in chips) 
Seat 5: antey89 ($100 in chips) 
Seat 6: poker_soul11 ($100.50 in chips) 
poker_soul11: posts small blind $0.50
z00mba: posts big blind $1
*** HOLE CARDS ***
AIien Hand: folds 
cacan89: folds 
franco232315: folds 
antey89: raises $1.50 to $2.50
poker_soul11: folds 
z00mba: folds 
Uncalled bet ($1.50) returned to antey89
antey89 collected $2.50 from pot
antey89: doesn't show hand 
*** SUMMARY ***
Total pot $2.50 | Rake $0 
Seat 1: z00mba (big blind) folded before Flop
Seat 2: AIien Hand folded before Flop (didn't bet)
Seat 3: cacan89 folded before Flop (didn't bet)
Seat 4: franco232315 folded before Flop (didn't bet)
Seat 5: antey89 (button) collected ($2.50)
Seat 6: poker_soul11 (small blind) folded before Flop



PokerStars Hand #254721592925:  Hold'em No Limit ($0.50/$1.00 USD) - 2025/02/05 18:09:15 WET [2025/02/05 13:09:15 ET]
Table 'Comacina II' 6-max Seat #6 is the button
Seat 1: z00mba ($100 in chips) 
Seat 2: AIien Hand ($114.38 in chips) 
Seat 3: cacan89 ($80 in chips) 
Seat 4: franco232315 ($106.70 in chips) 
Seat 5: antey89 ($101.50 in chips) 
Seat 6: poker_soul11 ($100 in chips) 
z00mba: posts small blind $0.50
AIien Hand: posts big blind $1
*** HOLE CARDS ***
cacan89: folds 
franco232315: folds 
antey89: folds 
poker_soul11: folds 
z00mba: raises $2 to $3
AIien Hand: calls $2
*** FLOP *** [8s Js 6h]
z00mba: checks 
AIien Hand: checks 
*** TURN *** [8s Js 6h] [Ts]
z00mba: checks 
AIien Hand: checks 
*** RIVER *** [8s Js 6h Ts] [8d]
z00mba: bets $4.33
AIien Hand: folds 
Uncalled bet ($4.33) returned to z00mba
z00mba collected $5.70 from pot
z00mba: doesn't show hand 
*** SUMMARY ***
Total pot $6 | Rake $0.30 
Board [8s Js 6h Ts 8d]
Seat 1: z00mba (small blind) collected ($5.70)
Seat 2: AIien Hand (big blind) folded on the River
Seat 3: cacan89 folded before Flop (didn't bet)
Seat 4: franco232315 folded before Flop (didn't bet)
Seat 5: antey89 folded before Flop (didn't bet)
Seat 6: poker_soul11 (button) folded before Flop (didn't bet)



PokerStars Hand #254721607372:  Hold'em No Limit ($0.50/$1.00 USD) - 2025/02/05 18:10:09 WET [2025/02/05 13:10:09 ET]
Table 'Comacina II' 6-max Seat #1 is the button
Seat 1: z00mba ($102.70 in chips) 
Seat 2: AIien Hand ($111.38 in chips) 
Seat 3: cacan89 ($80 in chips) 
Seat 4: franco232315 ($106.70 in chips) 
Seat 5: antey89 ($101.50 in chips) 
Seat 6: poker_soul11 ($100 in chips) 
AIien Hand: posts small blind $0.50
cacan89: posts big blind $1
*** HOLE CARDS ***
franco232315: folds 
antey89: folds 
poker_soul11: folds 
z00mba: folds 
AIien Hand: folds 
Uncalled bet ($0.50) returned to cacan89
cacan89 collected $1 from pot
*** SUMMARY ***
Total pot $1 | Rake $0 
Seat 1: z00mba (button) folded before Flop (didn't bet)
Seat 2: AIien Hand (small blind) folded before Flop
Seat 3: cacan89 (big blind) collected ($1)
Seat 4: franco232315 folded before Flop (didn't bet)
Seat 5: antey89 folded before Flop (didn't bet)
Seat 6: poker_soul11 folded before Flop (didn't bet)



PokerStars Hand #254721610673:  Hold'em No Limit ($0.50/$1.00 USD) - 2025/02/05 18:10:21 WET [2025/02/05 13:10:21 ET]
Table 'Comacina II' 6-max Seat #2 is the button
Seat 1: z00mba ($102.70 in chips) 
Seat 2: AIien Hand ($110.88 in chips) 
Seat 3: cacan89 ($80.50 in chips) 
Seat 4: franco232315 ($106.70 in chips) 
Seat 5: antey89 ($101.50 in chips) 
Seat 6: poker_soul11 ($100 in chips) 
cacan89: posts small blind $0.50
franco232315: posts big blind $1
*** HOLE CARDS ***
antey89: folds 
poker_soul11: folds 
z00mba: folds 
AIien Hand: raises $1.50 to $2.50
cacan89: raises $3.50 to $6
franco232315: folds 
AIien Hand: calls $3.50
*** FLOP *** [5d 5c 6h]
cacan89: checks 
AIien Hand: checks 
*** TURN *** [5d 5c 6h] [5s]
cacan89: checks 
AIien Hand: checks 
*** RIVER *** [5d 5c 6h 5s] [Kc]
cacan89: bets $15
AIien Hand: calls $15
*** SHOW DOWN ***
cacan89: shows [Ad Ah] (a full house, Fives full of Aces)
AIien Hand: mucks hand 
cacan89 collected $40.85 from pot
*** SUMMARY ***
Total pot $43 | Rake $2.15 
Board [5d 5c 6h 5s Kc]
Seat 1: z00mba folded before Flop (didn't bet)
Seat 2: AIien Hand (button) mucked
Seat 3: cacan89 (small blind) showed [Ad Ah] and won ($40.85) with a full house, Fives full of Aces
Seat 4: franco232315 (big blind) folded before Flop
Seat 5: antey89 folded before Flop (didn't bet)
Seat 6: poker_soul11 folded before Flop (didn't bet)



PokerStars Hand #254721628740:  Hold'em No Limit ($0.50/$1.00 USD) - 2025/02/05 18:11:28 WET [2025/02/05 13:11:28 ET]
Table 'Comacina II' 6-max Seat #3 is the button
Seat 1: z00mba ($102.70 in chips) 
Seat 2: AIien Hand ($100 in chips) 
Seat 3: cacan89 ($100.35 in chips) 
Seat 4: franco232315 ($105.70 in chips) 
Seat 5: antey89 ($101.50 in chips) 
Seat 6: poker_soul11 ($100 in chips) 
franco232315: posts small blind $0.50
antey89: posts big blind $1
*** HOLE CARDS ***
poker_soul11: folds 
z00mba: raises $1.50 to $2.50
AIien Hand: folds 
cacan89: folds 
franco232315: folds 
antey89: raises $8 to $10.50
z00mba: folds 
Uncalled bet ($8) returned to antey89
antey89 collected $5.50 from pot
antey89: doesn't show hand 
*** SUMMARY ***
Total pot $5.50 | Rake $0 
Seat 1: z00mba folded before Flop
Seat 2: AIien Hand folded before Flop (didn't bet)
Seat 3: cacan89 (button) folded before Flop (didn't bet)
Seat 4: franco232315 (small blind) folded before Flop
Seat 5: antey89 (big blind) collected ($5.50)
Seat 6: poker_soul11 folded before Flop (didn't bet)



PokerStars Hand #254721636058:  Hold'em No Limit ($0.50/$1.00 USD) - 2025/02/05 18:11:56 WET [2025/02/05 13:11:56 ET]
Table 'Comacina II' 6-max Seat #4 is the button
Seat 1: z00mba ($100.20 in chips) 
Seat 2: AIien Hand ($100 in chips) 
Seat 3: cacan89 ($100.35 in chips) 
Seat 4: franco232315 ($105.20 in chips) 
Seat 5: antey89 ($104.50 in chips) 
Seat 6: poker_soul11 ($100 in chips) 
antey89: posts small blind $0.50
poker_soul11: posts big blind $1
*** HOLE CARDS ***
z00mba: raises $1.50 to $2.50
AIien Hand: folds 
cacan89: folds 
franco232315: folds 
antey89: folds 
poker_soul11: folds 
Uncalled bet ($1.50) returned to z00mba
z00mba collected $2.50 from pot
z00mba: doesn't show hand 
*** SUMMARY ***
Total pot $2.50 | Rake $0 
Seat 1: z00mba collected ($2.50)
Seat 2: AIien Hand folded before Flop (didn't bet)
Seat 3: cacan89 folded before Flop (didn't bet)
Seat 4: franco232315 (button) folded before Flop (didn't bet)
Seat 5: antey89 (small blind) folded before Flop
Seat 6: poker_soul11 (big blind) folded before Flop



PokerStars Hand #254721641037:  Hold'em No Limit ($0.50/$1.00 USD) - 2025/02/05 18:12:14 WET [2025/02/05 13:12:14 ET]
Table 'Comacina II' 6-max Seat #5 is the button
Seat 1: z00mba ($101.70 in chips) 
Seat 2: AIien Hand ($100 in chips) 
Seat 3: cacan89 ($100.35 in chips) 
Seat 4: franco232315 ($105.20 in chips) 
Seat 5: antey89 ($104 in chips) 
Seat 6: poker_soul11 ($100 in chips) 
poker_soul11: posts small blind $0.50
z00mba: posts big blind $1
*** HOLE CARDS ***
AIien Hand: raises $1.20 to $2.20
cacan89: folds 
franco232315: folds 
antey89: folds 
poker_soul11: folds 
z00mba: calls $1.20
*** FLOP *** [9s Jh 9c]
z00mba: checks 
AIien Hand: bets $1.40
z00mba: calls $1.40
*** TURN *** [9s Jh 9c] [Kh]
z00mba: checks 
AIien Hand: bets $5.27
z00mba: calls $5.27
*** RIVER *** [9s Jh 9c Kh] [3c]
z00mba: checks 
AIien Hand: bets $12.46
z00mba: folds 
Uncalled bet ($12.46) returned to AIien Hand
AIien Hand collected $17.33 from pot
AIien Hand: doesn't show hand 
*** SUMMARY ***
Total pot $18.24 | Rake $0.91 
Board [9s Jh 9c Kh 3c]
Seat 1: z00mba (big blind) folded on the River
Seat 2: AIien Hand collected ($17.33)
Seat 3: cacan89 folded before Flop (didn't bet)
Seat 4: franco232315 folded before Flop (didn't bet)
Seat 5: antey89 (button) folded before Flop (didn't bet)
Seat 6: poker_soul11 (small blind) folded before Flop



PokerStars Hand #254721665009:  Hold'em No Limit ($0.50/$1.00 USD) - 2025/02/05 18:13:43 WET [2025/02/05 13:13:43 ET]
Table 'Comacina II' 6-max Seat #6 is the button
Seat 1: z00mba ($100 in chips) 
Seat 2: AIien Hand ($108.46 in chips) 
Seat 3: cacan89 ($100.35 in chips) 
Seat 4: franco232315 ($105.20 in chips) 
Seat 5: antey89 ($104 in chips) 
Seat 6: poker_soul11 ($100 in chips) 
z00mba: posts small blind $0.50
AIien Hand: posts big blind $1
*** HOLE CARDS ***
cacan89: folds 
franco232315: folds 
antey89: folds 
poker_soul11: folds 
z00mba: folds 
Uncalled bet ($0.50) returned to AIien Hand
AIien Hand collected $1 from pot
AIien Hand: doesn't show hand 
*** SUMMARY ***
Total pot $1 | Rake $0 
Seat 1: z00mba (small blind) folded before Flop
Seat 2: AIien Hand (big blind) collected ($1)
Seat 3: cacan89 folded before Flop (didn't bet)
Seat 4: franco232315 folded before Flop (didn't bet)
Seat 5: antey89 folded before Flop (didn't bet)
Seat 6: poker_soul11 (button) folded before Flop (didn't bet)



PokerStars Hand #254721668091:  Hold'em No Limit ($0.50/$1.00 USD) - 2025/02/05 18:13:55 WET [2025/02/05 13:13:55 ET]
Table 'Comacina II' 6-max Seat #1 is the button
Seat 1: z00mba ($100 in chips) 
Seat 2: AIien Hand ($108.96 in chips) 
Seat 3: cacan89 ($100.35 in chips) 
Seat 4: franco232315 ($105.20 in chips) 
Seat 5: antey89 ($104 in chips) 
Seat 6: poker_soul11 ($100 in chips) 
AIien Hand: posts small blind $0.50
cacan89: posts big blind $1
*** HOLE CARDS ***
franco232315: folds 
antey89: raises $1.50 to $2.50
poker_soul11: folds 
z00mba: folds 
AIien Hand: folds 
cacan89: folds 
Uncalled bet ($1.50) returned to antey89
antey89 collected $2.50 from pot
antey89: doesn't show hand 
*** SUMMARY ***
Total pot $2.50 | Rake $0 
Seat 1: z00mba (button) folded before Flop (didn't bet)
Seat 2: AIien Hand (small blind) folded before Flop
Seat 3: cacan89 (big blind) folded before Flop
Seat 4: franco232315 folded before Flop (didn't bet)
Seat 5: antey89 collected ($2.50)
Seat 6: poker_soul11 folded before Flop (didn't bet)



PokerStars Hand #254721672534:  Hold'em No Limit ($0.50/$1.00 USD) - 2025/02/05 18:14:11 WET [2025/02/05 13:14:11 ET]
Table 'Comacina II' 6-max Seat #2 is the button
Seat 1: z00mba ($100 in chips) 
Seat 2: AIien Hand ($108.46 in chips) 
Seat 3: cacan89 ($99.35 in chips) 
Seat 4: franco232315 ($105.20 in chips) 
Seat 5: antey89 ($105.50 in chips) 
Seat 6: poker_soul11 ($100 in chips) 
cacan89: posts small blind $0.50
franco232315: posts big blind $1
*** HOLE CARDS ***
antey89: folds 
poker_soul11: folds 
z00mba: folds 
AIien Hand: folds 
cacan89: folds 
Uncalled bet ($0.50) returned to franco232315
franco232315 collected $1 from pot
franco232315: doesn't show hand 
*** SUMMARY ***
Total pot $1 | Rake $0 
Seat 1: z00mba folded before Flop (didn't bet)
Seat 2: AIien Hand (button) folded before Flop (didn't bet)
Seat 3: cacan89 (small blind) folded before Flop
Seat 4: franco232315 (big blind) collected ($1)
Seat 5: antey89 folded before Flop (didn't bet)
Seat 6: poker_soul11 folded before Flop (didn't bet)



PokerStars Hand #254721680486:  Hold'em No Limit ($0.50/$1.00 USD) - 2025/02/05 18:14:41 WET [2025/02/05 13:14:41 ET]
Table 'Comacina II' 6-max Seat #3 is the button
Seat 1: z00mba ($100 in chips) 
Seat 2: AIien Hand ($108.46 in chips) 
Seat 3: cacan89 ($98.85 in chips) 
Seat 4: franco232315 ($105.70 in chips) 
Seat 5: antey89 ($105.50 in chips) 
Seat 6: poker_soul11 ($100 in chips) 
franco232315: posts small blind $0.50
antey89: posts big blind $1
*** HOLE CARDS ***
poker_soul11: folds 
z00mba: folds 
AIien Hand: raises $1.20 to $2.20
cacan89: folds 
franco232315: folds 
antey89: folds 
Uncalled bet ($1.20) returned to AIien Hand
AIien Hand collected $2.50 from pot
AIien Hand: doesn't show hand 
*** SUMMARY ***
Total pot $2.50 | Rake $0 
Seat 1: z00mba folded before Flop (didn't bet)
Seat 2: AIien Hand collected ($2.50)
Seat 3: cacan89 (button) folded before Flop (didn't bet)
Seat 4: franco232315 (small blind) folded before Flop
Seat 5: antey89 (big blind) folded before Flop
Seat 6: poker_soul11 folded before Flop (didn't bet)



PokerStars Hand #254721688348:  Hold'em No Limit ($0.50/$1.00 USD) - 2025/02/05 18:15:10 WET [2025/02/05 13:15:10 ET]
Table 'Comacina II' 6-max Seat #4 is the button
Seat 1: z00mba ($100 in chips) 
Seat 2: AIien Hand ($109.96 in chips) 
Seat 3: cacan89 ($98.85 in chips) 
Seat 4: franco232315 ($105.20 in chips) 
Seat 5: antey89 ($104.50 in chips) 
Seat 6: poker_soul11 ($100 in chips) 
antey89: posts small blind $0.50
poker_soul11: posts big blind $1
*** HOLE CARDS ***
z00mba: raises $1.50 to $2.50
AIien Hand: folds 
cacan89: folds 
franco232315: raises $5 to $7.50
antey89: folds 
poker_soul11: folds 
z00mba: folds 
Uncalled bet ($5) returned to franco232315
franco232315 collected $6.50 from pot
franco232315: doesn't show hand 
*** SUMMARY ***
Total pot $6.50 | Rake $0 
Seat 1: z00mba folded before Flop
Seat 2: AIien Hand folded before Flop (didn't bet)
Seat 3: cacan89 folded before Flop (didn't bet)
Seat 4: franco232315 (button) collected ($6.50)
Seat 5: antey89 (small blind) folded before Flop
Seat 6: poker_soul11 (big blind) folded before Flop



PokerStars Hand #254721697915:  Hold'em No Limit ($0.50/$1.00 USD) - 2025/02/05 18:15:45 WET [2025/02/05 13:15:45 ET]
Table 'Comacina II' 6-max Seat #5 is the button
Seat 1: z00mba ($100 in chips) 
Seat 2: AIien Hand ($109.96 in chips) 
Seat 3: cacan89 ($98.85 in chips) 
Seat 4: franco232315 ($109.20 in chips) 
Seat 5: antey89 ($104 in chips) 
Seat 6: poker_soul11 ($100 in chips) 
poker_soul11: posts small blind $0.50
z00mba: posts big blind $1
*** HOLE CARDS ***
AIien Hand: raises $1.20 to $2.20
cacan89: folds 
franco232315: folds 
antey89: folds 
poker_soul11: folds 
z00mba: folds 
Uncalled bet ($1.20) returned to AIien Hand
AIien Hand collected $2.50 from pot
AIien Hand: doesn't show hand 
*** SUMMARY ***
Total pot $2.50 | Rake $0 
Seat 1: z00mba (big blind) folded before Flop
Seat 2: AIien Hand collected ($2.50)
Seat 3: cacan89 folded before Flop (didn't bet)
Seat 4: franco232315 folded before Flop (didn't bet)
Seat 5: antey89 (button) folded before Flop (didn't bet)
Seat 6: poker_soul11 (small blind) folded before Flop



PokerStars Hand #254721703253:  Hold'em No Limit ($0.50/$1.00 USD) - 2025/02/05 18:16:05 WET [2025/02/05 13:16:05 ET]
Table 'Comacina II' 6-max Seat #6 is the button
Seat 1: z00mba ($100 in chips) 
Seat 2: AIien Hand ($111.46 in chips) 
Seat 3: cacan89 ($98.85 in chips) 
Seat 4: franco232315 ($109.20 in chips) 
Seat 5: antey89 ($104 in chips) 
Seat 6: poker_soul11 ($100 in chips) 
z00mba: posts small blind $0.50
AIien Hand: posts big blind $1
*** HOLE CARDS ***
cacan89: raises $1 to $2
franco232315: calls $2
antey89: folds 
poker_soul11: folds 
z00mba: folds 
AIien Hand: folds 
*** FLOP *** [Kd Js Jd]
cacan89: checks 
franco232315: bets $1.72
cacan89: calls $1.72
*** TURN *** [Kd Js Jd] [4s]
cacan89: checks 
franco232315: bets $6.37
cacan89: calls $6.37
*** RIVER *** [Kd Js Jd 4s] [3c]
cacan89: bets $20.60
franco232315: calls $20.60
*** SHOW DOWN ***
cacan89: shows [Jc 7s] (three of a kind, Jacks)
franco232315: mucks hand 
cacan89 collected $60.38 from pot
*** SUMMARY ***
Total pot $62.88 | Rake $2.50 
Board [Kd Js Jd 4s 3c]
Seat 1: z00mba (small blind) folded before Flop
Seat 2: AIien Hand (big blind) folded before Flop
Seat 3: cacan89 showed [Jc 7s] and won ($60.38) with three of a kind, Jacks
Seat 4: franco232315 mucked
Seat 5: antey89 folded before Flop (didn't bet)
Seat 6: poker_soul11 (button) folded before Flop (didn't bet)



PokerStars Hand #254721726369:  Hold'em No Limit ($0.50/$1.00 USD) - 2025/02/05 18:17:31 WET [2025/02/05 13:17:31 ET]
Table 'Comacina II' 6-max Seat #1 is the button
Seat 1: z00mba ($100 in chips) 
Seat 2: AIien Hand ($110.46 in chips) 
Seat 3: cacan89 ($128.54 in chips) 
Seat 4: franco232315 ($100 in chips) 
Seat 5: antey89 ($104 in chips) 
Seat 6: poker_soul11 ($100 in chips) 
AIien Hand: posts small blind $0.50
cacan89: posts big blind $1
*** HOLE CARDS ***
franco232315: raises $1.20 to $2.20
antey89: folds 
poker_soul11: folds 
z00mba: calls $2.20
AIien Hand: folds 
cacan89: folds 
*** FLOP *** [4s 8h 4c]
franco232315: bets $4.20
z00mba: folds 
Uncalled bet ($4.20) returned to franco232315
franco232315 collected $5.60 from pot
franco232315: doesn't show hand 
*** SUMMARY ***
Total pot $5.90 | Rake $0.30 
Board [4s 8h 4c]
Seat 1: z00mba (button) folded on the Flop
Seat 2: AIien Hand (small blind) folded before Flop
Seat 3: cacan89 (big blind) folded before Flop
Seat 4: franco232315 collected ($5.60)
Seat 5: antey89 folded before Flop (didn't bet)
Seat 6: poker_soul11 folded before Flop (didn't bet)



PokerStars Hand #254721734406:  Hold'em No Limit ($0.50/$1.00 USD) - 2025/02/05 18:18:00 WET [2025/02/05 13:18:00 ET]
Table 'Comacina II' 6-max Seat #2 is the button
Seat 1: z00mba ($100 in chips) 
Seat 2: AIien Hand ($109.96 in chips) 
Seat 3: cacan89 ($127.54 in chips) 
Seat 4: franco232315 ($103.40 in chips) 
Seat 5: antey89 ($104 in chips) 
Seat 6: poker_soul11 ($100 in chips) 
cacan89: posts small blind $0.50
franco232315: posts big blind $1
*** HOLE CARDS ***
antey89: folds 
poker_soul11: folds 
z00mba: folds 
AIien Hand: folds 
cacan89: folds 
Uncalled bet ($0.50) returned to franco232315
franco232315 collected $1 from pot
franco232315: doesn't show hand 
*** SUMMARY ***
Total pot $1 | Rake $0 
Seat 1: z00mba folded before Flop (didn't bet)
Seat 2: AIien Hand (button) folded before Flop (didn't bet)
Seat 3: cacan89 (small blind) folded before Flop
Seat 4: franco232315 (big blind) collected ($1)
Seat 5: antey89 folded before Flop (didn't bet)
Seat 6: poker_soul11 folded before Flop (didn't bet)



PokerStars Hand #254721739462:  Hold'em No Limit ($0.50/$1.00 USD) - 2025/02/05 18:18:19 WET [2025/02/05 13:18:19 ET]
Table 'Comacina II' 6-max Seat #3 is the button
Seat 1: z00mba ($100 in chips) 
Seat 2: AIien Hand ($109.96 in chips) 
Seat 3: cacan89 ($127.04 in chips) 
Seat 4: franco232315 ($103.90 in chips) 
Seat 5: antey89 ($104 in chips) 
Seat 6: poker_soul11 ($100 in chips) 
franco232315: posts small blind $0.50
antey89: posts big blind $1
*** HOLE CARDS ***
poker_soul11: folds 
z00mba: folds 
AIien Hand: folds 
cacan89: raises $2 to $3
franco232315: folds 
antey89: folds 
Uncalled bet ($2) returned to cacan89
cacan89 collected $2.50 from pot
*** SUMMARY ***
Total pot $2.50 | Rake $0 
Seat 1: z00mba folded before Flop (didn't bet)
Seat 2: AIien Hand folded before Flop (didn't bet)
Seat 3: cacan89 (button) collected ($2.50)
Seat 4: franco232315 (small blind) folded before Flop
Seat 5: antey89 (big blind) folded before Flop
Seat 6: poker_soul11 folded before Flop (didn't bet)



PokerStars Hand #254721746956:  Hold'em No Limit ($0.50/$1.00 USD) - 2025/02/05 18:18:46 WET [2025/02/05 13:18:46 ET]
Table 'Comacina II' 6-max Seat #4 is the button
Seat 1: z00mba ($100 in chips) 
Seat 2: AIien Hand ($109.96 in chips) 
Seat 3: cacan89 ($128.54 in chips) 
Seat 4: franco232315 ($103.40 in chips) 
Seat 5: antey89 ($103 in chips) 
Seat 6: poker_soul11 ($100 in chips) 
antey89: posts small blind $0.50
poker_soul11: posts big blind $1
*** HOLE CARDS ***
z00mba: folds 
AIien Hand: folds 
cacan89: folds 
franco232315: folds 
antey89: folds 
Uncalled bet ($0.50) returned to poker_soul11
poker_soul11 collected $1 from pot
poker_soul11: doesn't show hand 
*** SUMMARY ***
Total pot $1 | Rake $0 
Seat 1: z00mba folded before Flop (didn't bet)
Seat 2: AIien Hand folded before Flop (didn't bet)
Seat 3: cacan89 folded before Flop (didn't bet)
Seat 4: franco232315 (button) folded before Flop (didn't bet)
Seat 5: antey89 (small blind) folded before Flop
Seat 6: poker_soul11 (big blind) collected ($1)



PokerStars Hand #254721751975:  Hold'em No Limit ($0.50/$1.00 USD) - 2025/02/05 18:19:05 WET [2025/02/05 13:19:05 ET]
Table 'Comacina II' 6-max Seat #5 is the button
Seat 1: z00mba ($100 in chips) 
Seat 2: AIien Hand ($109.96 in chips) 
Seat 3: cacan89 ($128.54 in chips) 
Seat 4: franco232315 ($103.40 in chips) 
Seat 5: antey89 ($102.50 in chips) 
Seat 6: poker_soul11 ($100.50 in chips) 
poker_soul11: posts small blind $0.50
z00mba: posts big blind $1
*** HOLE CARDS ***
AIien Hand: folds 
cacan89: folds 
franco232315: folds 
antey89: folds 
poker_soul11: raises $1.50 to $2.50
z00mba: calls $1.50
*** FLOP *** [Tc 5s Ad]
poker_soul11: bets $1.57
z00mba: folds 
Uncalled bet ($1.57) returned to poker_soul11
poker_soul11 collected $4.75 from pot
poker_soul11: doesn't show hand 
*** SUMMARY ***
Total pot $5 | Rake $0.25 
Board [Tc 5s Ad]
Seat 1: z00mba (big blind) folded on the Flop
Seat 2: AIien Hand folded before Flop (didn't bet)
Seat 3: cacan89 folded before Flop (didn't bet)
Seat 4: franco232315 folded before Flop (didn't bet)
Seat 5: antey89 (button) folded before Flop (didn't bet)
Seat 6: poker_soul11 (small blind) collected ($4.75)



PokerStars Hand #254721760976:  Hold'em No Limit ($0.50/$1.00 USD) - 2025/02/05 18:19:38 WET [2025/02/05 13:19:38 ET]
Table 'Comacina II' 6-max Seat #6 is the button
Seat 1: z00mba ($100 in chips) 
Seat 2: AIien Hand ($109.96 in chips) 
Seat 3: cacan89 ($128.54 in chips) 
Seat 4: franco232315 ($103.40 in chips) 
Seat 5: antey89 ($102.50 in chips) 
Seat 6: poker_soul11 ($102.75 in chips) 
z00mba: posts small blind $0.50
AIien Hand: posts big blind $1
*** HOLE CARDS ***
cacan89: calls $1
franco232315: folds 
antey89: folds 
poker_soul11: folds 
z00mba: folds 
AIien Hand: raises $3 to $4
cacan89: calls $3
*** FLOP *** [2c Jh 8s]
AIien Hand: checks 
cacan89: checks 
*** TURN *** [2c Jh 8s] [9c]
AIien Hand: checks 
cacan89: checks 
*** RIVER *** [2c Jh 8s 9c] [3d]
AIien Hand: bets $1
cacan89: folds 
Uncalled bet ($1) returned to AIien Hand
AIien Hand collected $8.08 from pot
AIien Hand: doesn't show hand 
*** SUMMARY ***
Total pot $8.50 | Rake $0.42 
Board [2c Jh 8s 9c 3d]
Seat 1: z00mba (small blind) folded before Flop
Seat 2: AIien Hand (big blind) collected ($8.08)
Seat 3: cacan89 folded on the River
Seat 4: franco232315 folded before Flop (didn't bet)
Seat 5: antey89 folded before Flop (didn't bet)
Seat 6: poker_soul11 (button) folded before Flop (didn't bet)



PokerStars Hand #254721780810:  Hold'em No Limit ($0.50/$1.00 USD) - 2025/02/05 18:20:50 WET [2025/02/05 13:20:50 ET]
Table 'Comacina II' 6-max Seat #1 is the button
Seat 1: z00mba ($100 in chips) 
Seat 2: AIien Hand ($114.04 in chips) 
Seat 3: cacan89 ($124.54 in chips) 
Seat 4: franco232315 ($103.40 in chips) 
Seat 5: antey89 ($102.50 in chips) 
Seat 6: poker_soul11 ($102.75 in chips) 
AIien Hand: posts small blind $0.50
cacan89: posts big blind $1
*** HOLE CARDS ***
franco232315: folds 
antey89: folds 
poker_soul11: folds 
z00mba: raises $1.50 to $2.50
AIien Hand: folds 
cacan89: folds 
Uncalled bet ($1.50) returned to z00mba
z00mba collected $2.50 from pot
z00mba: doesn't show hand 
*** SUMMARY ***
Total pot $2.50 | Rake $0 
Seat 1: z00mba (button) collected ($2.50)
Seat 2: AIien Hand (small blind) folded before Flop
Seat 3: cacan89 (big blind) folded before Flop
Seat 4: franco232315 folded before Flop (didn't bet)
Seat 5: antey89 folded before Flop (didn't bet)
Seat 6: poker_soul11 folded before Flop (didn't bet)



PokerStars Hand #254721784909:  Hold'em No Limit ($0.50/$1.00 USD) - 2025/02/05 18:21:05 WET [2025/02/05 13:21:05 ET]
Table 'Comacina II' 6-max Seat #2 is the button
Seat 1: z00mba ($101.50 in chips) 
Seat 2: AIien Hand ($113.54 in chips) 
Seat 3: cacan89 ($123.54 in chips) 
Seat 4: franco232315 ($103.40 in chips) 
Seat 5: antey89 ($102.50 in chips) 
Seat 6: poker_soul11 ($102.75 in chips) 
cacan89: posts small blind $0.50
franco232315: posts big blind $1
*** HOLE CARDS ***
antey89: folds 
poker_soul11: folds 
z00mba: folds 
AIien Hand: folds 
cacan89: folds 
Uncalled bet ($0.50) returned to franco232315
franco232315 collected $1 from pot
franco232315: doesn't show hand 
*** SUMMARY ***
Total pot $1 | Rake $0 
Seat 1: z00mba folded before Flop (didn't bet)
Seat 2: AIien Hand (button) folded before Flop (didn't bet)
Seat 3: cacan89 (small blind) folded before Flop
Seat 4: franco232315 (big blind) collected ($1)
Seat 5: antey89 folded before Flop (didn't bet)
Seat 6: poker_soul11 folded before Flop (didn't bet)



PokerStars Hand #254721790423:  Hold'em No Limit ($0.50/$1.00 USD) - 2025/02/05 18:21:25 WET [2025/02/05 13:21:25 ET]
Table 'Comacina II' 6-max Seat #3 is the button
Seat 1: z00mba ($101.50 in chips) 
Seat 2: AIien Hand ($113.54 in chips) 
Seat 3: cacan89 ($123.04 in chips) 
Seat 4: franco232315 ($103.90 in chips) 
Seat 5: antey89 ($102.50 in chips) 
Seat 6: poker_soul11 ($102.75 in chips) 
franco232315: posts small blind $0.50
antey89: posts big blind $1
*** HOLE CARDS ***
poker_soul11: folds 
z00mba: folds 
AIien Hand: raises $1.20 to $2.20
cacan89: folds 
franco232315: folds 
antey89: calls $1.20
*** FLOP *** [2s 2d Qd]
antey89: checks 
AIien Hand: bets $1.40
antey89: calls $1.40
*** TURN *** [2s 2d Qd] [9h]
antey89: checks 
AIien Hand: bets $5.27
antey89: folds 
Uncalled bet ($5.27) returned to AIien Hand
AIien Hand collected $7.32 from pot
AIien Hand: doesn't show hand 
*** SUMMARY ***
Total pot $7.70 | Rake $0.38 
Board [2s 2d Qd 9h]
Seat 1: z00mba folded before Flop (didn't bet)
Seat 2: AIien Hand collected ($7.32)
Seat 3: cacan89 (button) folded before Flop (didn't bet)
Seat 4: franco232315 (small blind) folded before Flop
Seat 5: antey89 (big blind) folded on the Turn
Seat 6: poker_soul11 folded before Flop (didn't bet)



PokerStars Hand #254721813804:  Hold'em No Limit ($0.50/$1.00 USD) - 2025/02/05 18:22:50 WET [2025/02/05 13:22:50 ET]
Table 'Comacina II' 6-max Seat #4 is the button
Seat 1: z00mba ($101.50 in chips) 
Seat 2: AIien Hand ($117.26 in chips) 
Seat 3: cacan89 ($123.04 in chips) 
Seat 4: franco232315 ($103.40 in chips) 
Seat 5: antey89 ($100 in chips) 
Seat 6: poker_soul11 ($102.75 in chips) 
antey89: posts small blind $0.50
poker_soul11: posts big blind $1
*** HOLE CARDS ***
z00mba: folds 
AIien Hand: raises $1.20 to $2.20
cacan89: folds 
franco232315: folds 
antey89: folds 
poker_soul11: folds 
Uncalled bet ($1.20) returned to AIien Hand
AIien Hand collected $2.50 from pot
AIien Hand: doesn't show hand 
*** SUMMARY ***
Total pot $2.50 | Rake $0 
Seat 1: z00mba folded before Flop (didn't bet)
Seat 2: AIien Hand collected ($2.50)
Seat 3: cacan89 folded before Flop (didn't bet)
Seat 4: franco232315 (button) folded before Flop (didn't bet)
Seat 5: antey89 (small blind) folded before Flop
Seat 6: poker_soul11 (big blind) folded before Flop



PokerStars Hand #254721824224:  Hold'em No Limit ($0.50/$1.00 USD) - 2025/02/05 18:23:28 WET [2025/02/05 13:23:28 ET]
Table 'Comacina II' 6-max Seat #5 is the button
Seat 1: z00mba ($101.50 in chips) is sitting out
Seat 2: AIien Hand ($118.76 in chips) 
Seat 3: cacan89 ($123.04 in chips) 
Seat 4: franco232315 ($103.40 in chips) 
Seat 5: antey89 ($100 in chips) 
Seat 6: poker_soul11 ($101.75 in chips) 
poker_soul11: posts small blind $0.50
z00mba: is sitting out 
AIien Hand: posts big blind $1
*** HOLE CARDS ***
cacan89: folds 
franco232315: folds 
z00mba leaves the table
antey89: folds 
poker_soul11: folds 
Uncalled bet ($0.50) returned to AIien Hand
AIien Hand collected $1 from pot
AIien Hand: doesn't show hand 
*** SUMMARY ***
Total pot $1 | Rake $0 
Seat 1: z00mba
Seat 2: AIien Hand (big blind) collected ($1)
Seat 3: cacan89 folded before Flop (didn't bet)
Seat 4: franco232315 folded before Flop (didn't bet)
Seat 5: antey89 (button) folded before Flop (didn't bet)
Seat 6: poker_soul11 (small blind) folded before Flop



PokerStars Hand #254721828219:  Hold'em No Limit ($0.50/$1.00 USD) - 2025/02/05 18:23:42 WET [2025/02/05 13:23:42 ET]
Table 'Comacina II' 6-max Seat #6 is the button
Seat 2: AIien Hand ($119.26 in chips) 
Seat 3: cacan89 ($123.04 in chips) 
Seat 4: franco232315 ($103.40 in chips) 
Seat 5: antey89 ($100 in chips) 
Seat 6: poker_soul11 ($101.25 in chips) 
AIien Hand: posts small blind $0.50
cacan89: posts big blind $1
*** HOLE CARDS ***
franco232315: folds 
antey89: folds 
poker_soul11: raises $1.20 to $2.20
AIien Hand: folds 
cacan89: calls $1.20
*** FLOP *** [5h 3s Ac]
cacan89: checks 
poker_soul11: bets $1.54
cacan89: folds 
Uncalled bet ($1.54) returned to poker_soul11
poker_soul11 collected $4.66 from pot
poker_soul11: doesn't show hand 
*** SUMMARY ***
Total pot $4.90 | Rake $0.24 
Board [5h 3s Ac]
Seat 2: AIien Hand (small blind) folded before Flop
Seat 3: cacan89 (big blind) folded on the Flop
Seat 4: franco232315 folded before Flop (didn't bet)
Seat 5: antey89 folded before Flop (didn't bet)
Seat 6: poker_soul11 (button) collected ($4.66)



PokerStars Hand #254721836659:  Hold'em No Limit ($0.50/$1.00 USD) - 2025/02/05 18:24:13 WET [2025/02/05 13:24:13 ET]
Table 'Comacina II' 6-max Seat #2 is the button
Seat 2: AIien Hand ($118.76 in chips) 
Seat 3: cacan89 ($120.84 in chips) 
Seat 4: franco232315 ($103.40 in chips) 
Seat 5: antey89 ($100 in chips) 
Seat 6: poker_soul11 ($103.71 in chips) 
cacan89: posts small blind $0.50
franco232315: posts big blind $1
*** HOLE CARDS ***
antey89: raises $1.50 to $2.50
poker_soul11: folds 
AIien Hand: folds 
cacan89: folds 
franco232315: folds 
Uncalled bet ($1.50) returned to antey89
antey89 collected $2.50 from pot
antey89: doesn't show hand 
*** SUMMARY ***
Total pot $2.50 | Rake $0 
Seat 2: AIien Hand (button) folded before Flop (didn't bet)
Seat 3: cacan89 (small blind) folded before Flop
Seat 4: franco232315 (big blind) folded before Flop
Seat 5: antey89 collected ($2.50)
Seat 6: poker_soul11 folded before Flop (didn't bet)



PokerStars Hand #254721840748:  Hold'em No Limit ($0.50/$1.00 USD) - 2025/02/05 18:24:28 WET [2025/02/05 13:24:28 ET]
Table 'Comacina II' 6-max Seat #3 is the button
Seat 2: AIien Hand ($118.76 in chips) 
Seat 3: cacan89 ($120.34 in chips) 
Seat 4: franco232315 ($102.40 in chips) 
Seat 5: antey89 ($101.50 in chips) 
Seat 6: poker_soul11 ($103.71 in chips) 
franco232315: posts small blind $0.50
antey89: posts big blind $1
*** HOLE CARDS ***
poker_soul11: raises $1.20 to $2.20
AIien Hand: folds 
cacan89: calls $2.20
franco232315: folds 
antey89: calls $1.20
*** FLOP *** [5s 8h 4s]
antey89: checks 
poker_soul11: checks 
cacan89: checks 
*** TURN *** [5s 8h 4s] [7s]
antey89: checks 
poker_soul11: checks 
cacan89: bets $3.37
antey89: calls $3.37
poker_soul11: folds 
*** RIVER *** [5s 8h 4s 7s] [4d]
antey89: checks 
cacan89: bets $13.15
antey89: calls $13.15
*** SHOW DOWN ***
cacan89: shows [6h 7h] (a straight, Four to Eight)
antey89: shows [4c 6c] (a straight, Four to Eight)
antey89 collected $19.07 from pot
cacan89 collected $19.06 from pot
martin b504 joins the table at seat #1 
*** SUMMARY ***
Total pot $40.14 | Rake $2.01 
Board [5s 8h 4s 7s 4d]
Seat 2: AIien Hand folded before Flop (didn't bet)
Seat 3: cacan89 (button) showed [6h 7h] and won ($19.06) with a straight, Four to Eight
Seat 4: franco232315 (small blind) folded before Flop
Seat 5: antey89 (big blind) showed [4c 6c] and won ($19.07) with a straight, Four to Eight
Seat 6: poker_soul11 folded on the Turn



PokerStars Hand #254721864668:  Hold'em No Limit ($0.50/$1.00 USD) - 2025/02/05 18:25:55 WET [2025/02/05 13:25:55 ET]
Table 'Comacina II' 6-max Seat #4 is the button
Seat 1: martin b504 ($100 in chips) 
Seat 2: AIien Hand ($118.76 in chips) 
Seat 3: cacan89 ($120.68 in chips) 
Seat 4: franco232315 ($101.90 in chips) 
Seat 5: antey89 ($101.85 in chips) 
Seat 6: poker_soul11 ($101.51 in chips) 
antey89: posts small blind $0.50
poker_soul11: posts big blind $1
martin b504 is connected 
martin b504: posts big blind $1
*** HOLE CARDS ***
martin b504: checks 
AIien Hand: folds 
cacan89: folds 
franco232315: raises $1.50 to $2.50
antey89: folds 
poker_soul11: folds 
martin b504: folds 
Uncalled bet ($1.50) returned to franco232315
franco232315 collected $3.50 from pot
franco232315: doesn't show hand 
*** SUMMARY ***
Total pot $3.50 | Rake $0 
Seat 1: martin b504 folded before Flop (didn't bet)
Seat 2: AIien Hand folded before Flop (didn't bet)
Seat 3: cacan89 folded before Flop (didn't bet)
Seat 4: franco232315 (button) collected ($3.50)
Seat 5: antey89 (small blind) folded before Flop
Seat 6: poker_soul11 (big blind) folded before Flop



PokerStars Hand #254721879183:  Hold'em No Limit ($0.50/$1.00 USD) - 2025/02/05 18:26:48 WET [2025/02/05 13:26:48 ET]
Table 'Comacina II' 6-max Seat #5 is the button
Seat 3: cacan89 ($120.68 in chips) is sitting out
Seat 1: martin b504 ($100 in chips) 
Seat 2: AIien Hand ($118.76 in chips) 
Seat 4: franco232315 ($104.40 in chips) 
Seat 5: antey89 ($101.35 in chips) 
Seat 6: poker_soul11 ($100.51 in chips) 
poker_soul11: posts small blind $0.50
martin b504: posts big blind $1
*** HOLE CARDS ***
AIien Hand: folds 
franco232315: raises $1.50 to $2.50
antey89: folds 
poker_soul11: folds 
cacan89 is disconnected 
martin b504: calls $1.50
*** FLOP *** [9s 4c 2s]
martin b504: checks 
franco232315: bets $3.92
martin b504: raises $9.80 to $13.72
franco232315: folds 
Uncalled bet ($9.80) returned to martin b504
martin b504 collected $12.67 from pot
martin b504: doesn't show hand 
*** SUMMARY ***
Total pot $13.34 | Rake $0.67 
Board [9s 4c 2s]
Seat 3: cacan89
Seat 1: martin b504 (big blind) collected ($12.67)
Seat 2: AIien Hand folded before Flop (didn't bet)
Seat 4: franco232315 folded on the Flop
Seat 5: antey89 (button) folded before Flop (didn't bet)
Seat 6: poker_soul11 (small blind) folded before Flop



PokerStars Hand #254721897293:  Hold'em No Limit ($0.50/$1.00 USD) - 2025/02/05 18:27:53 WET [2025/02/05 13:27:53 ET]
Table 'Comacina II' 6-max Seat #6 is the button
Seat 2: AIien Hand ($118.76 in chips) is sitting out
Seat 3: cacan89 ($120.68 in chips) is sitting out
Seat 1: martin b504 ($106.25 in chips) 
Seat 4: franco232315 ($100 in chips) 
Seat 5: antey89 ($101.35 in chips) 
Seat 6: poker_soul11 ($100.01 in chips) 
martin b504: posts small blind $0.50
AIien Hand: is sitting out 
franco232315: posts big blind $1
*** HOLE CARDS ***
antey89: folds 
poker_soul11: raises $1.20 to $2.20
martin b504: raises $8.80 to $11
franco232315: folds 
poker_soul11: calls $8.80
*** FLOP *** [9s Ts 5h]
AIien Hand leaves the table
martin b504 has timed out
martin b504: checks 
Iseedora joins the table at seat #2 
poker_soul11: bets $7.26
martin b504: folds 
Uncalled bet ($7.26) returned to poker_soul11
poker_soul11 collected $22 from pot
poker_soul11: doesn't show hand 
*** SUMMARY ***
Total pot $23 | Rake $1 
Board [9s Ts 5h]
Seat 2: AIien Hand
Seat 3: cacan89
Seat 1: martin b504 (small blind) folded on the Flop
Seat 4: franco232315 (big blind) folded before Flop
Seat 5: antey89 folded before Flop (didn't bet)
Seat 6: poker_soul11 (button) collected ($22)



PokerStars Hand #254721917279:  Hold'em No Limit ($0.50/$1.00 USD) - 2025/02/05 18:29:05 WET [2025/02/05 13:29:05 ET]
Table 'Comacina II' 6-max Seat #1 is the button
Seat 2: Iseedora ($100 in chips) is sitting out
Seat 3: cacan89 ($120.68 in chips) is sitting out
Seat 5: antey89 ($101.35 in chips) is sitting out
Seat 1: martin b504 ($100 in chips) 
Seat 4: franco232315 ($100 in chips) 
Seat 6: poker_soul11 ($111.01 in chips) 
franco232315: posts small blind $0.50
poker_soul11: posts big blind $1
*** HOLE CARDS ***
martin b504: folds 
franco232315: folds 
Uncalled bet ($0.50) returned to poker_soul11
poker_soul11 collected $1 from pot
poker_soul11: doesn't show hand 
*** SUMMARY ***
Total pot $1 | Rake $0 
Seat 2: Iseedora
Seat 3: cacan89
Seat 5: antey89
Seat 1: martin b504 (button) folded before Flop (didn't bet)
Seat 4: franco232315 (small blind) folded before Flop
Seat 6: poker_soul11 (big blind) collected ($1)



PokerStars Hand #254721920210:  Hold'em No Limit ($0.50/$1.00 USD) - 2025/02/05 18:29:16 WET [2025/02/05 13:29:16 ET]
Table 'Comacina II' 6-max Seat #4 is the button
Seat 2: Iseedora ($100 in chips) is sitting out
Seat 3: cacan89 ($120.68 in chips) is sitting out
Seat 5: antey89 ($101.35 in chips) is sitting out
Seat 1: martin b504 ($100 in chips) 
Seat 4: franco232315 ($100 in chips) 
Seat 6: poker_soul11 ($111.51 in chips) 
poker_soul11: posts small blind $0.50
martin b504: posts big blind $1
Iseedora: sits out 
*** HOLE CARDS ***
franco232315: folds 
poker_soul11: folds 
Uncalled bet ($0.50) returned to martin b504
martin b504 collected $1 from pot
martin b504: doesn't show hand 
*** SUMMARY ***
Total pot $1 | Rake $0 
Seat 2: Iseedora
Seat 3: cacan89
Seat 5: antey89
Seat 1: martin b504 (big blind) collected ($1)
Seat 4: franco232315 (button) folded before Flop (didn't bet)
Seat 6: poker_soul11 (small blind) folded before Flop



PokerStars Hand #254721922065:  Hold'em No Limit ($0.50/$1.00 USD) - 2025/02/05 18:29:23 WET [2025/02/05 13:29:23 ET]
Table 'Comacina II' 6-max Seat #6 is the button
Seat 3: cacan89 ($120.68 in chips) is sitting out
Seat 5: antey89 ($101.35 in chips) is sitting out
Seat 1: martin b504 ($100.50 in chips) 
Seat 2: Iseedora ($100 in chips) 
Seat 4: franco232315 ($100 in chips) 
Seat 6: poker_soul11 ($111.01 in chips) 
martin b504: posts small blind $0.50
Iseedora: posts big blind $1
*** HOLE CARDS ***
franco232315: folds 
poker_soul11: folds 
martin b504: folds 
Uncalled bet ($0.50) returned to Iseedora
Iseedora collected $1 from pot
Iseedora: doesn't show hand 
*** SUMMARY ***
Total pot $1 | Rake $0 
Seat 3: cacan89
Seat 5: antey89
Seat 1: martin b504 (small blind) folded before Flop
Seat 2: Iseedora (big blind) collected ($1)
Seat 4: franco232315 folded before Flop (didn't bet)
Seat 6: poker_soul11 (button) folded before Flop (didn't bet)



PokerStars Hand #254721925419:  Hold'em No Limit ($0.50/$1.00 USD) - 2025/02/05 18:29:35 WET [2025/02/05 13:29:35 ET]
Table 'Comacina II' 6-max Seat #1 is the button
Seat 3: cacan89 ($120.68 in chips) is sitting out
Seat 5: antey89 ($101.35 in chips) is sitting out
Seat 1: martin b504 ($100 in chips) 
Seat 2: Iseedora ($100.50 in chips) 
Seat 4: franco232315 ($100 in chips) 
Seat 6: poker_soul11 ($111.01 in chips) 
Iseedora: posts small blind $0.50
franco232315: posts big blind $1
*** HOLE CARDS ***
poker_soul11: folds 
martin b504: folds 
Iseedora: folds 
Uncalled bet ($0.50) returned to franco232315
franco232315 collected $1 from pot
franco232315: doesn't show hand 
*** SUMMARY ***
Total pot $1 | Rake $0 
Seat 3: cacan89
Seat 5: antey89
Seat 1: martin b504 (button) folded before Flop (didn't bet)
Seat 2: Iseedora (small blind) folded before Flop
Seat 4: franco232315 (big blind) collected ($1)
Seat 6: poker_soul11 folded before Flop (didn't bet)



PokerStars Hand #254721929016:  Hold'em No Limit ($0.50/$1.00 USD) - 2025/02/05 18:29:47 WET [2025/02/05 13:29:47 ET]
Table 'Comacina II' 6-max Seat #2 is the button
Seat 3: cacan89 ($120.68 in chips) is sitting out
Seat 5: antey89 ($101.35 in chips) is sitting out
Seat 1: martin b504 ($100 in chips) 
Seat 2: Iseedora ($100 in chips) 
Seat 4: franco232315 ($100.50 in chips) 
Seat 6: poker_soul11 ($111.01 in chips) 
franco232315: posts small blind $0.50
poker_soul11: posts big blind $1
*** HOLE CARDS ***
martin b504: folds 
Iseedora: raises $1.50 to $2.50
franco232315: folds 
poker_soul11: folds 
Uncalled bet ($1.50) returned to Iseedora
Iseedora collected $2.50 from pot
Iseedora: doesn't show hand 
*** SUMMARY ***
Total pot $2.50 | Rake $0 
Seat 3: cacan89
Seat 5: antey89
Seat 1: martin b504 folded before Flop (didn't bet)
Seat 2: Iseedora (button) collected ($2.50)
Seat 4: franco232315 (small blind) folded before Flop
Seat 6: poker_soul11 (big blind) folded before Flop



PokerStars Hand #254721934426:  Hold'em No Limit ($0.50/$1.00 USD) - 2025/02/05 18:30:06 WET [2025/02/05 13:30:06 ET]
Table 'Comacina II' 6-max Seat #4 is the button
Seat 5: antey89 ($101.35 in chips) is sitting out
Seat 1: martin b504 ($100 in chips) 
Seat 2: Iseedora ($101.50 in chips) 
Seat 3: cacan89 ($120.68 in chips) 
Seat 4: franco232315 ($100 in chips) 
Seat 6: poker_soul11 ($110.01 in chips) 
poker_soul11: posts small blind $0.50
martin b504: posts big blind $1
cacan89: posts small & big blinds $1.50
*** HOLE CARDS ***
Iseedora: raises $2.50 to $3.50
cacan89: calls $2.50
franco232315: folds 
poker_soul11: folds 
martin b504: folds 
*** FLOP *** [7s 6h 7c]
Iseedora: checks 
cacan89: checks 
*** TURN *** [7s 6h 7c] [8d]
Iseedora: bets $2.31
cacan89: folds 
Uncalled bet ($2.31) returned to Iseedora
Iseedora collected $8.55 from pot
Iseedora: doesn't show hand 
*** SUMMARY ***
Total pot $9 | Rake $0.45 
Board [7s 6h 7c 8d]
Seat 5: antey89
Seat 1: martin b504 (big blind) folded before Flop
Seat 2: Iseedora collected ($8.55)
Seat 3: cacan89 folded on the Turn
Seat 4: franco232315 (button) folded before Flop (didn't bet)
Seat 6: poker_soul11 (small blind) folded before Flop



PokerStars Hand #254721947647:  Hold'em No Limit ($0.50/$1.00 USD) - 2025/02/05 18:30:53 WET [2025/02/05 13:30:53 ET]
Table 'Comacina II' 6-max Seat #6 is the button
Seat 5: antey89 ($101.35 in chips) is sitting out
Seat 1: martin b504 ($100 in chips) 
Seat 2: Iseedora ($106.55 in chips) 
Seat 3: cacan89 ($116.68 in chips) 
Seat 4: franco232315 ($100 in chips) 
Seat 6: poker_soul11 ($109.51 in chips) 
martin b504: posts small blind $0.50
Iseedora: posts big blind $1
antey89: sits out 
*** HOLE CARDS ***
cacan89: calls $1
franco232315: folds 
poker_soul11: folds 
martin b504: folds 
Iseedora: checks 
*** FLOP *** [Ac 2d Ks]
Iseedora: checks 
cacan89: bets $1.19
Iseedora: calls $1.19
*** TURN *** [Ac 2d Ks] [8c]
Iseedora: checks 
cacan89: bets $3.32
Iseedora: calls $3.32
*** RIVER *** [Ac 2d Ks 8c] [Kh]
Iseedora: checks 
cacan89: checks 
*** SHOW DOWN ***
Iseedora: shows [3d Ad] (two pair, Aces and Kings)
cacan89: shows [As 9d] (two pair, Aces and Kings - Nine kicker)
cacan89 collected $10.94 from pot
*** SUMMARY ***
Total pot $11.52 | Rake $0.58 
Board [Ac 2d Ks 8c Kh]
Seat 5: antey89
Seat 1: martin b504 (small blind) folded before Flop
Seat 2: Iseedora (big blind) showed [3d Ad] and lost with two pair, Aces and Kings
Seat 3: cacan89 showed [As 9d] and won ($10.94) with two pair, Aces and Kings
Seat 4: franco232315 folded before Flop (didn't bet)
Seat 6: poker_soul11 (button) folded before Flop (didn't bet)



PokerStars Hand #254721971572:  Hold'em No Limit ($0.50/$1.00 USD) - 2025/02/05 18:32:19 WET [2025/02/05 13:32:19 ET]
Table 'Comacina II' 6-max Seat #1 is the button
Seat 5: antey89 ($101.35 in chips) is sitting out
Seat 1: martin b504 ($100 in chips) 
Seat 2: Iseedora ($101.04 in chips) 
Seat 3: cacan89 ($122.11 in chips) 
Seat 4: franco232315 ($100 in chips) 
Seat 6: poker_soul11 ($109.51 in chips) 
Iseedora: posts small blind $0.50
cacan89: posts big blind $1
antey89: sits out 
*** HOLE CARDS ***
franco232315: raises $1.20 to $2.20
poker_soul11: folds 
martin b504: folds 
Iseedora: raises $7.80 to $10
cacan89: folds 
franco232315: folds 
Uncalled bet ($7.80) returned to Iseedora
Iseedora collected $5.40 from pot
Iseedora: doesn't show hand 
*** SUMMARY ***
Total pot $5.40 | Rake $0 
Seat 5: antey89
Seat 1: martin b504 (button) folded before Flop (didn't bet)
Seat 2: Iseedora (small blind) collected ($5.40)
Seat 3: cacan89 (big blind) folded before Flop
Seat 4: franco232315 folded before Flop
Seat 6: poker_soul11 folded before Flop (didn't bet)



PokerStars Hand #254721981606:  Hold'em No Limit ($0.50/$1.00 USD) - 2025/02/05 18:32:54 WET [2025/02/05 13:32:54 ET]
Table 'Comacina II' 6-max Seat #2 is the button
Seat 5: antey89 ($101.35 in chips) is sitting out
Seat 1: martin b504 ($100 in chips) 
Seat 2: Iseedora ($104.24 in chips) 
Seat 3: cacan89 ($121.11 in chips) 
Seat 4: franco232315 ($100 in chips) 
Seat 6: poker_soul11 ($109.51 in chips) 
cacan89: posts small blind $0.50
franco232315: posts big blind $1
antey89: sits out 
*** HOLE CARDS ***
poker_soul11: folds 
martin b504: folds 
Iseedora: folds 
cacan89: folds 
Uncalled bet ($0.50) returned to franco232315
franco232315 collected $1 from pot
franco232315: doesn't show hand 
*** SUMMARY ***
Total pot $1 | Rake $0 
Seat 5: antey89
Seat 1: martin b504 folded before Flop (didn't bet)
Seat 2: Iseedora (button) folded before Flop (didn't bet)
Seat 3: cacan89 (small blind) folded before Flop
Seat 4: franco232315 (big blind) collected ($1)
Seat 6: poker_soul11 folded before Flop (didn't bet)



PokerStars Hand #254721985749:  Hold'em No Limit ($0.50/$1.00 USD) - 2025/02/05 18:33:09 WET [2025/02/05 13:33:09 ET]
Table 'Comacina II' 6-max Seat #3 is the button
Seat 1: martin b504 ($100 in chips) 
Seat 2: Iseedora ($104.24 in chips) 
Seat 3: cacan89 ($120.61 in chips) 
Seat 4: franco232315 ($100.50 in chips) 
Seat 5: antey89 ($101.35 in chips) 
Seat 6: poker_soul11 ($109.51 in chips) 
franco232315: posts small blind $0.50
antey89: posts big blind $1
*** HOLE CARDS ***
poker_soul11: folds 
martin b504: folds 
Iseedora: raises $1.20 to $2.20
cacan89: folds 
franco232315: folds 
antey89: folds 
Uncalled bet ($1.20) returned to Iseedora
Iseedora collected $2.50 from pot
Iseedora: doesn't show hand 
*** SUMMARY ***
Total pot $2.50 | Rake $0 
Seat 1: martin b504 folded before Flop (didn't bet)
Seat 2: Iseedora collected ($2.50)
Seat 3: cacan89 (button) folded before Flop (didn't bet)
Seat 4: franco232315 (small blind) folded before Flop
Seat 5: antey89 (big blind) folded before Flop
Seat 6: poker_soul11 folded before Flop (didn't bet)



PokerStars Hand #254721993202:  Hold'em No Limit ($0.50/$1.00 USD) - 2025/02/05 18:33:36 WET [2025/02/05 13:33:36 ET]
Table 'Comacina II' 6-max Seat #4 is the button
Seat 1: martin b504 ($100 in chips) 
Seat 2: Iseedora ($105.74 in chips) 
Seat 3: cacan89 ($120.61 in chips) 
Seat 4: franco232315 ($100 in chips) 
Seat 5: antey89 ($100.35 in chips) 
Seat 6: poker_soul11 ($109.51 in chips) 
antey89: posts small blind $0.50
poker_soul11: posts big blind $1
*** HOLE CARDS ***
martin b504: folds 
Iseedora: raises $1.20 to $2.20
cacan89: folds 
franco232315: folds 
antey89: folds 
poker_soul11: folds 
Uncalled bet ($1.20) returned to Iseedora
Iseedora collected $2.50 from pot
Iseedora: doesn't show hand 
*** SUMMARY ***
Total pot $2.50 | Rake $0 
Seat 1: martin b504 folded before Flop (didn't bet)
Seat 2: Iseedora collected ($2.50)
Seat 3: cacan89 folded before Flop (didn't bet)
Seat 4: franco232315 (button) folded before Flop (didn't bet)
Seat 5: antey89 (small blind) folded before Flop
Seat 6: poker_soul11 (big blind) folded before Flop



PokerStars Hand #254722000435:  Hold'em No Limit ($0.50/$1.00 USD) - 2025/02/05 18:34:02 WET [2025/02/05 13:34:02 ET]
Table 'Comacina II' 6-max Seat #5 is the button
Seat 1: martin b504 ($100 in chips) 
Seat 2: Iseedora ($107.24 in chips) 
Seat 3: cacan89 ($120.61 in chips) 
Seat 4: franco232315 ($100 in chips) 
Seat 5: antey89 ($100 in chips) 
Seat 6: poker_soul11 ($108.51 in chips) 
poker_soul11: posts small blind $0.50
martin b504: posts big blind $1
*** HOLE CARDS ***
Iseedora: folds 
cacan89: folds 
franco232315: folds 
antey89: folds 
poker_soul11: raises $2 to $3
martin b504: folds 
Uncalled bet ($2) returned to poker_soul11
poker_soul11 collected $2 from pot
poker_soul11: doesn't show hand 
*** SUMMARY ***
Total pot $2 | Rake $0 
Seat 1: martin b504 (big blind) folded before Flop
Seat 2: Iseedora folded before Flop (didn't bet)
Seat 3: cacan89 folded before Flop (didn't bet)
Seat 4: franco232315 folded before Flop (didn't bet)
Seat 5: antey89 (button) folded before Flop (didn't bet)
Seat 6: poker_soul11 (small blind) collected ($2)



PokerStars Hand #254722007439:  Hold'em No Limit ($0.50/$1.00 USD) - 2025/02/05 18:34:28 WET [2025/02/05 13:34:28 ET]
Table 'Comacina II' 6-max Seat #6 is the button
Seat 1: martin b504 ($100 in chips) 
Seat 2: Iseedora ($107.24 in chips) 
Seat 3: cacan89 ($120.61 in chips) 
Seat 4: franco232315 ($100 in chips) 
Seat 5: antey89 ($100 in chips) 
Seat 6: poker_soul11 ($109.51 in chips) 
martin b504: posts small blind $0.50
Iseedora: posts big blind $1
*** HOLE CARDS ***
cacan89: folds 
franco232315: folds 
antey89: folds 
poker_soul11: raises $1.20 to $2.20
martin b504: folds 
Iseedora: calls $1.20
*** FLOP *** [Ac 6d Td]
Iseedora: checks 
poker_soul11: bets $5.83
Iseedora: calls $5.83
*** TURN *** [Ac 6d Td] [5h]
Iseedora: checks 
poker_soul11: bets $23.60
Iseedora: folds 
Uncalled bet ($23.60) returned to poker_soul11
poker_soul11 collected $15.73 from pot
poker_soul11: doesn't show hand 
*** SUMMARY ***
Total pot $16.56 | Rake $0.83 
Board [Ac 6d Td 5h]
Seat 1: martin b504 (small blind) folded before Flop
Seat 2: Iseedora (big blind) folded on the Turn
Seat 3: cacan89 folded before Flop (didn't bet)
Seat 4: franco232315 folded before Flop (didn't bet)
Seat 5: antey89 folded before Flop (didn't bet)
Seat 6: poker_soul11 (button) collected ($15.73)



PokerStars Hand #254722036218:  Hold'em No Limit ($0.50/$1.00 USD) - 2025/02/05 18:36:10 WET [2025/02/05 13:36:10 ET]
Table 'Comacina II' 6-max Seat #1 is the button
Seat 1: martin b504 ($100 in chips) 
Seat 2: Iseedora ($100 in chips) 
Seat 3: cacan89 ($120.61 in chips) 
Seat 4: franco232315 ($100 in chips) 
Seat 5: antey89 ($100 in chips) 
Seat 6: poker_soul11 ($117.21 in chips) 
Iseedora: posts small blind $0.50
cacan89: posts big blind $1
*** HOLE CARDS ***
franco232315: folds 
antey89: folds 
poker_soul11: folds 
martin b504: folds 
Iseedora: folds 
Uncalled bet ($0.50) returned to cacan89
cacan89 collected $1 from pot
*** SUMMARY ***
Total pot $1 | Rake $0 
Seat 1: martin b504 (button) folded before Flop (didn't bet)
Seat 2: Iseedora (small blind) folded before Flop
Seat 3: cacan89 (big blind) collected ($1)
Seat 4: franco232315 folded before Flop (didn't bet)
Seat 5: antey89 folded before Flop (didn't bet)
Seat 6: poker_soul11 folded before Flop (didn't bet)



PokerStars Hand #254722039464:  Hold'em No Limit ($0.50/$1.00 USD) - 2025/02/05 18:36:22 WET [2025/02/05 13:36:22 ET]
Table 'Comacina II' 6-max Seat #2 is the button
Seat 1: martin b504 ($100 in chips) 
Seat 2: Iseedora ($100 in chips) 
Seat 3: cacan89 ($121.11 in chips) 
Seat 4: franco232315 ($100 in chips) 
Seat 5: antey89 ($100 in chips) 
Seat 6: poker_soul11 ($117.21 in chips) 
cacan89: posts small blind $0.50
franco232315: posts big blind $1
*** HOLE CARDS ***
antey89: folds 
poker_soul11: folds 
martin b504: folds 
Iseedora: folds 
cacan89: raises $2 to $3
franco232315: raises $6 to $9
cacan89: calls $6
*** FLOP *** [9d 5s 4d]
cacan89: checks 
franco232315: checks 
*** TURN *** [9d 5s 4d] [Tc]
cacan89: bets $8.55
franco232315: folds 
Uncalled bet ($8.55) returned to cacan89
cacan89 collected $17.10 from pot
*** SUMMARY ***
Total pot $18 | Rake $0.90 
Board [9d 5s 4d Tc]
Seat 1: martin b504 folded before Flop (didn't bet)
Seat 2: Iseedora (button) folded before Flop (didn't bet)
Seat 3: cacan89 (small blind) collected ($17.10)
Seat 4: franco232315 (big blind) folded on the Turn
Seat 5: antey89 folded before Flop (didn't bet)
Seat 6: poker_soul11 folded before Flop (didn't bet)



PokerStars Hand #254722058312:  Hold'em No Limit ($0.50/$1.00 USD) - 2025/02/05 18:37:28 WET [2025/02/05 13:37:28 ET]
Table 'Comacina II' 6-max Seat #3 is the button
Seat 1: martin b504 ($100 in chips) 
Seat 2: Iseedora ($100 in chips) 
Seat 3: cacan89 ($129.21 in chips) 
Seat 4: franco232315 ($100 in chips) 
Seat 5: antey89 ($100 in chips) 
Seat 6: poker_soul11 ($117.21 in chips) 
franco232315: posts small blind $0.50
antey89: posts big blind $1
*** HOLE CARDS ***
poker_soul11: raises $1.20 to $2.20
martin b504: folds 
Iseedora: folds 
cacan89: calls $2.20
franco232315: calls $1.70
antey89: folds 
*** FLOP *** [Kd 4h 5h]
franco232315: checks 
poker_soul11: checks 
cacan89: checks 
*** TURN *** [Kd 4h 5h] [3s]
franco232315: checks 
poker_soul11: checks 
cacan89: checks 
*** RIVER *** [Kd 4h 5h 3s] [8c]
franco232315: checks 
poker_soul11: checks 
cacan89: checks 
*** SHOW DOWN ***
franco232315: shows [7s 8s] (a pair of Eights)
poker_soul11: mucks hand 
cacan89: mucks hand 
franco232315 collected $7.22 from pot
*** SUMMARY ***
Total pot $7.60 | Rake $0.38 
Board [Kd 4h 5h 3s 8c]
Seat 1: martin b504 folded before Flop (didn't bet)
Seat 2: Iseedora folded before Flop (didn't bet)
Seat 3: cacan89 (button) mucked
Seat 4: franco232315 (small blind) showed [7s 8s] and won ($7.22) with a pair of Eights
Seat 5: antey89 (big blind) folded before Flop
Seat 6: poker_soul11 mucked



PokerStars Hand #254722081489:  Hold'em No Limit ($0.50/$1.00 USD) - 2025/02/05 18:38:51 WET [2025/02/05 13:38:51 ET]
Table 'Comacina II' 6-max Seat #4 is the button
Seat 1: martin b504 ($100 in chips) 
Seat 2: Iseedora ($100 in chips) 
Seat 3: cacan89 ($127.01 in chips) 
Seat 4: franco232315 ($105.02 in chips) 
Seat 5: antey89 ($100 in chips) 
Seat 6: poker_soul11 ($115.01 in chips) 
antey89: posts small blind $0.50
poker_soul11: posts big blind $1
*** HOLE CARDS ***
martin b504: folds 
Iseedora: raises $1.20 to $2.20
cacan89: folds 
franco232315: folds 
antey89: folds 
poker_soul11: calls $1.20
*** FLOP *** [6h 6c 9h]
poker_soul11: checks 
Iseedora: checks 
*** TURN *** [6h 6c 9h] [7d]
poker_soul11: bets $2.33
Iseedora: raises $6.52 to $8.85
poker_soul11: folds 
Uncalled bet ($6.52) returned to Iseedora
Iseedora collected $9.08 from pot
Iseedora: doesn't show hand 
*** SUMMARY ***
Total pot $9.56 | Rake $0.48 
Board [6h 6c 9h 7d]
Seat 1: martin b504 folded before Flop (didn't bet)
Seat 2: Iseedora collected ($9.08)
Seat 3: cacan89 folded before Flop (didn't bet)
Seat 4: franco232315 (button) folded before Flop (didn't bet)
Seat 5: antey89 (small blind) folded before Flop
Seat 6: poker_soul11 (big blind) folded on the Turn



PokerStars Hand #254722102196:  Hold'em No Limit ($0.50/$1.00 USD) - 2025/02/05 18:40:04 WET [2025/02/05 13:40:04 ET]
Table 'Comacina II' 6-max Seat #5 is the button
Seat 1: martin b504 ($100 in chips) 
Seat 2: Iseedora ($104.55 in chips) 
Seat 3: cacan89 ($127.01 in chips) 
Seat 4: franco232315 ($105.02 in chips) 
Seat 5: antey89 ($100 in chips) 
Seat 6: poker_soul11 ($110.48 in chips) 
poker_soul11: posts small blind $0.50
martin b504: posts big blind $1
*** HOLE CARDS ***
Iseedora: raises $1.20 to $2.20
cacan89: folds 
franco232315: folds 
antey89: folds 
poker_soul11: folds 
martin b504: folds 
Uncalled bet ($1.20) returned to Iseedora
Iseedora collected $2.50 from pot
Iseedora: doesn't show hand 
*** SUMMARY ***
Total pot $2.50 | Rake $0 
Seat 1: martin b504 (big blind) folded before Flop
Seat 2: Iseedora collected ($2.50)
Seat 3: cacan89 folded before Flop (didn't bet)
Seat 4: franco232315 folded before Flop (didn't bet)
Seat 5: antey89 (button) folded before Flop (didn't bet)
Seat 6: poker_soul11 (small blind) folded before Flop



PokerStars Hand #254722108902:  Hold'em No Limit ($0.50/$1.00 USD) - 2025/02/05 18:40:28 WET [2025/02/05 13:40:28 ET]
Table 'Comacina II' 6-max Seat #6 is the button
Seat 1: martin b504 ($100 in chips) 
Seat 2: Iseedora ($106.05 in chips) 
Seat 3: cacan89 ($127.01 in chips) 
Seat 4: franco232315 ($105.02 in chips) 
Seat 5: antey89 ($100 in chips) 
Seat 6: poker_soul11 ($109.98 in chips) 
martin b504: posts small blind $0.50
Iseedora: posts big blind $1
*** HOLE CARDS ***
cacan89: folds 
franco232315: raises $1.20 to $2.20
antey89: folds 
poker_soul11: folds 
martin b504: folds 
Iseedora: calls $1.20
*** FLOP *** [Jd 6d Jh]
Iseedora: checks 
franco232315: bets $1.54
Iseedora: calls $1.54
*** TURN *** [Jd 6d Jh] [Td]
Iseedora: checks 
franco232315: checks 
*** RIVER *** [Jd 6d Jh Td] [2c]
Iseedora: checks 
franco232315: checks 
*** SHOW DOWN ***
Iseedora: shows [9c 9d] (two pair, Jacks and Nines)
franco232315: mucks hand 
Iseedora collected $7.58 from pot
*** SUMMARY ***
Total pot $7.98 | Rake $0.40 
Board [Jd 6d Jh Td 2c]
Seat 1: martin b504 (small blind) folded before Flop
Seat 2: Iseedora (big blind) showed [9c 9d] and won ($7.58) with two pair, Jacks and Nines
Seat 3: cacan89 folded before Flop (didn't bet)
Seat 4: franco232315 mucked
Seat 5: antey89 folded before Flop (didn't bet)
Seat 6: poker_soul11 (button) folded before Flop (didn't bet)



PokerStars Hand #254722135243:  Hold'em No Limit ($0.50/$1.00 USD) - 2025/02/05 18:42:02 WET [2025/02/05 13:42:02 ET]
Table 'Comacina II' 6-max Seat #1 is the button
Seat 1: martin b504 ($100 in chips) 
Seat 2: Iseedora ($109.89 in chips) 
Seat 3: cacan89 ($127.01 in chips) 
Seat 4: franco232315 ($101.28 in chips) 
Seat 5: antey89 ($100 in chips) 
Seat 6: poker_soul11 ($109.98 in chips) 
Iseedora: posts small blind $0.50
cacan89: posts big blind $1
*** HOLE CARDS ***
franco232315: folds 
antey89: folds 
poker_soul11: folds 
martin b504: folds 
Iseedora: folds 
Uncalled bet ($0.50) returned to cacan89
cacan89 collected $1 from pot
*** SUMMARY ***
Total pot $1 | Rake $0 
Seat 1: martin b504 (button) folded before Flop (didn't bet)
Seat 2: Iseedora (small blind) folded before Flop
Seat 3: cacan89 (big blind) collected ($1)
Seat 4: franco232315 folded before Flop (didn't bet)
Seat 5: antey89 folded before Flop (didn't bet)
Seat 6: poker_soul11 folded before Flop (didn't bet)



PokerStars Hand #254722141135:  Hold'em No Limit ($0.50/$1.00 USD) - 2025/02/05 18:42:23 WET [2025/02/05 13:42:23 ET]
Table 'Comacina II' 6-max Seat #2 is the button
Seat 1: martin b504 ($100 in chips) 
Seat 2: Iseedora ($109.39 in chips) 
Seat 3: cacan89 ($127.51 in chips) 
Seat 4: franco232315 ($101.28 in chips) 
Seat 5: antey89 ($100 in chips) 
Seat 6: poker_soul11 ($109.98 in chips) 
cacan89: posts small blind $0.50
franco232315: posts big blind $1
*** HOLE CARDS ***
antey89: folds 
poker_soul11: raises $1.20 to $2.20
martin b504: folds 
Iseedora: folds 
cacan89: folds 
franco232315: folds 
Uncalled bet ($1.20) returned to poker_soul11
poker_soul11 collected $2.50 from pot
poker_soul11: doesn't show hand 
*** SUMMARY ***
Total pot $2.50 | Rake $0 
Seat 1: martin b504 folded before Flop (didn't bet)
Seat 2: Iseedora (button) folded before Flop (didn't bet)
Seat 3: cacan89 (small blind) folded before Flop
Seat 4: franco232315 (big blind) folded before Flop
Seat 5: antey89 folded before Flop (didn't bet)
Seat 6: poker_soul11 collected ($2.50)



PokerStars Hand #254722149985:  Hold'em No Limit ($0.50/$1.00 USD) - 2025/02/05 18:42:54 WET [2025/02/05 13:42:54 ET]
Table 'Comacina II' 6-max Seat #3 is the button
Seat 1: martin b504 ($100 in chips) 
Seat 2: Iseedora ($109.39 in chips) 
Seat 3: cacan89 ($127.01 in chips) 
Seat 4: franco232315 ($100.28 in chips) 
Seat 5: antey89 ($100 in chips) 
Seat 6: poker_soul11 ($111.48 in chips) 
franco232315: posts small blind $0.50
antey89: posts big blind $1
*** HOLE CARDS ***
poker_soul11: folds 
martin b504: folds 
Iseedora: folds 
cacan89: raises $1 to $2
franco232315: folds 
antey89: folds 
Uncalled bet ($1) returned to cacan89
cacan89 collected $2.50 from pot
*** SUMMARY ***
Total pot $2.50 | Rake $0 
Seat 1: martin b504 folded before Flop (didn't bet)
Seat 2: Iseedora folded before Flop (didn't bet)
Seat 3: cacan89 (button) collected ($2.50)
Seat 4: franco232315 (small blind) folded before Flop
Seat 5: antey89 (big blind) folded before Flop
Seat 6: poker_soul11 folded before Flop (didn't bet)



PokerStars Hand #254722154835:  Hold'em No Limit ($0.50/$1.00 USD) - 2025/02/05 18:43:12 WET [2025/02/05 13:43:12 ET]
Table 'Comacina II' 6-max Seat #4 is the button
Seat 1: martin b504 ($100 in chips) 
Seat 2: Iseedora ($109.39 in chips) 
Seat 3: cacan89 ($128.51 in chips) 
Seat 4: franco232315 ($100 in chips) 
Seat 5: antey89 ($100 in chips) 
Seat 6: poker_soul11 ($111.48 in chips) 
antey89: posts small blind $0.50
poker_soul11: posts big blind $1
*** HOLE CARDS ***
martin b504: folds 
Iseedora: raises $1.20 to $2.20
cacan89 has timed out
cacan89: folds 
franco232315: folds 
antey89: folds 
poker_soul11: folds 
Uncalled bet ($1.20) returned to Iseedora
Iseedora collected $2.50 from pot
Iseedora: doesn't show hand 
*** SUMMARY ***
Total pot $2.50 | Rake $0 
Seat 1: martin b504 folded before Flop (didn't bet)
Seat 2: Iseedora collected ($2.50)
Seat 3: cacan89 folded before Flop (didn't bet)
Seat 4: franco232315 (button) folded before Flop (didn't bet)
Seat 5: antey89 (small blind) folded before Flop
Seat 6: poker_soul11 (big blind) folded before Flop



PokerStars Hand #254722172289:  Hold'em No Limit ($0.50/$1.00 USD) - 2025/02/05 18:44:14 WET [2025/02/05 13:44:14 ET]
Table 'Comacina II' 6-max Seat #5 is the button
Seat 3: cacan89 ($128.51 in chips) is sitting out
Seat 1: martin b504 ($100 in chips) 
Seat 2: Iseedora ($110.89 in chips) 
Seat 4: franco232315 ($100 in chips) 
Seat 5: antey89 ($100 in chips) 
Seat 6: poker_soul11 ($110.48 in chips) 
poker_soul11: posts small blind $0.50
martin b504: posts big blind $1
*** HOLE CARDS ***
Iseedora: folds 
cacan89 is disconnected 
franco232315: folds 
antey89: folds 
poker_soul11: raises $2 to $3
Iseedora leaves the table
Ydys20 joins the table at seat #2 
martin b504: calls $2
*** FLOP *** [5s 2c 9h]
poker_soul11: bets $2.85
martin b504: raises $5.70 to $8.55
poker_soul11: folds 
Uncalled bet ($5.70) returned to martin b504
martin b504 collected $11.12 from pot
martin b504: doesn't show hand 
*** SUMMARY ***
Total pot $11.70 | Rake $0.58 
Board [5s 2c 9h]
Seat 3: cacan89
Seat 1: martin b504 (big blind) collected ($11.12)
Seat 2: Iseedora folded before Flop (didn't bet)
Seat 4: franco232315 folded before Flop (didn't bet)
Seat 5: antey89 (button) folded before Flop (didn't bet)
Seat 6: poker_soul11 (small blind) folded on the Flop



PokerStars Hand #254722183624:  Hold'em No Limit ($0.50/$1.00 USD) - 2025/02/05 18:44:55 WET [2025/02/05 13:44:55 ET]
Table 'Comacina II' 6-max Seat #6 is the button
Seat 1: martin b504 ($105.27 in chips) 
Seat 2: Ydys20 ($100 in chips) 
Seat 3: cacan89 ($128.51 in chips) 
Seat 4: franco232315 ($100 in chips) 
Seat 5: antey89 ($100 in chips) 
Seat 6: poker_soul11 ($104.63 in chips) 
martin b504: posts small blind $0.50
Ydys20: posts big blind $1
*** HOLE CARDS ***
cacan89 has timed out
cacan89: folds 
franco232315: folds 
antey89: folds 
poker_soul11: raises $1.20 to $2.20
antey89 leaves the table
martin b504: folds 
Ydys20: folds 
Uncalled bet ($1.20) returned to poker_soul11
poker_soul11 collected $2.50 from pot
poker_soul11: doesn't show hand 
*** SUMMARY ***
Total pot $2.50 | Rake $0 
Seat 1: martin b504 (small blind) folded before Flop
Seat 2: Ydys20 (big blind) folded before Flop
Seat 3: cacan89 folded before Flop (didn't bet)
Seat 4: franco232315 folded before Flop (didn't bet)
Seat 5: antey89 folded before Flop (didn't bet)
Seat 6: poker_soul11 (button) collected ($2.50)



PokerStars Hand #254722194442:  Hold'em No Limit ($0.50/$1.00 USD) - 2025/02/05 18:45:34 WET [2025/02/05 13:45:34 ET]
Table 'Comacina II' 6-max Seat #1 is the button
Seat 1: martin b504 ($104.77 in chips) 
Seat 2: Ydys20 ($100 in chips) 
Seat 3: cacan89 ($128.51 in chips) 
Seat 4: franco232315 ($100 in chips) 
Seat 6: poker_soul11 ($106.13 in chips) 
Ydys20: posts small blind $0.50
cacan89: posts big blind $1
*** HOLE CARDS ***
franco232315: folds 
poker_soul11: folds 
martin b504: folds 
Ydys20: folds 
Uncalled bet ($0.50) returned to cacan89
LuckyShikari joins the table at seat #5 
cacan89 collected $1 from pot
*** SUMMARY ***
Total pot $1 | Rake $0 
Seat 1: martin b504 (button) folded before Flop (didn't bet)
Seat 2: Ydys20 (small blind) folded before Flop
Seat 3: cacan89 (big blind) collected ($1)
Seat 4: franco232315 folded before Flop (didn't bet)
Seat 6: poker_soul11 folded before Flop (didn't bet)



PokerStars Hand #254722197920:  Hold'em No Limit ($0.50/$1.00 USD) - 2025/02/05 18:45:46 WET [2025/02/05 13:45:46 ET]
Table 'Comacina II' 6-max Seat #2 is the button
Seat 5: LuckyShikari ($100 in chips) is sitting out
Seat 1: martin b504 ($104.77 in chips) 
Seat 2: Ydys20 ($100 in chips) 
Seat 3: cacan89 ($129.01 in chips) 
Seat 4: franco232315 ($100 in chips) 
Seat 6: poker_soul11 ($106.13 in chips) 
cacan89: posts small blind $0.50
franco232315: posts big blind $1
LuckyShikari: sits out 
*** HOLE CARDS ***
poker_soul11: raises $1.20 to $2.20
martin b504: folds 
Ydys20: folds 
cacan89: folds 
franco232315: folds 
Uncalled bet ($1.20) returned to poker_soul11
poker_soul11 collected $2.50 from pot
poker_soul11: doesn't show hand 
*** SUMMARY ***
Total pot $2.50 | Rake $0 
Seat 5: LuckyShikari
Seat 1: martin b504 folded before Flop (didn't bet)
Seat 2: Ydys20 (button) folded before Flop (didn't bet)
Seat 3: cacan89 (small blind) folded before Flop
Seat 4: franco232315 (big blind) folded before Flop
Seat 6: poker_soul11 collected ($2.50)



PokerStars Hand #254722207308:  Hold'em No Limit ($0.50/$1.00 USD) - 2025/02/05 18:46:20 WET [2025/02/05 13:46:20 ET]
Table 'Comacina II' 6-max Seat #3 is the button
Seat 1: martin b504 ($104.77 in chips) 
Seat 2: Ydys20 ($100 in chips) 
Seat 3: cacan89 ($128.51 in chips) 
Seat 4: franco232315 ($100 in chips) 
Seat 5: LuckyShikari ($100 in chips) 
Seat 6: poker_soul11 ($107.63 in chips) 
franco232315: posts small blind $0.50
LuckyShikari: posts big blind $1
*** HOLE CARDS ***
poker_soul11: folds 
martin b504: folds 
Ydys20: raises $1.50 to $2.50
cacan89 has timed out
cacan89: folds 
franco232315: folds 
LuckyShikari: folds 
Uncalled bet ($1.50) returned to Ydys20
Ydys20 collected $2.50 from pot
Ydys20: doesn't show hand 
*** SUMMARY ***
Total pot $2.50 | Rake $0 
Seat 1: martin b504 folded before Flop (didn't bet)
Seat 2: Ydys20 collected ($2.50)
Seat 3: cacan89 (button) folded before Flop (didn't bet)
Seat 4: franco232315 (small blind) folded before Flop
Seat 5: LuckyShikari (big blind) folded before Flop
Seat 6: poker_soul11 folded before Flop (didn't bet)



PokerStars Hand #254722219850:  Hold'em No Limit ($0.50/$1.00 USD) - 2025/02/05 18:47:05 WET [2025/02/05 13:47:05 ET]
Table 'Comacina II' 6-max Seat #4 is the button
Seat 3: cacan89 ($128.51 in chips) is sitting out
Seat 1: martin b504 ($104.77 in chips) 
Seat 2: Ydys20 ($101.50 in chips) 
Seat 4: franco232315 ($100 in chips) 
Seat 5: LuckyShikari ($100 in chips) 
Seat 6: poker_soul11 ($107.63 in chips) 
LuckyShikari: posts small blind $0.50
poker_soul11: posts big blind $1
*** HOLE CARDS ***
martin b504: folds 
Ydys20: raises $1.50 to $2.50
franco232315: folds 
LuckyShikari: folds 
poker_soul11: folds 
Uncalled bet ($1.50) returned to Ydys20
Ydys20 collected $2.50 from pot
Ydys20: doesn't show hand 
*** SUMMARY ***
Total pot $2.50 | Rake $0 
Seat 3: cacan89
Seat 1: martin b504 folded before Flop (didn't bet)
Seat 2: Ydys20 collected ($2.50)
Seat 4: franco232315 (button) folded before Flop (didn't bet)
Seat 5: LuckyShikari (small blind) folded before Flop
Seat 6: poker_soul11 (big blind) folded before Flop



PokerStars Hand #254722227227:  Hold'em No Limit ($0.50/$1.00 USD) - 2025/02/05 18:47:32 WET [2025/02/05 13:47:32 ET]
Table 'Comacina II' 6-max Seat #5 is the button
Seat 1: martin b504 ($104.77 in chips) 
Seat 2: Ydys20 ($103 in chips) 
Seat 3: cacan89 ($128.51 in chips) 
Seat 4: franco232315 ($100 in chips) 
Seat 5: LuckyShikari ($100 in chips) 
Seat 6: poker_soul11 ($106.63 in chips) 
poker_soul11: posts small blind $0.50
martin b504: posts big blind $1
*** HOLE CARDS ***
Ydys20: folds 
cacan89: raises $1 to $2
franco232315: folds 
LuckyShikari: raises $5 to $7
poker_soul11: folds 
martin b504: folds 
cacan89: folds 
Uncalled bet ($5) returned to LuckyShikari
LuckyShikari collected $5.50 from pot
LuckyShikari: doesn't show hand 
*** SUMMARY ***
Total pot $5.50 | Rake $0 
Seat 1: martin b504 (big blind) folded before Flop
Seat 2: Ydys20 folded before Flop (didn't bet)
Seat 3: cacan89 folded before Flop
Seat 4: franco232315 folded before Flop (didn't bet)
Seat 5: LuckyShikari (button) collected ($5.50)
Seat 6: poker_soul11 (small blind) folded before Flop



PokerStars Hand #254722234666:  Hold'em No Limit ($0.50/$1.00 USD) - 2025/02/05 18:47:59 WET [2025/02/05 13:47:59 ET]
Table 'Comacina II' 6-max Seat #6 is the button
Seat 1: martin b504 ($103.77 in chips) 
Seat 2: Ydys20 ($103 in chips) 
Seat 3: cacan89 ($126.51 in chips) 
Seat 4: franco232315 ($100 in chips) 
Seat 5: LuckyShikari ($103.50 in chips) 
Seat 6: poker_soul11 ($106.13 in chips) 
martin b504: posts small blind $0.50
Ydys20: posts big blind $1
*** HOLE CARDS ***
cacan89: folds 
franco232315: folds 
LuckyShikari: folds 
poker_soul11: raises $1.20 to $2.20
martin b504: folds 
Ydys20: calls $1.20
*** FLOP *** [3c 6d Js]
Ydys20: checks 
poker_soul11: bets $3.08
Ydys20: folds 
Uncalled bet ($3.08) returned to poker_soul11
poker_soul11 collected $4.66 from pot
poker_soul11: doesn't show hand 
*** SUMMARY ***
Total pot $4.90 | Rake $0.24 
Board [3c 6d Js]
Seat 1: martin b504 (small blind) folded before Flop
Seat 2: Ydys20 (big blind) folded on the Flop
Seat 3: cacan89 folded before Flop (didn't bet)
Seat 4: franco232315 folded before Flop (didn't bet)
Seat 5: LuckyShikari folded before Flop (didn't bet)
Seat 6: poker_soul11 (button) collected ($4.66)



PokerStars Hand #254722250606:  Hold'em No Limit ($0.50/$1.00 USD) - 2025/02/05 18:48:57 WET [2025/02/05 13:48:57 ET]
Table 'Comacina II' 6-max Seat #1 is the button
Seat 1: martin b504 ($103.27 in chips) 
Seat 2: Ydys20 ($100.80 in chips) 
Seat 3: cacan89 ($126.51 in chips) 
Seat 4: franco232315 ($100 in chips) 
Seat 5: LuckyShikari ($103.50 in chips) 
Seat 6: poker_soul11 ($108.59 in chips) 
Ydys20: posts small blind $0.50
cacan89: posts big blind $1
*** HOLE CARDS ***
franco232315: raises $1.20 to $2.20
LuckyShikari: folds 
poker_soul11: folds 
martin b504: folds 
Ydys20: folds 
cacan89: folds 
Uncalled bet ($1.20) returned to franco232315
franco232315 collected $2.50 from pot
franco232315: doesn't show hand 
*** SUMMARY ***
Total pot $2.50 | Rake $0 
Seat 1: martin b504 (button) folded before Flop (didn't bet)
Seat 2: Ydys20 (small blind) folded before Flop
Seat 3: cacan89 (big blind) folded before Flop
Seat 4: franco232315 collected ($2.50)
Seat 5: LuckyShikari folded before Flop (didn't bet)
Seat 6: poker_soul11 folded before Flop (didn't bet)



PokerStars Hand #254722255390:  Hold'em No Limit ($0.50/$1.00 USD) - 2025/02/05 18:49:14 WET [2025/02/05 13:49:14 ET]
Table 'Comacina II' 6-max Seat #2 is the button
Seat 1: martin b504 ($103.27 in chips) 
Seat 2: Ydys20 ($100.30 in chips) 
Seat 3: cacan89 ($125.51 in chips) 
Seat 4: franco232315 ($101.50 in chips) 
Seat 5: LuckyShikari ($103.50 in chips) 
Seat 6: poker_soul11 ($108.59 in chips) 
cacan89: posts small blind $0.50
franco232315: posts big blind $1
*** HOLE CARDS ***
LuckyShikari: folds 
poker_soul11: folds 
martin b504: folds 
Ydys20: folds 
cacan89: calls $0.50
franco232315: checks 
*** FLOP *** [Ts Js Qh]
cacan89: checks 
franco232315: checks 
*** TURN *** [Ts Js Qh] [5d]
cacan89: bets $1
franco232315: folds 
Uncalled bet ($1) returned to cacan89
cacan89 collected $1.90 from pot
*** SUMMARY ***
Total pot $2 | Rake $0.10 
Board [Ts Js Qh 5d]
Seat 1: martin b504 folded before Flop (didn't bet)
Seat 2: Ydys20 (button) folded before Flop (didn't bet)
Seat 3: cacan89 (small blind) collected ($1.90)
Seat 4: franco232315 (big blind) folded on the Turn
Seat 5: LuckyShikari folded before Flop (didn't bet)
Seat 6: poker_soul11 folded before Flop (didn't bet)



PokerStars Hand #254722271789:  Hold'em No Limit ($0.50/$1.00 USD) - 2025/02/05 18:50:14 WET [2025/02/05 13:50:14 ET]
Table 'Comacina II' 6-max Seat #3 is the button
Seat 1: martin b504 ($103.27 in chips) 
Seat 2: Ydys20 ($100.30 in chips) 
Seat 3: cacan89 ($126.41 in chips) 
Seat 4: franco232315 ($100.50 in chips) 
Seat 5: LuckyShikari ($103.50 in chips) 
Seat 6: poker_soul11 ($108.59 in chips) 
franco232315: posts small blind $0.50
LuckyShikari: posts big blind $1
*** HOLE CARDS ***
poker_soul11: folds 
martin b504: folds 
Ydys20: folds 
cacan89: raises $2 to $3
franco232315: folds 
LuckyShikari: folds 
Uncalled bet ($2) returned to cacan89
cacan89 collected $2.50 from pot
*** SUMMARY ***
Total pot $2.50 | Rake $0 
Seat 1: martin b504 folded before Flop (didn't bet)
Seat 2: Ydys20 folded before Flop (didn't bet)
Seat 3: cacan89 (button) collected ($2.50)
Seat 4: franco232315 (small blind) folded before Flop
Seat 5: LuckyShikari (big blind) folded before Flop
Seat 6: poker_soul11 folded before Flop (didn't bet)



PokerStars Hand #254722277884:  Hold'em No Limit ($0.50/$1.00 USD) - 2025/02/05 18:50:36 WET [2025/02/05 13:50:36 ET]
Table 'Comacina II' 6-max Seat #4 is the button
Seat 1: martin b504 ($103.27 in chips) 
Seat 2: Ydys20 ($100.30 in chips) 
Seat 3: cacan89 ($127.91 in chips) 
Seat 4: franco232315 ($100 in chips) 
Seat 5: LuckyShikari ($102.50 in chips) 
Seat 6: poker_soul11 ($108.59 in chips) 
LuckyShikari: posts small blind $0.50
poker_soul11: posts big blind $1
*** HOLE CARDS ***
martin b504: folds 
Ydys20: folds 
cacan89: folds 
franco232315: raises $1.50 to $2.50
LuckyShikari: folds 
poker_soul11: raises $9.50 to $12
franco232315: folds 
Uncalled bet ($9.50) returned to poker_soul11
poker_soul11 collected $5.50 from pot
poker_soul11: doesn't show hand 
*** SUMMARY ***
Total pot $5.50 | Rake $0 
Seat 1: martin b504 folded before Flop (didn't bet)
Seat 2: Ydys20 folded before Flop (didn't bet)
Seat 3: cacan89 folded before Flop (didn't bet)
Seat 4: franco232315 (button) folded before Flop
Seat 5: LuckyShikari (small blind) folded before Flop
Seat 6: poker_soul11 (big blind) collected ($5.50)



PokerStars Hand #254722290017:  Hold'em No Limit ($0.50/$1.00 USD) - 2025/02/05 18:51:19 WET [2025/02/05 13:51:19 ET]
Table 'Comacina II' 6-max Seat #5 is the button
Seat 1: martin b504 ($103.27 in chips) 
Seat 2: Ydys20 ($100.30 in chips) 
Seat 3: cacan89 ($127.91 in chips) 
Seat 4: franco232315 ($100 in chips) 
Seat 5: LuckyShikari ($102 in chips) 
Seat 6: poker_soul11 ($111.59 in chips) 
poker_soul11: posts small blind $0.50
martin b504: posts big blind $1
*** HOLE CARDS ***
Ydys20: folds 
cacan89: folds 
franco232315: raises $1.50 to $2.50
LuckyShikari: raises $5 to $7.50
poker_soul11: folds 
martin b504: folds 
franco232315: folds 
Uncalled bet ($5) returned to LuckyShikari
LuckyShikari collected $6.50 from pot
LuckyShikari: doesn't show hand 
*** SUMMARY ***
Total pot $6.50 | Rake $0 
Seat 1: martin b504 (big blind) folded before Flop
Seat 2: Ydys20 folded before Flop (didn't bet)
Seat 3: cacan89 folded before Flop (didn't bet)
Seat 4: franco232315 folded before Flop
Seat 5: LuckyShikari (button) collected ($6.50)
Seat 6: poker_soul11 (small blind) folded before Flop



PokerStars Hand #254722303623:  Hold'em No Limit ($0.50/$1.00 USD) - 2025/02/05 18:52:08 WET [2025/02/05 13:52:08 ET]
Table 'Comacina II' 6-max Seat #6 is the button
Seat 1: martin b504 ($102.27 in chips) 
Seat 2: Ydys20 ($100.30 in chips) 
Seat 3: cacan89 ($127.91 in chips) 
Seat 4: franco232315 ($100 in chips) 
Seat 5: LuckyShikari ($106 in chips) 
Seat 6: poker_soul11 ($111.09 in chips) 
martin b504: posts small blind $0.50
Ydys20: posts big blind $1
*** HOLE CARDS ***
cacan89 is disconnected 
cacan89 has timed out while disconnected
cacan89: folds 
franco232315: folds 
LuckyShikari: raises $2 to $3
poker_soul11: folds 
martin b504: folds 
Ydys20: folds 
Uncalled bet ($2) returned to LuckyShikari
LuckyShikari collected $2.50 from pot
LuckyShikari: doesn't show hand 
*** SUMMARY ***
Total pot $2.50 | Rake $0 
Seat 1: martin b504 (small blind) folded before Flop
Seat 2: Ydys20 (big blind) folded before Flop
Seat 3: cacan89 folded before Flop (didn't bet)
Seat 4: franco232315 folded before Flop (didn't bet)
Seat 5: LuckyShikari collected ($2.50)
Seat 6: poker_soul11 (button) folded before Flop (didn't bet)



PokerStars Hand #254722312476:  Hold'em No Limit ($0.50/$1.00 USD) - 2025/02/05 18:52:40 WET [2025/02/05 13:52:40 ET]
Table 'Comacina II' 6-max Seat #1 is the button
Seat 1: martin b504 ($101.77 in chips) 
Seat 2: Ydys20 ($100 in chips) 
Seat 3: cacan89 ($127.91 in chips) 
Seat 4: franco232315 ($100 in chips) 
Seat 5: LuckyShikari ($107.50 in chips) 
Seat 6: poker_soul11 ($111.09 in chips) 
Ydys20: posts small blind $0.50
cacan89: posts big blind $1
*** HOLE CARDS ***
franco232315: folds 
LuckyShikari: folds 
poker_soul11: folds 
martin b504: folds 
Ydys20: raises $2 to $3
cacan89: folds 
Uncalled bet ($2) returned to Ydys20
Ydys20 collected $2 from pot
Ydys20: doesn't show hand 
*** SUMMARY ***
Total pot $2 | Rake $0 
Seat 1: martin b504 (button) folded before Flop (didn't bet)
Seat 2: Ydys20 (small blind) collected ($2)
Seat 3: cacan89 (big blind) folded before Flop
Seat 4: franco232315 folded before Flop (didn't bet)
Seat 5: LuckyShikari folded before Flop (didn't bet)
Seat 6: poker_soul11 folded before Flop (didn't bet)



PokerStars Hand #254722316356:  Hold'em No Limit ($0.50/$1.00 USD) - 2025/02/05 18:52:53 WET [2025/02/05 13:52:53 ET]
Table 'Comacina II' 6-max Seat #2 is the button
Seat 1: martin b504 ($101.77 in chips) 
Seat 2: Ydys20 ($101 in chips) 
Seat 3: cacan89 ($126.91 in chips) 
Seat 4: franco232315 ($100 in chips) 
Seat 5: LuckyShikari ($107.50 in chips) 
Seat 6: poker_soul11 ($111.09 in chips) 
cacan89: posts small blind $0.50
franco232315: posts big blind $1
*** HOLE CARDS ***
LuckyShikari: folds 
poker_soul11: folds 
martin b504: folds 
Ydys20: folds 
cacan89: calls $0.50
franco232315: checks 
*** FLOP *** [Th 4s 2s]
cacan89: bets $1
franco232315: folds 
Uncalled bet ($1) returned to cacan89
cacan89 collected $1.90 from pot
cacan89: doesn't show hand 
*** SUMMARY ***
Total pot $2 | Rake $0.10 
Board [Th 4s 2s]
Seat 1: martin b504 folded before Flop (didn't bet)
Seat 2: Ydys20 (button) folded before Flop (didn't bet)
Seat 3: cacan89 (small blind) collected ($1.90)
Seat 4: franco232315 (big blind) folded on the Flop
Seat 5: LuckyShikari folded before Flop (didn't bet)
Seat 6: poker_soul11 folded before Flop (didn't bet)



PokerStars Hand #254722359059:  Hold'em No Limit ($0.50/$1.00 USD) - 2025/02/05 18:55:33 WET [2025/02/05 13:55:33 ET]
Table 'Comacina II' 6-max Seat #2 is the button
Seat 1: martin b504 ($101.77 in chips) 
Seat 2: Ydys20 ($100 in chips) 
Seat 3: cacan89 ($130.81 in chips) 
Seat 4: franco232315 ($103 in chips) 
Seat 5: LuckyShikari ($107.50 in chips) 
Seat 6: poker_soul11 ($109.59 in chips) 
cacan89: posts small blind $0.50
franco232315: posts big blind $1
*** HOLE CARDS ***
LuckyShikari: folds 
poker_soul11: folds 
martin b504: folds 
Ydys20: folds 
cacan89: folds 
Uncalled bet ($0.50) returned to franco232315
franco232315 collected $1 from pot
franco232315: doesn't show hand 
*** SUMMARY ***
Total pot $1 | Rake $0 
Seat 1: martin b504 folded before Flop (didn't bet)
Seat 2: Ydys20 (button) folded before Flop (didn't bet)
Seat 3: cacan89 (small blind) folded before Flop
Seat 4: franco232315 (big blind) collected ($1)
Seat 5: LuckyShikari folded before Flop (didn't bet)
Seat 6: poker_soul11 folded before Flop (didn't bet)



PokerStars Hand #254722361585:  Hold'em No Limit ($0.50/$1.00 USD) - 2025/02/05 18:55:46 WET [2025/02/05 13:55:46 ET]
Table 'Comacina II' 6-max Seat #3 is the button
Seat 1: martin b504 ($101.77 in chips) 
Seat 2: Ydys20 ($100 in chips) 
Seat 3: cacan89 ($130.31 in chips) 
Seat 4: franco232315 ($103.50 in chips) 
Seat 5: LuckyShikari ($107.50 in chips) 
Seat 6: poker_soul11 ($109.59 in chips) 
franco232315: posts small blind $0.50
LuckyShikari: posts big blind $1
*** HOLE CARDS ***
poker_soul11: folds 
martin b504: folds 
Ydys20: folds 
cacan89: folds 
franco232315: folds 
Uncalled bet ($0.50) returned to LuckyShikari
LuckyShikari collected $1 from pot
LuckyShikari: doesn't show hand 
*** SUMMARY ***
Total pot $1 | Rake $0 
Seat 1: martin b504 folded before Flop (didn't bet)
Seat 2: Ydys20 folded before Flop (didn't bet)
Seat 3: cacan89 (button) folded before Flop (didn't bet)
Seat 4: franco232315 (small blind) folded before Flop
Seat 5: LuckyShikari (big blind) collected ($1)
Seat 6: poker_soul11 folded before Flop (didn't bet)



PokerStars Hand #254722364162:  Hold'em No Limit ($0.50/$1.00 USD) - 2025/02/05 18:55:59 WET [2025/02/05 13:55:59 ET]
Table 'Comacina II' 6-max Seat #4 is the button
Seat 1: martin b504 ($101.77 in chips) 
Seat 2: Ydys20 ($100 in chips) 
Seat 3: cacan89 ($130.31 in chips) 
Seat 4: franco232315 ($103 in chips) 
Seat 5: LuckyShikari ($108 in chips) 
Seat 6: poker_soul11 ($109.59 in chips) 
LuckyShikari: posts small blind $0.50
poker_soul11: posts big blind $1
*** HOLE CARDS ***
martin b504: folds 
Ydys20: raises $1.20 to $2.20
cacan89: folds 
franco232315: folds 
LuckyShikari: folds 
poker_soul11: folds 
Uncalled bet ($1.20) returned to Ydys20
Ydys20 collected $2.50 from pot
Ydys20: doesn't show hand 
*** SUMMARY ***
Total pot $2.50 | Rake $0 
Seat 1: martin b504 folded before Flop (didn't bet)
Seat 2: Ydys20 collected ($2.50)
Seat 3: cacan89 folded before Flop (didn't bet)
Seat 4: franco232315 (button) folded before Flop (didn't bet)
Seat 5: LuckyShikari (small blind) folded before Flop
Seat 6: poker_soul11 (big blind) folded before Flop



PokerStars Hand #254722367936:  Hold'em No Limit ($0.50/$1.00 USD) - 2025/02/05 18:56:18 WET [2025/02/05 13:56:18 ET]
Table 'Comacina II' 6-max Seat #5 is the button
Seat 1: martin b504 ($101.77 in chips) 
Seat 2: Ydys20 ($101.50 in chips) 
Seat 3: cacan89 ($130.31 in chips) 
Seat 4: franco232315 ($103 in chips) 
Seat 5: LuckyShikari ($107.50 in chips) 
Seat 6: poker_soul11 ($108.59 in chips) 
poker_soul11: posts small blind $0.50
martin b504: posts big blind $1
*** HOLE CARDS ***
Ydys20: raises $1.20 to $2.20
cacan89: folds 
franco232315: folds 
LuckyShikari: folds 
poker_soul11: folds 
martin b504: folds 
Uncalled bet ($1.20) returned to Ydys20
Ydys20 collected $2.50 from pot
Ydys20: doesn't show hand 
*** SUMMARY ***
Total pot $2.50 | Rake $0 
Seat 1: martin b504 (big blind) folded before Flop
Seat 2: Ydys20 collected ($2.50)
Seat 3: cacan89 folded before Flop (didn't bet)
Seat 4: franco232315 folded before Flop (didn't bet)
Seat 5: LuckyShikari (button) folded before Flop (didn't bet)
Seat 6: poker_soul11 (small blind) folded before Flop



PokerStars Hand #254722371560:  Hold'em No Limit ($0.50/$1.00 USD) - 2025/02/05 18:56:36 WET [2025/02/05 13:56:36 ET]
Table 'Comacina II' 6-max Seat #6 is the button
Seat 1: martin b504 ($100.77 in chips) 
Seat 2: Ydys20 ($103 in chips) 
Seat 3: cacan89 ($130.31 in chips) 
Seat 4: franco232315 ($103 in chips) 
Seat 5: LuckyShikari ($107.50 in chips) 
Seat 6: poker_soul11 ($108.09 in chips) 
martin b504: posts small blind $0.50
Ydys20: posts big blind $1
*** HOLE CARDS ***
cacan89: folds 
franco232315: folds 
LuckyShikari: folds 
poker_soul11: raises $1.20 to $2.20
martin b504: folds 
Ydys20: calls $1.20
*** FLOP *** [5h 2d Ac]
Ydys20: checks 
poker_soul11: checks 
*** TURN *** [5h 2d Ac] [4h]
Ydys20: checks 
poker_soul11: checks 
*** RIVER *** [5h 2d Ac 4h] [5d]
Ydys20: checks 
poker_soul11: checks 
*** SHOW DOWN ***
Ydys20: shows [Kc Td] (a pair of Fives)
poker_soul11: shows [Ts Th] (two pair, Tens and Fives)
poker_soul11 collected $4.66 from pot
*** SUMMARY ***
Total pot $4.90 | Rake $0.24 
Board [5h 2d Ac 4h 5d]
Seat 1: martin b504 (small blind) folded before Flop
Seat 2: Ydys20 (big blind) showed [Kc Td] and lost with a pair of Fives
Seat 3: cacan89 folded before Flop (didn't bet)
Seat 4: franco232315 folded before Flop (didn't bet)
Seat 5: LuckyShikari folded before Flop (didn't bet)
Seat 6: poker_soul11 (button) showed [Ts Th] and won ($4.66) with two pair, Tens and Fives



PokerStars Hand #254722391897:  Hold'em No Limit ($0.50/$1.00 USD) - 2025/02/05 18:58:17 WET [2025/02/05 13:58:17 ET]
Table 'Comacina II' 6-max Seat #1 is the button
Seat 1: martin b504 ($100.27 in chips) 
Seat 2: Ydys20 ($100.80 in chips) 
Seat 3: cacan89 ($130.31 in chips) 
Seat 4: franco232315 ($103 in chips) 
Seat 5: LuckyShikari ($107.50 in chips) 
Seat 6: poker_soul11 ($110.55 in chips) 
Ydys20: posts small blind $0.50
cacan89: posts big blind $1
*** HOLE CARDS ***
franco232315: folds 
LuckyShikari: raises $1 to $2
poker_soul11: folds 
martin b504: folds 
Ydys20: folds 
cacan89: folds 
Uncalled bet ($1) returned to LuckyShikari
LuckyShikari collected $2.50 from pot
LuckyShikari: doesn't show hand 
*** SUMMARY ***
Total pot $2.50 | Rake $0 
Seat 1: martin b504 (button) folded before Flop (didn't bet)
Seat 2: Ydys20 (small blind) folded before Flop
Seat 3: cacan89 (big blind) folded before Flop
Seat 4: franco232315 folded before Flop (didn't bet)
Seat 5: LuckyShikari collected ($2.50)
Seat 6: poker_soul11 folded before Flop (didn't bet)



PokerStars Hand #254722394583:  Hold'em No Limit ($0.50/$1.00 USD) - 2025/02/05 18:58:30 WET [2025/02/05 13:58:30 ET]
Table 'Comacina II' 6-max Seat #2 is the button
Seat 1: martin b504 ($100.27 in chips) 
Seat 2: Ydys20 ($100.30 in chips) 
Seat 3: cacan89 ($129.31 in chips) 
Seat 4: franco232315 ($103 in chips) 
Seat 5: LuckyShikari ($109 in chips) 
Seat 6: poker_soul11 ($110.55 in chips) 
cacan89: posts small blind $0.50
franco232315: posts big blind $1
*** HOLE CARDS ***
LuckyShikari: folds 
poker_soul11: raises $1.20 to $2.20
martin b504: folds 
Ydys20: folds 
cacan89: folds 
franco232315: folds 
Uncalled bet ($1.20) returned to poker_soul11
poker_soul11 collected $2.50 from pot
poker_soul11: doesn't show hand 
*** SUMMARY ***
Total pot $2.50 | Rake $0 
Seat 1: martin b504 folded before Flop (didn't bet)
Seat 2: Ydys20 (button) folded before Flop (didn't bet)
Seat 3: cacan89 (small blind) folded before Flop
Seat 4: franco232315 (big blind) folded before Flop
Seat 5: LuckyShikari folded before Flop (didn't bet)
Seat 6: poker_soul11 collected ($2.50)



PokerStars Hand #254722402237:  Hold'em No Limit ($0.50/$1.00 USD) - 2025/02/05 18:59:08 WET [2025/02/05 13:59:08 ET]
Table 'Comacina II' 6-max Seat #3 is the button
Seat 1: martin b504 ($100.27 in chips) 
Seat 2: Ydys20 ($100.30 in chips) 
Seat 3: cacan89 ($128.81 in chips) 
Seat 4: franco232315 ($102 in chips) 
Seat 5: LuckyShikari ($109 in chips) 
Seat 6: poker_soul11 ($112.05 in chips) 
franco232315: posts small blind $0.50
LuckyShikari: posts big blind $1
*** HOLE CARDS ***
poker_soul11: folds 
martin b504: folds 
Ydys20: folds 
cacan89: calls $1
franco232315: folds 
LuckyShikari: checks 
*** FLOP *** [Ac 9s 4h]
LuckyShikari: checks 
cacan89: bets $1.19
LuckyShikari: calls $1.19
*** TURN *** [Ac 9s 4h] [4d]
LuckyShikari: checks 
cacan89: checks 
*** RIVER *** [Ac 9s 4h 4d] [2d]
LuckyShikari: bets $4.50
cacan89: folds 
Uncalled bet ($4.50) returned to LuckyShikari
LuckyShikari collected $4.64 from pot
LuckyShikari: doesn't show hand 
*** SUMMARY ***
Total pot $4.88 | Rake $0.24 
Board [Ac 9s 4h 4d 2d]
Seat 1: martin b504 folded before Flop (didn't bet)
Seat 2: Ydys20 folded before Flop (didn't bet)
Seat 3: cacan89 (button) folded on the River
Seat 4: franco232315 (small blind) folded before Flop
Seat 5: LuckyShikari (big blind) collected ($4.64)
Seat 6: poker_soul11 folded before Flop (didn't bet)



PokerStars Hand #254722408938:  Hold'em No Limit ($0.50/$1.00 USD) - 2025/02/05 18:59:42 WET [2025/02/05 13:59:42 ET]
Table 'Comacina II' 6-max Seat #4 is the button
Seat 1: martin b504 ($100.27 in chips) 
Seat 2: Ydys20 ($100.30 in chips) 
Seat 3: cacan89 ($126.62 in chips) 
Seat 4: franco232315 ($101.50 in chips) 
Seat 5: LuckyShikari ($111.45 in chips) 
Seat 6: poker_soul11 ($112.05 in chips) 
LuckyShikari: posts small blind $0.50
poker_soul11: posts big blind $1
*** HOLE CARDS ***
martin b504: folds 
Ydys20: folds 
cacan89: calls $1
franco232315: folds 
LuckyShikari: calls $0.50
poker_soul11: checks 
*** FLOP *** [7d 5d Qc]
LuckyShikari: bets $1
poker_soul11: raises $2.43 to $3.43
cacan89: calls $3.43
LuckyShikari: folds 
*** TURN *** [7d 5d Qc] [Tc]
poker_soul11: bets $7.74
cacan89: calls $7.74
*** RIVER *** [7d 5d Qc Tc] [8h]
poker_soul11: checks 
cacan89: bets $25.02
poker_soul11: calls $25.02
*** SHOW DOWN ***
cacan89: shows [Ad 5s] (a pair of Fives)
poker_soul11: shows [7h 5c] (two pair, Sevens and Fives)
poker_soul11 collected $73.88 from pot
*** SUMMARY ***
Total pot $76.38 | Rake $2.50 
Board [7d 5d Qc Tc 8h]
Seat 1: martin b504 folded before Flop (didn't bet)
Seat 2: Ydys20 folded before Flop (didn't bet)
Seat 3: cacan89 showed [Ad 5s] and lost with a pair of Fives
Seat 4: franco232315 (button) folded before Flop (didn't bet)
Seat 5: LuckyShikari (small blind) folded on the Flop
Seat 6: poker_soul11 (big blind) showed [7h 5c] and won ($73.88) with two pair, Sevens and Fives



PokerStars Hand #254722424847:  Hold'em No Limit ($0.50/$1.00 USD) - 2025/02/05 19:00:55 WET [2025/02/05 14:00:55 ET]
Table 'Comacina II' 6-max Seat #5 is the button
Seat 1: martin b504 ($100.27 in chips) 
Seat 2: Ydys20 ($100.30 in chips) 
Seat 3: cacan89 ($89.43 in chips) 
Seat 4: franco232315 ($101.50 in chips) 
Seat 5: LuckyShikari ($109.45 in chips) 
Seat 6: poker_soul11 ($148.74 in chips) 
poker_soul11: posts small blind $0.50
martin b504: posts big blind $1
*** HOLE CARDS ***
Ydys20: folds 
cacan89: folds 
franco232315: folds 
LuckyShikari: raises $1 to $2
poker_soul11: raises $9.50 to $11.50
martin b504: folds 
LuckyShikari: folds 
Uncalled bet ($9.50) returned to poker_soul11
poker_soul11 collected $5 from pot
poker_soul11: doesn't show hand 
*** SUMMARY ***
Total pot $5 | Rake $0 
Seat 1: martin b504 (big blind) folded before Flop
Seat 2: Ydys20 folded before Flop (didn't bet)
Seat 3: cacan89 folded before Flop (didn't bet)
Seat 4: franco232315 folded before Flop (didn't bet)
Seat 5: LuckyShikari (button) folded before Flop
Seat 6: poker_soul11 (small blind) collected ($5)



PokerStars Hand #254722431329:  Hold'em No Limit ($0.50/$1.00 USD) - 2025/02/05 19:01:23 WET [2025/02/05 14:01:23 ET]
Table 'Comacina II' 6-max Seat #6 is the button
Seat 1: martin b504 ($100 in chips) 
Seat 2: Ydys20 ($100.30 in chips) 
Seat 3: cacan89 ($89.43 in chips) 
Seat 4: franco232315 ($101.50 in chips) 
Seat 5: LuckyShikari ($107.45 in chips) 
Seat 6: poker_soul11 ($151.74 in chips) 
martin b504: posts small blind $0.50
Ydys20: posts big blind $1
*** HOLE CARDS ***
cacan89: folds 
franco232315: folds 
LuckyShikari: raises $1.50 to $2.50
poker_soul11: raises $5 to $7.50
martin b504: folds 
Ydys20: folds 
LuckyShikari: folds 
Uncalled bet ($5) returned to poker_soul11
poker_soul11 collected $6.50 from pot
poker_soul11: doesn't show hand 
*** SUMMARY ***
Total pot $6.50 | Rake $0 
Seat 1: martin b504 (small blind) folded before Flop
Seat 2: Ydys20 (big blind) folded before Flop
Seat 3: cacan89 folded before Flop (didn't bet)
Seat 4: franco232315 folded before Flop (didn't bet)
Seat 5: LuckyShikari folded before Flop
Seat 6: poker_soul11 (button) collected ($6.50)



PokerStars Hand #254722436806:  Hold'em No Limit ($0.50/$1.00 USD) - 2025/02/05 19:01:44 WET [2025/02/05 14:01:44 ET]
Table 'Comacina II' 6-max Seat #1 is the button
Seat 1: martin b504 ($100 in chips) 
Seat 2: Ydys20 ($100 in chips) 
Seat 3: cacan89 ($89.43 in chips) 
Seat 4: franco232315 ($101.50 in chips) 
Seat 5: LuckyShikari ($104.95 in chips) 
Seat 6: poker_soul11 ($155.74 in chips) 
Ydys20: posts small blind $0.50
cacan89: posts big blind $1
*** HOLE CARDS ***
franco232315: folds 
LuckyShikari: folds 
poker_soul11: folds 
martin b504: folds 
Ydys20: raises $2 to $3
cacan89: raises $2 to $5
Ydys20: calls $2
*** FLOP *** [4s 6d Ks]
Ydys20: checks 
cacan89: checks 
*** TURN *** [4s 6d Ks] [Qc]
Ydys20: checks 
cacan89: bets $4.75
Ydys20: folds 
Uncalled bet ($4.75) returned to cacan89
cacan89 collected $9.50 from pot
cacan89: doesn't show hand 
*** SUMMARY ***
Total pot $10 | Rake $0.50 
Board [4s 6d Ks Qc]
Seat 1: martin b504 (button) folded before Flop (didn't bet)
Seat 2: Ydys20 (small blind) folded on the Turn
Seat 3: cacan89 (big blind) collected ($9.50)
Seat 4: franco232315 folded before Flop (didn't bet)
Seat 5: LuckyShikari folded before Flop (didn't bet)
Seat 6: poker_soul11 folded before Flop (didn't bet)



PokerStars Hand #254722456803:  Hold'em No Limit ($0.50/$1.00 USD) - 2025/02/05 19:02:57 WET [2025/02/05 14:02:57 ET]
Table 'Comacina II' 6-max Seat #2 is the button
Seat 1: martin b504 ($100 in chips) 
Seat 2: Ydys20 ($100 in chips) 
Seat 3: cacan89 ($93.93 in chips) 
Seat 4: franco232315 ($101.50 in chips) 
Seat 5: LuckyShikari ($104.95 in chips) 
Seat 6: poker_soul11 ($155.74 in chips) 
cacan89: posts small blind $0.50
franco232315: posts big blind $1
*** HOLE CARDS ***
LuckyShikari: raises $1 to $2
poker_soul11: folds 
martin b504: folds 
Ydys20: folds 
cacan89: folds 
franco232315: folds 
Uncalled bet ($1) returned to LuckyShikari
LuckyShikari collected $2.50 from pot
LuckyShikari: doesn't show hand 
*** SUMMARY ***
Total pot $2.50 | Rake $0 
Seat 1: martin b504 folded before Flop (didn't bet)
Seat 2: Ydys20 (button) folded before Flop (didn't bet)
Seat 3: cacan89 (small blind) folded before Flop
Seat 4: franco232315 (big blind) folded before Flop
Seat 5: LuckyShikari collected ($2.50)
Seat 6: poker_soul11 folded before Flop (didn't bet)



PokerStars Hand #254722461948:  Hold'em No Limit ($0.50/$1.00 USD) - 2025/02/05 19:03:15 WET [2025/02/05 14:03:15 ET]
Table 'Comacina II' 6-max Seat #3 is the button
Seat 1: martin b504 ($100 in chips) 
Seat 2: Ydys20 ($100 in chips) 
Seat 3: cacan89 ($93.43 in chips) 
Seat 4: franco232315 ($100.50 in chips) 
Seat 5: LuckyShikari ($106.45 in chips) 
Seat 6: poker_soul11 ($155.74 in chips) 
franco232315: posts small blind $0.50
LuckyShikari: posts big blind $1
*** HOLE CARDS ***
poker_soul11: folds 
martin b504: folds 
Ydys20: raises $1.50 to $2.50
cacan89: folds 
franco232315: folds 
LuckyShikari: raises $9.50 to $12
Ydys20: folds 
Uncalled bet ($9.50) returned to LuckyShikari
LuckyShikari collected $5.50 from pot
LuckyShikari: doesn't show hand 
*** SUMMARY ***
Total pot $5.50 | Rake $0 
Seat 1: martin b504 folded before Flop (didn't bet)
Seat 2: Ydys20 folded before Flop
Seat 3: cacan89 (button) folded before Flop (didn't bet)
Seat 4: franco232315 (small blind) folded before Flop
Seat 5: LuckyShikari (big blind) collected ($5.50)
Seat 6: poker_soul11 folded before Flop (didn't bet)



PokerStars Hand #254722471561:  Hold'em No Limit ($0.50/$1.00 USD) - 2025/02/05 19:03:50 WET [2025/02/05 14:03:50 ET]
Table 'Comacina II' 6-max Seat #4 is the button
Seat 1: martin b504 ($100 in chips) 
Seat 2: Ydys20 ($100 in chips) 
Seat 3: cacan89 ($93.43 in chips) 
Seat 4: franco232315 ($100 in chips) 
Seat 5: LuckyShikari ($109.45 in chips) 
Seat 6: poker_soul11 ($155.74 in chips) 
LuckyShikari: posts small blind $0.50
poker_soul11: posts big blind $1
*** HOLE CARDS ***
martin b504: folds 
Ydys20: raises $1.20 to $2.20
cacan89: calls $2.20
franco232315: folds 
LuckyShikari: raises $11.80 to $14
poker_soul11: folds 
Ydys20: calls $11.80
cacan89: calls $11.80
*** FLOP *** [3s 6d Ad]
LuckyShikari: bets $10
Ydys20: folds 
cacan89: raises $12 to $22
LuckyShikari: calls $12
*** TURN *** [3s 6d Ad] [Ts]
LuckyShikari: checks 
cacan89: checks 
*** RIVER *** [3s 6d Ad Ts] [9d]
LuckyShikari: bets $73.45 and is all-in
cacan89: calls $57.43 and is all-in
Uncalled bet ($16.02) returned to LuckyShikari
*** SHOW DOWN ***
LuckyShikari: shows [9s As] (two pair, Aces and Nines)
cacan89: shows [Qd Kd] (a flush, Ace high)
cacan89 collected $199.36 from pot
*** SUMMARY ***
Total pot $201.86 | Rake $2.50 
Board [3s 6d Ad Ts 9d]
Seat 1: martin b504 folded before Flop (didn't bet)
Seat 2: Ydys20 folded on the Flop
Seat 3: cacan89 showed [Qd Kd] and won ($199.36) with a flush, Ace high
Seat 4: franco232315 (button) folded before Flop (didn't bet)
Seat 5: LuckyShikari (small blind) showed [9s As] and lost with two pair, Aces and Nines
Seat 6: poker_soul11 (big blind) folded before Flop



PokerStars Hand #254722493652:  Hold'em No Limit ($0.50/$1.00 USD) - 2025/02/05 19:05:08 WET [2025/02/05 14:05:08 ET]
Table 'Comacina II' 6-max Seat #5 is the button
Seat 1: martin b504 ($100 in chips) 
Seat 2: Ydys20 ($100 in chips) 
Seat 3: cacan89 ($199.36 in chips) 
Seat 4: franco232315 ($100 in chips) 
Seat 5: LuckyShikari ($100 in chips) 
Seat 6: poker_soul11 ($154.74 in chips) 
poker_soul11: posts small blind $0.50
martin b504: posts big blind $1
*** HOLE CARDS ***
Ydys20: folds 
cacan89: calls $1
franco232315: raises $5 to $6
LuckyShikari: calls $6
poker_soul11: folds 
martin b504: folds 
cacan89: calls $5
*** FLOP *** [4d 9c 9d]
cacan89: checks 
franco232315: bets $9.26
LuckyShikari: folds 
cacan89: folds 
Uncalled bet ($9.26) returned to franco232315
franco232315 collected $18.52 from pot
franco232315: doesn't show hand 
*** SUMMARY ***
Total pot $19.50 | Rake $0.98 
Board [4d 9c 9d]
Seat 1: martin b504 (big blind) folded before Flop
Seat 2: Ydys20 folded before Flop (didn't bet)
Seat 3: cacan89 folded on the Flop
Seat 4: franco232315 collected ($18.52)
Seat 5: LuckyShikari (button) folded on the Flop
Seat 6: poker_soul11 (small blind) folded before Flop



PokerStars Hand #254722509254:  Hold'em No Limit ($0.50/$1.00 USD) - 2025/02/05 19:06:03 WET [2025/02/05 14:06:03 ET]
Table 'Comacina II' 6-max Seat #6 is the button
Seat 1: martin b504 ($100 in chips) 
Seat 2: Ydys20 ($100 in chips) 
Seat 3: cacan89 ($193.36 in chips) 
Seat 4: franco232315 ($112.52 in chips) 
Seat 5: LuckyShikari ($100 in chips) 
Seat 6: poker_soul11 ($154.24 in chips) 
martin b504: posts small blind $0.50
Ydys20: posts big blind $1
*** HOLE CARDS ***
cacan89: raises $1 to $2
franco232315: folds 
LuckyShikari: raises $5 to $7
poker_soul11: folds 
martin b504: folds 
Ydys20: folds 
cacan89: calls $5
*** FLOP *** [3d 7c 5c]
cacan89: checks 
LuckyShikari: checks 
*** TURN *** [3d 7c 5c] [9d]
cacan89: checks 
LuckyShikari: bets $14.50
cacan89: calls $14.50
*** RIVER *** [3d 7c 5c 9d] [2c]
cacan89: checks 
LuckyShikari: checks 
*** SHOW DOWN ***
cacan89: shows [Th Jh] (high card Jack)
LuckyShikari: shows [Ts Kh] (high card King)
LuckyShikari collected $42.28 from pot
*** SUMMARY ***
Total pot $44.50 | Rake $2.22 
Board [3d 7c 5c 9d 2c]
Seat 1: martin b504 (small blind) folded before Flop
Seat 2: Ydys20 (big blind) folded before Flop
Seat 3: cacan89 showed [Th Jh] and lost with high card Jack
Seat 4: franco232315 folded before Flop (didn't bet)
Seat 5: LuckyShikari showed [Ts Kh] and won ($42.28) with high card King
Seat 6: poker_soul11 (button) folded before Flop (didn't bet)



PokerStars Hand #254722528360:  Hold'em No Limit ($0.50/$1.00 USD) - 2025/02/05 19:07:09 WET [2025/02/05 14:07:09 ET]
Table 'Comacina II' 6-max Seat #1 is the button
Seat 1: martin b504 ($100 in chips) 
Seat 2: Ydys20 ($100 in chips) 
Seat 3: cacan89 ($171.86 in chips) 
Seat 4: franco232315 ($112.52 in chips) 
Seat 5: LuckyShikari ($120.78 in chips) 
Seat 6: poker_soul11 ($154.24 in chips) 
Ydys20: posts small blind $0.50
cacan89: posts big blind $1
*** HOLE CARDS ***
franco232315: folds 
LuckyShikari: raises $1.50 to $2.50
poker_soul11: folds 
martin b504: folds 
Ydys20: folds 
cacan89: folds 
Uncalled bet ($1.50) returned to LuckyShikari
LuckyShikari collected $2.50 from pot
LuckyShikari: doesn't show hand 
*** SUMMARY ***
Total pot $2.50 | Rake $0 
Seat 1: martin b504 (button) folded before Flop (didn't bet)
Seat 2: Ydys20 (small blind) folded before Flop
Seat 3: cacan89 (big blind) folded before Flop
Seat 4: franco232315 folded before Flop (didn't bet)
Seat 5: LuckyShikari collected ($2.50)
Seat 6: poker_soul11 folded before Flop (didn't bet)



PokerStars Hand #254722536798:  Hold'em No Limit ($0.50/$1.00 USD) - 2025/02/05 19:07:39 WET [2025/02/05 14:07:39 ET]
Table 'Comacina II' 6-max Seat #2 is the button
Seat 1: martin b504 ($100 in chips) 
Seat 2: Ydys20 ($100 in chips) 
Seat 3: cacan89 ($170.86 in chips) 
Seat 4: franco232315 ($112.52 in chips) 
Seat 5: LuckyShikari ($122.28 in chips) 
Seat 6: poker_soul11 ($154.24 in chips) 
cacan89: posts small blind $0.50
franco232315: posts big blind $1
*** HOLE CARDS ***
LuckyShikari: raises $1 to $2
poker_soul11: folds 
martin b504: folds 
Ydys20: folds 
cacan89: folds 
franco232315: folds 
Uncalled bet ($1) returned to LuckyShikari
LuckyShikari collected $2.50 from pot
LuckyShikari: doesn't show hand 
*** SUMMARY ***
Total pot $2.50 | Rake $0 
Seat 1: martin b504 folded before Flop (didn't bet)
Seat 2: Ydys20 (button) folded before Flop (didn't bet)
Seat 3: cacan89 (small blind) folded before Flop
Seat 4: franco232315 (big blind) folded before Flop
Seat 5: LuckyShikari collected ($2.50)
Seat 6: poker_soul11 folded before Flop (didn't bet)



PokerStars Hand #254722542077:  Hold'em No Limit ($0.50/$1.00 USD) - 2025/02/05 19:07:57 WET [2025/02/05 14:07:57 ET]
Table 'Comacina II' 6-max Seat #3 is the button
Seat 1: martin b504 ($100 in chips) 
Seat 2: Ydys20 ($100 in chips) 
Seat 3: cacan89 ($170.36 in chips) 
Seat 4: franco232315 ($111.52 in chips) 
Seat 5: LuckyShikari ($123.78 in chips) 
Seat 6: poker_soul11 ($154.24 in chips) 
franco232315: posts small blind $0.50
LuckyShikari: posts big blind $1
*** HOLE CARDS ***
poker_soul11: raises $1.20 to $2.20
martin b504: folds 
Ydys20: folds 
cacan89: folds 
franco232315: folds 
LuckyShikari: folds 
Uncalled bet ($1.20) returned to poker_soul11
poker_soul11 collected $2.50 from pot
poker_soul11: doesn't show hand 
*** SUMMARY ***
Total pot $2.50 | Rake $0 
Seat 1: martin b504 folded before Flop (didn't bet)
Seat 2: Ydys20 folded before Flop (didn't bet)
Seat 3: cacan89 (button) folded before Flop (didn't bet)
Seat 4: franco232315 (small blind) folded before Flop
Seat 5: LuckyShikari (big blind) folded before Flop
Seat 6: poker_soul11 collected ($2.50)



PokerStars Hand #254722545943:  Hold'em No Limit ($0.50/$1.00 USD) - 2025/02/05 19:08:11 WET [2025/02/05 14:08:11 ET]
Table 'Comacina II' 6-max Seat #4 is the button
Seat 1: martin b504 ($100 in chips) 
Seat 2: Ydys20 ($100 in chips) 
Seat 3: cacan89 ($170.36 in chips) 
Seat 4: franco232315 ($111.02 in chips) 
Seat 5: LuckyShikari ($122.78 in chips) 
Seat 6: poker_soul11 ($155.74 in chips) 
LuckyShikari: posts small blind $0.50
poker_soul11: posts big blind $1
*** HOLE CARDS ***
martin b504: raises $1.20 to $2.20
Ydys20: folds 
cacan89: calls $2.20
franco232315: folds 
LuckyShikari: folds 
poker_soul11: calls $1.20
*** FLOP *** [7d Ts Js]
poker_soul11: checks 
martin b504: checks 
cacan89: checks 
*** TURN *** [7d Ts Js] [6c]
poker_soul11: checks 
martin b504: bets $5.06
cacan89: folds 
poker_soul11: folds 
Uncalled bet ($5.06) returned to martin b504
martin b504 collected $6.74 from pot
martin b504: doesn't show hand 
*** SUMMARY ***
Total pot $7.10 | Rake $0.36 
Board [7d Ts Js 6c]
Seat 1: martin b504 collected ($6.74)
Seat 2: Ydys20 folded before Flop (didn't bet)
Seat 3: cacan89 folded on the Turn
Seat 4: franco232315 (button) folded before Flop (didn't bet)
Seat 5: LuckyShikari (small blind) folded before Flop
Seat 6: poker_soul11 (big blind) folded on the Turn



PokerStars Hand #254722564219:  Hold'em No Limit ($0.50/$1.00 USD) - 2025/02/05 19:09:15 WET [2025/02/05 14:09:15 ET]
Table 'Comacina II' 6-max Seat #5 is the button
Seat 1: martin b504 ($104.54 in chips) 
Seat 2: Ydys20 ($100 in chips) 
Seat 3: cacan89 ($168.16 in chips) 
Seat 4: franco232315 ($111.02 in chips) 
Seat 5: LuckyShikari ($122.28 in chips) 
Seat 6: poker_soul11 ($153.54 in chips) 
poker_soul11: posts small blind $0.50
martin b504: posts big blind $1
*** HOLE CARDS ***
Ydys20: folds 
cacan89: raises $1 to $2
franco232315: folds 
LuckyShikari: folds 
poker_soul11: folds 
martin b504: folds 
Uncalled bet ($1) returned to cacan89
cacan89 collected $2.50 from pot
cacan89: doesn't show hand 
*** SUMMARY ***
Total pot $2.50 | Rake $0 
Seat 1: martin b504 (big blind) folded before Flop
Seat 2: Ydys20 folded before Flop (didn't bet)
Seat 3: cacan89 collected ($2.50)
Seat 4: franco232315 folded before Flop (didn't bet)
Seat 5: LuckyShikari (button) folded before Flop (didn't bet)
Seat 6: poker_soul11 (small blind) folded before Flop



PokerStars Hand #254722573553:  Hold'em No Limit ($0.50/$1.00 USD) - 2025/02/05 19:09:47 WET [2025/02/05 14:09:47 ET]
Table 'Comacina II' 6-max Seat #6 is the button
Seat 2: Ydys20 ($100 in chips) is sitting out
Seat 1: martin b504 ($103.54 in chips) 
Seat 3: cacan89 ($169.66 in chips) 
Seat 4: franco232315 ($111.02 in chips) 
Seat 5: LuckyShikari ($122.28 in chips) 
Seat 6: poker_soul11 ($153.04 in chips) 
martin b504: posts small blind $0.50
Ydys20: is sitting out 
cacan89: posts big blind $1
*** HOLE CARDS ***
Ydys20 leaves the table
franco232315: raises $2 to $3
LuckyShikari: folds 
poker_soul11: folds 
martin b504: folds 
cacan89: calls $2
*** FLOP *** [Qh As Qd]
cacan89: checks 
franco232315: bets $1.55
cacan89: calls $1.55
*** TURN *** [Qh As Qd] [5h]
cacan89: checks 
franco232315: checks 
*** RIVER *** [Qh As Qd 5h] [7d]
cacan89: bets $9.12
BumHuntKing joins the table at seat #2 
franco232315: raises $97.35 to $106.47 and is all-in
cacan89: folds 
Uncalled bet ($97.35) returned to franco232315
franco232315 collected $26.45 from pot
franco232315: doesn't show hand 
*** SUMMARY ***
Total pot $27.84 | Rake $1.39 
Board [Qh As Qd 5h 7d]
Seat 2: Ydys20
Seat 1: martin b504 (small blind) folded before Flop
Seat 3: cacan89 (big blind) folded on the River
Seat 4: franco232315 collected ($26.45)
Seat 5: LuckyShikari folded before Flop (didn't bet)
Seat 6: poker_soul11 (button) folded before Flop (didn't bet)



PokerStars Hand #254722599934:  Hold'em No Limit ($0.50/$1.00 USD) - 2025/02/05 19:11:20 WET [2025/02/05 14:11:20 ET]
Table 'Comacina II' 6-max Seat #1 is the button
Seat 2: BumHuntKing ($100 in chips) is sitting out
Seat 1: martin b504 ($103.04 in chips) 
Seat 3: cacan89 ($155.99 in chips) 
Seat 4: franco232315 ($123.80 in chips) 
Seat 5: LuckyShikari ($122.28 in chips) 
Seat 6: poker_soul11 ($153.04 in chips) 
cacan89: posts small blind $0.50
franco232315: posts big blind $1
*** HOLE CARDS ***
LuckyShikari: raises $1.50 to $2.50
poker_soul11: folds 
martin b504: raises $5 to $7.50
cacan89: folds 
franco232315: folds 
LuckyShikari: folds 
Uncalled bet ($5) returned to martin b504
cacan89 leaves the table
martin b504 collected $6.50 from pot
martin b504: doesn't show hand 
*** SUMMARY ***
Total pot $6.50 | Rake $0 
Seat 2: BumHuntKing
Seat 1: martin b504 (button) collected ($6.50)
Seat 3: cacan89 (small blind) folded before Flop
Seat 4: franco232315 (big blind) folded before Flop
Seat 5: LuckyShikari folded before Flop
Seat 6: poker_soul11 folded before Flop (didn't bet)



PokerStars Hand #254722609568:  Hold'em No Limit ($0.50/$1.00 USD) - 2025/02/05 19:11:54 WET [2025/02/05 14:11:54 ET]
Table 'Comacina II' 6-max Seat #4 is the button
Seat 2: BumHuntKing ($100 in chips) is sitting out
Seat 1: martin b504 ($107.04 in chips) 
Seat 4: franco232315 ($122.80 in chips) 
Seat 5: LuckyShikari ($119.78 in chips) 
Seat 6: poker_soul11 ($153.04 in chips) 
LuckyShikari: posts small blind $0.50
poker_soul11: posts big blind $1
BumHuntKing: sits out 
*** HOLE CARDS ***
martin b504: folds 
franco232315: folds 
michasia joins the table at seat #3 
LuckyShikari: raises $1 to $2
poker_soul11: calls $1
*** FLOP *** [Ks Qh Kh]
LuckyShikari: checks 
poker_soul11: checks 
*** TURN *** [Ks Qh Kh] [Td]
LuckyShikari: checks 
poker_soul11: bets $1.90
LuckyShikari: calls $1.90
*** RIVER *** [Ks Qh Kh Td] [9c]
LuckyShikari: checks 
poker_soul11: bets $5.56
LuckyShikari: calls $5.56
*** SHOW DOWN ***
poker_soul11: shows [5h 8h] (a pair of Kings)
LuckyShikari: shows [6h Ts] (two pair, Kings and Tens)
LuckyShikari collected $17.97 from pot
*** SUMMARY ***
Total pot $18.92 | Rake $0.95 
Board [Ks Qh Kh Td 9c]
Seat 2: BumHuntKing
Seat 1: martin b504 folded before Flop (didn't bet)
Seat 4: franco232315 (button) folded before Flop (didn't bet)
Seat 5: LuckyShikari (small blind) showed [6h Ts] and won ($17.97) with two pair, Kings and Tens
Seat 6: poker_soul11 (big blind) showed [5h 8h] and lost with a pair of Kings



PokerStars Hand #254722621103:  Hold'em No Limit ($0.50/$1.00 USD) - 2025/02/05 19:12:34 WET [2025/02/05 14:12:34 ET]
Table 'Comacina II' 6-max Seat #5 is the button
Seat 2: BumHuntKing ($100 in chips) is sitting out
Seat 3: michasia ($100 in chips) is sitting out
Seat 1: martin b504 ($107.04 in chips) 
Seat 4: franco232315 ($122.80 in chips) 
Seat 5: LuckyShikari ($128.29 in chips) 
Seat 6: poker_soul11 ($143.58 in chips) 
poker_soul11: posts small blind $0.50
martin b504: posts big blind $1
BumHuntKing: sits out 
michasia: sits out 
*** HOLE CARDS ***
franco232315: folds 
LuckyShikari: raises $1 to $2
poker_soul11: folds 
martin b504: folds 
Uncalled bet ($1) returned to LuckyShikari
LuckyShikari collected $2.50 from pot
LuckyShikari: doesn't show hand 
*** SUMMARY ***
Total pot $2.50 | Rake $0 
Seat 2: BumHuntKing
Seat 3: michasia
Seat 1: martin b504 (big blind) folded before Flop
Seat 4: franco232315 folded before Flop (didn't bet)
Seat 5: LuckyShikari (button) collected ($2.50)
Seat 6: poker_soul11 (small blind) folded before Flop



PokerStars Hand #254722625461:  Hold'em No Limit ($0.50/$1.00 USD) - 2025/02/05 19:12:50 WET [2025/02/05 14:12:50 ET]
Table 'Comacina II' 6-max Seat #6 is the button
Seat 3: michasia ($100 in chips) is sitting out
Seat 1: martin b504 ($106.04 in chips) 
Seat 2: BumHuntKing ($100 in chips) 
Seat 4: franco232315 ($122.80 in chips) 
Seat 5: LuckyShikari ($129.79 in chips) 
Seat 6: poker_soul11 ($143.08 in chips) 
martin b504: posts small blind $0.50
BumHuntKing: posts big blind $1
michasia: sits out 
*** HOLE CARDS ***
franco232315: raises $1.20 to $2.20
LuckyShikari: folds 
poker_soul11: folds 
martin b504: folds 
BumHuntKing: folds 
Uncalled bet ($1.20) returned to franco232315
franco232315 collected $2.50 from pot
franco232315: doesn't show hand 
*** SUMMARY ***
Total pot $2.50 | Rake $0 
Seat 3: michasia
Seat 1: martin b504 (small blind) folded before Flop
Seat 2: BumHuntKing (big blind) folded before Flop
Seat 4: franco232315 collected ($2.50)
Seat 5: LuckyShikari folded before Flop (didn't bet)
Seat 6: poker_soul11 (button) folded before Flop (didn't bet)



PokerStars Hand #254722632361:  Hold'em No Limit ($0.50/$1.00 USD) - 2025/02/05 19:13:13 WET [2025/02/05 14:13:13 ET]
Table 'Comacina II' 6-max Seat #1 is the button
Seat 1: martin b504 ($105.54 in chips) 
Seat 2: BumHuntKing ($100 in chips) 
Seat 3: michasia ($100 in chips) 
Seat 4: franco232315 ($124.30 in chips) 
Seat 5: LuckyShikari ($129.79 in chips) 
Seat 6: poker_soul11 ($143.08 in chips) 
BumHuntKing: posts small blind $0.50
michasia: posts big blind $1
*** HOLE CARDS ***
franco232315: raises $1.20 to $2.20
LuckyShikari: folds 
poker_soul11: folds 
martin b504: folds 
BumHuntKing: folds 
michasia: calls $1.20
*** FLOP *** [Td Qd Kc]
michasia: checks 
franco232315: checks 
*** TURN *** [Td Qd Kc] [6h]
michasia: checks 
franco232315: checks 
*** RIVER *** [Td Qd Kc 6h] [9s]
michasia: bets $3.11
franco232315: calls $3.11
*** SHOW DOWN ***
michasia: shows [3h 5h] (high card King)
franco232315: shows [Qc Ad] (a pair of Queens)
franco232315 collected $10.56 from pot
*** SUMMARY ***
Total pot $11.12 | Rake $0.56 
Board [Td Qd Kc 6h 9s]
Seat 1: martin b504 (button) folded before Flop (didn't bet)
Seat 2: BumHuntKing (small blind) folded before Flop
Seat 3: michasia (big blind) showed [3h 5h] and lost with high card King
Seat 4: franco232315 showed [Qc Ad] and won ($10.56) with a pair of Queens
Seat 5: LuckyShikari folded before Flop (didn't bet)
Seat 6: poker_soul11 folded before Flop (didn't bet)



PokerStars Hand #254722650132:  Hold'em No Limit ($0.50/$1.00 USD) - 2025/02/05 19:14:15 WET [2025/02/05 14:14:15 ET]
Table 'Comacina II' 6-max Seat #2 is the button
Seat 4: franco232315 ($129.55 in chips) is sitting out
Seat 5: LuckyShikari ($129.79 in chips) is sitting out
Seat 1: martin b504 ($105.54 in chips) 
Seat 2: BumHuntKing ($100 in chips) 
Seat 3: michasia ($100 in chips) 
Seat 6: poker_soul11 ($143.08 in chips) 
michasia: posts small blind $0.50
franco232315: is sitting out 
LuckyShikari: is sitting out 
poker_soul11: posts big blind $1
*** HOLE CARDS ***
martin b504: folds 
franco232315 leaves the table
BumHuntKing: raises $1.50 to $2.50
michasia: folds 
poker_soul11: calls $1.50
*** FLOP *** [8d Jc 5d]
poker_soul11: checks 
BumHuntKing: bets $1.72
poker_soul11: calls $1.72
*** TURN *** [8d Jc 5d] [5s]
poker_soul11: bets $4.25
BumHuntKing: calls $4.25
*** RIVER *** [8d Jc 5d 5s] [5c]
poker_soul11: checks 
BumHuntKing: checks 
*** SHOW DOWN ***
poker_soul11: shows [Js Tc] (a full house, Fives full of Jacks)
BumHuntKing: mucks hand 
poker_soul11 collected $16.57 from pot
*** SUMMARY ***
Total pot $17.44 | Rake $0.87 
Board [8d Jc 5d 5s 5c]
Seat 4: franco232315
Seat 5: LuckyShikari
Seat 1: martin b504 folded before Flop (didn't bet)
Seat 2: BumHuntKing (button) mucked
Seat 3: michasia (small blind) folded before Flop
Seat 6: poker_soul11 (big blind) showed [Js Tc] and won ($16.57) with a full house, Fives full of Jacks



PokerStars Hand #254722664422:  Hold'em No Limit ($0.50/$1.00 USD) - 2025/02/05 19:15:05 WET [2025/02/05 14:15:05 ET]
Table 'Comacina II' 6-max Seat #3 is the button
Seat 5: LuckyShikari ($129.79 in chips) is sitting out
Seat 1: martin b504 ($105.54 in chips) 
Seat 2: BumHuntKing ($100 in chips) 
Seat 3: michasia ($100 in chips) 
Seat 6: poker_soul11 ($151.18 in chips) 
poker_soul11: posts small blind $0.50
martin b504: posts big blind $1
*** HOLE CARDS ***
BumHuntKing: raises $1.20 to $2.20
michasia: folds 
poker_soul11: folds 
martin b504: folds 
Uncalled bet ($1.20) returned to BumHuntKing
BumHuntKing collected $2.50 from pot
BumHuntKing: doesn't show hand 
*** SUMMARY ***
Total pot $2.50 | Rake $0 
Seat 5: LuckyShikari
Seat 1: martin b504 (big blind) folded before Flop
Seat 2: BumHuntKing collected ($2.50)
Seat 3: michasia (button) folded before Flop (didn't bet)
Seat 6: poker_soul11 (small blind) folded before Flop



PokerStars Hand #254722669718:  Hold'em No Limit ($0.50/$1.00 USD) - 2025/02/05 19:15:23 WET [2025/02/05 14:15:23 ET]
Table 'Comacina II' 6-max Seat #6 is the button
Seat 5: LuckyShikari ($129.79 in chips) is sitting out
Seat 1: martin b504 ($104.54 in chips) 
Seat 2: BumHuntKing ($101.50 in chips) 
Seat 3: michasia ($100 in chips) 
Seat 6: poker_soul11 ($150.68 in chips) 
martin b504: posts small blind $0.50
BumHuntKing: posts big blind $1
*** HOLE CARDS ***
michasia: folds 
poker_soul11: raises $1.20 to $2.20
martin b504: folds 
BumHuntKing: folds 
Uncalled bet ($1.20) returned to poker_soul11
poker_soul11 collected $2.50 from pot
poker_soul11: doesn't show hand 
*** SUMMARY ***
Total pot $2.50 | Rake $0 
Seat 5: LuckyShikari
Seat 1: martin b504 (small blind) folded before Flop
Seat 2: BumHuntKing (big blind) folded before Flop
Seat 3: michasia folded before Flop (didn't bet)
Seat 6: poker_soul11 (button) collected ($2.50)



PokerStars Hand #254722674072:  Hold'em No Limit ($0.50/$1.00 USD) - 2025/02/05 19:15:38 WET [2025/02/05 14:15:38 ET]
Table 'Comacina II' 6-max Seat #1 is the button
Seat 3: michasia ($100 in chips) is sitting out
Seat 5: LuckyShikari ($129.79 in chips) is sitting out
Seat 1: martin b504 ($104.04 in chips) 
Seat 2: BumHuntKing ($100.50 in chips) 
Seat 6: poker_soul11 ($152.18 in chips) 
BumHuntKing: posts small blind $0.50
michasia: is sitting out 
poker_soul11: posts big blind $1
*** HOLE CARDS ***
jayjay90 joins the table at seat #4 
martin b504: folds 
michasia leaves the table
BumHuntKing: raises $1.50 to $2.50
poker_soul11: folds 
Uncalled bet ($1.50) returned to BumHuntKing
BumHuntKing collected $2 from pot
BumHuntKing: doesn't show hand 
*** SUMMARY ***
Total pot $2 | Rake $0 
Seat 3: michasia
Seat 5: LuckyShikari
Seat 1: martin b504 (button) folded before Flop (didn't bet)
Seat 2: BumHuntKing (small blind) collected ($2)
Seat 6: poker_soul11 (big blind) folded before Flop



PokerStars Hand #254722677954:  Hold'em No Limit ($0.50/$1.00 USD) - 2025/02/05 19:15:51 WET [2025/02/05 14:15:51 ET]
Table 'Comacina II' 6-max Seat #2 is the button
Seat 4: jayjay90 ($100 in chips) is sitting out
Seat 5: LuckyShikari ($129.79 in chips) is sitting out
Seat 1: martin b504 ($104.04 in chips) 
Seat 2: BumHuntKing ($101.50 in chips) 
Seat 6: poker_soul11 ($151.18 in chips) 
poker_soul11: posts small blind $0.50
martin b504: posts big blind $1
*** HOLE CARDS ***
BumHuntKing: folds 
poker_soul11: folds 
Uncalled bet ($0.50) returned to martin b504
martin b504 collected $1 from pot
martin b504: doesn't show hand 
*** SUMMARY ***
Total pot $1 | Rake $0 
Seat 4: jayjay90
Seat 5: LuckyShikari
Seat 1: martin b504 (big blind) collected ($1)
Seat 2: BumHuntKing (button) folded before Flop (didn't bet)
Seat 6: poker_soul11 (small blind) folded before Flop



PokerStars Hand #254722680967:  Hold'em No Limit ($0.50/$1.00 USD) - 2025/02/05 19:16:02 WET [2025/02/05 14:16:02 ET]
Table 'Comacina II' 6-max Seat #6 is the button
Seat 4: jayjay90 ($100 in chips) is sitting out
Seat 5: LuckyShikari ($129.79 in chips) is sitting out
Seat 1: martin b504 ($104.54 in chips) 
Seat 2: BumHuntKing ($101.50 in chips) 
Seat 6: poker_soul11 ($150.68 in chips) 
martin b504: posts small blind $0.50
BumHuntKing: posts big blind $1
jayjay90: sits out 
*** HOLE CARDS ***
poker_soul11: folds 
AIien Hand joins the table at seat #3 
martin b504: raises $2 to $3
BumHuntKing: calls $2
*** FLOP *** [8c 2h Ks]
LuckyShikari leaves the table
martin b504: bets $2.85
MoRsCeReBruM joins the table at seat #5 
BumHuntKing: calls $2.85
*** TURN *** [8c 2h Ks] [Qc]
martin b504: checks 
BumHuntKing: checks 
*** RIVER *** [8c 2h Ks Qc] [4s]
martin b504: checks 
BumHuntKing: checks 
*** SHOW DOWN ***
martin b504: shows [5h 5c] (a pair of Fives)
BumHuntKing: shows [Td 8s] (a pair of Eights)
BumHuntKing collected $11.12 from pot
*** SUMMARY ***
Total pot $11.70 | Rake $0.58 
Board [8c 2h Ks Qc 4s]
Seat 4: jayjay90
Seat 5: LuckyShikari
Seat 1: martin b504 (small blind) showed [5h 5c] and lost with a pair of Fives
Seat 2: BumHuntKing (big blind) showed [Td 8s] and won ($11.12) with a pair of Eights
Seat 6: poker_soul11 (button) folded before Flop (didn't bet)



PokerStars Hand #254722920050:  Hold'em No Limit ($0.50/$1.00 USD) - 2025/02/05 19:29:46 WET [2025/02/05 14:29:46 ET]
Table 'Comacina II' 6-max Seat #5 is the button
Seat 1: martin b504 ($122.04 in chips) 
Seat 2: BumHuntKing ($115.06 in chips) 
Seat 3: AIien Hand ($103.16 in chips) 
Seat 5: tintin641 ($106.99 in chips) 
Seat 6: poker_soul11 ($148.98 in chips) 
poker_soul11: posts small blind $0.50
martin b504: posts big blind $1
*** HOLE CARDS ***
BumHuntKing: raises $1.20 to $2.20
AIien Hand: raises $4.40 to $6.60
tintin641: folds 
poker_soul11: folds 
martin b504: folds 
BumHuntKing: calls $4.40
*** FLOP *** [2c 8h 4h]
BumHuntKing: checks 
AIien Hand: checks 
*** TURN *** [2c 8h 4h] [Jc]
BumHuntKing: bets $6.98
AIien Hand: calls $6.98
*** RIVER *** [2c 8h 4h Jc] [9s]
BumHuntKing: checks 
AIien Hand: checks 
*** SHOW DOWN ***
BumHuntKing: shows [6h 6c] (a pair of Sixes)
AIien Hand: shows [Tc Th] (a pair of Tens)
AIien Hand collected $27.23 from pot
*** SUMMARY ***
Total pot $28.66 | Rake $1.43 
Board [2c 8h 4h Jc 9s]
Seat 1: martin b504 (big blind) folded before Flop
Seat 2: BumHuntKing showed [6h 6c] and lost with a pair of Sixes
Seat 3: AIien Hand showed [Tc Th] and won ($27.23) with a pair of Tens
Seat 5: tintin641 (button) folded before Flop (didn't bet)
Seat 6: poker_soul11 (small blind) folded before Flop



PokerStars Hand #254722941480:  Hold'em No Limit ($0.50/$1.00 USD) - 2025/02/05 19:31:00 WET [2025/02/05 14:31:00 ET]
Table 'Comacina II' 6-max Seat #6 is the button
Seat 1: martin b504 ($121.04 in chips) 
Seat 2: BumHuntKing ($101.48 in chips) 
Seat 3: AIien Hand ($116.81 in chips) 
Seat 5: tintin641 ($106.99 in chips) 
Seat 6: poker_soul11 ($148.48 in chips) 
martin b504: posts small blind $0.50
BumHuntKing: posts big blind $1
*** HOLE CARDS ***
AIien Hand: folds 
tintin641: folds 
poker_soul11: folds 
kzoide joins the table at seat #4 
martin b504: raises $2 to $3
BumHuntKing: raises $6 to $9
martin b504: folds 
Uncalled bet ($6) returned to BumHuntKing
BumHuntKing collected $6 from pot
BumHuntKing: doesn't show hand 
*** SUMMARY ***
Total pot $6 | Rake $0 
Seat 1: martin b504 (small blind) folded before Flop
Seat 2: BumHuntKing (big blind) collected ($6)
Seat 3: AIien Hand folded before Flop (didn't bet)
Seat 5: tintin641 folded before Flop (didn't bet)
Seat 6: poker_soul11 (button) folded before Flop (didn't bet)



PokerStars Hand #254722949479:  Hold'em No Limit ($0.50/$1.00 USD) - 2025/02/05 19:31:27 WET [2025/02/05 14:31:27 ET]
Table 'Comacina II' 6-max Seat #1 is the button
Seat 4: kzoide ($100 in chips) is sitting out
Seat 1: martin b504 ($118.04 in chips) 
Seat 2: BumHuntKing ($104.48 in chips) 
Seat 3: AIien Hand ($116.81 in chips) 
Seat 5: tintin641 ($106.99 in chips) 
Seat 6: poker_soul11 ($148.48 in chips) 
BumHuntKing: posts small blind $0.50
AIien Hand: posts big blind $1
kzoide: sits out 
*** HOLE CARDS ***
tintin641: folds 
poker_soul11: raises $1.20 to $2.20
martin b504: folds 
BumHuntKing: folds 
AIien Hand: calls $1.20
*** FLOP *** [Jd Qd 7h]
AIien Hand: checks 
poker_soul11: bets $5.83
AIien Hand: folds 
Uncalled bet ($5.83) returned to poker_soul11
poker_soul11 collected $4.66 from pot
poker_soul11: doesn't show hand 
*** SUMMARY ***
Total pot $4.90 | Rake $0.24 
Board [Jd Qd 7h]
Seat 4: kzoide
Seat 1: martin b504 (button) folded before Flop (didn't bet)
Seat 2: BumHuntKing (small blind) folded before Flop
Seat 3: AIien Hand (big blind) folded on the Flop
Seat 5: tintin641 folded before Flop (didn't bet)
Seat 6: poker_soul11 collected ($4.66)



PokerStars Hand #254722960069:  Hold'em No Limit ($0.50/$1.00 USD) - 2025/02/05 19:32:03 WET [2025/02/05 14:32:03 ET]
Table 'Comacina II' 6-max Seat #2 is the button
Seat 1: martin b504 ($118.04 in chips) 
Seat 2: BumHuntKing ($103.98 in chips) 
Seat 3: AIien Hand ($114.61 in chips) 
Seat 4: kzoide ($100 in chips) 
Seat 5: tintin641 ($106.99 in chips) 
Seat 6: poker_soul11 ($150.94 in chips) 
AIien Hand: posts small blind $0.50
kzoide: posts big blind $1
*** HOLE CARDS ***
tintin641: folds 
poker_soul11: raises $1.20 to $2.20
martin b504: raises $5.30 to $7.50
BumHuntKing: folds 
AIien Hand: folds 
kzoide: folds 
poker_soul11: folds 
Uncalled bet ($5.30) returned to martin b504
martin b504 collected $5.90 from pot
martin b504: doesn't show hand 
*** SUMMARY ***
Total pot $5.90 | Rake $0 
Seat 1: martin b504 collected ($5.90)
Seat 2: BumHuntKing (button) folded before Flop (didn't bet)
Seat 3: AIien Hand (small blind) folded before Flop
Seat 4: kzoide (big blind) folded before Flop
Seat 5: tintin641 folded before Flop (didn't bet)
Seat 6: poker_soul11 folded before Flop



PokerStars Hand #254722973043:  Hold'em No Limit ($0.50/$1.00 USD) - 2025/02/05 19:32:47 WET [2025/02/05 14:32:47 ET]
Table 'Comacina II' 6-max Seat #3 is the button
Seat 1: martin b504 ($121.74 in chips) 
Seat 2: BumHuntKing ($103.98 in chips) 
Seat 3: AIien Hand ($114.11 in chips) 
Seat 4: kzoide ($100 in chips) 
Seat 5: tintin641 ($106.99 in chips) 
Seat 6: poker_soul11 ($148.74 in chips) 
kzoide: posts small blind $0.50
tintin641: posts big blind $1
*** HOLE CARDS ***
poker_soul11: folds 
martin b504: folds 
BumHuntKing: folds 
AIien Hand: folds 
kzoide: folds 
Uncalled bet ($0.50) returned to tintin641
tintin641 collected $1 from pot
tintin641: doesn't show hand 
*** SUMMARY ***
Total pot $1 | Rake $0 
Seat 1: martin b504 folded before Flop (didn't bet)
Seat 2: BumHuntKing folded before Flop (didn't bet)
Seat 3: AIien Hand (button) folded before Flop (didn't bet)
Seat 4: kzoide (small blind) folded before Flop
Seat 5: tintin641 (big blind) collected ($1)
Seat 6: poker_soul11 folded before Flop (didn't bet)



PokerStars Hand #254722980000:  Hold'em No Limit ($0.50/$1.00 USD) - 2025/02/05 19:33:12 WET [2025/02/05 14:33:12 ET]
Table 'Comacina II' 6-max Seat #4 is the button
Seat 6: poker_soul11 ($148.74 in chips) is sitting out
Seat 1: martin b504 ($121.74 in chips) 
Seat 2: BumHuntKing ($103.98 in chips) 
Seat 3: AIien Hand ($114.11 in chips) 
Seat 4: kzoide ($100 in chips) 
Seat 5: tintin641 ($107.49 in chips) 
tintin641: posts small blind $0.50
poker_soul11: is sitting out 
martin b504: posts big blind $1
*** HOLE CARDS ***
BumHuntKing: folds 
AIien Hand: raises $1.20 to $2.20
kzoide: folds 
tintin641: folds 
martin b504: folds 
Uncalled bet ($1.20) returned to AIien Hand
poker_soul11 leaves the table
AIien Hand collected $2.50 from pot
AIien Hand: doesn't show hand 
*** SUMMARY ***
Total pot $2.50 | Rake $0 
Seat 6: poker_soul11
Seat 1: martin b504 (big blind) folded before Flop
Seat 2: BumHuntKing folded before Flop (didn't bet)
Seat 3: AIien Hand collected ($2.50)
Seat 4: kzoide (button) folded before Flop (didn't bet)
Seat 5: tintin641 (small blind) folded before Flop



PokerStars Hand #254722985290:  Hold'em No Limit ($0.50/$1.00 USD) - 2025/02/05 19:33:30 WET [2025/02/05 14:33:30 ET]
Table 'Comacina II' 6-max Seat #5 is the button
Seat 2: BumHuntKing ($103.98 in chips) is sitting out
Seat 3: AIien Hand ($115.61 in chips) is sitting out
Seat 1: martin b504 ($120.74 in chips) 
Seat 4: kzoide ($100 in chips) 
Seat 5: tintin641 ($106.99 in chips) 
martin b504: posts small blind $0.50
BumHuntKing: is sitting out 
AIien Hand: is sitting out 
kzoide: posts big blind $1
*** HOLE CARDS ***
tintin641: folds 
martin b504: folds 
Uncalled bet ($0.50) returned to kzoide
BumHuntKing leaves the table
kzoide collected $1 from pot
*** SUMMARY ***
Total pot $1 | Rake $0 
Seat 2: BumHuntKing
Seat 3: AIien Hand
Seat 1: martin b504 (small blind) folded before Flop
Seat 4: kzoide (big blind) collected ($1)
Seat 5: tintin641 (button) folded before Flop (didn't bet)



PokerStars Hand #254722987781:  Hold'em No Limit ($0.50/$1.00 USD) - 2025/02/05 19:33:39 WET [2025/02/05 14:33:39 ET]
Table 'Comacina II' 6-max Seat #4 is the button
Seat 1: martin b504 ($120.24 in chips) is sitting out
Seat 3: AIien Hand ($115.61 in chips) 
Seat 4: kzoide ($100.50 in chips) 
Seat 5: tintin641 ($106.99 in chips) 
tintin641: posts small blind $0.50
AIien Hand: posts big blind $1
*** HOLE CARDS ***
martin b504 leaves the table
kzoide: raises $1.30 to $2.30
tintin641: folds 
AIien Hand: calls $1.30
*** FLOP *** [7d Ad As]
AIien Hand: checks 
kzoide: bets $1.60
Loco Crazy07 joins the table at seat #1 
AIien Hand: calls $1.60
*** TURN *** [7d Ad As] [9c]
AIien Hand: checks 
kzoide: bets $7.09
Loco Crazy07 leaves the table
AIien Hand: calls $7.09
*** RIVER *** [7d Ad As 9c] [4c]
AIien Hand: checks 
kzoide: bets $30.50
AIien Hand: folds 
Uncalled bet ($30.50) returned to kzoide
kzoide collected $21.48 from pot
kzoide: doesn't show hand 
*** SUMMARY ***
Total pot $22.48 | Rake $1 
Board [7d Ad As 9c 4c]
Seat 1: martin b504
Seat 3: AIien Hand (big blind) folded on the River
Seat 4: kzoide (button) collected ($21.48)
Seat 5: tintin641 (small blind) folded before Flop



PokerStars Hand #254723008555:  Hold'em No Limit ($0.50/$1.00 USD) - 2025/02/05 19:34:50 WET [2025/02/05 14:34:50 ET]
Table 'Comacina II' 6-max Seat #5 is the button
Seat 3: AIien Hand ($104.62 in chips) 
Seat 4: kzoide ($110.99 in chips) 
Seat 5: tintin641 ($106.49 in chips) 
AIien Hand: posts small blind $0.50
kzoide: posts big blind $1
*** HOLE CARDS ***
tintin641: folds 
AIien Hand: raises $2 to $3
kzoide: raises $6 to $9
AIien Hand: folds 
Uncalled bet ($6) returned to kzoide
kzoide collected $6 from pot
kzoide: doesn't show hand 
*** SUMMARY ***
Total pot $6 | Rake $0 
Seat 3: AIien Hand (small blind) folded before Flop
Seat 4: kzoide (big blind) collected ($6)
Seat 5: tintin641 (button) folded before Flop (didn't bet)



PokerStars Hand #254723016184:  Hold'em No Limit ($0.50/$1.00 USD) - 2025/02/05 19:35:16 WET [2025/02/05 14:35:16 ET]
Table 'Comacina II' 6-max Seat #4 is the button
Seat 5: tintin641 ($106.49 in chips) is sitting out
Seat 3: AIien Hand ($101.62 in chips) 
Seat 4: kzoide ($113.99 in chips) 
kzoide: posts small blind $0.50
tintin641: is sitting out 
AIien Hand: posts big blind $1
*** HOLE CARDS ***
tintin641 leaves the table
kzoide: raises $1.25 to $2.25
AIien Hand: raises $7.25 to $9.50
kzoide: calls $7.25
*** FLOP *** [8c 7c 6h]
AIien Hand: bets $5.43
kzoide: folds 
Uncalled bet ($5.43) returned to AIien Hand
AIien Hand collected $18.05 from pot
AIien Hand: doesn't show hand 
*** SUMMARY ***
Total pot $19 | Rake $0.95 
Board [8c 7c 6h]
Seat 5: tintin641
Seat 3: AIien Hand (big blind) collected ($18.05)
Seat 4: kzoide (button) (small blind) folded on the Flop



PokerStars Hand #254722693224:  Hold'em No Limit ($0.50/$1.00 USD) - 2025/02/05 19:16:44 WET [2025/02/05 14:16:44 ET]
Table 'Comacina II' 6-max Seat #1 is the button
Seat 4: jayjay90 ($100 in chips) is sitting out
Seat 5: MoRsCeReBruM ($100 in chips) is sitting out
Seat 1: martin b504 ($100 in chips) 
Seat 2: BumHuntKing ($106.77 in chips) 
Seat 3: AIien Hand ($118.76 in chips) 
Seat 6: poker_soul11 ($150.68 in chips) 
BumHuntKing: posts small blind $0.50
AIien Hand: posts big blind $1
jayjay90: sits out 
MoRsCeReBruM: sits out 
*** HOLE CARDS ***
poker_soul11: folds 
martin b504: folds 
BumHuntKing: raises $2 to $3
MoRsCeReBruM leaves the table
AIien Hand: calls $2
*** FLOP *** [Kh Jc Jd]
tintin641 joins the table at seat #5 
BumHuntKing: bets $1.43
AIien Hand: calls $1.43
*** TURN *** [Kh Jc Jd] [Qh]
BumHuntKing: checks 
AIien Hand: bets $6.06
BumHuntKing: calls $6.06
*** RIVER *** [Kh Jc Jd Qh] [Qc]
BumHuntKing: checks 
AIien Hand: checks 
*** SHOW DOWN ***
BumHuntKing: shows [Th Ks] (two pair, Kings and Queens)
AIien Hand: mucks hand 
BumHuntKing collected $19.98 from pot
*** SUMMARY ***
Total pot $20.98 | Rake $1 
Board [Kh Jc Jd Qh Qc]
Seat 4: jayjay90
Seat 5: MoRsCeReBruM
Seat 1: martin b504 (button) folded before Flop (didn't bet)
Seat 2: BumHuntKing (small blind) showed [Th Ks] and won ($19.98) with two pair, Kings and Queens
Seat 3: AIien Hand (big blind) mucked
Seat 6: poker_soul11 folded before Flop (didn't bet)



PokerStars Hand #254722711359:  Hold'em No Limit ($0.50/$1.00 USD) - 2025/02/05 19:17:47 WET [2025/02/05 14:17:47 ET]
Table 'Comacina II' 6-max Seat #2 is the button
Seat 5: tintin641 ($100 in chips) is sitting out
Seat 1: martin b504 ($100 in chips) 
Seat 2: BumHuntKing ($116.26 in chips) 
Seat 3: AIien Hand ($108.27 in chips) 
Seat 4: jayjay90 ($100 in chips) 
Seat 6: poker_soul11 ($150.68 in chips) 
AIien Hand: posts small blind $0.50
jayjay90: posts big blind $1
tintin641: sits out 
*** HOLE CARDS ***
poker_soul11: folds 
martin b504: raises $1.50 to $2.50
BumHuntKing: folds 
AIien Hand: folds 
jayjay90: calls $1.50
*** FLOP *** [3s 9d 7h]
jayjay90: checks 
martin b504: bets $2.61
jayjay90: folds 
Uncalled bet ($2.61) returned to martin b504
martin b504 collected $5.22 from pot
martin b504: doesn't show hand 
*** SUMMARY ***
Total pot $5.50 | Rake $0.28 
Board [3s 9d 7h]
Seat 5: tintin641
Seat 1: martin b504 collected ($5.22)
Seat 2: BumHuntKing (button) folded before Flop (didn't bet)
Seat 3: AIien Hand (small blind) folded before Flop
Seat 4: jayjay90 (big blind) folded on the Flop
Seat 6: poker_soul11 folded before Flop (didn't bet)



PokerStars Hand #254722726618:  Hold'em No Limit ($0.50/$1.00 USD) - 2025/02/05 19:18:40 WET [2025/02/05 14:18:40 ET]
Table 'Comacina II' 6-max Seat #3 is the button
Seat 1: martin b504 ($102.72 in chips) 
Seat 2: BumHuntKing ($116.26 in chips) 
Seat 3: AIien Hand ($107.77 in chips) 
Seat 4: jayjay90 ($100 in chips) 
Seat 5: tintin641 ($100 in chips) 
Seat 6: poker_soul11 ($150.68 in chips) 
jayjay90: posts small blind $0.50
tintin641: posts big blind $1
*** HOLE CARDS ***
poker_soul11: raises $1.20 to $2.20
martin b504: folds 
BumHuntKing: raises $4.30 to $6.50
AIien Hand: folds 
jayjay90: folds 
tintin641: folds 
poker_soul11: folds 
Uncalled bet ($4.30) returned to BumHuntKing
BumHuntKing collected $5.90 from pot
BumHuntKing: doesn't show hand 
*** SUMMARY ***
Total pot $5.90 | Rake $0 
Seat 1: martin b504 folded before Flop (didn't bet)
Seat 2: BumHuntKing collected ($5.90)
Seat 3: AIien Hand (button) folded before Flop (didn't bet)
Seat 4: jayjay90 (small blind) folded before Flop
Seat 5: tintin641 (big blind) folded before Flop
Seat 6: poker_soul11 folded before Flop



PokerStars Hand #254722732116:  Hold'em No Limit ($0.50/$1.00 USD) - 2025/02/05 19:18:59 WET [2025/02/05 14:18:59 ET]
Table 'Comacina II' 6-max Seat #4 is the button
Seat 1: martin b504 ($102.72 in chips) 
Seat 2: BumHuntKing ($119.96 in chips) 
Seat 3: AIien Hand ($107.77 in chips) 
Seat 4: jayjay90 ($99.50 in chips) 
Seat 5: tintin641 ($100 in chips) 
Seat 6: poker_soul11 ($148.48 in chips) 
tintin641: posts small blind $0.50
poker_soul11: posts big blind $1
*** HOLE CARDS ***
martin b504: folds 
BumHuntKing: folds 
AIien Hand: folds 
jayjay90: raises $1.50 to $2.50
tintin641: folds 
poker_soul11: folds 
Uncalled bet ($1.50) returned to jayjay90
jayjay90 collected $2.50 from pot
jayjay90: doesn't show hand 
*** SUMMARY ***
Total pot $2.50 | Rake $0 
Seat 1: martin b504 folded before Flop (didn't bet)
Seat 2: BumHuntKing folded before Flop (didn't bet)
Seat 3: AIien Hand folded before Flop (didn't bet)
Seat 4: jayjay90 (button) collected ($2.50)
Seat 5: tintin641 (small blind) folded before Flop
Seat 6: poker_soul11 (big blind) folded before Flop



PokerStars Hand #254722738178:  Hold'em No Limit ($0.50/$1.00 USD) - 2025/02/05 19:19:19 WET [2025/02/05 14:19:19 ET]
Table 'Comacina II' 6-max Seat #5 is the button
Seat 1: martin b504 ($102.72 in chips) 
Seat 2: BumHuntKing ($119.96 in chips) 
Seat 3: AIien Hand ($107.77 in chips) 
Seat 4: jayjay90 ($101 in chips) 
Seat 5: tintin641 ($100 in chips) 
Seat 6: poker_soul11 ($147.48 in chips) 
poker_soul11: posts small blind $0.50
martin b504: posts big blind $1
*** HOLE CARDS ***
BumHuntKing: folds 
AIien Hand: folds 
jayjay90: raises $1.50 to $2.50
tintin641: raises $5 to $7.50
poker_soul11: folds 
martin b504: raises $13.50 to $21
jayjay90: folds 
tintin641: folds 
Uncalled bet ($13.50) returned to martin b504
martin b504 collected $18 from pot
martin b504: doesn't show hand 
*** SUMMARY ***
Total pot $18 | Rake $0 
Seat 1: martin b504 (big blind) collected ($18)
Seat 2: BumHuntKing folded before Flop (didn't bet)
Seat 3: AIien Hand folded before Flop (didn't bet)
Seat 4: jayjay90 folded before Flop
Seat 5: tintin641 (button) folded before Flop
Seat 6: poker_soul11 (small blind) folded before Flop



PokerStars Hand #254722747376:  Hold'em No Limit ($0.50/$1.00 USD) - 2025/02/05 19:19:51 WET [2025/02/05 14:19:51 ET]
Table 'Comacina II' 6-max Seat #6 is the button
Seat 1: martin b504 ($113.22 in chips) 
Seat 2: BumHuntKing ($119.96 in chips) 
Seat 3: AIien Hand ($107.77 in chips) 
Seat 4: jayjay90 ($100 in chips) 
Seat 5: tintin641 ($100 in chips) 
Seat 6: poker_soul11 ($146.98 in chips) 
martin b504: posts small blind $0.50
BumHuntKing: posts big blind $1
*** HOLE CARDS ***
AIien Hand: folds 
jayjay90 has timed out
jayjay90: folds 
tintin641: folds 
poker_soul11: raises $1.20 to $2.20
martin b504: folds 
BumHuntKing: folds 
Uncalled bet ($1.20) returned to poker_soul11
poker_soul11 collected $2.50 from pot
poker_soul11: doesn't show hand 
*** SUMMARY ***
Total pot $2.50 | Rake $0 
Seat 1: martin b504 (small blind) folded before Flop
Seat 2: BumHuntKing (big blind) folded before Flop
Seat 3: AIien Hand folded before Flop (didn't bet)
Seat 4: jayjay90 folded before Flop (didn't bet)
Seat 5: tintin641 folded before Flop (didn't bet)
Seat 6: poker_soul11 (button) collected ($2.50)



PokerStars Hand #254722754244:  Hold'em No Limit ($0.50/$1.00 USD) - 2025/02/05 19:20:14 WET [2025/02/05 14:20:14 ET]
Table 'Comacina II' 6-max Seat #1 is the button
Seat 1: martin b504 ($112.72 in chips) 
Seat 2: BumHuntKing ($118.96 in chips) 
Seat 3: AIien Hand ($107.77 in chips) 
Seat 4: jayjay90 ($100 in chips) 
Seat 5: tintin641 ($100 in chips) 
Seat 6: poker_soul11 ($148.48 in chips) 
BumHuntKing: posts small blind $0.50
AIien Hand: posts big blind $1
*** HOLE CARDS ***
jayjay90: folds 
tintin641: folds 
poker_soul11: folds 
martin b504: raises $1.50 to $2.50
BumHuntKing: folds 
AIien Hand: calls $1.50
*** FLOP *** [9c 9d 5s]
AIien Hand: checks 
martin b504: bets $1.72
AIien Hand: raises $2.86 to $4.58
martin b504: raises $4.42 to $9
AIien Hand: calls $4.42
*** TURN *** [9c 9d 5s] [Ts]
AIien Hand: checks 
martin b504: bets $16.74
AIien Hand: folds 
Uncalled bet ($16.74) returned to martin b504
martin b504 collected $22.32 from pot
martin b504: doesn't show hand 
*** SUMMARY ***
Total pot $23.50 | Rake $1.18 
Board [9c 9d 5s Ts]
Seat 1: martin b504 (button) collected ($22.32)
Seat 2: BumHuntKing (small blind) folded before Flop
Seat 3: AIien Hand (big blind) folded on the Turn
Seat 4: jayjay90 folded before Flop (didn't bet)
Seat 5: tintin641 folded before Flop (didn't bet)
Seat 6: poker_soul11 folded before Flop (didn't bet)



PokerStars Hand #254722788961:  Hold'em No Limit ($0.50/$1.00 USD) - 2025/02/05 19:22:15 WET [2025/02/05 14:22:15 ET]
Table 'Comacina II' 6-max Seat #2 is the button
Seat 1: martin b504 ($123.54 in chips) 
Seat 2: BumHuntKing ($118.46 in chips) 
Seat 3: AIien Hand ($100 in chips) 
Seat 4: jayjay90 ($100 in chips) 
Seat 5: tintin641 ($100 in chips) 
Seat 6: poker_soul11 ($148.48 in chips) 
AIien Hand: posts small blind $0.50
jayjay90: posts big blind $1
*** HOLE CARDS ***
tintin641: folds 
poker_soul11: folds 
martin b504: folds 
BumHuntKing: raises $1.50 to $2.50
AIien Hand: folds 
jayjay90: folds 
Uncalled bet ($1.50) returned to BumHuntKing
BumHuntKing collected $2.50 from pot
BumHuntKing: doesn't show hand 
*** SUMMARY ***
Total pot $2.50 | Rake $0 
Seat 1: martin b504 folded before Flop (didn't bet)
Seat 2: BumHuntKing (button) collected ($2.50)
Seat 3: AIien Hand (small blind) folded before Flop
Seat 4: jayjay90 (big blind) folded before Flop
Seat 5: tintin641 folded before Flop (didn't bet)
Seat 6: poker_soul11 folded before Flop (didn't bet)



PokerStars Hand #254722797068:  Hold'em No Limit ($0.50/$1.00 USD) - 2025/02/05 19:22:43 WET [2025/02/05 14:22:43 ET]
Table 'Comacina II' 6-max Seat #3 is the button
Seat 1: martin b504 ($123.54 in chips) 
Seat 2: BumHuntKing ($119.96 in chips) 
Seat 3: AIien Hand ($100 in chips) 
Seat 4: jayjay90 ($99 in chips) 
Seat 5: tintin641 ($100 in chips) 
Seat 6: poker_soul11 ($148.48 in chips) 
jayjay90: posts small blind $0.50
tintin641: posts big blind $1
*** HOLE CARDS ***
poker_soul11: folds 
martin b504: raises $1.20 to $2.20
BumHuntKing: folds 
AIien Hand: folds 
jayjay90: folds 
tintin641: folds 
Uncalled bet ($1.20) returned to martin b504
martin b504 collected $2.50 from pot
martin b504: doesn't show hand 
*** SUMMARY ***
Total pot $2.50 | Rake $0 
Seat 1: martin b504 collected ($2.50)
Seat 2: BumHuntKing folded before Flop (didn't bet)
Seat 3: AIien Hand (button) folded before Flop (didn't bet)
Seat 4: jayjay90 (small blind) folded before Flop
Seat 5: tintin641 (big blind) folded before Flop
Seat 6: poker_soul11 folded before Flop (didn't bet)



PokerStars Hand #254722803222:  Hold'em No Limit ($0.50/$1.00 USD) - 2025/02/05 19:23:04 WET [2025/02/05 14:23:04 ET]
Table 'Comacina II' 6-max Seat #4 is the button
Seat 1: martin b504 ($125.04 in chips) 
Seat 2: BumHuntKing ($119.96 in chips) 
Seat 3: AIien Hand ($100 in chips) 
Seat 4: jayjay90 ($100 in chips) 
Seat 5: tintin641 ($100 in chips) 
Seat 6: poker_soul11 ($148.48 in chips) 
tintin641: posts small blind $0.50
poker_soul11: posts big blind $1
*** HOLE CARDS ***
martin b504: folds 
BumHuntKing: raises $1.20 to $2.20
AIien Hand: folds 
jayjay90: folds 
tintin641: folds 
poker_soul11: raises $9.80 to $12
BumHuntKing: folds 
Uncalled bet ($9.80) returned to poker_soul11
poker_soul11 collected $4.90 from pot
poker_soul11: doesn't show hand 
*** SUMMARY ***
Total pot $4.90 | Rake $0 
Seat 1: martin b504 folded before Flop (didn't bet)
Seat 2: BumHuntKing folded before Flop
Seat 3: AIien Hand folded before Flop (didn't bet)
Seat 4: jayjay90 (button) folded before Flop (didn't bet)
Seat 5: tintin641 (small blind) folded before Flop
Seat 6: poker_soul11 (big blind) collected ($4.90)



PokerStars Hand #254722809931:  Hold'em No Limit ($0.50/$1.00 USD) - 2025/02/05 19:23:27 WET [2025/02/05 14:23:27 ET]
Table 'Comacina II' 6-max Seat #5 is the button
Seat 1: martin b504 ($125.04 in chips) 
Seat 2: BumHuntKing ($117.76 in chips) 
Seat 3: AIien Hand ($100 in chips) 
Seat 4: jayjay90 ($100 in chips) 
Seat 5: tintin641 ($100 in chips) 
Seat 6: poker_soul11 ($151.18 in chips) 
poker_soul11: posts small blind $0.50
martin b504: posts big blind $1
*** HOLE CARDS ***
BumHuntKing: folds 
AIien Hand: folds 
jayjay90: folds 
tintin641: folds 
poker_soul11: folds 
Uncalled bet ($0.50) returned to martin b504
martin b504 collected $1 from pot
martin b504: doesn't show hand 
*** SUMMARY ***
Total pot $1 | Rake $0 
Seat 1: martin b504 (big blind) collected ($1)
Seat 2: BumHuntKing folded before Flop (didn't bet)
Seat 3: AIien Hand folded before Flop (didn't bet)
Seat 4: jayjay90 folded before Flop (didn't bet)
Seat 5: tintin641 (button) folded before Flop (didn't bet)
Seat 6: poker_soul11 (small blind) folded before Flop



PokerStars Hand #254722815337:  Hold'em No Limit ($0.50/$1.00 USD) - 2025/02/05 19:23:46 WET [2025/02/05 14:23:46 ET]
Table 'Comacina II' 6-max Seat #6 is the button
Seat 1: martin b504 ($125.54 in chips) 
Seat 2: BumHuntKing ($117.76 in chips) 
Seat 3: AIien Hand ($100 in chips) 
Seat 4: jayjay90 ($100 in chips) 
Seat 5: tintin641 ($100 in chips) 
Seat 6: poker_soul11 ($150.68 in chips) 
martin b504: posts small blind $0.50
BumHuntKing: posts big blind $1
*** HOLE CARDS ***
AIien Hand: raises $1.20 to $2.20
jayjay90: folds 
tintin641: folds 
poker_soul11: folds 
martin b504: folds 
BumHuntKing: calls $1.20
*** FLOP *** [7c Tc 9h]
BumHuntKing: checks 
AIien Hand: checks 
*** TURN *** [7c Tc 9h] [6c]
BumHuntKing: checks 
AIien Hand: checks 
*** RIVER *** [7c Tc 9h 6c] [8s]
BumHuntKing: checks 
AIien Hand: bets $3.36
BumHuntKing: folds 
Uncalled bet ($3.36) returned to AIien Hand
AIien Hand collected $4.66 from pot
AIien Hand: doesn't show hand 
*** SUMMARY ***
Total pot $4.90 | Rake $0.24 
Board [7c Tc 9h 6c 8s]
Seat 1: martin b504 (small blind) folded before Flop
Seat 2: BumHuntKing (big blind) folded on the River
Seat 3: AIien Hand collected ($4.66)
Seat 4: jayjay90 folded before Flop (didn't bet)
Seat 5: tintin641 folded before Flop (didn't bet)
Seat 6: poker_soul11 (button) folded before Flop (didn't bet)



PokerStars Hand #254722838865:  Hold'em No Limit ($0.50/$1.00 USD) - 2025/02/05 19:25:07 WET [2025/02/05 14:25:07 ET]
Table 'Comacina II' 6-max Seat #1 is the button
Seat 1: martin b504 ($125.04 in chips) 
Seat 2: BumHuntKing ($115.56 in chips) 
Seat 3: AIien Hand ($102.46 in chips) 
Seat 4: jayjay90 ($100 in chips) 
Seat 5: tintin641 ($100 in chips) 
Seat 6: poker_soul11 ($150.68 in chips) 
BumHuntKing: posts small blind $0.50
AIien Hand: posts big blind $1
*** HOLE CARDS ***
jayjay90: folds 
tintin641: folds 
poker_soul11: raises $1.20 to $2.20
martin b504: folds 
BumHuntKing: folds 
AIien Hand: raises $10.30 to $12.50
poker_soul11: folds 
Uncalled bet ($10.30) returned to AIien Hand
AIien Hand collected $4.90 from pot
AIien Hand: doesn't show hand 
*** SUMMARY ***
Total pot $4.90 | Rake $0 
Seat 1: martin b504 (button) folded before Flop (didn't bet)
Seat 2: BumHuntKing (small blind) folded before Flop
Seat 3: AIien Hand (big blind) collected ($4.90)
Seat 4: jayjay90 folded before Flop (didn't bet)
Seat 5: tintin641 folded before Flop (didn't bet)
Seat 6: poker_soul11 folded before Flop



PokerStars Hand #254722851922:  Hold'em No Limit ($0.50/$1.00 USD) - 2025/02/05 19:25:52 WET [2025/02/05 14:25:52 ET]
Table 'Comacina II' 6-max Seat #2 is the button
Seat 1: martin b504 ($125.04 in chips) 
Seat 2: BumHuntKing ($115.06 in chips) 
Seat 3: AIien Hand ($105.16 in chips) 
Seat 4: jayjay90 ($100 in chips) 
Seat 5: tintin641 ($100 in chips) 
Seat 6: poker_soul11 ($148.48 in chips) 
AIien Hand: posts small blind $0.50
jayjay90: posts big blind $1
*** HOLE CARDS ***
tintin641: raises $1.50 to $2.50
poker_soul11: folds 
martin b504: folds 
BumHuntKing: folds 
AIien Hand: folds 
jayjay90: calls $1.50
*** FLOP *** [Kc 8h 7d]
jayjay90: checks 
tintin641: bets $1.72
jayjay90: calls $1.72
*** TURN *** [Kc 8h 7d] [6c]
jayjay90: checks 
tintin641: bets $12.74
jayjay90: folds 
Uncalled bet ($12.74) returned to tintin641
tintin641 collected $8.49 from pot
tintin641: doesn't show hand 
*** SUMMARY ***
Total pot $8.94 | Rake $0.45 
Board [Kc 8h 7d 6c]
Seat 1: martin b504 folded before Flop (didn't bet)
Seat 2: BumHuntKing (button) folded before Flop (didn't bet)
Seat 3: AIien Hand (small blind) folded before Flop
Seat 4: jayjay90 (big blind) folded on the Turn
Seat 5: tintin641 collected ($8.49)
Seat 6: poker_soul11 folded before Flop (didn't bet)



PokerStars Hand #254722874360:  Hold'em No Limit ($0.50/$1.00 USD) - 2025/02/05 19:27:09 WET [2025/02/05 14:27:09 ET]
Table 'Comacina II' 6-max Seat #3 is the button
Seat 1: martin b504 ($125.04 in chips) 
Seat 2: BumHuntKing ($115.06 in chips) 
Seat 3: AIien Hand ($104.66 in chips) 
Seat 4: jayjay90 ($100 in chips) 
Seat 5: tintin641 ($104.27 in chips) 
Seat 6: poker_soul11 ($148.48 in chips) 
jayjay90: posts small blind $0.50
tintin641: posts big blind $1
*** HOLE CARDS ***
poker_soul11: raises $1.20 to $2.20
martin b504: folds 
BumHuntKing: folds 
AIien Hand: folds 
jayjay90: folds 
tintin641: folds 
Uncalled bet ($1.20) returned to poker_soul11
poker_soul11 collected $2.50 from pot
poker_soul11: doesn't show hand 
*** SUMMARY ***
Total pot $2.50 | Rake $0 
Seat 1: martin b504 folded before Flop (didn't bet)
Seat 2: BumHuntKing folded before Flop (didn't bet)
Seat 3: AIien Hand (button) folded before Flop (didn't bet)
Seat 4: jayjay90 (small blind) folded before Flop
Seat 5: tintin641 (big blind) folded before Flop
Seat 6: poker_soul11 collected ($2.50)



PokerStars Hand #254722880958:  Hold'em No Limit ($0.50/$1.00 USD) - 2025/02/05 19:27:31 WET [2025/02/05 14:27:31 ET]
Table 'Comacina II' 6-max Seat #4 is the button
Seat 1: martin b504 ($125.04 in chips) 
Seat 2: BumHuntKing ($115.06 in chips) 
Seat 3: AIien Hand ($104.66 in chips) 
Seat 4: jayjay90 ($99.50 in chips) 
Seat 5: tintin641 ($103.27 in chips) 
Seat 6: poker_soul11 ($149.98 in chips) 
tintin641: posts small blind $0.50
poker_soul11: posts big blind $1
*** HOLE CARDS ***
martin b504: folds 
BumHuntKing: folds 
AIien Hand: folds 
jayjay90: folds 
tintin641: raises $2 to $3
poker_soul11: folds 
Uncalled bet ($2) returned to tintin641
tintin641 collected $2 from pot
tintin641: doesn't show hand 
*** SUMMARY ***
Total pot $2 | Rake $0 
Seat 1: martin b504 folded before Flop (didn't bet)
Seat 2: BumHuntKing folded before Flop (didn't bet)
Seat 3: AIien Hand folded before Flop (didn't bet)
Seat 4: jayjay90 (button) folded before Flop (didn't bet)
Seat 5: tintin641 (small blind) collected ($2)
Seat 6: poker_soul11 (big blind) folded before Flop



PokerStars Hand #254722885195:  Hold'em No Limit ($0.50/$1.00 USD) - 2025/02/05 19:27:46 WET [2025/02/05 14:27:46 ET]
Table 'Comacina II' 6-max Seat #5 is the button
Seat 1: martin b504 ($125.04 in chips) 
Seat 2: BumHuntKing ($115.06 in chips) 
Seat 3: AIien Hand ($104.66 in chips) 
Seat 4: jayjay90 ($99.50 in chips) 
Seat 5: tintin641 ($104.27 in chips) 
Seat 6: poker_soul11 ($148.98 in chips) 
poker_soul11: posts small blind $0.50
martin b504: posts big blind $1
*** HOLE CARDS ***
BumHuntKing: folds 
AIien Hand: folds 
jayjay90: folds 
tintin641: raises $1.50 to $2.50
poker_soul11: folds 
martin b504: calls $1.50
*** FLOP *** [Ks 8s 2d]
martin b504: checks 
tintin641: bets $1.72
martin b504: folds 
Uncalled bet ($1.72) returned to tintin641
tintin641 collected $5.22 from pot
tintin641: doesn't show hand 
*** SUMMARY ***
Total pot $5.50 | Rake $0.28 
Board [Ks 8s 2d]
Seat 1: martin b504 (big blind) folded on the Flop
Seat 2: BumHuntKing folded before Flop (didn't bet)
Seat 3: AIien Hand folded before Flop (didn't bet)
Seat 4: jayjay90 folded before Flop (didn't bet)
Seat 5: tintin641 (button) collected ($5.22)
Seat 6: poker_soul11 (small blind) folded before Flop



PokerStars Hand #254722897492:  Hold'em No Limit ($0.50/$1.00 USD) - 2025/02/05 19:28:28 WET [2025/02/05 14:28:28 ET]
Table 'Comacina II' 6-max Seat #6 is the button
Seat 1: martin b504 ($122.54 in chips) 
Seat 2: BumHuntKing ($115.06 in chips) 
Seat 3: AIien Hand ($104.66 in chips) 
Seat 4: jayjay90 ($99.50 in chips) 
Seat 5: tintin641 ($106.99 in chips) 
Seat 6: poker_soul11 ($148.48 in chips) 
martin b504: posts small blind $0.50
BumHuntKing: posts big blind $1
*** HOLE CARDS ***
AIien Hand: folds 
jayjay90: raises $1.50 to $2.50
tintin641: folds 
poker_soul11: folds 
martin b504: folds 
BumHuntKing: folds 
Uncalled bet ($1.50) returned to jayjay90
jayjay90 collected $2.50 from pot
jayjay90: doesn't show hand 
*** SUMMARY ***
Total pot $2.50 | Rake $0 
Seat 1: martin b504 (small blind) folded before Flop
Seat 2: BumHuntKing (big blind) folded before Flop
Seat 3: AIien Hand folded before Flop (didn't bet)
Seat 4: jayjay90 collected ($2.50)
Seat 5: tintin641 folded before Flop (didn't bet)
Seat 6: poker_soul11 (button) folded before Flop (didn't bet)



PokerStars Hand #254722904577:  Hold'em No Limit ($0.50/$1.00 USD) - 2025/02/05 19:28:53 WET [2025/02/05 14:28:53 ET]
Table 'Comacina II' 6-max Seat #1 is the button
Seat 1: martin b504 ($122.04 in chips) 
Seat 2: BumHuntKing ($114.06 in chips) 
Seat 3: AIien Hand ($104.66 in chips) 
Seat 4: jayjay90 ($101 in chips) 
Seat 5: tintin641 ($106.99 in chips) 
Seat 6: poker_soul11 ($148.48 in chips) 
BumHuntKing: posts small blind $0.50
AIien Hand: posts big blind $1
*** HOLE CARDS ***
jayjay90: folds 
tintin641: folds 
poker_soul11: raises $1.20 to $2.20
martin b504: folds 
BumHuntKing: folds 
AIien Hand: folds 
Uncalled bet ($1.20) returned to poker_soul11
poker_soul11 collected $2.50 from pot
poker_soul11: doesn't show hand 
*** SUMMARY ***
Total pot $2.50 | Rake $0 
Seat 1: martin b504 (button) folded before Flop (didn't bet)
Seat 2: BumHuntKing (small blind) folded before Flop
Seat 3: AIien Hand (big blind) folded before Flop
Seat 4: jayjay90 folded before Flop (didn't bet)
Seat 5: tintin641 folded before Flop (didn't bet)
Seat 6: poker_soul11 collected ($2.50)



PokerStars Hand #254722911300:  Hold'em No Limit ($0.50/$1.00 USD) - 2025/02/05 19:29:17 WET [2025/02/05 14:29:17 ET]
Table 'Comacina II' 6-max Seat #2 is the button
Seat 4: jayjay90 ($101 in chips) is sitting out
Seat 1: martin b504 ($122.04 in chips) 
Seat 2: BumHuntKing ($113.56 in chips) 
Seat 3: AIien Hand ($103.66 in chips) 
Seat 5: tintin641 ($106.99 in chips) 
Seat 6: poker_soul11 ($149.98 in chips) 
AIien Hand: posts small blind $0.50
tintin641: posts big blind $1
*** HOLE CARDS ***
jayjay90 leaves the table
poker_soul11: folds 
martin b504: folds 
BumHuntKing: folds 
AIien Hand: folds 
Uncalled bet ($0.50) returned to tintin641
tintin641 collected $1 from pot
tintin641: doesn't show hand 
*** SUMMARY ***
Total pot $1 | Rake $0 
Seat 4: jayjay90
Seat 1: martin b504 folded before Flop (didn't bet)
Seat 2: BumHuntKing (button) folded before Flop (didn't bet)
Seat 3: AIien Hand (small blind) folded before Flop
Seat 5: tintin641 (big blind) collected ($1)
Seat 6: poker_soul11 folded before Flop (didn't bet)



PokerStars Hand #254722914213:  Hold'em No Limit ($0.50/$1.00 USD) - 2025/02/05 19:29:27 WET [2025/02/05 14:29:27 ET]
Table 'Comacina II' 6-max Seat #3 is the button
Seat 1: martin b504 ($122.04 in chips) 
Seat 2: BumHuntKing ($113.56 in chips) 
Seat 3: AIien Hand ($103.16 in chips) 
Seat 5: tintin641 ($107.49 in chips) 
Seat 6: poker_soul11 ($149.98 in chips) 
tintin641: posts small blind $0.50
poker_soul11: posts big blind $1
*** HOLE CARDS ***
martin b504: folds 
BumHuntKing: raises $1.20 to $2.20
AIien Hand: folds 
tintin641: folds 
poker_soul11: folds 
Uncalled bet ($1.20) returned to BumHuntKing
BumHuntKing collected $2.50 from pot
BumHuntKing: doesn't show hand 
*** SUMMARY ***
Total pot $2.50 | Rake $0 
Seat 1: martin b504 folded before Flop (didn't bet)
Seat 2: BumHuntKing collected ($2.50)
Seat 3: AIien Hand (button) folded before Flop (didn't bet)
Seat 5: tintin641 (small blind) folded before Flop
Seat 6: poker_soul11 (big blind) folded before Flop



