PokerStars Hand #254720088564:  Hold'em No Limit ($0.50/$1.00 USD) - 2025/02/05 16:23:56 WET [2025/02/05 11:23:56 ET]
Table 'Bohemia' 6-max Seat #4 is the button
Seat 3: riverrat2319 ($62.76 in chips) 
Seat 4: tintin641 ($100 in chips) 
Seat 5: LuckyShikari ($103.18 in chips) 
Seat 6: DAKARis ($100 in chips) 
LuckyShikari: posts small blind $0.50
DAKARis: posts big blind $1
*** HOLE CARDS ***
riverrat2319: folds 
tintin641: raises $1.50 to $2.50
LuckyShikari: folds 
riverrat2319 leaves the table
DAKARis: calls $1.50
*** FLOP *** [7c 6s As]
DAKARis: checks 
tintin641: bets $1.72
DAKARis: raises $4.33 to $6.05
tintin641: folds 
Uncalled bet ($4.33) returned to DAKARis
DAKARis collected $8.49 from pot
DAKARis: doesn't show hand 
*** SUMMARY ***
Total pot $8.94 | Rake $0.45 
Board [7c 6s As]
Seat 3: riverrat2319 folded before Flop (didn't bet)
Seat 4: tintin641 (button) folded on the Flop
Seat 5: LuckyShikari (small blind) folded before Flop
Seat 6: DAKARis (big blind) collected ($8.49)



PokerStars Hand #254720099883:  Hold'em No Limit ($0.50/$1.00 USD) - 2025/02/05 16:24:46 WET [2025/02/05 11:24:46 ET]
Table 'Bohemia' 6-max Seat #6 is the button
Seat 4: tintin641 ($100 in chips) is sitting out
Seat 5: LuckyShikari ($102.68 in chips) 
Seat 6: DAKARis ($104.27 in chips) 
DAKARis: posts small blind $0.50
tintin641: is sitting out 
LuckyShikari: posts big blind $1
*** HOLE CARDS ***
tintin641 leaves the table
DAKARis: raises $1.50 to $2.50
LuckyShikari: calls $1.50
*** FLOP *** [Jh 4s 2s]
LuckyShikari: checks 
DAKARis: bets $1.19
LuckyShikari: folds 
Uncalled bet ($1.19) returned to DAKARis
DAKARis collected $4.75 from pot
DAKARis: doesn't show hand 
*** SUMMARY ***
Total pot $5 | Rake $0.25 
Board [Jh 4s 2s]
Seat 4: tintin641
Seat 5: LuckyShikari (big blind) folded on the Flop
Seat 6: DAKARis (button) (small blind) collected ($4.75)



PokerStars Hand #254720191021:  Hold'em No Limit ($0.50/$1.00 USD) - 2025/02/05 16:31:32 WET [2025/02/05 11:31:32 ET]
Table 'Bohemia' 6-max Seat #4 is the button
Seat 4: LuckyShikari ($100.18 in chips) 
Seat 5: crist_89870 ($100 in chips) 
Seat 6: treidei3 ($100 in chips) 
crist_89870: posts small blind $0.50
sliwsen joins the table at seat #1 
treidei3: posts big blind $1
*** HOLE CARDS ***
sliwsen is disconnected 
blistein joins the table at seat #2 
LuckyShikari: raises $1 to $2
padrecico joins the table at seat #3 
crist_89870: folds 
treidei3: raises $7 to $9
LuckyShikari: folds 
Uncalled bet ($7) returned to treidei3
treidei3 collected $4.50 from pot
treidei3: doesn't show hand 
*** SUMMARY ***
Total pot $4.50 | Rake $0 
Seat 4: LuckyShikari (button) folded before Flop
Seat 5: crist_89870 (small blind) folded before Flop
Seat 6: treidei3 (big blind) collected ($4.50)



PokerStars Hand #254720195797:  Hold'em No Limit ($0.50/$1.00 USD) - 2025/02/05 16:31:53 WET [2025/02/05 11:31:53 ET]
Table 'Bohemia' 6-max Seat #5 is the button
Seat 2: blistein ($100 in chips) is sitting out
Seat 3: padrecico ($100 in chips) is sitting out
Seat 1: sliwsen ($10 in chips) 
Seat 4: LuckyShikari ($100 in chips) 
Seat 5: crist_89870 ($100 in chips) 
Seat 6: treidei3 ($102.50 in chips) 
treidei3: posts small blind $0.50
sliwsen: posts big blind $1
blistein: sits out 
padrecico: sits out 
*** HOLE CARDS ***
LuckyShikari: folds 
crist_89870: folds 
treidei3: raises $11.50 to $12.50
sliwsen: folds 
Uncalled bet ($11.50) returned to treidei3
treidei3 collected $2 from pot
treidei3: doesn't show hand 
*** SUMMARY ***
Total pot $2 | Rake $0 
Seat 2: blistein
Seat 3: padrecico
Seat 1: sliwsen (big blind) folded before Flop
Seat 4: LuckyShikari folded before Flop (didn't bet)
Seat 5: crist_89870 (button) folded before Flop (didn't bet)
Seat 6: treidei3 (small blind) collected ($2)



PokerStars Hand #254720200478:  Hold'em No Limit ($0.50/$1.00 USD) - 2025/02/05 16:32:13 WET [2025/02/05 11:32:13 ET]
Table 'Bohemia' 6-max Seat #6 is the button
Seat 3: padrecico ($100 in chips) is sitting out
Seat 1: sliwsen ($9 in chips) 
Seat 2: blistein ($100 in chips) 
Seat 4: LuckyShikari ($100 in chips) 
Seat 5: crist_89870 ($100 in chips) 
Seat 6: treidei3 ($103.50 in chips) 
sliwsen: posts small blind $0.50
blistein: posts big blind $1
padrecico: sits out 
*** HOLE CARDS ***
LuckyShikari: folds 
crist_89870: raises $1.50 to $2.50
treidei3: folds 
sliwsen: folds 
blistein: folds 
Uncalled bet ($1.50) returned to crist_89870
crist_89870 collected $2.50 from pot
crist_89870: doesn't show hand 
*** SUMMARY ***
Total pot $2.50 | Rake $0 
Seat 3: padrecico
Seat 1: sliwsen (small blind) folded before Flop
Seat 2: blistein (big blind) folded before Flop
Seat 4: LuckyShikari folded before Flop (didn't bet)
Seat 5: crist_89870 collected ($2.50)
Seat 6: treidei3 (button) folded before Flop (didn't bet)



PokerStars Hand #254720204866:  Hold'em No Limit ($0.50/$1.00 USD) - 2025/02/05 16:32:32 WET [2025/02/05 11:32:32 ET]
Table 'Bohemia' 6-max Seat #1 is the button
Seat 1: sliwsen ($8.50 in chips) 
Seat 2: blistein ($100 in chips) 
Seat 3: padrecico ($100 in chips) 
Seat 4: LuckyShikari ($100 in chips) 
Seat 5: crist_89870 ($101.50 in chips) 
Seat 6: treidei3 ($103.50 in chips) 
blistein: posts small blind $0.50
padrecico: posts big blind $1
*** HOLE CARDS ***
LuckyShikari: raises $1 to $2
crist_89870: folds 
treidei3: folds 
sliwsen: raises $1 to $3
blistein: folds 
padrecico: folds 
LuckyShikari: calls $1
*** FLOP *** [Jc 6h Qd]
LuckyShikari: checks 
sliwsen: checks 
*** TURN *** [Jc 6h Qd] [9h]
LuckyShikari: checks 
sliwsen: bets $5.50 and is all-in
LuckyShikari: folds 
Uncalled bet ($5.50) returned to sliwsen
sliwsen collected $7.12 from pot
*** SUMMARY ***
Total pot $7.50 | Rake $0.38 
Board [Jc 6h Qd 9h]
Seat 1: sliwsen (button) collected ($7.12)
Seat 2: blistein (small blind) folded before Flop
Seat 3: padrecico (big blind) folded before Flop
Seat 4: LuckyShikari folded on the Turn
Seat 5: crist_89870 folded before Flop (didn't bet)
Seat 6: treidei3 folded before Flop (didn't bet)



PokerStars Hand #254720215252:  Hold'em No Limit ($0.50/$1.00 USD) - 2025/02/05 16:33:17 WET [2025/02/05 11:33:17 ET]
Table 'Bohemia' 6-max Seat #2 is the button
Seat 1: sliwsen ($12.62 in chips) 
Seat 2: blistein ($100 in chips) 
Seat 3: padrecico ($100 in chips) 
Seat 4: LuckyShikari ($100 in chips) 
Seat 5: crist_89870 ($101.50 in chips) 
Seat 6: treidei3 ($103.50 in chips) 
padrecico: posts small blind $0.50
LuckyShikari: posts big blind $1
*** HOLE CARDS ***
crist_89870: folds 
treidei3: folds 
treidei3 leaves the table
sliwsen: folds 
blistein: raises $1.50 to $2.50
tintin641 joins the table at seat #6 
padrecico: folds 
LuckyShikari: folds 
Uncalled bet ($1.50) returned to blistein
blistein collected $2.50 from pot
blistein: doesn't show hand 
*** SUMMARY ***
Total pot $2.50 | Rake $0 
Seat 1: sliwsen folded before Flop (didn't bet)
Seat 2: blistein (button) collected ($2.50)
Seat 3: padrecico (small blind) folded before Flop
Seat 4: LuckyShikari (big blind) folded before Flop
Seat 5: crist_89870 folded before Flop (didn't bet)
Seat 6: treidei3 folded before Flop (didn't bet)



PokerStars Hand #254720219401:  Hold'em No Limit ($0.50/$1.00 USD) - 2025/02/05 16:33:36 WET [2025/02/05 11:33:36 ET]
Table 'Bohemia' 6-max Seat #3 is the button
Seat 6: tintin641 ($100 in chips) is sitting out
Seat 1: sliwsen ($12.62 in chips) 
Seat 2: blistein ($101.50 in chips) 
Seat 3: padrecico ($100 in chips) 
Seat 4: LuckyShikari ($100 in chips) 
Seat 5: crist_89870 ($101.50 in chips) 
LuckyShikari: posts small blind $0.50
crist_89870: posts big blind $1
tintin641: sits out 
*** HOLE CARDS ***
sliwsen: raises $2.50 to $3.50
blistein: folds 
padrecico: folds 
LuckyShikari: folds 
crist_89870: folds 
Uncalled bet ($2.50) returned to sliwsen
sliwsen collected $2.50 from pot
*** SUMMARY ***
Total pot $2.50 | Rake $0 
Seat 6: tintin641
Seat 1: sliwsen collected ($2.50)
Seat 2: blistein folded before Flop (didn't bet)
Seat 3: padrecico (button) folded before Flop (didn't bet)
Seat 4: LuckyShikari (small blind) folded before Flop
Seat 5: crist_89870 (big blind) folded before Flop



PokerStars Hand #254720224554:  Hold'em No Limit ($0.50/$1.00 USD) - 2025/02/05 16:33:58 WET [2025/02/05 11:33:58 ET]
Table 'Bohemia' 6-max Seat #4 is the button
Seat 1: sliwsen ($14.12 in chips) 
Seat 2: blistein ($101.50 in chips) 
Seat 3: padrecico ($100 in chips) 
Seat 4: LuckyShikari ($100 in chips) 
Seat 5: crist_89870 ($100.50 in chips) 
Seat 6: tintin641 ($100 in chips) 
crist_89870: posts small blind $0.50
tintin641: posts big blind $1
*** HOLE CARDS ***
sliwsen: calls $1
blistein: folds 
padrecico: folds 
LuckyShikari: folds 
crist_89870: raises $3.50 to $4.50
tintin641: folds 
sliwsen: folds 
Uncalled bet ($3.50) returned to crist_89870
crist_89870 collected $3 from pot
crist_89870: doesn't show hand 
*** SUMMARY ***
Total pot $3 | Rake $0 
Seat 1: sliwsen folded before Flop
Seat 2: blistein folded before Flop (didn't bet)
Seat 3: padrecico folded before Flop (didn't bet)
Seat 4: LuckyShikari (button) folded before Flop (didn't bet)
Seat 5: crist_89870 (small blind) collected ($3)
Seat 6: tintin641 (big blind) folded before Flop



PokerStars Hand #254720230575:  Hold'em No Limit ($0.50/$1.00 USD) - 2025/02/05 16:34:24 WET [2025/02/05 11:34:24 ET]
Table 'Bohemia' 6-max Seat #5 is the button
Seat 1: sliwsen ($13.12 in chips) 
Seat 2: blistein ($101.50 in chips) 
Seat 3: padrecico ($100 in chips) 
Seat 4: LuckyShikari ($100 in chips) 
Seat 5: crist_89870 ($102.50 in chips) 
Seat 6: tintin641 ($100 in chips) 
tintin641: posts small blind $0.50
sliwsen: posts big blind $1
*** HOLE CARDS ***
blistein: folds 
blistein leaves the table
reiyser joins the table at seat #2 
padrecico: folds 
LuckyShikari: raises $1.50 to $2.50
crist_89870: folds 
tintin641: folds 
sliwsen: folds 
Uncalled bet ($1.50) returned to LuckyShikari
LuckyShikari collected $2.50 from pot
LuckyShikari: doesn't show hand 
*** SUMMARY ***
Total pot $2.50 | Rake $0 
Seat 1: sliwsen (big blind) folded before Flop
Seat 2: blistein folded before Flop (didn't bet)
Seat 3: padrecico folded before Flop (didn't bet)
Seat 4: LuckyShikari collected ($2.50)
Seat 5: crist_89870 (button) folded before Flop (didn't bet)
Seat 6: tintin641 (small blind) folded before Flop



PokerStars Hand #254720236526:  Hold'em No Limit ($0.50/$1.00 USD) - 2025/02/05 16:34:50 WET [2025/02/05 11:34:50 ET]
Table 'Bohemia' 6-max Seat #6 is the button
Seat 1: sliwsen ($12.12 in chips) 
Seat 2: reiyser ($100 in chips) 
Seat 3: padrecico ($100 in chips) 
Seat 4: LuckyShikari ($101.50 in chips) 
Seat 5: crist_89870 ($102.50 in chips) 
Seat 6: tintin641 ($100 in chips) 
sliwsen: posts small blind $0.50
reiyser: posts big blind $1
*** HOLE CARDS ***
padrecico: folds 
LuckyShikari: folds 
crist_89870: folds 
tintin641: folds 
sliwsen: calls $0.50
reiyser: checks 
*** FLOP *** [7h Ts Ah]
sliwsen: bets $11.12 and is all-in
reiyser: folds 
Uncalled bet ($11.12) returned to sliwsen
sliwsen collected $1.90 from pot
*** SUMMARY ***
Total pot $2 | Rake $0.10 
Board [7h Ts Ah]
Seat 1: sliwsen (small blind) collected ($1.90)
Seat 2: reiyser (big blind) folded on the Flop
Seat 3: padrecico folded before Flop (didn't bet)
Seat 4: LuckyShikari folded before Flop (didn't bet)
Seat 5: crist_89870 folded before Flop (didn't bet)
Seat 6: tintin641 (button) folded before Flop (didn't bet)



PokerStars Hand #254720244071:  Hold'em No Limit ($0.50/$1.00 USD) - 2025/02/05 16:35:22 WET [2025/02/05 11:35:22 ET]
Table 'Bohemia' 6-max Seat #1 is the button
Seat 1: sliwsen ($13.02 in chips) 
Seat 2: reiyser ($100 in chips) 
Seat 3: padrecico ($100 in chips) 
Seat 4: LuckyShikari ($101.50 in chips) 
Seat 5: crist_89870 ($102.50 in chips) 
Seat 6: tintin641 ($100 in chips) 
reiyser: posts small blind $0.50
padrecico: posts big blind $1
*** HOLE CARDS ***
LuckyShikari: folds 
crist_89870 has timed out
crist_89870: folds 
tintin641: raises $1 to $2
sliwsen: folds 
reiyser: folds 
padrecico: folds 
Uncalled bet ($1) returned to tintin641
crist_89870 is disconnected 
tintin641 collected $2.50 from pot
tintin641: doesn't show hand 
*** SUMMARY ***
Total pot $2.50 | Rake $0 
Seat 1: sliwsen (button) folded before Flop (didn't bet)
Seat 2: reiyser (small blind) folded before Flop
Seat 3: padrecico (big blind) folded before Flop
Seat 4: LuckyShikari folded before Flop (didn't bet)
Seat 5: crist_89870 folded before Flop (didn't bet)
Seat 6: tintin641 collected ($2.50)



PokerStars Hand #254720251164:  Hold'em No Limit ($0.50/$1.00 USD) - 2025/02/05 16:35:53 WET [2025/02/05 11:35:53 ET]
Table 'Bohemia' 6-max Seat #2 is the button
Seat 5: crist_89870 ($102.50 in chips) is sitting out
Seat 1: sliwsen ($13.02 in chips) 
Seat 2: reiyser ($100 in chips) 
Seat 3: padrecico ($100 in chips) 
Seat 4: LuckyShikari ($101.50 in chips) 
Seat 6: tintin641 ($101.50 in chips) 
padrecico: posts small blind $0.50
LuckyShikari: posts big blind $1
*** HOLE CARDS ***
tintin641: folds 
sliwsen: raises $12.02 to $13.02 and is all-in
reiyser: folds 
padrecico: folds 
LuckyShikari: folds 
Uncalled bet ($12.02) returned to sliwsen
sliwsen collected $2.50 from pot
*** SUMMARY ***
Total pot $2.50 | Rake $0 
Seat 5: crist_89870
Seat 1: sliwsen collected ($2.50)
Seat 2: reiyser (button) folded before Flop (didn't bet)
Seat 3: padrecico (small blind) folded before Flop
Seat 4: LuckyShikari (big blind) folded before Flop
Seat 6: tintin641 folded before Flop (didn't bet)



PokerStars Hand #254720257698:  Hold'em No Limit ($0.50/$1.00 USD) - 2025/02/05 16:36:22 WET [2025/02/05 11:36:22 ET]
Table 'Bohemia' 6-max Seat #3 is the button
Seat 1: sliwsen ($14.52 in chips) 
Seat 2: reiyser ($100 in chips) 
Seat 3: padrecico ($100 in chips) 
Seat 4: LuckyShikari ($100.50 in chips) 
Seat 5: crist_89870 ($102.50 in chips) 
Seat 6: tintin641 ($101.50 in chips) 
LuckyShikari: posts small blind $0.50
crist_89870: posts big blind $1
*** HOLE CARDS ***
tintin641: folds 
sliwsen: folds 
reiyser: raises $1.23 to $2.23
sliwsen leaves the table
padrecico: folds 
LuckyShikari: folds 
crist_89870: folds 
Uncalled bet ($1.23) returned to reiyser
reiyser collected $2.50 from pot
reiyser: doesn't show hand 
*** SUMMARY ***
Total pot $2.50 | Rake $0 
Seat 1: sliwsen folded before Flop (didn't bet)
Seat 2: reiyser collected ($2.50)
Seat 3: padrecico (button) folded before Flop (didn't bet)
Seat 4: LuckyShikari (small blind) folded before Flop
Seat 5: crist_89870 (big blind) folded before Flop
Seat 6: tintin641 folded before Flop (didn't bet)



PokerStars Hand #254720261334:  Hold'em No Limit ($0.50/$1.00 USD) - 2025/02/05 16:36:38 WET [2025/02/05 11:36:38 ET]
Table 'Bohemia' 6-max Seat #4 is the button
Seat 6: tintin641 ($101.50 in chips) is sitting out
Seat 2: reiyser ($101.50 in chips) 
Seat 3: padrecico ($100 in chips) 
Seat 4: LuckyShikari ($100 in chips) 
Seat 5: crist_89870 ($101.50 in chips) 
crist_89870: posts small blind $0.50
tintin641: is sitting out 
reiyser: posts big blind $1
*** HOLE CARDS ***
tintin641 leaves the table
padrecico: folds 
LuckyShikari: folds 
crist_89870: raises $2 to $3
reiyser: raises $7 to $10
crist_89870: raises $12 to $22
reiyser: folds 
Uncalled bet ($12) returned to crist_89870
crist_89870 collected $20 from pot
crist_89870: doesn't show hand 
*** SUMMARY ***
Total pot $20 | Rake $0 
Seat 6: tintin641
Seat 2: reiyser (big blind) folded before Flop
Seat 3: padrecico folded before Flop (didn't bet)
Seat 4: LuckyShikari (button) folded before Flop (didn't bet)
Seat 5: crist_89870 (small blind) collected ($20)



PokerStars Hand #254720274018:  Hold'em No Limit ($0.50/$1.00 USD) - 2025/02/05 16:37:33 WET [2025/02/05 11:37:33 ET]
Table 'Bohemia' 6-max Seat #5 is the button
Seat 2: reiyser ($100 in chips) 
Seat 3: padrecico ($100 in chips) 
Seat 4: LuckyShikari ($100 in chips) 
Seat 5: crist_89870 ($111.50 in chips) 
reiyser: posts small blind $0.50
padrecico: posts big blind $1
*** HOLE CARDS ***
LuckyShikari: folds 
crist_89870: folds 
reiyser: raises $1.80 to $2.80
padrecico: calls $1.80
*** FLOP *** [Qc As 2d]
reiyser: bets $1.54
padrecico: folds 
Uncalled bet ($1.54) returned to reiyser
reiyser collected $5.32 from pot
reiyser: doesn't show hand 
*** SUMMARY ***
Total pot $5.60 | Rake $0.28 
Board [Qc As 2d]
Seat 2: reiyser (small blind) collected ($5.32)
Seat 3: padrecico (big blind) folded on the Flop
Seat 4: LuckyShikari folded before Flop (didn't bet)
Seat 5: crist_89870 (button) folded before Flop (didn't bet)



PokerStars Hand #254720283214:  Hold'em No Limit ($0.50/$1.00 USD) - 2025/02/05 16:38:13 WET [2025/02/05 11:38:13 ET]
Table 'Bohemia' 6-max Seat #2 is the button
Seat 2: reiyser ($102.52 in chips) 
Seat 3: padrecico ($100 in chips) 
Seat 4: LuckyShikari ($100 in chips) 
Seat 5: crist_89870 ($111.50 in chips) 
padrecico: posts small blind $0.50
LuckyShikari: posts big blind $1
*** HOLE CARDS ***
crist_89870: folds 
reiyser: raises $1.23 to $2.23
padrecico: calls $1.73
LuckyShikari: raises $10.27 to $12.50
reiyser: folds 
padrecico: folds 
Uncalled bet ($10.27) returned to LuckyShikari
LuckyShikari collected $6.69 from pot
LuckyShikari: doesn't show hand 
*** SUMMARY ***
Total pot $6.69 | Rake $0 
Seat 2: reiyser (button) folded before Flop
Seat 3: padrecico (small blind) folded before Flop
Seat 4: LuckyShikari (big blind) collected ($6.69)
Seat 5: crist_89870 folded before Flop (didn't bet)



PokerStars Hand #254720288703:  Hold'em No Limit ($0.50/$1.00 USD) - 2025/02/05 16:38:37 WET [2025/02/05 11:38:37 ET]
Table 'Bohemia' 6-max Seat #3 is the button
Seat 2: reiyser ($100.29 in chips) 
Seat 3: padrecico ($100 in chips) 
Seat 4: LuckyShikari ($104.46 in chips) 
Seat 5: crist_89870 ($111.50 in chips) 
LuckyShikari: posts small blind $0.50
crist_89870: posts big blind $1
*** HOLE CARDS ***
reiyser: folds 
padrecico: raises $2 to $3
LuckyShikari: folds 
crist_89870: raises $10 to $13
padrecico: folds 
Uncalled bet ($10) returned to crist_89870
crist_89870 collected $6.50 from pot
crist_89870: doesn't show hand 
*** SUMMARY ***
Total pot $6.50 | Rake $0 
Seat 2: reiyser folded before Flop (didn't bet)
Seat 3: padrecico (button) folded before Flop
Seat 4: LuckyShikari (small blind) folded before Flop
Seat 5: crist_89870 (big blind) collected ($6.50)



PokerStars Hand #254720293590:  Hold'em No Limit ($0.50/$1.00 USD) - 2025/02/05 16:38:59 WET [2025/02/05 11:38:59 ET]
Table 'Bohemia' 6-max Seat #4 is the button
Seat 2: reiyser ($100.29 in chips) 
Seat 3: padrecico ($100 in chips) 
Seat 4: LuckyShikari ($103.96 in chips) 
Seat 5: crist_89870 ($115 in chips) 
crist_89870: posts small blind $0.50
reiyser: posts big blind $1
*** HOLE CARDS ***
padrecico has timed out
padrecico: folds 
LuckyShikari: raises $1 to $2
crist_89870: folds 
IShowMeat69 joins the table at seat #6 
IShowMeat69 is disconnected 
reiyser: calls $1
*** FLOP *** [7d 4c 8h]
reiyser: checks 
blistein joins the table at seat #1 
LuckyShikari: bets $4.50
reiyser: folds 
Uncalled bet ($4.50) returned to LuckyShikari
LuckyShikari collected $4.28 from pot
LuckyShikari: doesn't show hand 
*** SUMMARY ***
Total pot $4.50 | Rake $0.22 
Board [7d 4c 8h]
Seat 2: reiyser (big blind) folded on the Flop
Seat 3: padrecico folded before Flop (didn't bet)
Seat 4: LuckyShikari (button) collected ($4.28)
Seat 5: crist_89870 (small blind) folded before Flop



PokerStars Hand #254720301118:  Hold'em No Limit ($0.50/$1.00 USD) - 2025/02/05 16:39:31 WET [2025/02/05 11:39:31 ET]
Table 'Bohemia' 6-max Seat #5 is the button
Seat 1: blistein ($101.50 in chips) is sitting out
Seat 6: IShowMeat69 ($40.58 in chips) is sitting out
Seat 2: reiyser ($100 in chips) 
Seat 3: padrecico ($100 in chips) 
Seat 4: LuckyShikari ($106.24 in chips) 
Seat 5: crist_89870 ($114.50 in chips) 
reiyser: posts small blind $0.50
padrecico: posts big blind $1
*** HOLE CARDS ***
LuckyShikari: raises $1.50 to $2.50
crist_89870: raises $5 to $7.50
reiyser: folds 
padrecico: folds 
LuckyShikari: calls $5
*** FLOP *** [3c 9d 5d]
LuckyShikari: checks 
crist_89870: bets $7.84
LuckyShikari: calls $7.84
*** TURN *** [3c 9d 5d] [9h]
LuckyShikari: checks 
crist_89870: bets $20.58
LuckyShikari: folds 
Uncalled bet ($20.58) returned to crist_89870
crist_89870 collected $31.18 from pot
crist_89870: doesn't show hand 
*** SUMMARY ***
Total pot $32.18 | Rake $1 
Board [3c 9d 5d 9h]
Seat 1: blistein
Seat 6: IShowMeat69
Seat 2: reiyser (small blind) folded before Flop
Seat 3: padrecico (big blind) folded before Flop
Seat 4: LuckyShikari folded on the Turn
Seat 5: crist_89870 (button) collected ($31.18)



PokerStars Hand #254720312388:  Hold'em No Limit ($0.50/$1.00 USD) - 2025/02/05 16:40:21 WET [2025/02/05 11:40:21 ET]
Table 'Bohemia' 6-max Seat #2 is the button
Seat 1: blistein ($101.50 in chips) is sitting out
Seat 6: IShowMeat69 ($40.58 in chips) is sitting out
Seat 2: reiyser ($100 in chips) 
Seat 3: padrecico ($100 in chips) 
Seat 4: LuckyShikari ($100 in chips) 
Seat 5: crist_89870 ($130.34 in chips) 
padrecico: posts small blind $0.50
LuckyShikari: posts big blind $1
IShowMeat69: sits out 
blistein: sits out 
*** HOLE CARDS ***
crist_89870: folds 
reiyser: folds 
padrecico: folds 
Uncalled bet ($0.50) returned to LuckyShikari
LuckyShikari collected $1 from pot
LuckyShikari: doesn't show hand 
*** SUMMARY ***
Total pot $1 | Rake $0 
Seat 1: blistein
Seat 6: IShowMeat69
Seat 2: reiyser (button) folded before Flop (didn't bet)
Seat 3: padrecico (small blind) folded before Flop
Seat 4: LuckyShikari (big blind) collected ($1)
Seat 5: crist_89870 folded before Flop (didn't bet)



PokerStars Hand #254720315888:  Hold'em No Limit ($0.50/$1.00 USD) - 2025/02/05 16:40:37 WET [2025/02/05 11:40:37 ET]
Table 'Bohemia' 6-max Seat #3 is the button
Seat 1: blistein ($101.50 in chips) is sitting out
Seat 6: IShowMeat69 ($40.58 in chips) is sitting out
Seat 2: reiyser ($100 in chips) 
Seat 3: padrecico ($100 in chips) 
Seat 4: LuckyShikari ($100.50 in chips) 
Seat 5: crist_89870 ($130.34 in chips) 
LuckyShikari: posts small blind $0.50
crist_89870: posts big blind $1
IShowMeat69: sits out 
blistein: sits out 
*** HOLE CARDS ***
reiyser: folds 
padrecico: folds 
LuckyShikari: folds 
Uncalled bet ($0.50) returned to crist_89870
crist_89870 collected $1 from pot
crist_89870: doesn't show hand 
*** SUMMARY ***
Total pot $1 | Rake $0 
Seat 1: blistein
Seat 6: IShowMeat69
Seat 2: reiyser folded before Flop (didn't bet)
Seat 3: padrecico (button) folded before Flop (didn't bet)
Seat 4: LuckyShikari (small blind) folded before Flop
Seat 5: crist_89870 (big blind) collected ($1)



PokerStars Hand #254720320630:  Hold'em No Limit ($0.50/$1.00 USD) - 2025/02/05 16:40:57 WET [2025/02/05 11:40:57 ET]
Table 'Bohemia' 6-max Seat #4 is the button
Seat 1: blistein ($101.50 in chips) is sitting out
Seat 2: reiyser ($100 in chips) 
Seat 3: padrecico ($100 in chips) 
Seat 4: LuckyShikari ($100 in chips) 
Seat 5: crist_89870 ($130.84 in chips) 
Seat 6: IShowMeat69 ($40.58 in chips) 
crist_89870: posts small blind $0.50
IShowMeat69: posts big blind $1
blistein: sits out 
*** HOLE CARDS ***
reiyser: folds 
padrecico: folds 
LuckyShikari: raises $1 to $2
crist_89870: folds 
IShowMeat69: calls $1
*** FLOP *** [Ts 9d 5c]
IShowMeat69: checks 
LuckyShikari: checks 
*** TURN *** [Ts 9d 5c] [Kc]
IShowMeat69: bets $1
LuckyShikari: folds 
Uncalled bet ($1) returned to IShowMeat69
IShowMeat69 collected $4.28 from pot
*** SUMMARY ***
Total pot $4.50 | Rake $0.22 
Board [Ts 9d 5c Kc]
Seat 1: blistein
Seat 2: reiyser folded before Flop (didn't bet)
Seat 3: padrecico folded before Flop (didn't bet)
Seat 4: LuckyShikari (button) folded on the Turn
Seat 5: crist_89870 (small blind) folded before Flop
Seat 6: IShowMeat69 (big blind) collected ($4.28)



PokerStars Hand #254720328916:  Hold'em No Limit ($0.50/$1.00 USD) - 2025/02/05 16:41:34 WET [2025/02/05 11:41:34 ET]
Table 'Bohemia' 6-max Seat #5 is the button
Seat 1: blistein ($101.50 in chips) 
Seat 2: reiyser ($100 in chips) 
Seat 3: padrecico ($100 in chips) 
Seat 4: LuckyShikari ($100 in chips) 
Seat 5: crist_89870 ($130.34 in chips) 
Seat 6: IShowMeat69 ($42.86 in chips) 
IShowMeat69: posts small blind $0.50
blistein: posts big blind $1
*** HOLE CARDS ***
reiyser: folds 
padrecico: raises $2 to $3
LuckyShikari: folds 
crist_89870: folds 
IShowMeat69: folds 
blistein: calls $2
*** FLOP *** [2s 5s 9c]
blistein: checks 
padrecico: bets $4.33
blistein: folds 
Uncalled bet ($4.33) returned to padrecico
padrecico collected $6.18 from pot
padrecico: doesn't show hand 
*** SUMMARY ***
Total pot $6.50 | Rake $0.32 
Board [2s 5s 9c]
Seat 1: blistein (big blind) folded on the Flop
Seat 2: reiyser folded before Flop (didn't bet)
Seat 3: padrecico collected ($6.18)
Seat 4: LuckyShikari folded before Flop (didn't bet)
Seat 5: crist_89870 (button) folded before Flop (didn't bet)
Seat 6: IShowMeat69 (small blind) folded before Flop



PokerStars Hand #254720335353:  Hold'em No Limit ($0.50/$1.00 USD) - 2025/02/05 16:42:02 WET [2025/02/05 11:42:02 ET]
Table 'Bohemia' 6-max Seat #6 is the button
Seat 1: blistein ($100 in chips) 
Seat 2: reiyser ($100 in chips) 
Seat 3: padrecico ($103.18 in chips) 
Seat 4: LuckyShikari ($100 in chips) 
Seat 5: crist_89870 ($130.34 in chips) 
Seat 6: IShowMeat69 ($42.36 in chips) 
blistein: posts small blind $0.50
reiyser: posts big blind $1
*** HOLE CARDS ***
padrecico: folds 
LuckyShikari: folds 
crist_89870: folds 
IShowMeat69: folds 
blistein: raises $2 to $3
reiyser: calls $2
*** FLOP *** [Th 9c 9s]
blistein: bets $1.94
reiyser: calls $1.94
*** TURN *** [Th 9c 9s] [2c]
blistein: checks 
reiyser: checks 
*** RIVER *** [Th 9c 9s 2c] [8c]
blistein: bets $3.19
reiyser: calls $3.19
*** SHOW DOWN ***
blistein: shows [Ks 5s] (a pair of Nines)
reiyser: shows [8s Ah] (two pair, Nines and Eights)
reiyser collected $15.45 from pot
*** SUMMARY ***
Total pot $16.26 | Rake $0.81 
Board [Th 9c 9s 2c 8c]
Seat 1: blistein (small blind) showed [Ks 5s] and lost with a pair of Nines
Seat 2: reiyser (big blind) showed [8s Ah] and won ($15.45) with two pair, Nines and Eights
Seat 3: padrecico folded before Flop (didn't bet)
Seat 4: LuckyShikari folded before Flop (didn't bet)
Seat 5: crist_89870 folded before Flop (didn't bet)
Seat 6: IShowMeat69 (button) folded before Flop (didn't bet)



PokerStars Hand #254720354685:  Hold'em No Limit ($0.50/$1.00 USD) - 2025/02/05 16:43:26 WET [2025/02/05 11:43:26 ET]
Table 'Bohemia' 6-max Seat #1 is the button
Seat 1: blistein ($100 in chips) 
Seat 2: reiyser ($107.32 in chips) 
Seat 3: padrecico ($103.18 in chips) 
Seat 4: LuckyShikari ($100 in chips) 
Seat 5: crist_89870 ($130.34 in chips) 
Seat 6: IShowMeat69 ($42.36 in chips) 
reiyser: posts small blind $0.50
padrecico: posts big blind $1
*** HOLE CARDS ***
LuckyShikari: raises $1.50 to $2.50
crist_89870: raises $5 to $7.50
IShowMeat69: folds 
blistein: folds 
reiyser: folds 
padrecico: folds 
LuckyShikari: folds 
Uncalled bet ($5) returned to crist_89870
crist_89870 collected $6.50 from pot
crist_89870: doesn't show hand 
*** SUMMARY ***
Total pot $6.50 | Rake $0 
Seat 1: blistein (button) folded before Flop (didn't bet)
Seat 2: reiyser (small blind) folded before Flop
Seat 3: padrecico (big blind) folded before Flop
Seat 4: LuckyShikari folded before Flop
Seat 5: crist_89870 collected ($6.50)
Seat 6: IShowMeat69 folded before Flop (didn't bet)



PokerStars Hand #254720361286:  Hold'em No Limit ($0.50/$1.00 USD) - 2025/02/05 16:43:55 WET [2025/02/05 11:43:55 ET]
Table 'Bohemia' 6-max Seat #2 is the button
Seat 1: blistein ($100 in chips) 
Seat 2: reiyser ($106.82 in chips) 
Seat 3: padrecico ($102.18 in chips) 
Seat 4: LuckyShikari ($100 in chips) 
Seat 5: crist_89870 ($134.34 in chips) 
Seat 6: IShowMeat69 ($42.36 in chips) 
padrecico: posts small blind $0.50
LuckyShikari: posts big blind $1
*** HOLE CARDS ***
crist_89870: folds 
IShowMeat69: folds 
blistein: folds 
reiyser: raises $1.23 to $2.23
padrecico: calls $1.73
LuckyShikari: calls $1.23
*** FLOP *** [4h 5h 9s]
padrecico: checks 
LuckyShikari: checks 
reiyser: checks 
*** TURN *** [4h 5h 9s] [9d]
padrecico: checks 
LuckyShikari: bets $3
reiyser: folds 
padrecico: folds 
Uncalled bet ($3) returned to LuckyShikari
LuckyShikari collected $6.36 from pot
LuckyShikari: doesn't show hand 
*** SUMMARY ***
Total pot $6.69 | Rake $0.33 
Board [4h 5h 9s 9d]
Seat 1: blistein folded before Flop (didn't bet)
Seat 2: reiyser (button) folded on the Turn
Seat 3: padrecico (small blind) folded on the Turn
Seat 4: LuckyShikari (big blind) collected ($6.36)
Seat 5: crist_89870 folded before Flop (didn't bet)
Seat 6: IShowMeat69 folded before Flop (didn't bet)



PokerStars Hand #254720375796:  Hold'em No Limit ($0.50/$1.00 USD) - 2025/02/05 16:44:59 WET [2025/02/05 11:44:59 ET]
Table 'Bohemia' 6-max Seat #3 is the button
Seat 1: blistein ($100 in chips) 
Seat 2: reiyser ($104.59 in chips) 
Seat 3: padrecico ($100 in chips) 
Seat 4: LuckyShikari ($104.13 in chips) 
Seat 5: crist_89870 ($134.34 in chips) 
Seat 6: IShowMeat69 ($42.36 in chips) 
LuckyShikari: posts small blind $0.50
crist_89870: posts big blind $1
*** HOLE CARDS ***
IShowMeat69: folds 
blistein: raises $1.20 to $2.20
reiyser: raises $5.30 to $7.50
padrecico: folds 
LuckyShikari: folds 
crist_89870: folds 
blistein: folds 
Uncalled bet ($5.30) returned to reiyser
reiyser collected $5.90 from pot
reiyser: doesn't show hand 
*** SUMMARY ***
Total pot $5.90 | Rake $0 
Seat 1: blistein folded before Flop
Seat 2: reiyser collected ($5.90)
Seat 3: padrecico (button) folded before Flop (didn't bet)
Seat 4: LuckyShikari (small blind) folded before Flop
Seat 5: crist_89870 (big blind) folded before Flop
Seat 6: IShowMeat69 folded before Flop (didn't bet)



PokerStars Hand #254720383398:  Hold'em No Limit ($0.50/$1.00 USD) - 2025/02/05 16:45:32 WET [2025/02/05 11:45:32 ET]
Table 'Bohemia' 6-max Seat #4 is the button
Seat 1: blistein ($100 in chips) 
Seat 2: reiyser ($108.29 in chips) 
Seat 3: padrecico ($100 in chips) 
Seat 4: LuckyShikari ($103.63 in chips) 
Seat 5: crist_89870 ($133.34 in chips) 
Seat 6: IShowMeat69 ($42.36 in chips) 
crist_89870: posts small blind $0.50
IShowMeat69: posts big blind $1
*** HOLE CARDS ***
blistein: folds 
blistein leaves the table
reiyser: folds 
padrecico: folds 
LuckyShikari: raises $1 to $2
crist_89870: folds 
IShowMeat69: folds 
Uncalled bet ($1) returned to LuckyShikari
LuckyShikari collected $2.50 from pot
LuckyShikari: doesn't show hand 
*** SUMMARY ***
Total pot $2.50 | Rake $0 
Seat 1: blistein folded before Flop (didn't bet)
Seat 2: reiyser folded before Flop (didn't bet)
Seat 3: padrecico folded before Flop (didn't bet)
Seat 4: LuckyShikari (button) collected ($2.50)
Seat 5: crist_89870 (small blind) folded before Flop
Seat 6: IShowMeat69 (big blind) folded before Flop



PokerStars Hand #254720386678:  Hold'em No Limit ($0.50/$1.00 USD) - 2025/02/05 16:45:47 WET [2025/02/05 11:45:47 ET]
Table 'Bohemia' 6-max Seat #5 is the button
Seat 2: reiyser ($108.29 in chips) 
Seat 3: padrecico ($100 in chips) 
Seat 4: LuckyShikari ($105.13 in chips) 
Seat 5: crist_89870 ($132.84 in chips) 
Seat 6: IShowMeat69 ($41.36 in chips) 
IShowMeat69: posts small blind $0.50
reiyser: posts big blind $1
*** HOLE CARDS ***
padrecico: folds 
LuckyShikari: raises $1.50 to $2.50
crist_89870: folds 
IShowMeat69: folds 
reiyser: folds 
Uncalled bet ($1.50) returned to LuckyShikari
LuckyShikari collected $2.50 from pot
LuckyShikari: doesn't show hand 
*** SUMMARY ***
Total pot $2.50 | Rake $0 
Seat 2: reiyser (big blind) folded before Flop
Seat 3: padrecico folded before Flop (didn't bet)
Seat 4: LuckyShikari collected ($2.50)
Seat 5: crist_89870 (button) folded before Flop (didn't bet)
Seat 6: IShowMeat69 (small blind) folded before Flop



PokerStars Hand #254720392665:  Hold'em No Limit ($0.50/$1.00 USD) - 2025/02/05 16:46:13 WET [2025/02/05 11:46:13 ET]
Table 'Bohemia' 6-max Seat #6 is the button
Seat 2: reiyser ($107.29 in chips) 
Seat 3: padrecico ($100 in chips) 
Seat 4: LuckyShikari ($106.63 in chips) 
Seat 5: crist_89870 ($132.84 in chips) 
Seat 6: IShowMeat69 ($40.86 in chips) 
reiyser: posts small blind $0.50
padrecico: posts big blind $1
*** HOLE CARDS ***
LuckyShikari: folds 
crist_89870: folds 
IShowMeat69: calls $1
reiyser: folds 
padrecico: raises $1.75 to $2.75
Pon4uk.ua joins the table at seat #1 
IShowMeat69: calls $1.75
*** FLOP *** [As Jh 6c]
padrecico: bets $3.99
IShowMeat69: calls $3.99
*** TURN *** [As Jh 6c] [6s]
padrecico: bets $9.30
IShowMeat69: folds 
Uncalled bet ($9.30) returned to padrecico
padrecico collected $13.28 from pot
padrecico: doesn't show hand 
*** SUMMARY ***
Total pot $13.98 | Rake $0.70 
Board [As Jh 6c 6s]
Seat 2: reiyser (small blind) folded before Flop
Seat 3: padrecico (big blind) collected ($13.28)
Seat 4: LuckyShikari folded before Flop (didn't bet)
Seat 5: crist_89870 folded before Flop (didn't bet)
Seat 6: IShowMeat69 (button) folded on the Turn



PokerStars Hand #254720409663:  Hold'em No Limit ($0.50/$1.00 USD) - 2025/02/05 16:47:27 WET [2025/02/05 11:47:27 ET]
Table 'Bohemia' 6-max Seat #2 is the button
Seat 1: Pon4uk.ua ($100 in chips) is sitting out
Seat 2: reiyser ($106.79 in chips) 
Seat 3: padrecico ($106.54 in chips) 
Seat 4: LuckyShikari ($106.63 in chips) 
Seat 5: crist_89870 ($132.84 in chips) 
Seat 6: IShowMeat69 ($34.12 in chips) 
padrecico: posts small blind $0.50
LuckyShikari: posts big blind $1
Pon4uk.ua: sits out 
*** HOLE CARDS ***
crist_89870: folds 
IShowMeat69: folds 
reiyser: folds 
padrecico: raises $2 to $3
LuckyShikari: calls $2
*** FLOP *** [Jh Kh 9h]
padrecico: checks 
IShowMeat69 leaves the table
LuckyShikari: bets $1.70
padrecico: folds 
Uncalled bet ($1.70) returned to LuckyShikari
LuckyShikari collected $5.70 from pot
LuckyShikari: doesn't show hand 
*** SUMMARY ***
Total pot $6 | Rake $0.30 
Board [Jh Kh 9h]
Seat 1: Pon4uk.ua
Seat 2: reiyser (button) folded before Flop (didn't bet)
Seat 3: padrecico (small blind) folded on the Flop
Seat 4: LuckyShikari (big blind) collected ($5.70)
Seat 5: crist_89870 folded before Flop (didn't bet)
Seat 6: IShowMeat69 folded before Flop (didn't bet)



PokerStars Hand #254720416956:  Hold'em No Limit ($0.50/$1.00 USD) - 2025/02/05 16:47:59 WET [2025/02/05 11:47:59 ET]
Table 'Bohemia' 6-max Seat #3 is the button
Seat 1: Pon4uk.ua ($100 in chips) is sitting out
Seat 2: reiyser ($106.79 in chips) 
Seat 3: padrecico ($103.54 in chips) 
Seat 4: LuckyShikari ($109.33 in chips) 
Seat 5: crist_89870 ($132.84 in chips) 
LuckyShikari: posts small blind $0.50
crist_89870: posts big blind $1
Pon4uk.ua: sits out 
*** HOLE CARDS ***
reiyser: folds 
padrecico: folds 
LuckyShikari: folds 
Uncalled bet ($0.50) returned to crist_89870
crist_89870 collected $1 from pot
crist_89870: doesn't show hand 
*** SUMMARY ***
Total pot $1 | Rake $0 
Seat 1: Pon4uk.ua
Seat 2: reiyser folded before Flop (didn't bet)
Seat 3: padrecico (button) folded before Flop (didn't bet)
Seat 4: LuckyShikari (small blind) folded before Flop
Seat 5: crist_89870 (big blind) collected ($1)



PokerStars Hand #254720421032:  Hold'em No Limit ($0.50/$1.00 USD) - 2025/02/05 16:48:16 WET [2025/02/05 11:48:16 ET]
Table 'Bohemia' 6-max Seat #4 is the button
Seat 1: Pon4uk.ua ($100 in chips) 
Seat 2: reiyser ($106.79 in chips) 
Seat 3: padrecico ($103.54 in chips) 
Seat 4: LuckyShikari ($108.83 in chips) 
Seat 5: crist_89870 ($133.34 in chips) 
crist_89870: posts small blind $0.50
Pon4uk.ua: posts big blind $1
*** HOLE CARDS ***
reiyser: folds 
padrecico: folds 
LuckyShikari: raises $1 to $2
crist_89870: folds 
Pon4uk.ua: folds 
Uncalled bet ($1) returned to LuckyShikari
LuckyShikari collected $2.50 from pot
LuckyShikari: doesn't show hand 
*** SUMMARY ***
Total pot $2.50 | Rake $0 
Seat 1: Pon4uk.ua (big blind) folded before Flop
Seat 2: reiyser folded before Flop (didn't bet)
Seat 3: padrecico folded before Flop (didn't bet)
Seat 4: LuckyShikari (button) collected ($2.50)
Seat 5: crist_89870 (small blind) folded before Flop



PokerStars Hand #254720426633:  Hold'em No Limit ($0.50/$1.00 USD) - 2025/02/05 16:48:40 WET [2025/02/05 11:48:40 ET]
Table 'Bohemia' 6-max Seat #5 is the button
Seat 1: Pon4uk.ua ($100 in chips) 
Seat 2: reiyser ($106.79 in chips) 
Seat 3: padrecico ($103.54 in chips) 
Seat 4: LuckyShikari ($110.33 in chips) 
Seat 5: crist_89870 ($132.84 in chips) 
Pon4uk.ua: posts small blind $0.50
reiyser: posts big blind $1
*** HOLE CARDS ***
padrecico: raises $2 to $3
LuckyShikari: raises $6 to $9
crist_89870: folds 
Pon4uk.ua: folds 
reiyser: folds 
padrecico: folds 
Uncalled bet ($6) returned to LuckyShikari
LuckyShikari collected $7.50 from pot
LuckyShikari: doesn't show hand 
*** SUMMARY ***
Total pot $7.50 | Rake $0 
Seat 1: Pon4uk.ua (small blind) folded before Flop
Seat 2: reiyser (big blind) folded before Flop
Seat 3: padrecico folded before Flop
Seat 4: LuckyShikari collected ($7.50)
Seat 5: crist_89870 (button) folded before Flop (didn't bet)



PokerStars Hand #254720432629:  Hold'em No Limit ($0.50/$1.00 USD) - 2025/02/05 16:49:06 WET [2025/02/05 11:49:06 ET]
Table 'Bohemia' 6-max Seat #1 is the button
Seat 1: Pon4uk.ua ($100 in chips) 
Seat 2: reiyser ($105.79 in chips) 
Seat 3: padrecico ($100.54 in chips) 
Seat 4: LuckyShikari ($114.83 in chips) 
Seat 5: crist_89870 ($132.84 in chips) 
reiyser: posts small blind $0.50
padrecico: posts big blind $1
*** HOLE CARDS ***
LuckyShikari: raises $1.50 to $2.50
crist_89870: folds 
Pon4uk.ua: folds 
reiyser: folds 
padrecico: folds 
Uncalled bet ($1.50) returned to LuckyShikari
LuckyShikari collected $2.50 from pot
LuckyShikari: doesn't show hand 
*** SUMMARY ***
Total pot $2.50 | Rake $0 
Seat 1: Pon4uk.ua (button) folded before Flop (didn't bet)
Seat 2: reiyser (small blind) folded before Flop
Seat 3: padrecico (big blind) folded before Flop
Seat 4: LuckyShikari collected ($2.50)
Seat 5: crist_89870 folded before Flop (didn't bet)



PokerStars Hand #254720436677:  Hold'em No Limit ($0.50/$1.00 USD) - 2025/02/05 16:49:24 WET [2025/02/05 11:49:24 ET]
Table 'Bohemia' 6-max Seat #2 is the button
Seat 1: Pon4uk.ua ($100 in chips) 
Seat 2: reiyser ($105.29 in chips) 
Seat 3: padrecico ($100 in chips) 
Seat 4: LuckyShikari ($116.33 in chips) 
Seat 5: crist_89870 ($132.84 in chips) 
padrecico: posts small blind $0.50
LuckyShikari: posts big blind $1
*** HOLE CARDS ***
crist_89870: folds 
Pon4uk.ua: folds 
reiyser: raises $1.23 to $2.23
padrecico: folds 
LuckyShikari: folds 
Uncalled bet ($1.23) returned to reiyser
reiyser collected $2.50 from pot
reiyser: doesn't show hand 
*** SUMMARY ***
Total pot $2.50 | Rake $0 
Seat 1: Pon4uk.ua folded before Flop (didn't bet)
Seat 2: reiyser (button) collected ($2.50)
Seat 3: padrecico (small blind) folded before Flop
Seat 4: LuckyShikari (big blind) folded before Flop
Seat 5: crist_89870 folded before Flop (didn't bet)



PokerStars Hand #254720638755:  Hold'em No Limit ($0.50/$1.00 USD) - 2025/02/05 17:05:24 WET [2025/02/05 12:05:24 ET]
Table 'Bohemia' 6-max Seat #5 is the button
Seat 1: Pon4uk.ua ($101.87 in chips) 
Seat 2: reiyser ($113.27 in chips) 
Seat 3: padrecico ($125.51 in chips) 
Seat 5: coeeeelho ($104.32 in chips) 
Seat 6: Teonanancatl ($100 in chips) 
Teonanancatl: posts small blind $0.50
Pon4uk.ua: posts big blind $1
*** HOLE CARDS ***
reiyser: folds 
padrecico: raises $2 to $3
coeeeelho: folds 
Teonanancatl: folds 
Pon4uk.ua: folds 
Uncalled bet ($2) returned to padrecico
padrecico collected $2.50 from pot
padrecico: doesn't show hand 
*** SUMMARY ***
Total pot $2.50 | Rake $0 
Seat 1: Pon4uk.ua (big blind) folded before Flop
Seat 2: reiyser folded before Flop (didn't bet)
Seat 3: padrecico collected ($2.50)
Seat 5: coeeeelho (button) folded before Flop (didn't bet)
Seat 6: Teonanancatl (small blind) folded before Flop



PokerStars Hand #254720642477:  Hold'em No Limit ($0.50/$1.00 USD) - 2025/02/05 17:05:40 WET [2025/02/05 12:05:40 ET]
Table 'Bohemia' 6-max Seat #6 is the button
Seat 1: Pon4uk.ua ($100.87 in chips) 
Seat 2: reiyser ($113.27 in chips) 
Seat 3: padrecico ($127.01 in chips) 
Seat 5: coeeeelho ($104.32 in chips) 
Seat 6: Teonanancatl ($100 in chips) 
Pon4uk.ua: posts small blind $0.50
reiyser: posts big blind $1
*** HOLE CARDS ***
padrecico: folds 
coeeeelho: folds 
Teonanancatl: folds 
The magic MD joins the table at seat #4 
The magic MD is disconnected 
Pon4uk.ua: raises $2 to $3
reiyser: calls $2
*** FLOP *** [6s Jc 4h]
Pon4uk.ua: bets $2.85
reiyser: calls $2.85
*** TURN *** [6s Jc 4h] [Jd]
Pon4uk.ua: checks 
reiyser: bets $8.45
Pon4uk.ua: calls $8.45
*** RIVER *** [6s Jc 4h Jd] [3c]
Pon4uk.ua: checks 
reiyser: bets $20.65
Pon4uk.ua: folds 
Uncalled bet ($20.65) returned to reiyser
Pon4uk.ua leaves the table
reiyser collected $27.17 from pot
reiyser: doesn't show hand 
*** SUMMARY ***
Total pot $28.60 | Rake $1.43 
Board [6s Jc 4h Jd 3c]
Seat 1: Pon4uk.ua (small blind) folded on the River
Seat 2: reiyser (big blind) collected ($27.17)
Seat 3: padrecico folded before Flop (didn't bet)
Seat 5: coeeeelho folded before Flop (didn't bet)
Seat 6: Teonanancatl (button) folded before Flop (didn't bet)



PokerStars Hand #254720662682:  Hold'em No Limit ($0.50/$1.00 USD) - 2025/02/05 17:07:06 WET [2025/02/05 12:07:06 ET]
Table 'Bohemia' 6-max Seat #2 is the button
Seat 2: reiyser ($126.14 in chips) 
Seat 3: padrecico ($127.01 in chips) 
Seat 4: The magic MD ($15.49 in chips) 
Seat 5: coeeeelho ($104.32 in chips) 
Seat 6: Teonanancatl ($100 in chips) 
padrecico: posts small blind $0.50
The magic MD: posts big blind $1
*** HOLE CARDS ***
coeeeelho: folds 
Teonanancatl: folds 
reiyser: raises $1.23 to $2.23
ponchua joins the table at seat #1 
padrecico: folds 
The magic MD: calls $1.23
*** FLOP *** [Td 3c 9d]
The magic MD: checks 
ponchua leaves the table
reiyser: checks 
*** TURN *** [Td 3c 9d] [Qd]
The magic MD: bets $2.36
reiyser: folds 
Uncalled bet ($2.36) returned to The magic MD
The magic MD collected $4.71 from pot
*** SUMMARY ***
Total pot $4.96 | Rake $0.25 
Board [Td 3c 9d Qd]
Seat 2: reiyser (button) folded on the Turn
Seat 3: padrecico (small blind) folded before Flop
Seat 4: The magic MD (big blind) collected ($4.71)
Seat 5: coeeeelho folded before Flop (didn't bet)
Seat 6: Teonanancatl folded before Flop (didn't bet)



PokerStars Hand #254720671218:  Hold'em No Limit ($0.50/$1.00 USD) - 2025/02/05 17:07:43 WET [2025/02/05 12:07:43 ET]
Table 'Bohemia' 6-max Seat #3 is the button
Seat 2: reiyser ($123.91 in chips) 
Seat 3: padrecico ($126.51 in chips) 
Seat 4: The magic MD ($17.97 in chips) 
Seat 5: coeeeelho ($104.32 in chips) 
Seat 6: Teonanancatl ($100 in chips) 
The magic MD: posts small blind $0.50
coeeeelho: posts big blind $1
*** HOLE CARDS ***
Teonanancatl: folds 
reiyser: folds 
padrecico: raises $2 to $3
The magic MD: raises $14.97 to $17.97 and is all-in
coeeeelho: folds 
padrecico: folds 
Uncalled bet ($14.97) returned to The magic MD
The magic MD collected $7 from pot
*** SUMMARY ***
Total pot $7 | Rake $0 
Seat 2: reiyser folded before Flop (didn't bet)
Seat 3: padrecico (button) folded before Flop
Seat 4: The magic MD (small blind) collected ($7)
Seat 5: coeeeelho (big blind) folded before Flop
Seat 6: Teonanancatl folded before Flop (didn't bet)



PokerStars Hand #254720679271:  Hold'em No Limit ($0.50/$1.00 USD) - 2025/02/05 17:08:17 WET [2025/02/05 12:08:17 ET]
Table 'Bohemia' 6-max Seat #4 is the button
Seat 2: reiyser ($123.91 in chips) 
Seat 3: padrecico ($123.51 in chips) 
Seat 4: The magic MD ($21.97 in chips) 
Seat 5: coeeeelho ($103.32 in chips) 
Seat 6: Teonanancatl ($100 in chips) 
coeeeelho: posts small blind $0.50
Teonanancatl: posts big blind $1
*** HOLE CARDS ***
reiyser: folds 
padrecico: folds 
The magic MD: folds 
coeeeelho: folds 
Uncalled bet ($0.50) returned to Teonanancatl
Teonanancatl collected $1 from pot
Teonanancatl: doesn't show hand 
*** SUMMARY ***
Total pot $1 | Rake $0 
Seat 2: reiyser folded before Flop (didn't bet)
Seat 3: padrecico folded before Flop (didn't bet)
Seat 4: The magic MD (button) folded before Flop (didn't bet)
Seat 5: coeeeelho (small blind) folded before Flop
Seat 6: Teonanancatl (big blind) collected ($1)



PokerStars Hand #254720439953:  Hold'em No Limit ($0.50/$1.00 USD) - 2025/02/05 16:49:38 WET [2025/02/05 11:49:38 ET]
Table 'Bohemia' 6-max Seat #3 is the button
Seat 1: Pon4uk.ua ($100 in chips) 
Seat 2: reiyser ($106.79 in chips) 
Seat 3: padrecico ($100 in chips) 
Seat 4: LuckyShikari ($115.33 in chips) 
Seat 5: crist_89870 ($132.84 in chips) 
LuckyShikari: posts small blind $0.50
crist_89870: posts big blind $1
*** HOLE CARDS ***
Pon4uk.ua: raises $1 to $2
reiyser: folds 
padrecico: folds 
LuckyShikari: folds 
innovator000 joins the table at seat #6 
crist_89870: calls $1
*** FLOP *** [Ac 5s 6d]
crist_89870: checks 
Pon4uk.ua: bets $1.41
crist_89870: calls $1.41
*** TURN *** [Ac 5s 6d] [Jc]
crist_89870: checks 
Pon4uk.ua: checks 
*** RIVER *** [Ac 5s 6d Jc] [3s]
crist_89870: bets $5.21
Pon4uk.ua: folds 
Uncalled bet ($5.21) returned to crist_89870
Pon4uk.ua leaves the table
crist_89870 collected $6.95 from pot
crist_89870: doesn't show hand 
*** SUMMARY ***
Total pot $7.32 | Rake $0.37 
Board [Ac 5s 6d Jc 3s]
Seat 1: Pon4uk.ua folded on the River
Seat 2: reiyser folded before Flop (didn't bet)
Seat 3: padrecico (button) folded before Flop (didn't bet)
Seat 4: LuckyShikari (small blind) folded before Flop
Seat 5: crist_89870 (big blind) collected ($6.95)



PokerStars Hand #254720454492:  Hold'em No Limit ($0.50/$1.00 USD) - 2025/02/05 16:50:42 WET [2025/02/05 11:50:42 ET]
Table 'Bohemia' 6-max Seat #4 is the button
Seat 2: reiyser ($106.79 in chips) 
Seat 3: padrecico ($100 in chips) 
Seat 4: LuckyShikari ($114.83 in chips) 
Seat 5: crist_89870 ($136.38 in chips) 
Seat 6: innovator000 ($100 in chips) 
crist_89870: posts small blind $0.50
innovator000: posts big blind $1
*** HOLE CARDS ***
reiyser: folds 
padrecico: raises $2 to $3
LuckyShikari: folds 
crist_89870: folds 
innovator000: folds 
Uncalled bet ($2) returned to padrecico
innovator000 leaves the table
padrecico collected $2.50 from pot
padrecico: doesn't show hand 
*** SUMMARY ***
Total pot $2.50 | Rake $0 
Seat 2: reiyser folded before Flop (didn't bet)
Seat 3: padrecico collected ($2.50)
Seat 4: LuckyShikari (button) folded before Flop (didn't bet)
Seat 5: crist_89870 (small blind) folded before Flop
Seat 6: innovator000 (big blind) folded before Flop



PokerStars Hand #254720457561:  Hold'em No Limit ($0.50/$1.00 USD) - 2025/02/05 16:50:55 WET [2025/02/05 11:50:55 ET]
Table 'Bohemia' 6-max Seat #5 is the button
Seat 2: reiyser ($106.79 in chips) 
Seat 3: padrecico ($101.50 in chips) 
Seat 4: LuckyShikari ($114.83 in chips) 
Seat 5: crist_89870 ($135.88 in chips) 
reiyser: posts small blind $0.50
padrecico: posts big blind $1
*** HOLE CARDS ***
LuckyShikari: folds 
crist_89870: folds 
reiyser: raises $1.80 to $2.80
padrecico: folds 
Uncalled bet ($1.80) returned to reiyser
reiyser collected $2 from pot
reiyser: doesn't show hand 
*** SUMMARY ***
Total pot $2 | Rake $0 
Seat 2: reiyser (small blind) collected ($2)
Seat 3: padrecico (big blind) folded before Flop
Seat 4: LuckyShikari folded before Flop (didn't bet)
Seat 5: crist_89870 (button) folded before Flop (didn't bet)



PokerStars Hand #254720461213:  Hold'em No Limit ($0.50/$1.00 USD) - 2025/02/05 16:51:11 WET [2025/02/05 11:51:11 ET]
Table 'Bohemia' 6-max Seat #2 is the button
Seat 4: LuckyShikari ($114.83 in chips) is sitting out
Seat 2: reiyser ($107.79 in chips) 
Seat 3: padrecico ($100.50 in chips) 
Seat 5: crist_89870 ($135.88 in chips) 
padrecico: posts small blind $0.50
LuckyShikari: is sitting out 
crist_89870: posts big blind $1
*** HOLE CARDS ***
reiyser: raises $1.23 to $2.23
padrecico: raises $3.82 to $6.05
crist_89870: folds 
reiyser: calls $3.82
*** FLOP *** [8c Jd Ks]
padrecico: bets $8.71
reiyser: folds 
Uncalled bet ($8.71) returned to padrecico
padrecico collected $12.44 from pot
padrecico: doesn't show hand 
*** SUMMARY ***
Total pot $13.10 | Rake $0.66 
Board [8c Jd Ks]
Seat 4: LuckyShikari
Seat 2: reiyser (button) folded on the Flop
Seat 3: padrecico (small blind) collected ($12.44)
Seat 5: crist_89870 (big blind) folded before Flop



PokerStars Hand #254720467732:  Hold'em No Limit ($0.50/$1.00 USD) - 2025/02/05 16:51:40 WET [2025/02/05 11:51:40 ET]
Table 'Bohemia' 6-max Seat #3 is the button
Seat 4: LuckyShikari ($114.83 in chips) is sitting out
Seat 2: reiyser ($101.74 in chips) 
Seat 3: padrecico ($106.89 in chips) 
Seat 5: crist_89870 ($134.88 in chips) 
crist_89870: posts small blind $0.50
reiyser: posts big blind $1
*** HOLE CARDS ***
padrecico: folds 
crist_89870: folds 
Uncalled bet ($0.50) returned to reiyser
reiyser collected $1 from pot
reiyser: doesn't show hand 
*** SUMMARY ***
Total pot $1 | Rake $0 
Seat 4: LuckyShikari
Seat 2: reiyser (big blind) collected ($1)
Seat 3: padrecico (button) folded before Flop (didn't bet)
Seat 5: crist_89870 (small blind) folded before Flop



PokerStars Hand #254720470169:  Hold'em No Limit ($0.50/$1.00 USD) - 2025/02/05 16:51:51 WET [2025/02/05 11:51:51 ET]
Table 'Bohemia' 6-max Seat #5 is the button
Seat 4: LuckyShikari ($114.83 in chips) is sitting out
Seat 2: reiyser ($102.24 in chips) 
Seat 3: padrecico ($106.89 in chips) 
Seat 5: crist_89870 ($134.38 in chips) 
reiyser: posts small blind $0.50
padrecico: posts big blind $1
*** HOLE CARDS ***
crist_89870: folds 
Pon4uk.ua joins the table at seat #1 
reiyser: raises $1.80 to $2.80
padrecico: calls $1.80
*** FLOP *** [5d 4c Ts]
LuckyShikari leaves the table
crist_89870 leaves the table
2009Adrian1988 joins the table at seat #6 
2009Adrian1988 is disconnected 
b2k-Snick joins the table at seat #4 
reiyser: checks 
yzuk joins the table at seat #5 
padrecico: bets $3.72
reiyser: calls $3.72
*** TURN *** [5d 4c Ts] [Js]
reiyser: checks 
padrecico: checks 
*** RIVER *** [5d 4c Ts Js] [3h]
reiyser: bets $6.44
padrecico: folds 
Uncalled bet ($6.44) returned to reiyser
reiyser collected $12.39 from pot
reiyser: doesn't show hand 
*** SUMMARY ***
Total pot $13.04 | Rake $0.65 
Board [5d 4c Ts Js 3h]
Seat 4: LuckyShikari
Seat 2: reiyser (small blind) collected ($12.39)
Seat 3: padrecico (big blind) folded on the River
Seat 5: crist_89870 (button) folded before Flop (didn't bet)



PokerStars Hand #254720483907:  Hold'em No Limit ($0.50/$1.00 USD) - 2025/02/05 16:52:51 WET [2025/02/05 11:52:51 ET]
Table 'Bohemia' 6-max Seat #2 is the button
Seat 1: Pon4uk.ua ($100 in chips) is sitting out
Seat 5: yzuk ($100 in chips) is sitting out
Seat 2: reiyser ($108.11 in chips) 
Seat 3: padrecico ($100.37 in chips) 
Seat 4: b2k-Snick ($100 in chips) 
Seat 6: 2009Adrian1988 ($30.75 in chips) 
padrecico: posts small blind $0.50
b2k-Snick: posts big blind $1
yzuk: sits out 
2009Adrian1988: posts big blind $1
Pon4uk.ua: sits out 
*** HOLE CARDS ***
2009Adrian1988: checks 
reiyser: folds 
padrecico: folds 
b2k-Snick: raises $3 to $4
2009Adrian1988: folds 
Uncalled bet ($3) returned to b2k-Snick
b2k-Snick collected $2.50 from pot
b2k-Snick: doesn't show hand 
*** SUMMARY ***
Total pot $2.50 | Rake $0 
Seat 1: Pon4uk.ua
Seat 5: yzuk
Seat 2: reiyser (button) folded before Flop (didn't bet)
Seat 3: padrecico (small blind) folded before Flop
Seat 4: b2k-Snick (big blind) collected ($2.50)
Seat 6: 2009Adrian1988 folded before Flop (didn't bet)



PokerStars Hand #254720488832:  Hold'em No Limit ($0.50/$1.00 USD) - 2025/02/05 16:53:12 WET [2025/02/05 11:53:12 ET]
Table 'Bohemia' 6-max Seat #3 is the button
Seat 1: Pon4uk.ua ($100 in chips) is sitting out
Seat 2: reiyser ($108.11 in chips) 
Seat 3: padrecico ($100 in chips) 
Seat 4: b2k-Snick ($101.50 in chips) 
Seat 5: yzuk ($100 in chips) 
Seat 6: 2009Adrian1988 ($29.75 in chips) 
b2k-Snick: posts small blind $0.50
yzuk: posts big blind $1
Pon4uk.ua: sits out 
*** HOLE CARDS ***
2009Adrian1988: calls $1
reiyser: folds 
padrecico: folds 
b2k-Snick: calls $0.50
yzuk: raises $4 to $5
2009Adrian1988: calls $4
b2k-Snick: folds 
*** FLOP *** [Qs 4d Tc]
yzuk: checks 
2009Adrian1988: checks 
*** TURN *** [Qs 4d Tc] [2d]
yzuk: bets $3.55
2009Adrian1988: folds 
Uncalled bet ($3.55) returned to yzuk
yzuk collected $10.45 from pot
yzuk: doesn't show hand 
*** SUMMARY ***
Total pot $11 | Rake $0.55 
Board [Qs 4d Tc 2d]
Seat 1: Pon4uk.ua
Seat 2: reiyser folded before Flop (didn't bet)
Seat 3: padrecico (button) folded before Flop (didn't bet)
Seat 4: b2k-Snick (small blind) folded before Flop
Seat 5: yzuk (big blind) collected ($10.45)
Seat 6: 2009Adrian1988 folded on the Turn



PokerStars Hand #254720498284:  Hold'em No Limit ($0.50/$1.00 USD) - 2025/02/05 16:53:53 WET [2025/02/05 11:53:53 ET]
Table 'Bohemia' 6-max Seat #4 is the button
Seat 1: Pon4uk.ua ($100 in chips) is sitting out
Seat 2: reiyser ($108.11 in chips) 
Seat 3: padrecico ($100 in chips) 
Seat 4: b2k-Snick ($100.50 in chips) 
Seat 5: yzuk ($105.45 in chips) 
Seat 6: 2009Adrian1988 ($24.75 in chips) 
yzuk: posts small blind $0.50
2009Adrian1988: posts big blind $1
Pon4uk.ua: sits out 
*** HOLE CARDS ***
reiyser: folds 
padrecico: raises $2 to $3
b2k-Snick: raises $6 to $9
yzuk: folds 
2009Adrian1988: folds 
padrecico: folds 
Uncalled bet ($6) returned to b2k-Snick
b2k-Snick collected $7.50 from pot
b2k-Snick: doesn't show hand 
*** SUMMARY ***
Total pot $7.50 | Rake $0 
Seat 1: Pon4uk.ua
Seat 2: reiyser folded before Flop (didn't bet)
Seat 3: padrecico folded before Flop
Seat 4: b2k-Snick (button) collected ($7.50)
Seat 5: yzuk (small blind) folded before Flop
Seat 6: 2009Adrian1988 (big blind) folded before Flop



PokerStars Hand #254720501932:  Hold'em No Limit ($0.50/$1.00 USD) - 2025/02/05 16:54:09 WET [2025/02/05 11:54:09 ET]
Table 'Bohemia' 6-max Seat #5 is the button
Seat 1: Pon4uk.ua ($100 in chips) 
Seat 2: reiyser ($108.11 in chips) 
Seat 3: padrecico ($100 in chips) 
Seat 4: b2k-Snick ($105 in chips) 
Seat 5: yzuk ($104.95 in chips) 
Seat 6: 2009Adrian1988 ($23.75 in chips) 
2009Adrian1988: posts small blind $0.50
Pon4uk.ua: posts big blind $1
*** HOLE CARDS ***
reiyser: folds 
padrecico: folds 
b2k-Snick: folds 
yzuk: folds 
2009Adrian1988: folds 
Uncalled bet ($0.50) returned to Pon4uk.ua
Pon4uk.ua collected $1 from pot
Pon4uk.ua: doesn't show hand 
*** SUMMARY ***
Total pot $1 | Rake $0 
Seat 1: Pon4uk.ua (big blind) collected ($1)
Seat 2: reiyser folded before Flop (didn't bet)
Seat 3: padrecico folded before Flop (didn't bet)
Seat 4: b2k-Snick folded before Flop (didn't bet)
Seat 5: yzuk (button) folded before Flop (didn't bet)
Seat 6: 2009Adrian1988 (small blind) folded before Flop



PokerStars Hand #254720505316:  Hold'em No Limit ($0.50/$1.00 USD) - 2025/02/05 16:54:24 WET [2025/02/05 11:54:24 ET]
Table 'Bohemia' 6-max Seat #6 is the button
Seat 1: Pon4uk.ua ($100.50 in chips) 
Seat 2: reiyser ($108.11 in chips) 
Seat 3: padrecico ($100 in chips) 
Seat 4: b2k-Snick ($105 in chips) 
Seat 5: yzuk ($104.95 in chips) 
Seat 6: 2009Adrian1988 ($23.25 in chips) 
Pon4uk.ua: posts small blind $0.50
reiyser: posts big blind $1
*** HOLE CARDS ***
padrecico: folds 
b2k-Snick: folds 
yzuk: folds 
2009Adrian1988: folds 
Pon4uk.ua: raises $1.75 to $2.75
reiyser: folds 
Uncalled bet ($1.75) returned to Pon4uk.ua
Pon4uk.ua collected $2 from pot
Pon4uk.ua: doesn't show hand 
*** SUMMARY ***
Total pot $2 | Rake $0 
Seat 1: Pon4uk.ua (small blind) collected ($2)
Seat 2: reiyser (big blind) folded before Flop
Seat 3: padrecico folded before Flop (didn't bet)
Seat 4: b2k-Snick folded before Flop (didn't bet)
Seat 5: yzuk folded before Flop (didn't bet)
Seat 6: 2009Adrian1988 (button) folded before Flop (didn't bet)



PokerStars Hand #254720510006:  Hold'em No Limit ($0.50/$1.00 USD) - 2025/02/05 16:54:44 WET [2025/02/05 11:54:44 ET]
Table 'Bohemia' 6-max Seat #1 is the button
Seat 1: Pon4uk.ua ($101.50 in chips) 
Seat 2: reiyser ($107.11 in chips) 
Seat 3: padrecico ($100 in chips) 
Seat 4: b2k-Snick ($105 in chips) 
Seat 5: yzuk ($104.95 in chips) 
Seat 6: 2009Adrian1988 ($23.25 in chips) 
reiyser: posts small blind $0.50
padrecico: posts big blind $1
*** HOLE CARDS ***
b2k-Snick: folds 
yzuk: folds 
2009Adrian1988: folds 
Pon4uk.ua: folds 
reiyser: raises $1.80 to $2.80
padrecico: calls $1.80
*** FLOP *** [3c 9s Qd]
reiyser: bets $1.54
padrecico: calls $1.54
*** TURN *** [3c 9s Qd] [Kd]
reiyser: bets $6.27
padrecico: folds 
Uncalled bet ($6.27) returned to reiyser
reiyser collected $8.25 from pot
reiyser: doesn't show hand 
*** SUMMARY ***
Total pot $8.68 | Rake $0.43 
Board [3c 9s Qd Kd]
Seat 1: Pon4uk.ua (button) folded before Flop (didn't bet)
Seat 2: reiyser (small blind) collected ($8.25)
Seat 3: padrecico (big blind) folded on the Turn
Seat 4: b2k-Snick folded before Flop (didn't bet)
Seat 5: yzuk folded before Flop (didn't bet)
Seat 6: 2009Adrian1988 folded before Flop (didn't bet)



PokerStars Hand #254720520077:  Hold'em No Limit ($0.50/$1.00 USD) - 2025/02/05 16:55:35 WET [2025/02/05 11:55:35 ET]
Table 'Bohemia' 6-max Seat #2 is the button
Seat 1: Pon4uk.ua ($101.50 in chips) 
Seat 2: reiyser ($111.02 in chips) 
Seat 3: padrecico ($100 in chips) 
Seat 4: b2k-Snick ($105 in chips) 
Seat 5: yzuk ($104.95 in chips) 
Seat 6: 2009Adrian1988 ($23.25 in chips) 
padrecico: posts small blind $0.50
b2k-Snick: posts big blind $1
*** HOLE CARDS ***
yzuk: folds 
2009Adrian1988: calls $1
Pon4uk.ua: folds 
reiyser: folds 
padrecico: folds 
b2k-Snick: checks 
*** FLOP *** [Ks 9d 8s]
b2k-Snick: checks 
2009Adrian1988: bets $1
b2k-Snick: folds 
Uncalled bet ($1) returned to 2009Adrian1988
2009Adrian1988 collected $2.35 from pot
*** SUMMARY ***
Total pot $2.50 | Rake $0.15 
Board [Ks 9d 8s]
Seat 1: Pon4uk.ua folded before Flop (didn't bet)
Seat 2: reiyser (button) folded before Flop (didn't bet)
Seat 3: padrecico (small blind) folded before Flop
Seat 4: b2k-Snick (big blind) folded on the Flop
Seat 5: yzuk folded before Flop (didn't bet)
Seat 6: 2009Adrian1988 collected ($2.35)



PokerStars Hand #254720525380:  Hold'em No Limit ($0.50/$1.00 USD) - 2025/02/05 16:56:06 WET [2025/02/05 11:56:06 ET]
Table 'Bohemia' 6-max Seat #3 is the button
Seat 1: Pon4uk.ua ($101.50 in chips) 
Seat 2: reiyser ($111.02 in chips) 
Seat 3: padrecico ($100 in chips) 
Seat 4: b2k-Snick ($104 in chips) 
Seat 5: yzuk ($104.95 in chips) 
Seat 6: 2009Adrian1988 ($24.60 in chips) 
b2k-Snick: posts small blind $0.50
yzuk: posts big blind $1
*** HOLE CARDS ***
2009Adrian1988: raises $1 to $2
Pon4uk.ua: folds 
reiyser: folds 
padrecico: folds 
b2k-Snick: folds 
yzuk: calls $1
*** FLOP *** [4h 5d Qs]
yzuk: bets $1.46
2009Adrian1988: raises $1.46 to $2.92
yzuk: folds 
Uncalled bet ($1.46) returned to 2009Adrian1988
2009Adrian1988 collected $6.96 from pot
*** SUMMARY ***
Total pot $7.42 | Rake $0.46 
Board [4h 5d Qs]
Seat 1: Pon4uk.ua folded before Flop (didn't bet)
Seat 2: reiyser folded before Flop (didn't bet)
Seat 3: padrecico (button) folded before Flop (didn't bet)
Seat 4: b2k-Snick (small blind) folded before Flop
Seat 5: yzuk (big blind) folded on the Flop
Seat 6: 2009Adrian1988 collected ($6.96)



PokerStars Hand #254720529905:  Hold'em No Limit ($0.50/$1.00 USD) - 2025/02/05 16:56:31 WET [2025/02/05 11:56:31 ET]
Table 'Bohemia' 6-max Seat #4 is the button
Seat 1: Pon4uk.ua ($101.50 in chips) 
Seat 2: reiyser ($111.02 in chips) 
Seat 3: padrecico ($100 in chips) 
Seat 4: b2k-Snick ($103.50 in chips) 
Seat 5: yzuk ($101.49 in chips) 
Seat 6: 2009Adrian1988 ($28.10 in chips) 
yzuk: posts small blind $0.50
2009Adrian1988: posts big blind $1
*** HOLE CARDS ***
Pon4uk.ua: folds 
reiyser: raises $1.23 to $2.23
padrecico: folds 
b2k-Snick: folds 
yzuk: folds 
2009Adrian1988: folds 
Uncalled bet ($1.23) returned to reiyser
reiyser collected $2.50 from pot
reiyser: doesn't show hand 
*** SUMMARY ***
Total pot $2.50 | Rake $0 
Seat 1: Pon4uk.ua folded before Flop (didn't bet)
Seat 2: reiyser collected ($2.50)
Seat 3: padrecico folded before Flop (didn't bet)
Seat 4: b2k-Snick (button) folded before Flop (didn't bet)
Seat 5: yzuk (small blind) folded before Flop
Seat 6: 2009Adrian1988 (big blind) folded before Flop



PokerStars Hand #254720533193:  Hold'em No Limit ($0.50/$1.00 USD) - 2025/02/05 16:56:50 WET [2025/02/05 11:56:50 ET]
Table 'Bohemia' 6-max Seat #5 is the button
Seat 1: Pon4uk.ua ($101.50 in chips) 
Seat 2: reiyser ($112.52 in chips) 
Seat 3: padrecico ($100 in chips) 
Seat 4: b2k-Snick ($103.50 in chips) 
Seat 5: yzuk ($100.99 in chips) 
Seat 6: 2009Adrian1988 ($27.10 in chips) 
2009Adrian1988: posts small blind $0.50
Pon4uk.ua: posts big blind $1
*** HOLE CARDS ***
reiyser: folds 
padrecico: folds 
b2k-Snick: folds 
yzuk: raises $1.50 to $2.50
2009Adrian1988: folds 
Pon4uk.ua: folds 
Uncalled bet ($1.50) returned to yzuk
yzuk collected $2.50 from pot
yzuk: doesn't show hand 
*** SUMMARY ***
Total pot $2.50 | Rake $0 
Seat 1: Pon4uk.ua (big blind) folded before Flop
Seat 2: reiyser folded before Flop (didn't bet)
Seat 3: padrecico folded before Flop (didn't bet)
Seat 4: b2k-Snick folded before Flop (didn't bet)
Seat 5: yzuk (button) collected ($2.50)
Seat 6: 2009Adrian1988 (small blind) folded before Flop



PokerStars Hand #254720536197:  Hold'em No Limit ($0.50/$1.00 USD) - 2025/02/05 16:57:08 WET [2025/02/05 11:57:08 ET]
Table 'Bohemia' 6-max Seat #6 is the button
Seat 1: Pon4uk.ua ($100.50 in chips) 
Seat 2: reiyser ($112.52 in chips) 
Seat 3: padrecico ($100 in chips) 
Seat 4: b2k-Snick ($103.50 in chips) 
Seat 5: yzuk ($102.49 in chips) 
Seat 6: 2009Adrian1988 ($26.60 in chips) 
Pon4uk.ua: posts small blind $0.50
reiyser: posts big blind $1
*** HOLE CARDS ***
padrecico: folds 
b2k-Snick: folds 
yzuk: folds 
2009Adrian1988: folds 
Pon4uk.ua: folds 
Uncalled bet ($0.50) returned to reiyser
reiyser collected $1 from pot
reiyser: doesn't show hand 
*** SUMMARY ***
Total pot $1 | Rake $0 
Seat 1: Pon4uk.ua (small blind) folded before Flop
Seat 2: reiyser (big blind) collected ($1)
Seat 3: padrecico folded before Flop (didn't bet)
Seat 4: b2k-Snick folded before Flop (didn't bet)
Seat 5: yzuk folded before Flop (didn't bet)
Seat 6: 2009Adrian1988 (button) folded before Flop (didn't bet)



PokerStars Hand #254720539035:  Hold'em No Limit ($0.50/$1.00 USD) - 2025/02/05 16:57:23 WET [2025/02/05 11:57:23 ET]
Table 'Bohemia' 6-max Seat #1 is the button
Seat 1: Pon4uk.ua ($100 in chips) 
Seat 2: reiyser ($113.02 in chips) 
Seat 3: padrecico ($100 in chips) 
Seat 4: b2k-Snick ($103.50 in chips) 
Seat 5: yzuk ($102.49 in chips) 
Seat 6: 2009Adrian1988 ($26.60 in chips) 
reiyser: posts small blind $0.50
padrecico: posts big blind $1
*** HOLE CARDS ***
b2k-Snick: folds 
yzuk: folds 
2009Adrian1988: folds 
Pon4uk.ua: folds 
reiyser: raises $1.80 to $2.80
padrecico: folds 
Uncalled bet ($1.80) returned to reiyser
reiyser collected $2 from pot
reiyser: doesn't show hand 
*** SUMMARY ***
Total pot $2 | Rake $0 
Seat 1: Pon4uk.ua (button) folded before Flop (didn't bet)
Seat 2: reiyser (small blind) collected ($2)
Seat 3: padrecico (big blind) folded before Flop
Seat 4: b2k-Snick folded before Flop (didn't bet)
Seat 5: yzuk folded before Flop (didn't bet)
Seat 6: 2009Adrian1988 folded before Flop (didn't bet)



PokerStars Hand #254720542532:  Hold'em No Limit ($0.50/$1.00 USD) - 2025/02/05 16:57:43 WET [2025/02/05 11:57:43 ET]
Table 'Bohemia' 6-max Seat #2 is the button
Seat 1: Pon4uk.ua ($100 in chips) 
Seat 2: reiyser ($114.02 in chips) 
Seat 3: padrecico ($100 in chips) 
Seat 4: b2k-Snick ($103.50 in chips) 
Seat 5: yzuk ($102.49 in chips) 
Seat 6: 2009Adrian1988 ($26.60 in chips) 
padrecico: posts small blind $0.50
b2k-Snick: posts big blind $1
*** HOLE CARDS ***
yzuk: folds 
2009Adrian1988: folds 
Pon4uk.ua: folds 
reiyser: raises $1.23 to $2.23
padrecico: folds 
b2k-Snick: folds 
Uncalled bet ($1.23) returned to reiyser
reiyser collected $2.50 from pot
reiyser: doesn't show hand 
*** SUMMARY ***
Total pot $2.50 | Rake $0 
Seat 1: Pon4uk.ua folded before Flop (didn't bet)
Seat 2: reiyser (button) collected ($2.50)
Seat 3: padrecico (small blind) folded before Flop
Seat 4: b2k-Snick (big blind) folded before Flop
Seat 5: yzuk folded before Flop (didn't bet)
Seat 6: 2009Adrian1988 folded before Flop (didn't bet)



PokerStars Hand #254720546496:  Hold'em No Limit ($0.50/$1.00 USD) - 2025/02/05 16:58:05 WET [2025/02/05 11:58:05 ET]
Table 'Bohemia' 6-max Seat #3 is the button
Seat 1: Pon4uk.ua ($100 in chips) 
Seat 2: reiyser ($115.52 in chips) 
Seat 3: padrecico ($100 in chips) 
Seat 4: b2k-Snick ($102.50 in chips) 
Seat 5: yzuk ($102.49 in chips) 
Seat 6: 2009Adrian1988 ($26.60 in chips) 
b2k-Snick: posts small blind $0.50
yzuk: posts big blind $1
*** HOLE CARDS ***
2009Adrian1988: folds 
Pon4uk.ua: folds 
reiyser: folds 
padrecico: raises $2 to $3
b2k-Snick: folds 
yzuk: folds 
Uncalled bet ($2) returned to padrecico
padrecico collected $2.50 from pot
padrecico: doesn't show hand 
*** SUMMARY ***
Total pot $2.50 | Rake $0 
Seat 1: Pon4uk.ua folded before Flop (didn't bet)
Seat 2: reiyser folded before Flop (didn't bet)
Seat 3: padrecico (button) collected ($2.50)
Seat 4: b2k-Snick (small blind) folded before Flop
Seat 5: yzuk (big blind) folded before Flop
Seat 6: 2009Adrian1988 folded before Flop (didn't bet)



PokerStars Hand #254720550542:  Hold'em No Limit ($0.50/$1.00 USD) - 2025/02/05 16:58:28 WET [2025/02/05 11:58:28 ET]
Table 'Bohemia' 6-max Seat #4 is the button
Seat 1: Pon4uk.ua ($100 in chips) 
Seat 2: reiyser ($115.52 in chips) 
Seat 3: padrecico ($101.50 in chips) 
Seat 4: b2k-Snick ($102 in chips) 
Seat 5: yzuk ($101.49 in chips) 
Seat 6: 2009Adrian1988 ($26.60 in chips) 
yzuk: posts small blind $0.50
2009Adrian1988: posts big blind $1
*** HOLE CARDS ***
Pon4uk.ua: folds 
reiyser: folds 
padrecico: folds 
b2k-Snick: folds 
yzuk: raises $2 to $3
2009Adrian1988: calls $2
*** FLOP *** [Ah Ts 5s]
yzuk: bets $1.48
2009Adrian1988: calls $1.48
*** TURN *** [Ah Ts 5s] [8h]
yzuk: bets $2.21
2009Adrian1988: calls $2.21
*** RIVER *** [Ah Ts 5s 8h] [9c]
yzuk: bets $94.80 and is all-in
2009Adrian1988: calls $19.91 and is all-in
Uncalled bet ($74.89) returned to yzuk
*** SHOW DOWN ***
yzuk: shows [Jc Qd] (a straight, Eight to Queen)
2009Adrian1988: shows [Qs Jd] (a straight, Eight to Queen)
yzuk collected $25.35 from pot
2009Adrian1988 collected $25.04 from pot
*** SUMMARY ***
Total pot $53.20 | Rake $2.81 
Board [Ah Ts 5s 8h 9c]
Seat 1: Pon4uk.ua folded before Flop (didn't bet)
Seat 2: reiyser folded before Flop (didn't bet)
Seat 3: padrecico folded before Flop (didn't bet)
Seat 4: b2k-Snick (button) folded before Flop (didn't bet)
Seat 5: yzuk (small blind) showed [Jc Qd] and won ($25.35) with a straight, Eight to Queen
Seat 6: 2009Adrian1988 (big blind) showed [Qs Jd] and won ($25.04) with a straight, Eight to Queen



PokerStars Hand #254720560891:  Hold'em No Limit ($0.50/$1.00 USD) - 2025/02/05 16:59:26 WET [2025/02/05 11:59:26 ET]
Table 'Bohemia' 6-max Seat #5 is the button
Seat 1: Pon4uk.ua ($100 in chips) 
Seat 2: reiyser ($115.52 in chips) 
Seat 3: padrecico ($101.50 in chips) 
Seat 4: b2k-Snick ($102 in chips) 
Seat 5: yzuk ($100.24 in chips) 
Seat 6: 2009Adrian1988 ($25.04 in chips) 
2009Adrian1988: posts small blind $0.50
Pon4uk.ua: posts big blind $1
*** HOLE CARDS ***
reiyser: folds 
padrecico: folds 
b2k-Snick: folds 
yzuk: folds 
2009Adrian1988: calls $0.50
Pon4uk.ua: checks 
*** FLOP *** [9c Kd 2d]
2009Adrian1988: checks 
Pon4uk.ua: bets $1
2009Adrian1988: folds 
Uncalled bet ($1) returned to Pon4uk.ua
Pon4uk.ua collected $1.90 from pot
Pon4uk.ua: doesn't show hand 
*** SUMMARY ***
Total pot $2 | Rake $0.10 
Board [9c Kd 2d]
Seat 1: Pon4uk.ua (big blind) collected ($1.90)
Seat 2: reiyser folded before Flop (didn't bet)
Seat 3: padrecico folded before Flop (didn't bet)
Seat 4: b2k-Snick folded before Flop (didn't bet)
Seat 5: yzuk (button) folded before Flop (didn't bet)
Seat 6: 2009Adrian1988 (small blind) folded on the Flop



PokerStars Hand #254720565313:  Hold'em No Limit ($0.50/$1.00 USD) - 2025/02/05 16:59:50 WET [2025/02/05 11:59:50 ET]
Table 'Bohemia' 6-max Seat #6 is the button
Seat 1: Pon4uk.ua ($100.90 in chips) 
Seat 2: reiyser ($115.52 in chips) 
Seat 3: padrecico ($101.50 in chips) 
Seat 4: b2k-Snick ($102 in chips) 
Seat 5: yzuk ($100.24 in chips) 
Seat 6: 2009Adrian1988 ($24.04 in chips) 
Pon4uk.ua: posts small blind $0.50
reiyser: posts big blind $1
*** HOLE CARDS ***
padrecico: folds 
b2k-Snick: folds 
yzuk: folds 
2009Adrian1988: folds 
Pon4uk.ua: raises $1.75 to $2.75
reiyser: calls $1.75
*** FLOP *** [3c 5s Qh]
Pon4uk.ua: bets $1.72
reiyser: folds 
Uncalled bet ($1.72) returned to Pon4uk.ua
Pon4uk.ua collected $5.22 from pot
Pon4uk.ua: doesn't show hand 
*** SUMMARY ***
Total pot $5.50 | Rake $0.28 
Board [3c 5s Qh]
Seat 1: Pon4uk.ua (small blind) collected ($5.22)
Seat 2: reiyser (big blind) folded on the Flop
Seat 3: padrecico folded before Flop (didn't bet)
Seat 4: b2k-Snick folded before Flop (didn't bet)
Seat 5: yzuk folded before Flop (didn't bet)
Seat 6: 2009Adrian1988 (button) folded before Flop (didn't bet)



PokerStars Hand #254720572452:  Hold'em No Limit ($0.50/$1.00 USD) - 2025/02/05 17:00:29 WET [2025/02/05 12:00:29 ET]
Table 'Bohemia' 6-max Seat #1 is the button
Seat 1: Pon4uk.ua ($103.37 in chips) 
Seat 2: reiyser ($112.77 in chips) 
Seat 3: padrecico ($101.50 in chips) 
Seat 4: b2k-Snick ($102 in chips) 
Seat 5: yzuk ($100.24 in chips) 
Seat 6: 2009Adrian1988 ($24.04 in chips) 
reiyser: posts small blind $0.50
padrecico: posts big blind $1
*** HOLE CARDS ***
b2k-Snick: folds 
yzuk: folds 
2009Adrian1988: calls $1
Pon4uk.ua: folds 
reiyser: calls $0.50
padrecico: raises $2 to $3
2009Adrian1988: calls $2
reiyser: folds 
*** FLOP *** [2c Ks 3h]
padrecico: bets $4.66
2009Adrian1988: calls $4.66
*** TURN *** [2c Ks 3h] [8d]
padrecico: bets $10.85
2009Adrian1988: raises $5.53 to $16.38 and is all-in
padrecico: calls $5.53
*** RIVER *** [2c Ks 3h 8d] [Js]
*** SHOW DOWN ***
padrecico: shows [Kh Kd] (three of a kind, Kings)
2009Adrian1988: shows [Kc 5c] (a pair of Kings)
padrecico collected $46.63 from pot
*** SUMMARY ***
Total pot $49.08 | Rake $2.45 
Board [2c Ks 3h 8d Js]
Seat 1: Pon4uk.ua (button) folded before Flop (didn't bet)
Seat 2: reiyser (small blind) folded before Flop
Seat 3: padrecico (big blind) showed [Kh Kd] and won ($46.63) with three of a kind, Kings
Seat 4: b2k-Snick folded before Flop (didn't bet)
Seat 5: yzuk folded before Flop (didn't bet)
Seat 6: 2009Adrian1988 showed [Kc 5c] and lost with a pair of Kings



PokerStars Hand #254720583849:  Hold'em No Limit ($0.50/$1.00 USD) - 2025/02/05 17:01:25 WET [2025/02/05 12:01:25 ET]
Table 'Bohemia' 6-max Seat #2 is the button
Seat 6: 2009Adrian1988 ($0 in chips) is sitting out
Seat 1: Pon4uk.ua ($103.37 in chips) 
Seat 2: reiyser ($111.77 in chips) 
Seat 3: padrecico ($124.09 in chips) 
Seat 4: b2k-Snick ($102 in chips) 
Seat 5: yzuk ($100.24 in chips) 
padrecico: posts small blind $0.50
b2k-Snick: posts big blind $1
*** HOLE CARDS ***
yzuk: folds 
Pon4uk.ua: folds 
reiyser: folds 
yzuk leaves the table
padrecico: folds 
Uncalled bet ($0.50) returned to b2k-Snick
2009Adrian1988 leaves the table
b2k-Snick collected $1 from pot
b2k-Snick: doesn't show hand 
*** SUMMARY ***
Total pot $1 | Rake $0 
Seat 6: 2009Adrian1988
Seat 1: Pon4uk.ua folded before Flop (didn't bet)
Seat 2: reiyser (button) folded before Flop (didn't bet)
Seat 3: padrecico (small blind) folded before Flop
Seat 4: b2k-Snick (big blind) collected ($1)
Seat 5: yzuk folded before Flop (didn't bet)



PokerStars Hand #254720587556:  Hold'em No Limit ($0.50/$1.00 USD) - 2025/02/05 17:01:42 WET [2025/02/05 12:01:42 ET]
Table 'Bohemia' 6-max Seat #3 is the button
Seat 1: Pon4uk.ua ($103.37 in chips) 
Seat 2: reiyser ($111.77 in chips) 
Seat 3: padrecico ($123.59 in chips) 
Seat 4: b2k-Snick ($102.50 in chips) 
b2k-Snick: posts small blind $0.50
Pon4uk.ua: posts big blind $1
*** HOLE CARDS ***
reiyser: folds 
Teonanancatl joins the table at seat #6 
padrecico: raises $1.75 to $2.75
b2k-Snick: raises $9.25 to $12
Pon4uk.ua: folds 
padrecico: folds 
Uncalled bet ($9.25) returned to b2k-Snick
b2k-Snick collected $6.50 from pot
b2k-Snick: doesn't show hand 
*** SUMMARY ***
Total pot $6.50 | Rake $0 
Seat 1: Pon4uk.ua (big blind) folded before Flop
Seat 2: reiyser folded before Flop (didn't bet)
Seat 3: padrecico (button) folded before Flop
Seat 4: b2k-Snick (small blind) collected ($6.50)



PokerStars Hand #254720591336:  Hold'em No Limit ($0.50/$1.00 USD) - 2025/02/05 17:02:00 WET [2025/02/05 12:02:00 ET]
Table 'Bohemia' 6-max Seat #4 is the button
Seat 6: Teonanancatl ($100 in chips) is sitting out
Seat 1: Pon4uk.ua ($102.37 in chips) 
Seat 2: reiyser ($111.77 in chips) 
Seat 3: padrecico ($120.84 in chips) 
Seat 4: b2k-Snick ($106.25 in chips) 
Pon4uk.ua: posts small blind $0.50
reiyser: posts big blind $1
*** HOLE CARDS ***
padrecico: folds 
b2k-Snick: folds 
Pon4uk.ua: folds 
Uncalled bet ($0.50) returned to reiyser
reiyser collected $1 from pot
reiyser: doesn't show hand 
*** SUMMARY ***
Total pot $1 | Rake $0 
Seat 6: Teonanancatl
Seat 1: Pon4uk.ua (small blind) folded before Flop
Seat 2: reiyser (big blind) collected ($1)
Seat 3: padrecico folded before Flop (didn't bet)
Seat 4: b2k-Snick (button) folded before Flop (didn't bet)



PokerStars Hand #254720597298:  Hold'em No Limit ($0.50/$1.00 USD) - 2025/02/05 17:02:26 WET [2025/02/05 12:02:26 ET]
Table 'Bohemia' 6-max Seat #1 is the button
Seat 6: Teonanancatl ($100 in chips) is sitting out
Seat 1: Pon4uk.ua ($101.87 in chips) 
Seat 2: reiyser ($112.27 in chips) 
Seat 3: padrecico ($120.84 in chips) 
Seat 4: b2k-Snick ($106.25 in chips) 
reiyser: posts small blind $0.50
padrecico: posts big blind $1
Teonanancatl: sits out 
*** HOLE CARDS ***
b2k-Snick: raises $1.10 to $2.10
Pon4uk.ua: folds 
reiyser: folds 
padrecico: calls $1.10
*** FLOP *** [9d 7c 7d]
padrecico: checks 
b2k-Snick: checks 
*** TURN *** [9d 7c 7d] [6h]
padrecico: bets $3.12
b2k-Snick: calls $3.12
*** RIVER *** [9d 7c 7d 6h] [Ks]
padrecico: bets $7.27
coeeeelho joins the table at seat #5 
b2k-Snick: folds 
Uncalled bet ($7.27) returned to padrecico
padrecico collected $10.39 from pot
padrecico: doesn't show hand 
*** SUMMARY ***
Total pot $10.94 | Rake $0.55 
Board [9d 7c 7d 6h Ks]
Seat 6: Teonanancatl
Seat 1: Pon4uk.ua (button) folded before Flop (didn't bet)
Seat 2: reiyser (small blind) folded before Flop
Seat 3: padrecico (big blind) collected ($10.39)
Seat 4: b2k-Snick folded on the River



PokerStars Hand #254720616039:  Hold'em No Limit ($0.50/$1.00 USD) - 2025/02/05 17:03:47 WET [2025/02/05 12:03:47 ET]
Table 'Bohemia' 6-max Seat #2 is the button
Seat 4: b2k-Snick ($101.03 in chips) is sitting out
Seat 6: Teonanancatl ($100 in chips) is sitting out
Seat 1: Pon4uk.ua ($101.87 in chips) 
Seat 2: reiyser ($111.77 in chips) 
Seat 3: padrecico ($126.01 in chips) 
Seat 5: coeeeelho ($100 in chips) 
padrecico: posts small blind $0.50
b2k-Snick: is sitting out 
coeeeelho: posts big blind $1
Teonanancatl: sits out 
*** HOLE CARDS ***
Pon4uk.ua: folds 
reiyser: raises $1.23 to $2.23
b2k-Snick leaves the table
padrecico: folds 
coeeeelho: folds 
Uncalled bet ($1.23) returned to reiyser
reiyser collected $2.50 from pot
reiyser: doesn't show hand 
*** SUMMARY ***
Total pot $2.50 | Rake $0 
Seat 4: b2k-Snick
Seat 6: Teonanancatl
Seat 1: Pon4uk.ua folded before Flop (didn't bet)
Seat 2: reiyser (button) collected ($2.50)
Seat 3: padrecico (small blind) folded before Flop
Seat 5: coeeeelho (big blind) folded before Flop



PokerStars Hand #254720623524:  Hold'em No Limit ($0.50/$1.00 USD) - 2025/02/05 17:04:19 WET [2025/02/05 12:04:19 ET]
Table 'Bohemia' 6-max Seat #3 is the button
Seat 1: Pon4uk.ua ($101.87 in chips) 
Seat 2: reiyser ($113.27 in chips) 
Seat 3: padrecico ($125.51 in chips) 
Seat 5: coeeeelho ($100 in chips) 
Seat 6: Teonanancatl ($100 in chips) 
coeeeelho: posts small blind $0.50
Teonanancatl: posts big blind $1
*** HOLE CARDS ***
Pon4uk.ua: folds 
reiyser: folds 
padrecico: folds 
coeeeelho: raises $2 to $3
Teonanancatl: calls $2
*** FLOP *** [5d 8h 7s]
coeeeelho: checks 
Teonanancatl: checks 
*** TURN *** [5d 8h 7s] [9c]
coeeeelho: checks 
Teonanancatl: bets $1.80
coeeeelho: calls $1.80
*** RIVER *** [5d 8h 7s 9c] [3h]
coeeeelho: checks 
Teonanancatl: checks 
*** SHOW DOWN ***
coeeeelho: shows [Ks Kc] (a pair of Kings)
Teonanancatl: mucks hand 
coeeeelho collected $9.12 from pot
*** SUMMARY ***
Total pot $9.60 | Rake $0.48 
Board [5d 8h 7s 9c 3h]
Seat 1: Pon4uk.ua folded before Flop (didn't bet)
Seat 2: reiyser folded before Flop (didn't bet)
Seat 3: padrecico (button) folded before Flop (didn't bet)
Seat 5: coeeeelho (small blind) showed [Ks Kc] and won ($9.12) with a pair of Kings
Seat 6: Teonanancatl (big blind) mucked



PokerStars Hand #254720681834:  Hold'em No Limit ($0.50/$1.00 USD) - 2025/02/05 17:08:28 WET [2025/02/05 12:08:28 ET]
Table 'Bohemia' 6-max Seat #5 is the button
Seat 2: reiyser ($123.91 in chips) 
Seat 3: padrecico ($123.51 in chips) 
Seat 4: The magic MD ($21.97 in chips) 
Seat 5: coeeeelho ($102.82 in chips) 
Seat 6: Teonanancatl ($100.50 in chips) 
Teonanancatl: posts small blind $0.50
reiyser: posts big blind $1
*** HOLE CARDS ***
padrecico: folds 
The magic MD: folds 
coeeeelho: folds 
Teonanancatl: raises $1.50 to $2.50
reiyser: folds 
Uncalled bet ($1.50) returned to Teonanancatl
Teonanancatl collected $2 from pot
Teonanancatl: doesn't show hand 
*** SUMMARY ***
Total pot $2 | Rake $0 
Seat 2: reiyser (big blind) folded before Flop
Seat 3: padrecico folded before Flop (didn't bet)
Seat 4: The magic MD folded before Flop (didn't bet)
Seat 5: coeeeelho (button) folded before Flop (didn't bet)
Seat 6: Teonanancatl (small blind) collected ($2)



PokerStars Hand #254720685954:  Hold'em No Limit ($0.50/$1.00 USD) - 2025/02/05 17:08:45 WET [2025/02/05 12:08:45 ET]
Table 'Bohemia' 6-max Seat #6 is the button
Seat 2: reiyser ($122.91 in chips) 
Seat 3: padrecico ($123.51 in chips) 
Seat 4: The magic MD ($21.97 in chips) 
Seat 5: coeeeelho ($102.82 in chips) 
Seat 6: Teonanancatl ($101.50 in chips) 
reiyser: posts small blind $0.50
padrecico: posts big blind $1
*** HOLE CARDS ***
The magic MD: folds 
coeeeelho: folds 
Teonanancatl: raises $1.50 to $2.50
reiyser: folds 
padrecico: folds 
Uncalled bet ($1.50) returned to Teonanancatl
Teonanancatl collected $2.50 from pot
Teonanancatl: doesn't show hand 
MaikonAll joins the table at seat #1 
*** SUMMARY ***
Total pot $2.50 | Rake $0 
Seat 2: reiyser (small blind) folded before Flop
Seat 3: padrecico (big blind) folded before Flop
Seat 4: The magic MD folded before Flop (didn't bet)
Seat 5: coeeeelho folded before Flop (didn't bet)
Seat 6: Teonanancatl (button) collected ($2.50)



PokerStars Hand #254720689382:  Hold'em No Limit ($0.50/$1.00 USD) - 2025/02/05 17:09:00 WET [2025/02/05 12:09:00 ET]
Table 'Bohemia' 6-max Seat #2 is the button
Seat 1: MaikonAll ($100 in chips) is sitting out
Seat 2: reiyser ($122.41 in chips) 
Seat 3: padrecico ($122.51 in chips) 
Seat 4: The magic MD ($21.97 in chips) 
Seat 5: coeeeelho ($102.82 in chips) 
Seat 6: Teonanancatl ($103 in chips) 
padrecico: posts small blind $0.50
The magic MD: posts big blind $1
MaikonAll: sits out 
*** HOLE CARDS ***
coeeeelho: folds 
Teonanancatl: raises $1.50 to $2.50
reiyser: raises $5.50 to $8
padrecico: folds 
The magic MD: folds 
Teonanancatl: folds 
Uncalled bet ($5.50) returned to reiyser
reiyser collected $6.50 from pot
reiyser: doesn't show hand 
*** SUMMARY ***
Total pot $6.50 | Rake $0 
Seat 1: MaikonAll
Seat 2: reiyser (button) collected ($6.50)
Seat 3: padrecico (small blind) folded before Flop
Seat 4: The magic MD (big blind) folded before Flop
Seat 5: coeeeelho folded before Flop (didn't bet)
Seat 6: Teonanancatl folded before Flop



PokerStars Hand #254720697354:  Hold'em No Limit ($0.50/$1.00 USD) - 2025/02/05 17:09:33 WET [2025/02/05 12:09:33 ET]
Table 'Bohemia' 6-max Seat #3 is the button
Seat 1: MaikonAll ($100 in chips) is sitting out
Seat 2: reiyser ($126.41 in chips) 
Seat 3: padrecico ($122.01 in chips) 
Seat 4: The magic MD ($20.97 in chips) 
Seat 5: coeeeelho ($102.82 in chips) 
Seat 6: Teonanancatl ($100.50 in chips) 
The magic MD: posts small blind $0.50
coeeeelho: posts big blind $1
MaikonAll: sits out 
*** HOLE CARDS ***
Teonanancatl: folds 
reiyser: folds 
padrecico: raises $2 to $3
The magic MD: folds 
coeeeelho: raises $9 to $12
padrecico: calls $9
*** FLOP *** [Qh 5c Jh]
coeeeelho: bets $7
padrecico: raises $26.10 to $33.10
coeeeelho: folds 
Uncalled bet ($26.10) returned to padrecico
padrecico collected $36.58 from pot
padrecico: doesn't show hand 
*** SUMMARY ***
Total pot $38.50 | Rake $1.92 
Board [Qh 5c Jh]
Seat 1: MaikonAll
Seat 2: reiyser folded before Flop (didn't bet)
Seat 3: padrecico (button) collected ($36.58)
Seat 4: The magic MD (small blind) folded before Flop
Seat 5: coeeeelho (big blind) folded on the Flop
Seat 6: Teonanancatl folded before Flop (didn't bet)



PokerStars Hand #254720707927:  Hold'em No Limit ($0.50/$1.00 USD) - 2025/02/05 17:10:18 WET [2025/02/05 12:10:18 ET]
Table 'Bohemia' 6-max Seat #4 is the button
Seat 1: MaikonAll ($100 in chips) is sitting out
Seat 2: reiyser ($126.41 in chips) 
Seat 3: padrecico ($139.59 in chips) 
Seat 4: The magic MD ($20.47 in chips) 
Seat 5: coeeeelho ($100 in chips) 
Seat 6: Teonanancatl ($100.50 in chips) 
coeeeelho: posts small blind $0.50
Teonanancatl: posts big blind $1
MaikonAll: sits out 
*** HOLE CARDS ***
reiyser: folds 
padrecico: folds 
The magic MD: raises $2 to $3
coeeeelho: folds 
Teonanancatl: raises $97.50 to $100.50 and is all-in
The magic MD: calls $17.47 and is all-in
Uncalled bet ($80.03) returned to Teonanancatl
*** FLOP *** [2c 4s Kd]
*** TURN *** [2c 4s Kd] [4h]
*** RIVER *** [2c 4s Kd 4h] [Ks]
*** SHOW DOWN ***
Teonanancatl: shows [5h Ah] (two pair, Kings and Fours)
The magic MD: shows [Js Jd] (two pair, Kings and Jacks)
The magic MD collected $39.37 from pot
*** SUMMARY ***
Total pot $41.44 | Rake $2.07 
Board [2c 4s Kd 4h Ks]
Seat 1: MaikonAll
Seat 2: reiyser folded before Flop (didn't bet)
Seat 3: padrecico folded before Flop (didn't bet)
Seat 4: The magic MD (button) showed [Js Jd] and won ($39.37) with two pair, Kings and Jacks
Seat 5: coeeeelho (small blind) folded before Flop
Seat 6: Teonanancatl (big blind) showed [5h Ah] and lost with two pair, Kings and Fours



PokerStars Hand #254720720849:  Hold'em No Limit ($0.50/$1.00 USD) - 2025/02/05 17:11:11 WET [2025/02/05 12:11:11 ET]
Table 'Bohemia' 6-max Seat #5 is the button
Seat 1: MaikonAll ($100 in chips) 
Seat 2: reiyser ($126.41 in chips) 
Seat 3: padrecico ($139.59 in chips) 
Seat 4: The magic MD ($39.37 in chips) 
Seat 5: coeeeelho ($100 in chips) 
Seat 6: Teonanancatl ($100 in chips) 
Teonanancatl: posts small blind $0.50
MaikonAll: posts big blind $1
*** HOLE CARDS ***
reiyser: folds 
padrecico: folds 
The magic MD: folds 
coeeeelho: folds 
Teonanancatl: raises $1.50 to $2.50
MaikonAll: calls $1.50
*** FLOP *** [Qd 6s Qs]
Teonanancatl: bets $1.58
MaikonAll: raises $3.96 to $5.54
Teonanancatl: folds 
Uncalled bet ($3.96) returned to MaikonAll
MaikonAll collected $7.75 from pot
MaikonAll: doesn't show hand 
*** SUMMARY ***
Total pot $8.16 | Rake $0.41 
Board [Qd 6s Qs]
Seat 1: MaikonAll (big blind) collected ($7.75)
Seat 2: reiyser folded before Flop (didn't bet)
Seat 3: padrecico folded before Flop (didn't bet)
Seat 4: The magic MD folded before Flop (didn't bet)
Seat 5: coeeeelho (button) folded before Flop (didn't bet)
Seat 6: Teonanancatl (small blind) folded on the Flop



PokerStars Hand #254720733613:  Hold'em No Limit ($0.50/$1.00 USD) - 2025/02/05 17:12:04 WET [2025/02/05 12:12:04 ET]
Table 'Bohemia' 6-max Seat #6 is the button
Seat 1: MaikonAll ($103.67 in chips) 
Seat 2: reiyser ($126.41 in chips) 
Seat 3: padrecico ($139.59 in chips) 
Seat 4: The magic MD ($39.37 in chips) 
Seat 5: coeeeelho ($100 in chips) 
Seat 6: Teonanancatl ($100 in chips) 
MaikonAll: posts small blind $0.50
reiyser: posts big blind $1
*** HOLE CARDS ***
padrecico: folds 
The magic MD: raises $1 to $2
coeeeelho: folds 
Teonanancatl: folds 
MaikonAll: folds 
reiyser: calls $1
*** FLOP *** [Ac 6h Tc]
reiyser: checks 
The magic MD: bets $1
reiyser: calls $1
*** TURN *** [Ac 6h Tc] [8c]
reiyser: checks 
The magic MD: checks 
*** RIVER *** [Ac 6h Tc 8c] [Ad]
reiyser: checks 
The magic MD: bets $3.09
reiyser: raises $8.43 to $11.52
The magic MD: folds 
Uncalled bet ($8.43) returned to reiyser
reiyser collected $12.05 from pot
reiyser: doesn't show hand 
*** SUMMARY ***
Total pot $12.68 | Rake $0.63 
Board [Ac 6h Tc 8c Ad]
Seat 1: MaikonAll (small blind) folded before Flop
Seat 2: reiyser (big blind) collected ($12.05)
Seat 3: padrecico folded before Flop (didn't bet)
Seat 4: The magic MD folded on the River
Seat 5: coeeeelho folded before Flop (didn't bet)
Seat 6: Teonanancatl (button) folded before Flop (didn't bet)



PokerStars Hand #254720748780:  Hold'em No Limit ($0.50/$1.00 USD) - 2025/02/05 17:13:06 WET [2025/02/05 12:13:06 ET]
Table 'Bohemia' 6-max Seat #1 is the button
Seat 1: MaikonAll ($103.17 in chips) 
Seat 2: reiyser ($132.37 in chips) 
Seat 3: padrecico ($139.59 in chips) 
Seat 4: The magic MD ($33.28 in chips) 
Seat 5: coeeeelho ($100 in chips) 
Seat 6: Teonanancatl ($100 in chips) 
reiyser: posts small blind $0.50
padrecico: posts big blind $1
*** HOLE CARDS ***
The magic MD: folds 
coeeeelho: folds 
Teonanancatl: folds 
MaikonAll: folds 
reiyser: raises $1.80 to $2.80
padrecico: folds 
Uncalled bet ($1.80) returned to reiyser
reiyser collected $2 from pot
reiyser: doesn't show hand 
*** SUMMARY ***
Total pot $2 | Rake $0 
Seat 1: MaikonAll (button) folded before Flop (didn't bet)
Seat 2: reiyser (small blind) collected ($2)
Seat 3: padrecico (big blind) folded before Flop
Seat 4: The magic MD folded before Flop (didn't bet)
Seat 5: coeeeelho folded before Flop (didn't bet)
Seat 6: Teonanancatl folded before Flop (didn't bet)



PokerStars Hand #254720792359:  Hold'em No Limit ($0.50/$1.00 USD) - 2025/02/05 17:16:03 WET [2025/02/05 12:16:03 ET]
Table 'Bohemia' 6-max Seat #1 is the button
Seat 1: MaikonAll ($101.67 in chips) 
Seat 2: reiyser ($122.44 in chips) 
Seat 3: padrecico ($148.27 in chips) 
Seat 4: The magic MD ($35.26 in chips) 
Seat 5: coeeeelho ($102.54 in chips) 
Seat 6: Teonanancatl ($100 in chips) 
reiyser: posts small blind $0.50
padrecico: posts big blind $1
*** HOLE CARDS ***
The magic MD: folds 
coeeeelho: folds 
Teonanancatl: folds 
MaikonAll: raises $1.50 to $2.50
reiyser: folds 
padrecico: folds 
Uncalled bet ($1.50) returned to MaikonAll
MaikonAll collected $2.50 from pot
MaikonAll: doesn't show hand 
*** SUMMARY ***
Total pot $2.50 | Rake $0 
Seat 1: MaikonAll (button) collected ($2.50)
Seat 2: reiyser (small blind) folded before Flop
Seat 3: padrecico (big blind) folded before Flop
Seat 4: The magic MD folded before Flop (didn't bet)
Seat 5: coeeeelho folded before Flop (didn't bet)
Seat 6: Teonanancatl folded before Flop (didn't bet)



PokerStars Hand #254720797923:  Hold'em No Limit ($0.50/$1.00 USD) - 2025/02/05 17:16:26 WET [2025/02/05 12:16:26 ET]
Table 'Bohemia' 6-max Seat #2 is the button
Seat 1: MaikonAll ($103.17 in chips) 
Seat 2: reiyser ($121.94 in chips) 
Seat 3: padrecico ($147.27 in chips) 
Seat 4: The magic MD ($35.26 in chips) 
Seat 5: coeeeelho ($102.54 in chips) 
Seat 6: Teonanancatl ($100 in chips) 
padrecico: posts small blind $0.50
The magic MD: posts big blind $1
*** HOLE CARDS ***
coeeeelho: raises $1.20 to $2.20
Teonanancatl: folds 
MaikonAll: folds 
reiyser: folds 
padrecico: folds 
The magic MD: calls $1.20
*** FLOP *** [9h 6h 9c]
The magic MD: checks 
coeeeelho: bets $2.33
The magic MD: calls $2.33
*** TURN *** [9h 6h 9c] [5s]
The magic MD: checks 
coeeeelho: bets $6.81
The magic MD: folds 
Uncalled bet ($6.81) returned to coeeeelho
coeeeelho collected $9.08 from pot
*** SUMMARY ***
Total pot $9.56 | Rake $0.48 
Board [9h 6h 9c 5s]
Seat 1: MaikonAll folded before Flop (didn't bet)
Seat 2: reiyser (button) folded before Flop (didn't bet)
Seat 3: padrecico (small blind) folded before Flop
Seat 4: The magic MD (big blind) folded on the Turn
Seat 5: coeeeelho collected ($9.08)
Seat 6: Teonanancatl folded before Flop (didn't bet)



PokerStars Hand #254720808942:  Hold'em No Limit ($0.50/$1.00 USD) - 2025/02/05 17:17:10 WET [2025/02/05 12:17:10 ET]
Table 'Bohemia' 6-max Seat #3 is the button
Seat 1: MaikonAll ($103.17 in chips) 
Seat 2: reiyser ($121.94 in chips) 
Seat 3: padrecico ($146.77 in chips) 
Seat 4: The magic MD ($30.73 in chips) 
Seat 5: coeeeelho ($107.09 in chips) 
Seat 6: Teonanancatl ($100 in chips) 
The magic MD: posts small blind $0.50
coeeeelho: posts big blind $1
*** HOLE CARDS ***
Teonanancatl: folds 
MaikonAll: folds 
reiyser: folds 
padrecico: raises $1.75 to $2.75
The magic MD: folds 
coeeeelho: folds 
Uncalled bet ($1.75) returned to padrecico
padrecico collected $2.50 from pot
padrecico: doesn't show hand 
*** SUMMARY ***
Total pot $2.50 | Rake $0 
Seat 1: MaikonAll folded before Flop (didn't bet)
Seat 2: reiyser folded before Flop (didn't bet)
Seat 3: padrecico (button) collected ($2.50)
Seat 4: The magic MD (small blind) folded before Flop
Seat 5: coeeeelho (big blind) folded before Flop
Seat 6: Teonanancatl folded before Flop (didn't bet)



PokerStars Hand #254720812245:  Hold'em No Limit ($0.50/$1.00 USD) - 2025/02/05 17:17:23 WET [2025/02/05 12:17:23 ET]
Table 'Bohemia' 6-max Seat #4 is the button
Seat 1: MaikonAll ($103.17 in chips) 
Seat 2: reiyser ($121.94 in chips) 
Seat 3: padrecico ($148.27 in chips) 
Seat 4: The magic MD ($30.23 in chips) 
Seat 5: coeeeelho ($106.09 in chips) 
Seat 6: Teonanancatl ($100 in chips) 
coeeeelho: posts small blind $0.50
Teonanancatl: posts big blind $1
*** HOLE CARDS ***
MaikonAll: raises $1.30 to $2.30
reiyser: raises $5.70 to $8
padrecico: folds 
The magic MD: folds 
coeeeelho: folds 
Teonanancatl: folds 
MaikonAll: folds 
Uncalled bet ($5.70) returned to reiyser
reiyser collected $6.10 from pot
reiyser: doesn't show hand 
*** SUMMARY ***
Total pot $6.10 | Rake $0 
Seat 1: MaikonAll folded before Flop
Seat 2: reiyser collected ($6.10)
Seat 3: padrecico folded before Flop (didn't bet)
Seat 4: The magic MD (button) folded before Flop (didn't bet)
Seat 5: coeeeelho (small blind) folded before Flop
Seat 6: Teonanancatl (big blind) folded before Flop



PokerStars Hand #254720821483:  Hold'em No Limit ($0.50/$1.00 USD) - 2025/02/05 17:18:01 WET [2025/02/05 12:18:01 ET]
Table 'Bohemia' 6-max Seat #5 is the button
Seat 1: MaikonAll ($100.87 in chips) 
Seat 2: reiyser ($125.74 in chips) 
Seat 3: padrecico ($148.27 in chips) 
Seat 4: The magic MD ($30.23 in chips) 
Seat 5: coeeeelho ($105.59 in chips) 
Seat 6: Teonanancatl ($100 in chips) 
Teonanancatl: posts small blind $0.50
MaikonAll: posts big blind $1
*** HOLE CARDS ***
reiyser: folds 
padrecico: folds 
The magic MD: folds 
coeeeelho: folds 
Teonanancatl: raises $1.50 to $2.50
MaikonAll: calls $1.50
*** FLOP *** [2d Ac Jh]
Teonanancatl: bets $1.58
MaikonAll: folds 
Uncalled bet ($1.58) returned to Teonanancatl
Teonanancatl collected $4.75 from pot
Teonanancatl: doesn't show hand 
*** SUMMARY ***
Total pot $5 | Rake $0.25 
Board [2d Ac Jh]
Seat 1: MaikonAll (big blind) folded on the Flop
Seat 2: reiyser folded before Flop (didn't bet)
Seat 3: padrecico folded before Flop (didn't bet)
Seat 4: The magic MD folded before Flop (didn't bet)
Seat 5: coeeeelho (button) folded before Flop (didn't bet)
Seat 6: Teonanancatl (small blind) collected ($4.75)



PokerStars Hand #254720830618:  Hold'em No Limit ($0.50/$1.00 USD) - 2025/02/05 17:18:38 WET [2025/02/05 12:18:38 ET]
Table 'Bohemia' 6-max Seat #6 is the button
Seat 2: reiyser ($125.74 in chips) is sitting out
Seat 1: MaikonAll ($100 in chips) 
Seat 3: padrecico ($148.27 in chips) 
Seat 4: The magic MD ($30.23 in chips) 
Seat 5: coeeeelho ($105.59 in chips) 
Seat 6: Teonanancatl ($102.25 in chips) 
MaikonAll: posts small blind $0.50
reiyser: is sitting out 
padrecico: posts big blind $1
*** HOLE CARDS ***
The magic MD: folds 
coeeeelho: folds 
reiyser leaves the table
Teonanancatl: raises $1.50 to $2.50
MaikonAll: raises $8.50 to $11
padrecico: folds 
Teonanancatl: folds 
Uncalled bet ($8.50) returned to MaikonAll
MaikonAll collected $6 from pot
MaikonAll: doesn't show hand 
*** SUMMARY ***
Total pot $6 | Rake $0 
Seat 2: reiyser
Seat 1: MaikonAll (small blind) collected ($6)
Seat 3: padrecico (big blind) folded before Flop
Seat 4: The magic MD folded before Flop (didn't bet)
Seat 5: coeeeelho folded before Flop (didn't bet)
Seat 6: Teonanancatl (button) folded before Flop



PokerStars Hand #254720840809:  Hold'em No Limit ($0.50/$1.00 USD) - 2025/02/05 17:19:19 WET [2025/02/05 12:19:19 ET]
Table 'Bohemia' 6-max Seat #1 is the button
Seat 1: MaikonAll ($103.50 in chips) 
Seat 3: padrecico ($147.27 in chips) 
Seat 4: The magic MD ($30.23 in chips) 
Seat 5: coeeeelho ($105.59 in chips) 
Seat 6: Teonanancatl ($100 in chips) 
padrecico: posts small blind $0.50
The magic MD: posts big blind $1
*** HOLE CARDS ***
coeeeelho: raises $1.20 to $2.20
Teonanancatl: folds 
MaikonAll: folds 
padrecico: folds 
The magic MD: calls $1.20
*** FLOP *** [3d Ad Qs]
The magic MD: checks 
coeeeelho: bets $1.17
The magic MD: calls $1.17
*** TURN *** [3d Ad Qs] [2d]
The magic MD: checks 
coeeeelho: checks 
*** RIVER *** [3d Ad Qs 2d] [Js]
The magic MD: bets $3.44
coeeeelho: folds 
Uncalled bet ($3.44) returned to The magic MD
The magic MD collected $6.88 from pot
*** SUMMARY ***
Total pot $7.24 | Rake $0.36 
Board [3d Ad Qs 2d Js]
Seat 1: MaikonAll (button) folded before Flop (didn't bet)
Seat 3: padrecico (small blind) folded before Flop
Seat 4: The magic MD (big blind) collected ($6.88)
Seat 5: coeeeelho folded on the River
Seat 6: Teonanancatl folded before Flop (didn't bet)



PokerStars Hand #254720850172:  Hold'em No Limit ($0.50/$1.00 USD) - 2025/02/05 17:19:56 WET [2025/02/05 12:19:56 ET]
Table 'Bohemia' 6-max Seat #3 is the button
Seat 1: MaikonAll ($103.50 in chips) 
Seat 3: padrecico ($146.77 in chips) 
Seat 4: The magic MD ($33.74 in chips) 
Seat 5: coeeeelho ($102.22 in chips) 
Seat 6: Teonanancatl ($100 in chips) 
The magic MD: posts small blind $0.50
coeeeelho: posts big blind $1
*** HOLE CARDS ***
Teonanancatl: folds 
MaikonAll has timed out
MaikonAll: folds 
vadjkeee joins the table at seat #2 
padrecico: folds 
The magic MD: raises $1 to $2
MaikonAll leaves the table
coeeeelho: raises $7 to $9
The magic MD: folds 
Uncalled bet ($7) returned to coeeeelho
coeeeelho collected $4 from pot
*** SUMMARY ***
Total pot $4 | Rake $0 
Seat 1: MaikonAll folded before Flop (didn't bet)
Seat 3: padrecico (button) folded before Flop (didn't bet)
Seat 4: The magic MD (small blind) folded before Flop
Seat 5: coeeeelho (big blind) collected ($4)
Seat 6: Teonanancatl folded before Flop (didn't bet)



PokerStars Hand #254720858034:  Hold'em No Limit ($0.50/$1.00 USD) - 2025/02/05 17:20:28 WET [2025/02/05 12:20:28 ET]
Table 'Bohemia' 6-max Seat #4 is the button
Seat 6: Teonanancatl ($100 in chips) is sitting out
Seat 2: vadjkeee ($100 in chips) 
Seat 3: padrecico ($146.77 in chips) 
Seat 4: The magic MD ($31.74 in chips) 
Seat 5: coeeeelho ($104.22 in chips) 
coeeeelho: posts small blind $0.50
Teonanancatl: is sitting out 
vadjkeee: posts big blind $1
*** HOLE CARDS ***
padrecico: folds 
The magic MD: raises $2 to $3
Pon4uk.ua joins the table at seat #1 
coeeeelho: folds 
vadjkeee: folds 
Uncalled bet ($2) returned to The magic MD
The magic MD collected $2.50 from pot
*** SUMMARY ***
Total pot $2.50 | Rake $0 
Seat 6: Teonanancatl
Seat 2: vadjkeee (big blind) folded before Flop
Seat 3: padrecico folded before Flop (didn't bet)
Seat 4: The magic MD (button) collected ($2.50)
Seat 5: coeeeelho (small blind) folded before Flop



PokerStars Hand #254720861729:  Hold'em No Limit ($0.50/$1.00 USD) - 2025/02/05 17:20:42 WET [2025/02/05 12:20:42 ET]
Table 'Bohemia' 6-max Seat #5 is the button
Seat 1: Pon4uk.ua ($100 in chips) is sitting out
Seat 6: Teonanancatl ($100 in chips) is sitting out
Seat 2: vadjkeee ($100 in chips) 
Seat 3: padrecico ($146.77 in chips) 
Seat 4: The magic MD ($33.24 in chips) 
Seat 5: coeeeelho ($103.72 in chips) 
vadjkeee: posts small blind $0.50
padrecico: posts big blind $1
*** HOLE CARDS ***
The magic MD: raises $2 to $3
coeeeelho: folds 
vadjkeee: folds 
padrecico: folds 
Uncalled bet ($2) returned to The magic MD
The magic MD collected $2.50 from pot
*** SUMMARY ***
Total pot $2.50 | Rake $0 
Seat 1: Pon4uk.ua
Seat 6: Teonanancatl
Seat 2: vadjkeee (small blind) folded before Flop
Seat 3: padrecico (big blind) folded before Flop
Seat 4: The magic MD collected ($2.50)
Seat 5: coeeeelho (button) folded before Flop (didn't bet)



PokerStars Hand #254720865555:  Hold'em No Limit ($0.50/$1.00 USD) - 2025/02/05 17:20:58 WET [2025/02/05 12:20:58 ET]
Table 'Bohemia' 6-max Seat #2 is the button
Seat 1: Pon4uk.ua ($100 in chips) is sitting out
Seat 6: Teonanancatl ($100 in chips) is sitting out
Seat 2: vadjkeee ($100 in chips) 
Seat 3: padrecico ($145.77 in chips) 
Seat 4: The magic MD ($34.74 in chips) 
Seat 5: coeeeelho ($103.72 in chips) 
padrecico: posts small blind $0.50
The magic MD: posts big blind $1
Pon4uk.ua: sits out 
*** HOLE CARDS ***
coeeeelho: folds 
vadjkeee: folds 
padrecico: folds 
Uncalled bet ($0.50) returned to The magic MD
The magic MD collected $1 from pot
*** SUMMARY ***
Total pot $1 | Rake $0 
Seat 1: Pon4uk.ua
Seat 6: Teonanancatl
Seat 2: vadjkeee (button) folded before Flop (didn't bet)
Seat 3: padrecico (small blind) folded before Flop
Seat 4: The magic MD (big blind) collected ($1)
Seat 5: coeeeelho folded before Flop (didn't bet)



PokerStars Hand #254720868405:  Hold'em No Limit ($0.50/$1.00 USD) - 2025/02/05 17:21:09 WET [2025/02/05 12:21:09 ET]
Table 'Bohemia' 6-max Seat #3 is the button
Seat 1: Pon4uk.ua ($100 in chips) is sitting out
Seat 6: Teonanancatl ($100 in chips) is sitting out
Seat 2: vadjkeee ($100 in chips) 
Seat 3: padrecico ($145.27 in chips) 
Seat 4: The magic MD ($35.24 in chips) 
Seat 5: coeeeelho ($103.72 in chips) 
The magic MD: posts small blind $0.50
coeeeelho: posts big blind $1
Pon4uk.ua: sits out 
*** HOLE CARDS ***
vadjkeee: folds 
padrecico: folds 
The magic MD: raises $1 to $2
coeeeelho: folds 
Uncalled bet ($1) returned to The magic MD
The magic MD collected $2 from pot
*** SUMMARY ***
Total pot $2 | Rake $0 
Seat 1: Pon4uk.ua
Seat 6: Teonanancatl
Seat 2: vadjkeee folded before Flop (didn't bet)
Seat 3: padrecico (button) folded before Flop (didn't bet)
Seat 4: The magic MD (small blind) collected ($2)
Seat 5: coeeeelho (big blind) folded before Flop



PokerStars Hand #254720874243:  Hold'em No Limit ($0.50/$1.00 USD) - 2025/02/05 17:21:32 WET [2025/02/05 12:21:32 ET]
Table 'Bohemia' 6-max Seat #4 is the button
Seat 6: Teonanancatl ($100 in chips) is sitting out
Seat 1: Pon4uk.ua ($100 in chips) 
Seat 2: vadjkeee ($100 in chips) 
Seat 3: padrecico ($145.27 in chips) 
Seat 4: The magic MD ($36.24 in chips) 
Seat 5: coeeeelho ($102.72 in chips) 
coeeeelho: posts small blind $0.50
Pon4uk.ua: posts big blind $1
*** HOLE CARDS ***
vadjkeee: folds 
vadjkeee leaves the table
padrecico: folds 
The magic MD: raises $1 to $2
Teonanancatl leaves the table
coeeeelho: raises $6 to $8
Pon4uk.ua: folds 
The magic MD: folds 
Uncalled bet ($6) returned to coeeeelho
coeeeelho collected $5 from pot
*** SUMMARY ***
Total pot $5 | Rake $0 
Seat 6: Teonanancatl
Seat 1: Pon4uk.ua (big blind) folded before Flop
Seat 2: vadjkeee folded before Flop (didn't bet)
Seat 3: padrecico folded before Flop (didn't bet)
Seat 4: The magic MD (button) folded before Flop
Seat 5: coeeeelho (small blind) collected ($5)



PokerStars Hand #254720879584:  Hold'em No Limit ($0.50/$1.00 USD) - 2025/02/05 17:21:53 WET [2025/02/05 12:21:53 ET]
Table 'Bohemia' 6-max Seat #5 is the button
Seat 1: Pon4uk.ua ($100 in chips) 
Seat 3: padrecico ($145.27 in chips) 
Seat 4: The magic MD ($34.24 in chips) 
Seat 5: coeeeelho ($105.72 in chips) 
Pon4uk.ua: posts small blind $0.50
padrecico: posts big blind $1
*** HOLE CARDS ***
The magic MD: folds 
coeeeelho: raises $1.50 to $2.50
Pon4uk.ua: folds 
padrecico: folds 
Uncalled bet ($1.50) returned to coeeeelho
coeeeelho collected $2.50 from pot
*** SUMMARY ***
Total pot $2.50 | Rake $0 
Seat 1: Pon4uk.ua (small blind) folded before Flop
Seat 3: padrecico (big blind) folded before Flop
Seat 4: The magic MD folded before Flop (didn't bet)
Seat 5: coeeeelho (button) collected ($2.50)



PokerStars Hand #254720884123:  Hold'em No Limit ($0.50/$1.00 USD) - 2025/02/05 17:22:11 WET [2025/02/05 12:22:11 ET]
Table 'Bohemia' 6-max Seat #1 is the button
Seat 1: Pon4uk.ua ($100 in chips) 
Seat 3: padrecico ($144.27 in chips) 
Seat 4: The magic MD ($34.24 in chips) 
Seat 5: coeeeelho ($107.22 in chips) 
padrecico: posts small blind $0.50
The magic MD: posts big blind $1
*** HOLE CARDS ***
coeeeelho: folds 
Pon4uk.ua: folds 
padrecico: folds 
Uncalled bet ($0.50) returned to The magic MD
The magic MD collected $1 from pot
Pon4uk.ua leaves the table
*** SUMMARY ***
Total pot $1 | Rake $0 
Seat 1: Pon4uk.ua (button) folded before Flop (didn't bet)
Seat 3: padrecico (small blind) folded before Flop
Seat 4: The magic MD (big blind) collected ($1)
Seat 5: coeeeelho folded before Flop (didn't bet)



PokerStars Hand #254720886474:  Hold'em No Limit ($0.50/$1.00 USD) - 2025/02/05 17:22:20 WET [2025/02/05 12:22:20 ET]
Table 'Bohemia' 6-max Seat #3 is the button
Seat 3: padrecico ($143.77 in chips) 
Seat 4: The magic MD ($34.74 in chips) 
Seat 5: coeeeelho ($107.22 in chips) 
The magic MD: posts small blind $0.50
coeeeelho: posts big blind $1
*** HOLE CARDS ***
padrecico: raises $1.75 to $2.75
The magic MD: folds 
EAroca joins the table at seat #6 
blistein joins the table at seat #1 
coeeeelho: calls $1.75
*** FLOP *** [Kc 4d 2s]
The magic MD leaves the table
GDELKO joins the table at seat #2 
GDELKO is disconnected 
coeeeelho: checks 
padrecico: checks 
*** TURN *** [Kc 4d 2s] [8h]
coeeeelho: checks 
padrecico: bets $3.99
coeeeelho: folds 
Uncalled bet ($3.99) returned to padrecico
padrecico collected $5.70 from pot
padrecico: doesn't show hand 
*** SUMMARY ***
Total pot $6 | Rake $0.30 
Board [Kc 4d 2s 8h]
Seat 3: padrecico (button) collected ($5.70)
Seat 4: The magic MD (small blind) folded before Flop
Seat 5: coeeeelho (big blind) folded on the Turn



PokerStars Hand #254720895781:  Hold'em No Limit ($0.50/$1.00 USD) - 2025/02/05 17:22:56 WET [2025/02/05 12:22:56 ET]
Table 'Bohemia' 6-max Seat #5 is the button
Seat 1: blistein ($100 in chips) is sitting out
Seat 2: GDELKO ($10.10 in chips) is sitting out
Seat 6: EAroca ($100 in chips) is sitting out
Seat 3: padrecico ($146.72 in chips) 
Seat 5: coeeeelho ($104.47 in chips) 
coeeeelho: posts small blind $0.50
padrecico: posts big blind $1
*** HOLE CARDS ***
coeeeelho: raises $1.50 to $2.50
EAroca leaves the table
padrecico: folds 
Uncalled bet ($1.50) returned to coeeeelho
coeeeelho collected $2 from pot
*** SUMMARY ***
Total pot $2 | Rake $0 
Seat 1: blistein
Seat 2: GDELKO
Seat 6: EAroca
Seat 3: padrecico (big blind) folded before Flop
Seat 5: coeeeelho (button) (small blind) collected ($2)



PokerStars Hand #254720900852:  Hold'em No Limit ($0.50/$1.00 USD) - 2025/02/05 17:23:16 WET [2025/02/05 12:23:16 ET]
Table 'Bohemia' 6-max Seat #3 is the button
Seat 2: GDELKO ($10.10 in chips) is sitting out
Seat 1: blistein ($100 in chips) 
Seat 3: padrecico ($145.72 in chips) 
Seat 5: coeeeelho ($105.47 in chips) 
coeeeelho: posts small blind $0.50
blistein: posts big blind $1
GDELKO: sits out 
*** HOLE CARDS ***
padrecico: raises $1.75 to $2.75
coeeeelho: folds 
blistein: folds 
Uncalled bet ($1.75) returned to padrecico
padrecico collected $2.50 from pot
padrecico: doesn't show hand 
*** SUMMARY ***
Total pot $2.50 | Rake $0 
Seat 2: GDELKO
Seat 1: blistein (big blind) folded before Flop
Seat 3: padrecico (button) collected ($2.50)
Seat 5: coeeeelho (small blind) folded before Flop



PokerStars Hand #254720905692:  Hold'em No Limit ($0.50/$1.00 USD) - 2025/02/05 17:23:36 WET [2025/02/05 12:23:36 ET]
Table 'Bohemia' 6-max Seat #5 is the button
Seat 1: blistein ($100 in chips) 
Seat 2: GDELKO ($10.10 in chips) 
Seat 3: padrecico ($147.22 in chips) 
Seat 5: coeeeelho ($104.97 in chips) 
blistein: posts small blind $0.50
GDELKO: posts big blind $1
*** HOLE CARDS ***
padrecico: raises $1.75 to $2.75
coeeeelho: folds 
blistein: folds 
GDELKO: folds 
Uncalled bet ($1.75) returned to padrecico
padrecico collected $2.50 from pot
padrecico: doesn't show hand 
*** SUMMARY ***
Total pot $2.50 | Rake $0 
Seat 1: blistein (small blind) folded before Flop
Seat 2: GDELKO (big blind) folded before Flop
Seat 3: padrecico collected ($2.50)
Seat 5: coeeeelho (button) folded before Flop (didn't bet)



PokerStars Hand #254720908269:  Hold'em No Limit ($0.50/$1.00 USD) - 2025/02/05 17:23:46 WET [2025/02/05 12:23:46 ET]
Table 'Bohemia' 6-max Seat #1 is the button
Seat 1: blistein ($100 in chips) 
Seat 2: GDELKO ($9.10 in chips) 
Seat 3: padrecico ($148.72 in chips) 
Seat 5: coeeeelho ($104.97 in chips) 
GDELKO: posts small blind $0.50
padrecico: posts big blind $1
*** HOLE CARDS ***
coeeeelho: folds 
blistein: folds 
GDELKO: folds 
Uncalled bet ($0.50) returned to padrecico
padrecico collected $1 from pot
padrecico: doesn't show hand 
*** SUMMARY ***
Total pot $1 | Rake $0 
Seat 1: blistein (button) folded before Flop (didn't bet)
Seat 2: GDELKO (small blind) folded before Flop
Seat 3: padrecico (big blind) collected ($1)
Seat 5: coeeeelho folded before Flop (didn't bet)



PokerStars Hand #254720910089:  Hold'em No Limit ($0.50/$1.00 USD) - 2025/02/05 17:23:53 WET [2025/02/05 12:23:53 ET]
Table 'Bohemia' 6-max Seat #2 is the button
Seat 1: blistein ($100 in chips) 
Seat 2: GDELKO ($8.60 in chips) 
Seat 3: padrecico ($149.22 in chips) 
Seat 5: coeeeelho ($104.97 in chips) 
padrecico: posts small blind $0.50
coeeeelho: posts big blind $1
*** HOLE CARDS ***
blistein: raises $1.30 to $2.30
GDELKO: folds 
padrecico: calls $1.80
coeeeelho: folds 
*** FLOP *** [4d Jc Qc]
padrecico: checks 
blistein: bets $1.81
padrecico: folds 
Uncalled bet ($1.81) returned to blistein
blistein collected $5.32 from pot
blistein: doesn't show hand 
*** SUMMARY ***
Total pot $5.60 | Rake $0.28 
Board [4d Jc Qc]
Seat 1: blistein collected ($5.32)
Seat 2: GDELKO (button) folded before Flop (didn't bet)
Seat 3: padrecico (small blind) folded on the Flop
Seat 5: coeeeelho (big blind) folded before Flop



PokerStars Hand #254720916977:  Hold'em No Limit ($0.50/$1.00 USD) - 2025/02/05 17:24:20 WET [2025/02/05 12:24:20 ET]
Table 'Bohemia' 6-max Seat #3 is the button
Seat 1: blistein ($103.02 in chips) is sitting out
Seat 2: GDELKO ($8.60 in chips) 
Seat 3: padrecico ($146.92 in chips) 
Seat 5: coeeeelho ($103.97 in chips) 
coeeeelho: posts small blind $0.50
blistein: is sitting out 
GDELKO: posts big blind $1
*** HOLE CARDS ***
padrecico: folds 
blistein leaves the table
coeeeelho: raises $16 to $17
GDELKO: calls $7.60 and is all-in
Uncalled bet ($8.40) returned to coeeeelho
*** FLOP *** [Ah 2c 6h]
*** TURN *** [Ah 2c 6h] [Td]
*** RIVER *** [Ah 2c 6h Td] [2h]
*** SHOW DOWN ***
coeeeelho: shows [4s Ac] (two pair, Aces and Deuces)
GDELKO: shows [6s As] (two pair, Aces and Sixes)
GDELKO cashed out the hand for $9.56 | Cash Out Fee $0.20
*** SUMMARY ***
Total pot $17.20 | Rake $0.86 
Board [Ah 2c 6h Td 2h]
Seat 1: blistein
Seat 2: GDELKO (big blind) showed [6s As] and won ($16.34) with two pair, Aces and Sixes (pot not awarded as player cashed out)
Seat 3: padrecico (button) folded before Flop (didn't bet)
Seat 5: coeeeelho (small blind) showed [4s Ac] and lost with two pair, Aces and Deuces



PokerStars Hand #254720923431:  Hold'em No Limit ($0.50/$1.00 USD) - 2025/02/05 17:24:46 WET [2025/02/05 12:24:46 ET]
Table 'Bohemia' 6-max Seat #5 is the button
Seat 2: GDELKO ($9.56 in chips) 
Seat 3: padrecico ($146.92 in chips) 
Seat 5: coeeeelho ($100 in chips) 
GDELKO: posts small blind $0.50
padrecico: posts big blind $1
*** HOLE CARDS ***
coeeeelho: folds 
GDELKO: folds 
Uncalled bet ($0.50) returned to padrecico
padrecico collected $1 from pot
padrecico: doesn't show hand 
*** SUMMARY ***
Total pot $1 | Rake $0 
Seat 2: GDELKO (small blind) folded before Flop
Seat 3: padrecico (big blind) collected ($1)
Seat 5: coeeeelho (button) folded before Flop (didn't bet)



PokerStars Hand #254720925579:  Hold'em No Limit ($0.50/$1.00 USD) - 2025/02/05 17:24:54 WET [2025/02/05 12:24:54 ET]
Table 'Bohemia' 6-max Seat #2 is the button
Seat 2: GDELKO ($9.06 in chips) 
Seat 3: padrecico ($147.42 in chips) 
Seat 5: coeeeelho ($100 in chips) 
padrecico: posts small blind $0.50
coeeeelho: posts big blind $1
*** HOLE CARDS ***
GDELKO has timed out
GDELKO: folds 
padrecico: folds 
Uncalled bet ($0.50) returned to coeeeelho
coeeeelho collected $1 from pot
*** SUMMARY ***
Total pot $1 | Rake $0 
Seat 2: GDELKO (button) folded before Flop (didn't bet)
Seat 3: padrecico (small blind) folded before Flop
Seat 5: coeeeelho (big blind) collected ($1)



PokerStars Hand #254720935171:  Hold'em No Limit ($0.50/$1.00 USD) - 2025/02/05 17:25:32 WET [2025/02/05 12:25:32 ET]
Table 'Bohemia' 6-max Seat #5 is the button
Seat 2: GDELKO ($9.06 in chips) is sitting out
Seat 3: padrecico ($146.92 in chips) 
Seat 5: coeeeelho ($100.50 in chips) 
coeeeelho: posts small blind $0.50
padrecico: posts big blind $1
*** HOLE CARDS ***
coeeeelho: raises $1.50 to $2.50
padrecico: folds 
Uncalled bet ($1.50) returned to coeeeelho
coeeeelho collected $2 from pot
*** SUMMARY ***
Total pot $2 | Rake $0 
Seat 2: GDELKO
Seat 3: padrecico (big blind) folded before Flop
Seat 5: coeeeelho (button) (small blind) collected ($2)



PokerStars Hand #254720754976:  Hold'em No Limit ($0.50/$1.00 USD) - 2025/02/05 17:13:31 WET [2025/02/05 12:13:31 ET]
Table 'Bohemia' 6-max Seat #2 is the button
Seat 1: MaikonAll ($103.17 in chips) 
Seat 2: reiyser ($133.37 in chips) 
Seat 3: padrecico ($138.59 in chips) 
Seat 4: The magic MD ($33.28 in chips) 
Seat 5: coeeeelho ($100 in chips) 
Seat 6: Teonanancatl ($100 in chips) 
padrecico: posts small blind $0.50
The magic MD: posts big blind $1
*** HOLE CARDS ***
coeeeelho: folds 
Teonanancatl: folds 
MaikonAll: folds 
reiyser: raises $1.23 to $2.23
padrecico: folds 
The magic MD: calls $1.23
*** FLOP *** [6h Tc 9c]
The magic MD: checks 
reiyser: checks 
*** TURN *** [6h Tc 9c] [Jd]
The magic MD: bets $1
reiyser: folds 
Uncalled bet ($1) returned to The magic MD
The magic MD collected $4.71 from pot
*** SUMMARY ***
Total pot $4.96 | Rake $0.25 
Board [6h Tc 9c Jd]
Seat 1: MaikonAll folded before Flop (didn't bet)
Seat 2: reiyser (button) folded on the Turn
Seat 3: padrecico (small blind) folded before Flop
Seat 4: The magic MD (big blind) collected ($4.71)
Seat 5: coeeeelho folded before Flop (didn't bet)
Seat 6: Teonanancatl folded before Flop (didn't bet)



PokerStars Hand #254720764958:  Hold'em No Limit ($0.50/$1.00 USD) - 2025/02/05 17:14:12 WET [2025/02/05 12:14:12 ET]
Table 'Bohemia' 6-max Seat #3 is the button
Seat 1: MaikonAll ($103.17 in chips) 
Seat 2: reiyser ($131.14 in chips) 
Seat 3: padrecico ($138.09 in chips) 
Seat 4: The magic MD ($35.76 in chips) 
Seat 5: coeeeelho ($100 in chips) 
Seat 6: Teonanancatl ($100 in chips) 
The magic MD: posts small blind $0.50
coeeeelho: posts big blind $1
*** HOLE CARDS ***
Teonanancatl: folds 
MaikonAll: folds 
reiyser: raises $1.23 to $2.23
padrecico: raises $4.17 to $6.40
The magic MD: folds 
coeeeelho: folds 
reiyser: calls $4.17
*** FLOP *** [3s 2s 5d]
reiyser: checks 
padrecico: bets $9.51
reiyser: folds 
Uncalled bet ($9.51) returned to padrecico
padrecico collected $13.58 from pot
padrecico: doesn't show hand 
*** SUMMARY ***
Total pot $14.30 | Rake $0.72 
Board [3s 2s 5d]
Seat 1: MaikonAll folded before Flop (didn't bet)
Seat 2: reiyser folded on the Flop
Seat 3: padrecico (button) collected ($13.58)
Seat 4: The magic MD (small blind) folded before Flop
Seat 5: coeeeelho (big blind) folded before Flop
Seat 6: Teonanancatl folded before Flop (didn't bet)



PokerStars Hand #254720772556:  Hold'em No Limit ($0.50/$1.00 USD) - 2025/02/05 17:14:43 WET [2025/02/05 12:14:43 ET]
Table 'Bohemia' 6-max Seat #4 is the button
Seat 1: MaikonAll ($103.17 in chips) 
Seat 2: reiyser ($124.74 in chips) 
Seat 3: padrecico ($145.27 in chips) 
Seat 4: The magic MD ($35.26 in chips) 
Seat 5: coeeeelho ($100 in chips) 
Seat 6: Teonanancatl ($100 in chips) 
coeeeelho: posts small blind $0.50
Teonanancatl: posts big blind $1
*** HOLE CARDS ***
MaikonAll: folds 
reiyser: folds 
padrecico: raises $1.75 to $2.75
The magic MD: folds 
coeeeelho: folds 
Teonanancatl: folds 
Uncalled bet ($1.75) returned to padrecico
padrecico collected $2.50 from pot
padrecico: doesn't show hand 
*** SUMMARY ***
Total pot $2.50 | Rake $0 
Seat 1: MaikonAll folded before Flop (didn't bet)
Seat 2: reiyser folded before Flop (didn't bet)
Seat 3: padrecico collected ($2.50)
Seat 4: The magic MD (button) folded before Flop (didn't bet)
Seat 5: coeeeelho (small blind) folded before Flop
Seat 6: Teonanancatl (big blind) folded before Flop



PokerStars Hand #254720777893:  Hold'em No Limit ($0.50/$1.00 USD) - 2025/02/05 17:15:05 WET [2025/02/05 12:15:05 ET]
Table 'Bohemia' 6-max Seat #5 is the button
Seat 1: MaikonAll ($103.17 in chips) 
Seat 2: reiyser ($124.74 in chips) 
Seat 3: padrecico ($146.77 in chips) 
Seat 4: The magic MD ($35.26 in chips) 
Seat 5: coeeeelho ($100 in chips) 
Seat 6: Teonanancatl ($100 in chips) 
Teonanancatl: posts small blind $0.50
MaikonAll: posts big blind $1
*** HOLE CARDS ***
reiyser: folds 
padrecico: raises $1.75 to $2.75
The magic MD: folds 
coeeeelho: folds 
Teonanancatl: folds 
MaikonAll: folds 
Uncalled bet ($1.75) returned to padrecico
padrecico collected $2.50 from pot
padrecico: doesn't show hand 
*** SUMMARY ***
Total pot $2.50 | Rake $0 
Seat 1: MaikonAll (big blind) folded before Flop
Seat 2: reiyser folded before Flop (didn't bet)
Seat 3: padrecico collected ($2.50)
Seat 4: The magic MD folded before Flop (didn't bet)
Seat 5: coeeeelho (button) folded before Flop (didn't bet)
Seat 6: Teonanancatl (small blind) folded before Flop



PokerStars Hand #254720783006:  Hold'em No Limit ($0.50/$1.00 USD) - 2025/02/05 17:15:26 WET [2025/02/05 12:15:26 ET]
Table 'Bohemia' 6-max Seat #6 is the button
Seat 1: MaikonAll ($102.17 in chips) 
Seat 2: reiyser ($124.74 in chips) 
Seat 3: padrecico ($148.27 in chips) 
Seat 4: The magic MD ($35.26 in chips) 
Seat 5: coeeeelho ($100 in chips) 
Seat 6: Teonanancatl ($100 in chips) 
MaikonAll: posts small blind $0.50
reiyser: posts big blind $1
*** HOLE CARDS ***
padrecico: folds 
The magic MD: folds 
coeeeelho: raises $1.30 to $2.30
Teonanancatl: folds 
MaikonAll: folds 
reiyser: calls $1.30
*** FLOP *** [5h 2d Ac]
reiyser: checks 
coeeeelho: bets $1.60
reiyser: folds 
Uncalled bet ($1.60) returned to coeeeelho
coeeeelho collected $4.84 from pot
*** SUMMARY ***
Total pot $5.10 | Rake $0.26 
Board [5h 2d Ac]
Seat 1: MaikonAll (small blind) folded before Flop
Seat 2: reiyser (big blind) folded on the Flop
Seat 3: padrecico folded before Flop (didn't bet)
Seat 4: The magic MD folded before Flop (didn't bet)
Seat 5: coeeeelho collected ($4.84)
Seat 6: Teonanancatl (button) folded before Flop (didn't bet)



