PokerStars Hand #254722727156:  Hold'em No Limit ($0.50/$1.00 USD) - 2025/02/05 19:18:42 WET [2025/02/05 14:18:42 ET]
Table 'Dactyl' 6-max Seat #1 is the button
Seat 2: ImaPeppaPig ($100 in chips) is sitting out
Seat 6: LuckyShikari ($100 in chips) is sitting out
Seat 1: xxxZeka ($104.05 in chips) 
Seat 4: AIien Hand ($100 in chips) 
Seat 5: coeeeelho ($100 in chips) 
AIien Hand: posts small blind $0.50
coeeeelho: posts big blind $1
LuckyShikari: sits out 
*** HOLE CARDS ***
xxxZeka: raises $1.50 to $2.50
AIien Hand: folds 
coeeeelho: raises $9.50 to $12
xxxZeka: folds 
Uncalled bet ($9.50) returned to coeeeelho
coeeeelho collected $5.50 from pot
*** SUMMARY ***
Total pot $5.50 | Rake $0 
Seat 2: ImaPeppaPig
Seat 6: LuckyShikari
Seat 1: xxxZeka (button) folded before Flop
Seat 4: AIien Hand (small blind) folded before Flop
Seat 5: coeeeelho (big blind) collected ($5.50)



PokerStars Hand #254722733421:  Hold'em No Limit ($0.50/$1.00 USD) - 2025/02/05 19:19:03 WET [2025/02/05 14:19:03 ET]
Table 'Dactyl' 6-max Seat #4 is the button
Seat 2: ImaPeppaPig ($100 in chips) is sitting out
Seat 1: xxxZeka ($101.55 in chips) 
Seat 4: AIien Hand ($100 in chips) 
Seat 5: coeeeelho ($103 in chips) 
Seat 6: LuckyShikari ($100 in chips) 
coeeeelho: posts small blind $0.50
LuckyShikari: posts big blind $1
ImaPeppaPig: sits out 
*** HOLE CARDS ***
xxxZeka: raises $1.50 to $2.50
AIien Hand: calls $2.50
coeeeelho: calls $2
LuckyShikari: folds 
*** FLOP *** [Qc 2s 5c]
coeeeelho: checks 
xxxZeka: checks 
AIien Hand: bets $1.86
coeeeelho: calls $1.86
xxxZeka: calls $1.86
*** TURN *** [Qc 2s 5c] [Tc]
coeeeelho: checks 
xxxZeka: checks 
AIien Hand: checks 
*** RIVER *** [Qc 2s 5c Tc] [8d]
coeeeelho: checks 
xxxZeka: bets $4.42
AIien Hand: folds 
coeeeelho: folds 
Uncalled bet ($4.42) returned to xxxZeka
xxxZeka collected $13.38 from pot
xxxZeka: doesn't show hand 
*** SUMMARY ***
Total pot $14.08 | Rake $0.70 
Board [Qc 2s 5c Tc 8d]
Seat 2: ImaPeppaPig
Seat 1: xxxZeka collected ($13.38)
Seat 4: AIien Hand (button) folded on the River
Seat 5: coeeeelho (small blind) folded on the River
Seat 6: LuckyShikari (big blind) folded before Flop



PokerStars Hand #254722760816:  Hold'em No Limit ($0.50/$1.00 USD) - 2025/02/05 19:20:37 WET [2025/02/05 14:20:37 ET]
Table 'Dactyl' 6-max Seat #5 is the button
Seat 2: ImaPeppaPig ($100 in chips) is sitting out
Seat 1: xxxZeka ($110.57 in chips) 
Seat 4: AIien Hand ($100 in chips) 
Seat 5: coeeeelho ($100 in chips) 
Seat 6: LuckyShikari ($100 in chips) 
LuckyShikari: posts small blind $0.50
xxxZeka: posts big blind $1
ImaPeppaPig: sits out 
*** HOLE CARDS ***
AIien Hand: folds 
coeeeelho: folds 
LuckyShikari: raises $1.50 to $2.50
xxxZeka: raises $5.50 to $8
LuckyShikari: folds 
Uncalled bet ($5.50) returned to xxxZeka
xxxZeka collected $5 from pot
xxxZeka: doesn't show hand 
*** SUMMARY ***
Total pot $5 | Rake $0 
Seat 2: ImaPeppaPig
Seat 1: xxxZeka (big blind) collected ($5)
Seat 4: AIien Hand folded before Flop (didn't bet)
Seat 5: coeeeelho (button) folded before Flop (didn't bet)
Seat 6: LuckyShikari (small blind) folded before Flop



PokerStars Hand #254722766330:  Hold'em No Limit ($0.50/$1.00 USD) - 2025/02/05 19:20:56 WET [2025/02/05 14:20:56 ET]
Table 'Dactyl' 6-max Seat #6 is the button
Seat 1: xxxZeka ($113.07 in chips) 
Seat 2: ImaPeppaPig ($100 in chips) 
Seat 4: AIien Hand ($100 in chips) 
Seat 5: coeeeelho ($100 in chips) 
Seat 6: LuckyShikari ($100 in chips) 
xxxZeka: posts small blind $0.50
ImaPeppaPig: posts big blind $1
*** HOLE CARDS ***
AIien Hand: raises $1.20 to $2.20
coeeeelho: folds 
LuckyShikari: folds 
xxxZeka: folds 
ImaPeppaPig: folds 
Uncalled bet ($1.20) returned to AIien Hand
AIien Hand collected $2.50 from pot
AIien Hand: doesn't show hand 
*** SUMMARY ***
Total pot $2.50 | Rake $0 
Seat 1: xxxZeka (small blind) folded before Flop
Seat 2: ImaPeppaPig (big blind) folded before Flop
Seat 4: AIien Hand collected ($2.50)
Seat 5: coeeeelho folded before Flop (didn't bet)
Seat 6: LuckyShikari (button) folded before Flop (didn't bet)



PokerStars Hand #254722769937:  Hold'em No Limit ($0.50/$1.00 USD) - 2025/02/05 19:21:09 WET [2025/02/05 14:21:09 ET]
Table 'Dactyl' 6-max Seat #1 is the button
Seat 1: xxxZeka ($112.57 in chips) 
Seat 2: ImaPeppaPig ($100 in chips) 
Seat 4: AIien Hand ($101.50 in chips) 
Seat 5: coeeeelho ($100 in chips) 
Seat 6: LuckyShikari ($100 in chips) 
ImaPeppaPig: posts small blind $0.50
AIien Hand: posts big blind $1
*** HOLE CARDS ***
coeeeelho: folds 
LuckyShikari: folds 
xxxZeka: folds 
ImaPeppaPig: folds 
Uncalled bet ($0.50) returned to AIien Hand
Brookstj500 joins the table at seat #3 
AIien Hand collected $1 from pot
AIien Hand: doesn't show hand 
*** SUMMARY ***
Total pot $1 | Rake $0 
Seat 1: xxxZeka (button) folded before Flop (didn't bet)
Seat 2: ImaPeppaPig (small blind) folded before Flop
Seat 4: AIien Hand (big blind) collected ($1)
Seat 5: coeeeelho folded before Flop (didn't bet)
Seat 6: LuckyShikari folded before Flop (didn't bet)



PokerStars Hand #254722774603:  Hold'em No Limit ($0.50/$1.00 USD) - 2025/02/05 19:21:25 WET [2025/02/05 14:21:25 ET]
Table 'Dactyl' 6-max Seat #2 is the button
Seat 3: Brookstj500 ($40 in chips) is sitting out
Seat 1: xxxZeka ($112.57 in chips) 
Seat 2: ImaPeppaPig ($100 in chips) 
Seat 4: AIien Hand ($102 in chips) 
Seat 5: coeeeelho ($100 in chips) 
Seat 6: LuckyShikari ($100 in chips) 
AIien Hand: posts small blind $0.50
coeeeelho: posts big blind $1
*** HOLE CARDS ***
LuckyShikari: folds 
xxxZeka: folds 
ImaPeppaPig: raises $1.50 to $2.50
AIien Hand: folds 
coeeeelho: calls $1.50
*** FLOP *** [4c 8h Qc]
coeeeelho: checks 
ImaPeppaPig: checks 
*** TURN *** [4c 8h Qc] [2h]
coeeeelho: bets $3.92
ImaPeppaPig: raises $9.93 to $13.85
coeeeelho: calls $9.93
*** RIVER *** [4c 8h Qc 2h] [8c]
coeeeelho: bets $7.88
ImaPeppaPig: calls $7.88
*** SHOW DOWN ***
coeeeelho: shows [Jh Qs] (two pair, Queens and Eights)
ImaPeppaPig: mucks hand 
coeeeelho collected $46.51 from pot
*** SUMMARY ***
Total pot $48.96 | Rake $2.45 
Board [4c 8h Qc 2h 8c]
Seat 3: Brookstj500
Seat 1: xxxZeka folded before Flop (didn't bet)
Seat 2: ImaPeppaPig (button) mucked
Seat 4: AIien Hand (small blind) folded before Flop
Seat 5: coeeeelho (big blind) showed [Jh Qs] and won ($46.51) with two pair, Queens and Eights
Seat 6: LuckyShikari folded before Flop (didn't bet)



PokerStars Hand #254722795317:  Hold'em No Limit ($0.50/$1.00 USD) - 2025/02/05 19:22:37 WET [2025/02/05 14:22:37 ET]
Table 'Dactyl' 6-max Seat #4 is the button
Seat 3: Brookstj500 ($40 in chips) is sitting out
Seat 1: xxxZeka ($112.57 in chips) 
Seat 2: ImaPeppaPig ($100 in chips) 
Seat 4: AIien Hand ($101.50 in chips) 
Seat 5: coeeeelho ($122.28 in chips) 
Seat 6: LuckyShikari ($100 in chips) 
coeeeelho: posts small blind $0.50
LuckyShikari: posts big blind $1
Brookstj500: sits out 
*** HOLE CARDS ***
xxxZeka: folds 
ImaPeppaPig: raises $1.50 to $2.50
AIien Hand: folds 
coeeeelho: folds 
LuckyShikari: folds 
Uncalled bet ($1.50) returned to ImaPeppaPig
ImaPeppaPig collected $2.50 from pot
ImaPeppaPig: doesn't show hand 
*** SUMMARY ***
Total pot $2.50 | Rake $0 
Seat 3: Brookstj500
Seat 1: xxxZeka folded before Flop (didn't bet)
Seat 2: ImaPeppaPig collected ($2.50)
Seat 4: AIien Hand (button) folded before Flop (didn't bet)
Seat 5: coeeeelho (small blind) folded before Flop
Seat 6: LuckyShikari (big blind) folded before Flop



PokerStars Hand #254722801167:  Hold'em No Limit ($0.50/$1.00 USD) - 2025/02/05 19:22:57 WET [2025/02/05 14:22:57 ET]
Table 'Dactyl' 6-max Seat #5 is the button
Seat 3: Brookstj500 ($40 in chips) is sitting out
Seat 1: xxxZeka ($112.57 in chips) 
Seat 2: ImaPeppaPig ($101.50 in chips) 
Seat 4: AIien Hand ($101.50 in chips) 
Seat 5: coeeeelho ($121.78 in chips) 
Seat 6: LuckyShikari ($100 in chips) 
LuckyShikari: posts small blind $0.50
xxxZeka: posts big blind $1
Brookstj500: sits out 
*** HOLE CARDS ***
ImaPeppaPig: folds 
AIien Hand: folds 
coeeeelho: raises $1.50 to $2.50
LuckyShikari: folds 
xxxZeka: folds 
Uncalled bet ($1.50) returned to coeeeelho
coeeeelho collected $2.50 from pot
*** SUMMARY ***
Total pot $2.50 | Rake $0 
Seat 3: Brookstj500
Seat 1: xxxZeka (big blind) folded before Flop
Seat 2: ImaPeppaPig folded before Flop (didn't bet)
Seat 4: AIien Hand folded before Flop (didn't bet)
Seat 5: coeeeelho (button) collected ($2.50)
Seat 6: LuckyShikari (small blind) folded before Flop



PokerStars Hand #254722805905:  Hold'em No Limit ($0.50/$1.00 USD) - 2025/02/05 19:23:13 WET [2025/02/05 14:23:13 ET]
Table 'Dactyl' 6-max Seat #6 is the button
Seat 3: Brookstj500 ($40 in chips) is sitting out
Seat 1: xxxZeka ($111.57 in chips) 
Seat 2: ImaPeppaPig ($101.50 in chips) 
Seat 4: AIien Hand ($101.50 in chips) 
Seat 5: coeeeelho ($123.28 in chips) 
Seat 6: LuckyShikari ($100 in chips) 
xxxZeka: posts small blind $0.50
ImaPeppaPig: posts big blind $1
Brookstj500: sits out 
*** HOLE CARDS ***
AIien Hand: folds 
coeeeelho: folds 
LuckyShikari: raises $1 to $2
xxxZeka: folds 
ImaPeppaPig: calls $1
*** FLOP *** [4s Qh Kh]
ImaPeppaPig: checks 
LuckyShikari: bets $1.30
ImaPeppaPig: raises $3.58 to $4.88
LuckyShikari: folds 
Uncalled bet ($3.58) returned to ImaPeppaPig
ImaPeppaPig collected $6.74 from pot
ImaPeppaPig: doesn't show hand 
*** SUMMARY ***
Total pot $7.10 | Rake $0.36 
Board [4s Qh Kh]
Seat 3: Brookstj500
Seat 1: xxxZeka (small blind) folded before Flop
Seat 2: ImaPeppaPig (big blind) collected ($6.74)
Seat 4: AIien Hand folded before Flop (didn't bet)
Seat 5: coeeeelho folded before Flop (didn't bet)
Seat 6: LuckyShikari (button) folded on the Flop



PokerStars Hand #254722817062:  Hold'em No Limit ($0.50/$1.00 USD) - 2025/02/05 19:23:52 WET [2025/02/05 14:23:52 ET]
Table 'Dactyl' 6-max Seat #1 is the button
Seat 1: xxxZeka ($111.07 in chips) 
Seat 2: ImaPeppaPig ($104.94 in chips) 
Seat 3: Brookstj500 ($40 in chips) 
Seat 4: AIien Hand ($101.50 in chips) 
Seat 5: coeeeelho ($123.28 in chips) 
Seat 6: LuckyShikari ($100 in chips) 
ImaPeppaPig: posts small blind $0.50
Brookstj500: posts big blind $1
*** HOLE CARDS ***
AIien Hand: folds 
coeeeelho: raises $1.20 to $2.20
LuckyShikari: folds 
xxxZeka: folds 
ImaPeppaPig: folds 
Brookstj500: folds 
Uncalled bet ($1.20) returned to coeeeelho
coeeeelho collected $2.50 from pot
*** SUMMARY ***
Total pot $2.50 | Rake $0 
Seat 1: xxxZeka (button) folded before Flop (didn't bet)
Seat 2: ImaPeppaPig (small blind) folded before Flop
Seat 3: Brookstj500 (big blind) folded before Flop
Seat 4: AIien Hand folded before Flop (didn't bet)
Seat 5: coeeeelho collected ($2.50)
Seat 6: LuckyShikari folded before Flop (didn't bet)



PokerStars Hand #254722823327:  Hold'em No Limit ($0.50/$1.00 USD) - 2025/02/05 19:24:14 WET [2025/02/05 14:24:14 ET]
Table 'Dactyl' 6-max Seat #2 is the button
Seat 1: xxxZeka ($111.07 in chips) 
Seat 2: ImaPeppaPig ($104.44 in chips) 
Seat 3: Brookstj500 ($39 in chips) 
Seat 4: AIien Hand ($101.50 in chips) 
Seat 5: coeeeelho ($124.78 in chips) 
Seat 6: LuckyShikari ($100 in chips) 
Brookstj500: posts small blind $0.50
AIien Hand: posts big blind $1
*** HOLE CARDS ***
coeeeelho: raises $1.10 to $2.10
LuckyShikari: folds 
xxxZeka: folds 
ImaPeppaPig: folds 
Brookstj500: folds 
AIien Hand: folds 
Uncalled bet ($1.10) returned to coeeeelho
coeeeelho collected $2.50 from pot
*** SUMMARY ***
Total pot $2.50 | Rake $0 
Seat 1: xxxZeka folded before Flop (didn't bet)
Seat 2: ImaPeppaPig (button) folded before Flop (didn't bet)
Seat 3: Brookstj500 (small blind) folded before Flop
Seat 4: AIien Hand (big blind) folded before Flop
Seat 5: coeeeelho collected ($2.50)
Seat 6: LuckyShikari folded before Flop (didn't bet)



PokerStars Hand #254722827648:  Hold'em No Limit ($0.50/$1.00 USD) - 2025/02/05 19:24:29 WET [2025/02/05 14:24:29 ET]
Table 'Dactyl' 6-max Seat #3 is the button
Seat 1: xxxZeka ($111.07 in chips) 
Seat 2: ImaPeppaPig ($104.44 in chips) 
Seat 3: Brookstj500 ($38.50 in chips) 
Seat 4: AIien Hand ($100.50 in chips) 
Seat 5: coeeeelho ($126.28 in chips) 
Seat 6: LuckyShikari ($100 in chips) 
AIien Hand: posts small blind $0.50
coeeeelho: posts big blind $1
*** HOLE CARDS ***
LuckyShikari: folds 
LuckyShikari leaves the table
xxxZeka: folds 
ImaPeppaPig: folds 
Brookstj500: calls $1
AIien Hand: folds 
coeeeelho: raises $3.20 to $4.20
DL1B joins the table at seat #6 
Brookstj500: calls $3.20
*** FLOP *** [Qd Ts 2s]
coeeeelho: bets $4.23
Brookstj500: folds 
Uncalled bet ($4.23) returned to coeeeelho
coeeeelho collected $8.46 from pot
*** SUMMARY ***
Total pot $8.90 | Rake $0.44 
Board [Qd Ts 2s]
Seat 1: xxxZeka folded before Flop (didn't bet)
Seat 2: ImaPeppaPig folded before Flop (didn't bet)
Seat 3: Brookstj500 (button) folded on the Flop
Seat 4: AIien Hand (small blind) folded before Flop
Seat 5: coeeeelho (big blind) collected ($8.46)
Seat 6: LuckyShikari folded before Flop (didn't bet)



PokerStars Hand #254722837814:  Hold'em No Limit ($0.50/$1.00 USD) - 2025/02/05 19:25:03 WET [2025/02/05 14:25:03 ET]
Table 'Dactyl' 6-max Seat #4 is the button
Seat 1: xxxZeka ($111.07 in chips) 
Seat 2: ImaPeppaPig ($104.44 in chips) 
Seat 3: Brookstj500 ($34.30 in chips) 
Seat 4: AIien Hand ($100 in chips) 
Seat 5: coeeeelho ($130.54 in chips) 
Seat 6: DL1B ($100 in chips) 
coeeeelho: posts small blind $0.50
DL1B: posts big blind $1
*** HOLE CARDS ***
xxxZeka: folds 
ImaPeppaPig: folds 
Brookstj500: raises $3 to $4
AIien Hand: folds 
coeeeelho: folds 
DL1B: calls $3
*** FLOP *** [Ts 8h Jd]
DL1B: checks 
Brookstj500: bets $7
DL1B: calls $7
*** TURN *** [Ts 8h Jd] [6c]
DL1B: checks 
Brookstj500: checks 
*** RIVER *** [Ts 8h Jd 6c] [4s]
DL1B: checks 
Brookstj500: checks 
*** SHOW DOWN ***
DL1B: shows [9s 9c] (a pair of Nines)
Brookstj500: shows [Ad Td] (a pair of Tens)
Brookstj500 collected $21.38 from pot
*** SUMMARY ***
Total pot $22.50 | Rake $1.12 
Board [Ts 8h Jd 6c 4s]
Seat 1: xxxZeka folded before Flop (didn't bet)
Seat 2: ImaPeppaPig folded before Flop (didn't bet)
Seat 3: Brookstj500 showed [Ad Td] and won ($21.38) with a pair of Tens
Seat 4: AIien Hand (button) folded before Flop (didn't bet)
Seat 5: coeeeelho (small blind) folded before Flop
Seat 6: DL1B (big blind) showed [9s 9c] and lost with a pair of Nines



PokerStars Hand #254722856316:  Hold'em No Limit ($0.50/$1.00 USD) - 2025/02/05 19:26:07 WET [2025/02/05 14:26:07 ET]
Table 'Dactyl' 6-max Seat #5 is the button
Seat 1: xxxZeka ($111.07 in chips) 
Seat 2: ImaPeppaPig ($104.44 in chips) 
Seat 3: Brookstj500 ($44.68 in chips) 
Seat 4: AIien Hand ($100 in chips) 
Seat 5: coeeeelho ($130.04 in chips) 
Seat 6: DL1B ($100 in chips) 
DL1B: posts small blind $0.50
xxxZeka: posts big blind $1
*** HOLE CARDS ***
ImaPeppaPig: raises $1.50 to $2.50
Brookstj500: folds 
AIien Hand: folds 
coeeeelho: folds 
DL1B: folds 
xxxZeka: folds 
Uncalled bet ($1.50) returned to ImaPeppaPig
ImaPeppaPig collected $2.50 from pot
ImaPeppaPig: doesn't show hand 
*** SUMMARY ***
Total pot $2.50 | Rake $0 
Seat 1: xxxZeka (big blind) folded before Flop
Seat 2: ImaPeppaPig collected ($2.50)
Seat 3: Brookstj500 folded before Flop (didn't bet)
Seat 4: AIien Hand folded before Flop (didn't bet)
Seat 5: coeeeelho (button) folded before Flop (didn't bet)
Seat 6: DL1B (small blind) folded before Flop



PokerStars Hand #254722863753:  Hold'em No Limit ($0.50/$1.00 USD) - 2025/02/05 19:26:32 WET [2025/02/05 14:26:32 ET]
Table 'Dactyl' 6-max Seat #6 is the button
Seat 1: xxxZeka ($110.07 in chips) 
Seat 2: ImaPeppaPig ($105.94 in chips) 
Seat 3: Brookstj500 ($44.68 in chips) 
Seat 4: AIien Hand ($100 in chips) 
Seat 5: coeeeelho ($130.04 in chips) 
Seat 6: DL1B ($100 in chips) 
xxxZeka: posts small blind $0.50
ImaPeppaPig: posts big blind $1
*** HOLE CARDS ***
Brookstj500: folds 
AIien Hand: folds 
coeeeelho: raises $1.30 to $2.30
DL1B: folds 
xxxZeka: raises $8.70 to $11
ImaPeppaPig: folds 
coeeeelho: folds 
Uncalled bet ($8.70) returned to xxxZeka
xxxZeka collected $5.60 from pot
xxxZeka: doesn't show hand 
*** SUMMARY ***
Total pot $5.60 | Rake $0 
Seat 1: xxxZeka (small blind) collected ($5.60)
Seat 2: ImaPeppaPig (big blind) folded before Flop
Seat 3: Brookstj500 folded before Flop (didn't bet)
Seat 4: AIien Hand folded before Flop (didn't bet)
Seat 5: coeeeelho folded before Flop
Seat 6: DL1B (button) folded before Flop (didn't bet)



PokerStars Hand #254722871543:  Hold'em No Limit ($0.50/$1.00 USD) - 2025/02/05 19:26:59 WET [2025/02/05 14:26:59 ET]
Table 'Dactyl' 6-max Seat #1 is the button
Seat 1: xxxZeka ($113.37 in chips) 
Seat 2: ImaPeppaPig ($104.94 in chips) 
Seat 3: Brookstj500 ($44.68 in chips) 
Seat 4: AIien Hand ($100 in chips) 
Seat 5: coeeeelho ($127.74 in chips) 
Seat 6: DL1B ($100 in chips) 
ImaPeppaPig: posts small blind $0.50
Brookstj500: posts big blind $1
*** HOLE CARDS ***
AIien Hand: folds 
coeeeelho: raises $1.20 to $2.20
DL1B: folds 
xxxZeka: folds 
ImaPeppaPig: folds 
Brookstj500: raises $6.80 to $9
coeeeelho: raises $55 to $64
Brookstj500: calls $35.68 and is all-in
Uncalled bet ($19.32) returned to coeeeelho
*** FLOP *** [2d 3s Js]
*** TURN *** [2d 3s Js] [8d]
*** RIVER *** [2d 3s Js 8d] [3d]
*** SHOW DOWN ***
Brookstj500: shows [Th Ac] (a pair of Threes)
coeeeelho: shows [Qs Qc] (two pair, Queens and Threes)
coeeeelho collected $87.36 from pot
*** SUMMARY ***
Total pot $89.86 | Rake $2.50 
Board [2d 3s Js 8d 3d]
Seat 1: xxxZeka (button) folded before Flop (didn't bet)
Seat 2: ImaPeppaPig (small blind) folded before Flop
Seat 3: Brookstj500 (big blind) showed [Th Ac] and lost with a pair of Threes
Seat 4: AIien Hand folded before Flop (didn't bet)
Seat 5: coeeeelho showed [Qs Qc] and won ($87.36) with two pair, Queens and Threes
Seat 6: DL1B folded before Flop (didn't bet)



PokerStars Hand #254722882222:  Hold'em No Limit ($0.50/$1.00 USD) - 2025/02/05 19:27:36 WET [2025/02/05 14:27:36 ET]
Table 'Dactyl' 6-max Seat #2 is the button
Seat 3: Brookstj500 ($0 in chips) is sitting out
Seat 1: xxxZeka ($113.37 in chips) 
Seat 2: ImaPeppaPig ($104.44 in chips) 
Seat 4: AIien Hand ($100 in chips) 
Seat 5: coeeeelho ($170.42 in chips) 
Seat 6: DL1B ($100 in chips) 
AIien Hand: posts small blind $0.50
coeeeelho: posts big blind $1
*** HOLE CARDS ***
DL1B: folds 
xxxZeka: folds 
ImaPeppaPig: raises $1.50 to $2.50
AIien Hand: folds 
coeeeelho: calls $1.50
*** FLOP *** [As Kd 6c]
coeeeelho: checks 
ImaPeppaPig: bets $3.97
coeeeelho: folds 
Uncalled bet ($3.97) returned to ImaPeppaPig
ImaPeppaPig collected $5.22 from pot
ImaPeppaPig: doesn't show hand 
*** SUMMARY ***
Total pot $5.50 | Rake $0.28 
Board [As Kd 6c]
Seat 3: Brookstj500
Seat 1: xxxZeka folded before Flop (didn't bet)
Seat 2: ImaPeppaPig (button) collected ($5.22)
Seat 4: AIien Hand (small blind) folded before Flop
Seat 5: coeeeelho (big blind) folded on the Flop
Seat 6: DL1B folded before Flop (didn't bet)



PokerStars Hand #254722895698:  Hold'em No Limit ($0.50/$1.00 USD) - 2025/02/05 19:28:22 WET [2025/02/05 14:28:22 ET]
Table 'Dactyl' 6-max Seat #4 is the button
Seat 1: xxxZeka ($113.37 in chips) 
Seat 2: ImaPeppaPig ($107.16 in chips) 
Seat 3: Brookstj500 ($50.71 in chips) 
Seat 4: AIien Hand ($100 in chips) 
Seat 5: coeeeelho ($167.92 in chips) 
Seat 6: DL1B ($100 in chips) 
coeeeelho: posts small blind $0.50
DL1B: posts big blind $1
Brookstj500: posts small blind $0.50
*** HOLE CARDS ***
xxxZeka: folds 
ImaPeppaPig: folds 
Brookstj500: folds 
AIien Hand: folds 
coeeeelho: folds 
Uncalled bet ($0.50) returned to DL1B
DL1B collected $1.50 from pot
DL1B: doesn't show hand 
*** SUMMARY ***
Total pot $1.50 | Rake $0 
Seat 1: xxxZeka folded before Flop (didn't bet)
Seat 2: ImaPeppaPig folded before Flop (didn't bet)
Seat 3: Brookstj500 folded before Flop (didn't bet)
Seat 4: AIien Hand (button) folded before Flop (didn't bet)
Seat 5: coeeeelho (small blind) folded before Flop
Seat 6: DL1B (big blind) collected ($1.50)



PokerStars Hand #254722900891:  Hold'em No Limit ($0.50/$1.00 USD) - 2025/02/05 19:28:40 WET [2025/02/05 14:28:40 ET]
Table 'Dactyl' 6-max Seat #5 is the button
Seat 1: xxxZeka ($113.37 in chips) 
Seat 2: ImaPeppaPig ($107.16 in chips) 
Seat 3: Brookstj500 ($50.21 in chips) 
Seat 4: AIien Hand ($100 in chips) 
Seat 5: coeeeelho ($167.42 in chips) 
Seat 6: DL1B ($101 in chips) 
DL1B: posts small blind $0.50
xxxZeka: posts big blind $1
*** HOLE CARDS ***
ImaPeppaPig: raises $1.50 to $2.50
Brookstj500: folds 
AIien Hand: folds 
coeeeelho: folds 
DL1B: folds 
xxxZeka: folds 
Uncalled bet ($1.50) returned to ImaPeppaPig
ImaPeppaPig collected $2.50 from pot
ImaPeppaPig: doesn't show hand 
*** SUMMARY ***
Total pot $2.50 | Rake $0 
Seat 1: xxxZeka (big blind) folded before Flop
Seat 2: ImaPeppaPig collected ($2.50)
Seat 3: Brookstj500 folded before Flop (didn't bet)
Seat 4: AIien Hand folded before Flop (didn't bet)
Seat 5: coeeeelho (button) folded before Flop (didn't bet)
Seat 6: DL1B (small blind) folded before Flop



PokerStars Hand #254722909887:  Hold'em No Limit ($0.50/$1.00 USD) - 2025/02/05 19:29:12 WET [2025/02/05 14:29:12 ET]
Table 'Dactyl' 6-max Seat #6 is the button
Seat 1: xxxZeka ($112.37 in chips) 
Seat 2: ImaPeppaPig ($108.66 in chips) 
Seat 3: Brookstj500 ($50.21 in chips) 
Seat 4: AIien Hand ($100 in chips) 
Seat 5: coeeeelho ($167.42 in chips) 
Seat 6: DL1B ($100.50 in chips) 
xxxZeka: posts small blind $0.50
ImaPeppaPig: posts big blind $1
*** HOLE CARDS ***
Brookstj500: calls $1
AIien Hand: folds 
coeeeelho: folds 
DL1B: folds 
xxxZeka: raises $5 to $6
ImaPeppaPig: folds 
Brookstj500: folds 
Uncalled bet ($5) returned to xxxZeka
xxxZeka collected $3 from pot
xxxZeka: doesn't show hand 
*** SUMMARY ***
Total pot $3 | Rake $0 
Seat 1: xxxZeka (small blind) collected ($3)
Seat 2: ImaPeppaPig (big blind) folded before Flop
Seat 3: Brookstj500 folded before Flop
Seat 4: AIien Hand folded before Flop (didn't bet)
Seat 5: coeeeelho folded before Flop (didn't bet)
Seat 6: DL1B (button) folded before Flop (didn't bet)



PokerStars Hand #254722917004:  Hold'em No Limit ($0.50/$1.00 USD) - 2025/02/05 19:29:36 WET [2025/02/05 14:29:36 ET]
Table 'Dactyl' 6-max Seat #1 is the button
Seat 1: xxxZeka ($114.37 in chips) 
Seat 2: ImaPeppaPig ($107.66 in chips) 
Seat 3: Brookstj500 ($49.21 in chips) 
Seat 4: AIien Hand ($100 in chips) 
Seat 5: coeeeelho ($167.42 in chips) 
Seat 6: DL1B ($100.50 in chips) 
ImaPeppaPig: posts small blind $0.50
Brookstj500: posts big blind $1
*** HOLE CARDS ***
AIien Hand: folds 
coeeeelho: folds 
DL1B: folds 
xxxZeka: folds 
ImaPeppaPig: folds 
Uncalled bet ($0.50) returned to Brookstj500
Brookstj500 collected $1 from pot
Brookstj500: doesn't show hand 
*** SUMMARY ***
Total pot $1 | Rake $0 
Seat 1: xxxZeka (button) folded before Flop (didn't bet)
Seat 2: ImaPeppaPig (small blind) folded before Flop
Seat 3: Brookstj500 (big blind) collected ($1)
Seat 4: AIien Hand folded before Flop (didn't bet)
Seat 5: coeeeelho folded before Flop (didn't bet)
Seat 6: DL1B folded before Flop (didn't bet)



PokerStars Hand #254722920969:  Hold'em No Limit ($0.50/$1.00 USD) - 2025/02/05 19:29:49 WET [2025/02/05 14:29:49 ET]
Table 'Dactyl' 6-max Seat #2 is the button
Seat 1: xxxZeka ($114.37 in chips) 
Seat 2: ImaPeppaPig ($107.16 in chips) 
Seat 3: Brookstj500 ($49.71 in chips) 
Seat 4: AIien Hand ($100 in chips) 
Seat 5: coeeeelho ($167.42 in chips) 
Seat 6: DL1B ($100.50 in chips) 
Brookstj500: posts small blind $0.50
AIien Hand: posts big blind $1
*** HOLE CARDS ***
coeeeelho: folds 
DL1B: raises $1 to $2
xxxZeka: folds 
ImaPeppaPig: folds 
Brookstj500: calls $1.50
AIien Hand: folds 
*** FLOP *** [5h 4d 5s]
Brookstj500: checks 
DL1B: bets $2.38
Brookstj500: folds 
Uncalled bet ($2.38) returned to DL1B
DL1B collected $4.75 from pot
DL1B: doesn't show hand 
*** SUMMARY ***
Total pot $5 | Rake $0.25 
Board [5h 4d 5s]
Seat 1: xxxZeka folded before Flop (didn't bet)
Seat 2: ImaPeppaPig (button) folded before Flop (didn't bet)
Seat 3: Brookstj500 (small blind) folded on the Flop
Seat 4: AIien Hand (big blind) folded before Flop
Seat 5: coeeeelho folded before Flop (didn't bet)
Seat 6: DL1B collected ($4.75)



PokerStars Hand #254722928424:  Hold'em No Limit ($0.50/$1.00 USD) - 2025/02/05 19:30:15 WET [2025/02/05 14:30:15 ET]
Table 'Dactyl' 6-max Seat #3 is the button
Seat 1: xxxZeka ($114.37 in chips) 
Seat 2: ImaPeppaPig ($107.16 in chips) 
Seat 3: Brookstj500 ($47.71 in chips) 
Seat 4: AIien Hand ($100 in chips) 
Seat 5: coeeeelho ($167.42 in chips) 
Seat 6: DL1B ($103.25 in chips) 
AIien Hand: posts small blind $0.50
coeeeelho: posts big blind $1
*** HOLE CARDS ***
DL1B: folds 
xxxZeka: folds 
ImaPeppaPig: folds 
Brookstj500: calls $1
AIien Hand: folds 
coeeeelho: checks 
*** FLOP *** [8h 5c Qs]
coeeeelho: checks 
Brookstj500: bets $3
coeeeelho: folds 
Uncalled bet ($3) returned to Brookstj500
Brookstj500 collected $2.38 from pot
Brookstj500: doesn't show hand 
*** SUMMARY ***
Total pot $2.50 | Rake $0.12 
Board [8h 5c Qs]
Seat 1: xxxZeka folded before Flop (didn't bet)
Seat 2: ImaPeppaPig folded before Flop (didn't bet)
Seat 3: Brookstj500 (button) collected ($2.38)
Seat 4: AIien Hand (small blind) folded before Flop
Seat 5: coeeeelho (big blind) folded on the Flop
Seat 6: DL1B folded before Flop (didn't bet)



PokerStars Hand #254722940960:  Hold'em No Limit ($0.50/$1.00 USD) - 2025/02/05 19:30:58 WET [2025/02/05 14:30:58 ET]
Table 'Dactyl' 6-max Seat #4 is the button
Seat 1: xxxZeka ($114.37 in chips) 
Seat 2: ImaPeppaPig ($107.16 in chips) 
Seat 3: Brookstj500 ($49.09 in chips) 
Seat 4: AIien Hand ($100 in chips) 
Seat 5: coeeeelho ($166.42 in chips) 
Seat 6: DL1B ($103.25 in chips) 
coeeeelho: posts small blind $0.50
DL1B: posts big blind $1
*** HOLE CARDS ***
xxxZeka: raises $1.50 to $2.50
ImaPeppaPig: folds 
Brookstj500: folds 
AIien Hand: folds 
coeeeelho: folds 
DL1B: folds 
Uncalled bet ($1.50) returned to xxxZeka
xxxZeka collected $2.50 from pot
xxxZeka: doesn't show hand 
*** SUMMARY ***
Total pot $2.50 | Rake $0 
Seat 1: xxxZeka collected ($2.50)
Seat 2: ImaPeppaPig folded before Flop (didn't bet)
Seat 3: Brookstj500 folded before Flop (didn't bet)
Seat 4: AIien Hand (button) folded before Flop (didn't bet)
Seat 5: coeeeelho (small blind) folded before Flop
Seat 6: DL1B (big blind) folded before Flop



PokerStars Hand #254722945941:  Hold'em No Limit ($0.50/$1.00 USD) - 2025/02/05 19:31:15 WET [2025/02/05 14:31:15 ET]
Table 'Dactyl' 6-max Seat #5 is the button
Seat 1: xxxZeka ($115.87 in chips) 
Seat 2: ImaPeppaPig ($107.16 in chips) 
Seat 3: Brookstj500 ($49.09 in chips) 
Seat 4: AIien Hand ($100 in chips) 
Seat 5: coeeeelho ($165.92 in chips) 
Seat 6: DL1B ($102.25 in chips) 
DL1B: posts small blind $0.50
xxxZeka: posts big blind $1
*** HOLE CARDS ***
ImaPeppaPig: folds 
Brookstj500: calls $1
AIien Hand: folds 
coeeeelho: raises $3.20 to $4.20
DL1B: folds 
xxxZeka: folds 
Brookstj500: calls $3.20
*** FLOP *** [6c Qd 9s]
Brookstj500: checks 
coeeeelho: bets $4.70
Brookstj500: calls $4.70
*** TURN *** [6c Qd 9s] [4s]
Brookstj500: checks 
coeeeelho: bets $10
Brookstj500: raises $30.19 to $40.19 and is all-in
coeeeelho: folds 
Uncalled bet ($30.19) returned to Brookstj500
Brookstj500 collected $37.34 from pot
Brookstj500: doesn't show hand 
*** SUMMARY ***
Total pot $39.30 | Rake $1.96 
Board [6c Qd 9s 4s]
Seat 1: xxxZeka (big blind) folded before Flop
Seat 2: ImaPeppaPig folded before Flop (didn't bet)
Seat 3: Brookstj500 collected ($37.34)
Seat 4: AIien Hand folded before Flop (didn't bet)
Seat 5: coeeeelho (button) folded on the Turn
Seat 6: DL1B (small blind) folded before Flop



PokerStars Hand #254722964183:  Hold'em No Limit ($0.50/$1.00 USD) - 2025/02/05 19:32:17 WET [2025/02/05 14:32:17 ET]
Table 'Dactyl' 6-max Seat #6 is the button
Seat 1: xxxZeka ($114.87 in chips) 
Seat 2: ImaPeppaPig ($107.16 in chips) 
Seat 3: Brookstj500 ($67.53 in chips) 
Seat 4: AIien Hand ($100 in chips) 
Seat 5: coeeeelho ($147.02 in chips) 
Seat 6: DL1B ($101.75 in chips) 
xxxZeka: posts small blind $0.50
ImaPeppaPig: posts big blind $1
*** HOLE CARDS ***
Brookstj500: folds 
AIien Hand: folds 
coeeeelho: folds 
DL1B: folds 
xxxZeka: folds 
Uncalled bet ($0.50) returned to ImaPeppaPig
ImaPeppaPig collected $1 from pot
ImaPeppaPig: doesn't show hand 
*** SUMMARY ***
Total pot $1 | Rake $0 
Seat 1: xxxZeka (small blind) folded before Flop
Seat 2: ImaPeppaPig (big blind) collected ($1)
Seat 3: Brookstj500 folded before Flop (didn't bet)
Seat 4: AIien Hand folded before Flop (didn't bet)
Seat 5: coeeeelho folded before Flop (didn't bet)
Seat 6: DL1B (button) folded before Flop (didn't bet)



PokerStars Hand #254722968927:  Hold'em No Limit ($0.50/$1.00 USD) - 2025/02/05 19:32:34 WET [2025/02/05 14:32:34 ET]
Table 'Dactyl' 6-max Seat #1 is the button
Seat 1: xxxZeka ($114.37 in chips) 
Seat 2: ImaPeppaPig ($107.66 in chips) 
Seat 3: Brookstj500 ($67.53 in chips) 
Seat 4: AIien Hand ($100 in chips) 
Seat 5: coeeeelho ($147.02 in chips) 
Seat 6: DL1B ($101.75 in chips) 
ImaPeppaPig: posts small blind $0.50
Brookstj500: posts big blind $1
*** HOLE CARDS ***
AIien Hand: folds 
coeeeelho: folds 
DL1B: folds 
xxxZeka: folds 
ImaPeppaPig: raises $2 to $3
Brookstj500: calls $2
*** FLOP *** [3c 9c 6c]
ImaPeppaPig: checks 
Brookstj500: bets $5.70
ImaPeppaPig: folds 
Uncalled bet ($5.70) returned to Brookstj500
Brookstj500 collected $5.70 from pot
Brookstj500: doesn't show hand 
*** SUMMARY ***
Total pot $6 | Rake $0.30 
Board [3c 9c 6c]
Seat 1: xxxZeka (button) folded before Flop (didn't bet)
Seat 2: ImaPeppaPig (small blind) folded on the Flop
Seat 3: Brookstj500 (big blind) collected ($5.70)
Seat 4: AIien Hand folded before Flop (didn't bet)
Seat 5: coeeeelho folded before Flop (didn't bet)
Seat 6: DL1B folded before Flop (didn't bet)



PokerStars Hand #254722977827:  Hold'em No Limit ($0.50/$1.00 USD) - 2025/02/05 19:33:04 WET [2025/02/05 14:33:04 ET]
Table 'Dactyl' 6-max Seat #2 is the button
Seat 1: xxxZeka ($114.37 in chips) 
Seat 2: ImaPeppaPig ($104.66 in chips) 
Seat 3: Brookstj500 ($70.23 in chips) 
Seat 4: AIien Hand ($100 in chips) 
Seat 5: coeeeelho ($147.02 in chips) 
Seat 6: DL1B ($101.75 in chips) 
Brookstj500: posts small blind $0.50
AIien Hand: posts big blind $1
*** HOLE CARDS ***
coeeeelho: folds 
DL1B: raises $1 to $2
xxxZeka: folds 
ImaPeppaPig: folds 
Brookstj500: folds 
AIien Hand: folds 
Uncalled bet ($1) returned to DL1B
DL1B collected $2.50 from pot
DL1B: doesn't show hand 
*** SUMMARY ***
Total pot $2.50 | Rake $0 
Seat 1: xxxZeka folded before Flop (didn't bet)
Seat 2: ImaPeppaPig (button) folded before Flop (didn't bet)
Seat 3: Brookstj500 (small blind) folded before Flop
Seat 4: AIien Hand (big blind) folded before Flop
Seat 5: coeeeelho folded before Flop (didn't bet)
Seat 6: DL1B collected ($2.50)



PokerStars Hand #254722985420:  Hold'em No Limit ($0.50/$1.00 USD) - 2025/02/05 19:33:30 WET [2025/02/05 14:33:30 ET]
Table 'Dactyl' 6-max Seat #3 is the button
Seat 1: xxxZeka ($114.37 in chips) 
Seat 2: ImaPeppaPig ($104.66 in chips) 
Seat 3: Brookstj500 ($69.73 in chips) 
Seat 4: AIien Hand ($100 in chips) 
Seat 5: coeeeelho ($147.02 in chips) 
Seat 6: DL1B ($103.25 in chips) 
AIien Hand: posts small blind $0.50
coeeeelho: posts big blind $1
*** HOLE CARDS ***
DL1B: folds 
xxxZeka: folds 
ImaPeppaPig: folds 
Brookstj500: folds 
AIien Hand: raises $2 to $3
coeeeelho: calls $2
*** FLOP *** [Ad 8h 3h]
AIien Hand: bets $1.31
coeeeelho: calls $1.31
*** TURN *** [Ad 8h 3h] [3s]
AIien Hand: checks 
coeeeelho: checks 
*** RIVER *** [Ad 8h 3h 3s] [6c]
AIien Hand: checks 
coeeeelho: checks 
*** SHOW DOWN ***
AIien Hand: shows [7d Td] (a pair of Threes)
coeeeelho: shows [Kc Th] (a pair of Threes - Ace+King kicker)
coeeeelho collected $8.19 from pot
*** SUMMARY ***
Total pot $8.62 | Rake $0.43 
Board [Ad 8h 3h 3s 6c]
Seat 1: xxxZeka folded before Flop (didn't bet)
Seat 2: ImaPeppaPig folded before Flop (didn't bet)
Seat 3: Brookstj500 (button) folded before Flop (didn't bet)
Seat 4: AIien Hand (small blind) showed [7d Td] and lost with a pair of Threes
Seat 5: coeeeelho (big blind) showed [Kc Th] and won ($8.19) with a pair of Threes
Seat 6: DL1B folded before Flop (didn't bet)



PokerStars Hand #254723007756:  Hold'em No Limit ($0.50/$1.00 USD) - 2025/02/05 19:34:48 WET [2025/02/05 14:34:48 ET]
Table 'Dactyl' 6-max Seat #4 is the button
Seat 1: xxxZeka ($114.37 in chips) 
Seat 2: ImaPeppaPig ($104.66 in chips) 
Seat 3: Brookstj500 ($69.73 in chips) 
Seat 4: AIien Hand ($100 in chips) 
Seat 5: coeeeelho ($150.90 in chips) 
Seat 6: DL1B ($103.25 in chips) 
coeeeelho: posts small blind $0.50
DL1B: posts big blind $1
*** HOLE CARDS ***
xxxZeka: folds 
ImaPeppaPig: raises $1.50 to $2.50
Brookstj500: folds 
AIien Hand: folds 
coeeeelho: folds 
DL1B: folds 
Uncalled bet ($1.50) returned to ImaPeppaPig
coeeeelho leaves the table
ImaPeppaPig collected $2.50 from pot
ImaPeppaPig: doesn't show hand 
*** SUMMARY ***
Total pot $2.50 | Rake $0 
Seat 1: xxxZeka folded before Flop (didn't bet)
Seat 2: ImaPeppaPig collected ($2.50)
Seat 3: Brookstj500 folded before Flop (didn't bet)
Seat 4: AIien Hand (button) folded before Flop (didn't bet)
Seat 5: coeeeelho (small blind) folded before Flop
Seat 6: DL1B (big blind) folded before Flop



PokerStars Hand #254723012824:  Hold'em No Limit ($0.50/$1.00 USD) - 2025/02/05 19:35:05 WET [2025/02/05 14:35:05 ET]
Table 'Dactyl' 6-max Seat #6 is the button
Seat 1: xxxZeka ($114.37 in chips) 
Seat 2: ImaPeppaPig ($106.16 in chips) 
Seat 3: Brookstj500 ($69.73 in chips) 
Seat 4: AIien Hand ($100 in chips) 
Seat 6: DL1B ($102.25 in chips) 
xxxZeka: posts small blind $0.50
ImaPeppaPig: posts big blind $1
*** HOLE CARDS ***
henri789 joins the table at seat #5 
Brookstj500: folds 
AIien Hand: raises $1.20 to $2.20
DL1B: calls $2.20
xxxZeka: folds 
ImaPeppaPig: folds 
*** FLOP *** [Ks 3c 9h]
AIien Hand: checks 
Brookstj500 leaves the table
DL1B: bets $1.85
AIien Hand: calls $1.85
*** TURN *** [Ks 3c 9h] [3h]
AIien Hand: checks 
DL1B: checks 
*** RIVER *** [Ks 3c 9h 3h] [Ac]
ddyyjj joins the table at seat #3 
ddyyjj is disconnected 
AIien Hand: bets $7.75
DL1B: folds 
Uncalled bet ($7.75) returned to AIien Hand
AIien Hand collected $9.12 from pot
*** SUMMARY ***
Total pot $9.60 | Rake $0.48 
Board [Ks 3c 9h 3h Ac]
Seat 1: xxxZeka (small blind) folded before Flop
Seat 2: ImaPeppaPig (big blind) folded before Flop
Seat 3: Brookstj500 folded before Flop (didn't bet)
Seat 4: AIien Hand collected ($9.12)
Seat 6: DL1B (button) folded on the River



PokerStars Hand #254723040226:  Hold'em No Limit ($0.50/$1.00 USD) - 2025/02/05 19:36:39 WET [2025/02/05 14:36:39 ET]
Table 'Dactyl' 6-max Seat #1 is the button
Seat 5: henri789 ($100 in chips) is sitting out
Seat 1: xxxZeka ($113.87 in chips) 
Seat 2: ImaPeppaPig ($105.16 in chips) 
Seat 3: ddyyjj ($100 in chips) 
Seat 4: AIien Hand ($105.07 in chips) 
Seat 6: DL1B ($100 in chips) 
ImaPeppaPig: posts small blind $0.50
ddyyjj: posts big blind $1
henri789: sits out 
*** HOLE CARDS ***
AIien Hand: folds 
DL1B: raises $1.50 to $2.50
xxxZeka: folds 
ImaPeppaPig: folds 
ddyyjj: folds 
Uncalled bet ($1.50) returned to DL1B
DL1B collected $2.50 from pot
DL1B: doesn't show hand 
*** SUMMARY ***
Total pot $2.50 | Rake $0 
Seat 5: henri789
Seat 1: xxxZeka (button) folded before Flop (didn't bet)
Seat 2: ImaPeppaPig (small blind) folded before Flop
Seat 3: ddyyjj (big blind) folded before Flop
Seat 4: AIien Hand folded before Flop (didn't bet)
Seat 6: DL1B collected ($2.50)



PokerStars Hand #254723048402:  Hold'em No Limit ($0.50/$1.00 USD) - 2025/02/05 19:37:06 WET [2025/02/05 14:37:06 ET]
Table 'Dactyl' 6-max Seat #2 is the button
Seat 4: AIien Hand ($105.07 in chips) is sitting out
Seat 5: henri789 ($100 in chips) is sitting out
Seat 6: DL1B ($101.50 in chips) is sitting out
Seat 1: xxxZeka ($113.87 in chips) 
Seat 2: ImaPeppaPig ($104.66 in chips) 
Seat 3: ddyyjj ($100 in chips) 
ddyyjj: posts small blind $0.50
AIien Hand: is sitting out 
henri789: is sitting out 
DL1B: is sitting out 
xxxZeka: posts big blind $1
*** HOLE CARDS ***
DL1B leaves the table
ImaPeppaPig: folds 
AIien Hand leaves the table
ddyyjj: raises $2 to $3
henri789 leaves the table
xxxZeka: folds 
Uncalled bet ($2) returned to ddyyjj
ddyyjj collected $2 from pot
*** SUMMARY ***
Total pot $2 | Rake $0 
Seat 4: AIien Hand
Seat 5: henri789
Seat 6: DL1B
Seat 1: xxxZeka (big blind) folded before Flop
Seat 2: ImaPeppaPig (button) folded before Flop (didn't bet)
Seat 3: ddyyjj (small blind) collected ($2)



PokerStars Hand #254723053924:  Hold'em No Limit ($0.50/$1.00 USD) - 2025/02/05 19:37:25 WET [2025/02/05 14:37:25 ET]
Table 'Dactyl' 6-max Seat #3 is the button
Seat 1: xxxZeka ($112.87 in chips) 
Seat 2: ImaPeppaPig ($104.66 in chips) 
Seat 3: ddyyjj ($101 in chips) 
xxxZeka: posts small blind $0.50
ImaPeppaPig: posts big blind $1
*** HOLE CARDS ***
ddyyjj: raises $2 to $3
xxxZeka: folds 
ImaPeppaPig: folds 
Uncalled bet ($2) returned to ddyyjj
xxxZeka leaves the table
michasia joins the table at seat #5 
ddyyjj collected $2.50 from pot
*** SUMMARY ***
Total pot $2.50 | Rake $0 
Seat 1: xxxZeka (small blind) folded before Flop
Seat 2: ImaPeppaPig (big blind) folded before Flop
Seat 3: ddyyjj (button) collected ($2.50)



PokerStars Hand #254723060038:  Hold'em No Limit ($0.50/$1.00 USD) - 2025/02/05 19:37:46 WET [2025/02/05 14:37:46 ET]
Table 'Dactyl' 6-max Seat #2 is the button
Seat 2: ImaPeppaPig ($103.66 in chips) 
Seat 3: ddyyjj ($102.50 in chips) 
Seat 5: michasia ($100 in chips) 
ddyyjj: posts small blind $0.50
michasia: posts big blind $1
*** HOLE CARDS ***
ImaPeppaPig: folds 
ddyyjj: folds 
Uncalled bet ($0.50) returned to michasia
michasia collected $1 from pot
michasia: doesn't show hand 
*** SUMMARY ***
Total pot $1 | Rake $0 
Seat 2: ImaPeppaPig (button) folded before Flop (didn't bet)
Seat 3: ddyyjj (small blind) folded before Flop
Seat 5: michasia (big blind) collected ($1)



PokerStars Hand #254723062539:  Hold'em No Limit ($0.50/$1.00 USD) - 2025/02/05 19:37:54 WET [2025/02/05 14:37:54 ET]
Table 'Dactyl' 6-max Seat #3 is the button
Seat 2: ImaPeppaPig ($103.66 in chips) 
Seat 3: ddyyjj ($102 in chips) 
Seat 5: michasia ($100.50 in chips) 
michasia: posts small blind $0.50
ImaPeppaPig: posts big blind $1
*** HOLE CARDS ***
ddyyjj: folds 
michasia: folds 
Uncalled bet ($0.50) returned to ImaPeppaPig
ImaPeppaPig collected $1 from pot
ImaPeppaPig: doesn't show hand 
*** SUMMARY ***
Total pot $1 | Rake $0 
Seat 2: ImaPeppaPig (big blind) collected ($1)
Seat 3: ddyyjj (button) folded before Flop (didn't bet)
Seat 5: michasia (small blind) folded before Flop



