PokerStars Hand #254719990282:  Hold'em No Limit ($0.50/$1.00 USD) - 2025/02/05 16:16:31 WET [2025/02/05 11:16:31 ET]
Table 'Homam' 6-max Seat #1 is the button
Seat 1: MAO_DZEDYN_S ($100 in chips) 
Seat 2: Rysiff ($103.90 in chips) 
Seat 3: Spac396 ($108.62 in chips) 
Seat 4: b2k-Snick ($100 in chips) 
Seat 5: v.sting ($100 in chips) 
Seat 6: Maximysss85 ($100 in chips) 
Rysiff: posts small blind $0.50
Spac396: posts big blind $1
*** HOLE CARDS ***
b2k-Snick: folds 
v.sting: folds 
Maximysss85: folds 
MAO_DZEDYN_S: folds 
Rysiff: folds 
Uncalled bet ($0.50) returned to Spac396
Spac396 collected $1 from pot
*** SUMMARY ***
Total pot $1 | Rake $0 
Seat 1: MAO_DZEDYN_S (button) folded before Flop (didn't bet)
Seat 2: Rysiff (small blind) folded before Flop
Seat 3: Spac396 (big blind) collected ($1)
Seat 4: b2k-Snick folded before Flop (didn't bet)
Seat 5: v.sting folded before Flop (didn't bet)
Seat 6: Maximysss85 folded before Flop (didn't bet)



PokerStars Hand #254719992726:  Hold'em No Limit ($0.50/$1.00 USD) - 2025/02/05 16:16:42 WET [2025/02/05 11:16:42 ET]
Table 'Homam' 6-max Seat #2 is the button
Seat 1: MAO_DZEDYN_S ($100 in chips) 
Seat 2: Rysiff ($103.40 in chips) 
Seat 3: Spac396 ($109.12 in chips) 
Seat 4: b2k-Snick ($100 in chips) 
Seat 5: v.sting ($100 in chips) 
Seat 6: Maximysss85 ($100 in chips) 
Spac396: posts small blind $0.50
b2k-Snick: posts big blind $1
*** HOLE CARDS ***
v.sting: folds 
Maximysss85: folds 
MAO_DZEDYN_S: folds 
Rysiff: raises $1.50 to $2.50
Spac396: calls $2
b2k-Snick: raises $11 to $13.50
Rysiff: folds 
Spac396: calls $11
*** FLOP *** [3s Qs Ks]
Spac396: checks 
b2k-Snick: bets $19.85
Spac396: calls $19.85
*** TURN *** [3s Qs Ks] [Kc]
Spac396: bets $1
b2k-Snick: raises $37.79 to $38.79
Spac396: calls $37.79
*** RIVER *** [3s Qs Ks Kc] [Jh]
Spac396: bets $36.98 and is all-in
b2k-Snick: calls $27.86 and is all-in
Uncalled bet ($9.12) returned to Spac396
*** SHOW DOWN ***
Spac396: shows [As Td] (a straight, Ten to Ace)
b2k-Snick: shows [Ts 6s] (a flush, King high)
b2k-Snick collected $200 from pot
*** SUMMARY ***
Total pot $202.50 | Rake $2.50 
Board [3s Qs Ks Kc Jh]
Seat 1: MAO_DZEDYN_S folded before Flop (didn't bet)
Seat 2: Rysiff (button) folded before Flop
Seat 3: Spac396 (small blind) showed [As Td] and lost with a straight, Ten to Ace
Seat 4: b2k-Snick (big blind) showed [Ts 6s] and won ($200) with a flush, King high
Seat 5: v.sting folded before Flop (didn't bet)
Seat 6: Maximysss85 folded before Flop (didn't bet)



PokerStars Hand #254720007169:  Hold'em No Limit ($0.50/$1.00 USD) - 2025/02/05 16:17:48 WET [2025/02/05 11:17:48 ET]
Table 'Homam' 6-max Seat #3 is the button
Seat 1: MAO_DZEDYN_S ($100 in chips) 
Seat 2: Rysiff ($100.90 in chips) 
Seat 3: Spac396 ($9.12 in chips) 
Seat 4: b2k-Snick ($200 in chips) 
Seat 5: v.sting ($100 in chips) 
Seat 6: Maximysss85 ($100 in chips) 
b2k-Snick: posts small blind $0.50
v.sting: posts big blind $1
*** HOLE CARDS ***
Maximysss85: folds 
MAO_DZEDYN_S: folds 
Rysiff: folds 
Spac396: folds 
Spac396 leaves the table
b2k-Snick: folds 
Uncalled bet ($0.50) returned to v.sting
v.sting collected $1 from pot
v.sting: doesn't show hand 
*** SUMMARY ***
Total pot $1 | Rake $0 
Seat 1: MAO_DZEDYN_S folded before Flop (didn't bet)
Seat 2: Rysiff folded before Flop (didn't bet)
Seat 3: Spac396 (button) folded before Flop (didn't bet)
Seat 4: b2k-Snick (small blind) folded before Flop
Seat 5: v.sting (big blind) collected ($1)
Seat 6: Maximysss85 folded before Flop (didn't bet)



PokerStars Hand #254720010744:  Hold'em No Limit ($0.50/$1.00 USD) - 2025/02/05 16:18:03 WET [2025/02/05 11:18:03 ET]
Table 'Homam' 6-max Seat #4 is the button
Seat 1: MAO_DZEDYN_S ($100 in chips) 
Seat 2: Rysiff ($100.90 in chips) 
Seat 4: b2k-Snick ($199.50 in chips) 
Seat 5: v.sting ($100.50 in chips) 
Seat 6: Maximysss85 ($100 in chips) 
v.sting: posts small blind $0.50
Maximysss85: posts big blind $1
*** HOLE CARDS ***
MAO_DZEDYN_S: folds 
MAO_DZEDYN_S leaves the table
Rysiff: folds 
b2k-Snick: folds 
Rysiff leaves the table
v.sting: raises $2 to $3
Maximysss85: calls $2
*** FLOP *** [Kd 6s Kc]
v.sting: checks 
Maximysss85: checks 
*** TURN *** [Kd 6s Kc] [As]
v.sting: checks 
Maximysss85: bets $4.45
v.sting: folds 
Uncalled bet ($4.45) returned to Maximysss85
Maximysss85 collected $5.70 from pot
Maximysss85: doesn't show hand 
*** SUMMARY ***
Total pot $6 | Rake $0.30 
Board [Kd 6s Kc As]
Seat 1: MAO_DZEDYN_S folded before Flop (didn't bet)
Seat 2: Rysiff folded before Flop (didn't bet)
Seat 4: b2k-Snick (button) folded before Flop (didn't bet)
Seat 5: v.sting (small blind) folded on the Turn
Seat 6: Maximysss85 (big blind) collected ($5.70)



