PokerStars Hand #254717115695:  Hold'em No Limit ($0.50/$1.00 USD) - 2025/02/05 11:27:09 WET [2025/02/05 6:27:09 ET]
Table 'Loreley II' 6-max Seat #6 is the button
Seat 3: Chiarelli99 ($100 in chips) is sitting out
Seat 1: SeEevg ($103 in chips) 
Seat 2: Rambo_nvd ($100 in chips) 
Seat 4: b2k-Snick ($100 in chips) 
Seat 5: MCMXCXIX ($102.88 in chips) 
Seat 6: jeffy27dt1 ($100 in chips) 
SeEevg: posts small blind $0.50
Rambo_nvd: posts big blind $1
Chiarelli99: sits out 
*** HOLE CARDS ***
b2k-Snick: folds 
MCMXCXIX: folds 
jeffy27dt1: folds 
SeEevg: raises $2 to $3
Rambo_nvd: calls $2
*** FLOP *** [9s 3d 9c]
MCMXCXIX leaves the table
SeEevg: bets $1.88
Rambo_nvd: raises $3.76 to $5.64
SeEevg: calls $3.76
*** TURN *** [9s 3d 9c] [7c]
SeEevg: checks 
Rambo_nvd: checks 
*** RIVER *** [9s 3d 9c 7c] [2d]
SeEevg: bets $5.42
Rambo_nvd: calls $5.42
*** SHOW DOWN ***
SeEevg: shows [Ac 9d] (three of a kind, Nines)
Rambo_nvd: mucks hand 
SeEevg collected $26.71 from pot
*** SUMMARY ***
Total pot $28.12 | Rake $1.41 
Board [9s 3d 9c 7c 2d]
Seat 3: Chiarelli99
Seat 1: SeEevg (small blind) showed [Ac 9d] and won ($26.71) with three of a kind, Nines
Seat 2: Rambo_nvd (big blind) mucked
Seat 4: b2k-Snick folded before Flop (didn't bet)
Seat 5: MCMXCXIX folded before Flop (didn't bet)
Seat 6: jeffy27dt1 (button) folded before Flop (didn't bet)



PokerStars Hand #254717123278:  Hold'em No Limit ($0.50/$1.00 USD) - 2025/02/05 11:28:11 WET [2025/02/05 6:28:11 ET]
Table 'Loreley II' 6-max Seat #1 is the button
Seat 1: SeEevg ($115.65 in chips) 
Seat 2: Rambo_nvd ($100 in chips) 
Seat 3: Chiarelli99 ($100 in chips) 
Seat 4: b2k-Snick ($100 in chips) 
Seat 6: jeffy27dt1 ($100 in chips) 
Rambo_nvd: posts small blind $0.50
Chiarelli99: posts big blind $1
*** HOLE CARDS ***
b2k-Snick: folds 
b2k-Snick leaves the table
jeffy27dt1: folds 
SeEevg: folds 
Rambo_nvd: raises $2 to $3
Chiarelli99: raises $6.50 to $9.50
Rambo_nvd: folds 
Uncalled bet ($6.50) returned to Chiarelli99
Chiarelli99 collected $6 from pot
Quahrino joins the table at seat #4 
Chiarelli99: doesn't show hand 
*** SUMMARY ***
Total pot $6 | Rake $0 
Seat 1: SeEevg (button) folded before Flop (didn't bet)
Seat 2: Rambo_nvd (small blind) folded before Flop
Seat 3: Chiarelli99 (big blind) collected ($6)
Seat 4: b2k-Snick folded before Flop (didn't bet)
Seat 6: jeffy27dt1 folded before Flop (didn't bet)



PokerStars Hand #254717125940:  Hold'em No Limit ($0.50/$1.00 USD) - 2025/02/05 11:28:32 WET [2025/02/05 6:28:32 ET]
Table 'Loreley II' 6-max Seat #2 is the button
Seat 3: Chiarelli99 ($103 in chips) is sitting out
Seat 4: Quahrino ($100 in chips) is sitting out
Seat 1: SeEevg ($115.65 in chips) 
Seat 2: Rambo_nvd ($100 in chips) 
Seat 6: jeffy27dt1 ($100 in chips) 
jeffy27dt1: posts small blind $0.50
SeEevg: posts big blind $1
*** HOLE CARDS ***
Rambo_nvd: raises $1.50 to $2.50
jeffy27dt1: folds 
SeEevg: folds 
Uncalled bet ($1.50) returned to Rambo_nvd
Rambo_nvd collected $2.50 from pot
Rambo_nvd: doesn't show hand 
*** SUMMARY ***
Total pot $2.50 | Rake $0 
Seat 3: Chiarelli99
Seat 4: Quahrino
Seat 1: SeEevg (big blind) folded before Flop
Seat 2: Rambo_nvd (button) collected ($2.50)
Seat 6: jeffy27dt1 (small blind) folded before Flop



PokerStars Hand #254717127502:  Hold'em No Limit ($0.50/$1.00 USD) - 2025/02/05 11:28:45 WET [2025/02/05 6:28:45 ET]
Table 'Loreley II' 6-max Seat #6 is the button
Seat 3: Chiarelli99 ($103 in chips) is sitting out
Seat 4: Quahrino ($100 in chips) is sitting out
Seat 1: SeEevg ($114.65 in chips) 
Seat 2: Rambo_nvd ($101.50 in chips) 
Seat 6: jeffy27dt1 ($100 in chips) 
SeEevg: posts small blind $0.50
Rambo_nvd: posts big blind $1
Quahrino: sits out 
*** HOLE CARDS ***
jeffy27dt1: raises $1.50 to $2.50
Chiarelli99 leaves the table
SeEevg: folds 
Rambo_nvd: calls $1.50
*** FLOP *** [Td 7s 6d]
Rambo_nvd: checks 
jeffy27dt1: checks 
*** TURN *** [Td 7s 6d] [9d]
Rambo_nvd: checks 
jeffy27dt1: checks 
*** RIVER *** [Td 7s 6d 9d] [6h]
Rambo_nvd: bets $3.86
jeffy27dt1: calls $3.86
*** SHOW DOWN ***
Rambo_nvd: shows [4h 5h] (a pair of Sixes)
jeffy27dt1: shows [Ts Qc] (two pair, Tens and Sixes)
jeffy27dt1 collected $12.56 from pot
*** SUMMARY ***
Total pot $13.22 | Rake $0.66 
Board [Td 7s 6d 9d 6h]
Seat 3: Chiarelli99
Seat 4: Quahrino
Seat 1: SeEevg (small blind) folded before Flop
Seat 2: Rambo_nvd (big blind) showed [4h 5h] and lost with a pair of Sixes
Seat 6: jeffy27dt1 (button) showed [Ts Qc] and won ($12.56) with two pair, Tens and Sixes



PokerStars Hand #254717138090:  Hold'em No Limit ($0.50/$1.00 USD) - 2025/02/05 11:30:09 WET [2025/02/05 6:30:09 ET]
Table 'Loreley II' 6-max Seat #1 is the button
Seat 1: SeEevg ($114.15 in chips) 
Seat 2: Rambo_nvd ($100 in chips) 
Seat 4: Quahrino ($100 in chips) 
Seat 6: jeffy27dt1 ($106.20 in chips) 
Rambo_nvd: posts small blind $0.50
Quahrino: posts big blind $1
*** HOLE CARDS ***
jeffy27dt1: raises $1.50 to $2.50
SeEevg: folds 
Rambo_nvd: folds 
Quahrino: folds 
Uncalled bet ($1.50) returned to jeffy27dt1
jeffy27dt1 collected $2.50 from pot
jeffy27dt1: doesn't show hand 
*** SUMMARY ***
Total pot $2.50 | Rake $0 
Seat 1: SeEevg (button) folded before Flop (didn't bet)
Seat 2: Rambo_nvd (small blind) folded before Flop
Seat 4: Quahrino (big blind) folded before Flop
Seat 6: jeffy27dt1 collected ($2.50)



PokerStars Hand #254717140460:  Hold'em No Limit ($0.50/$1.00 USD) - 2025/02/05 11:30:27 WET [2025/02/05 6:30:27 ET]
Table 'Loreley II' 6-max Seat #2 is the button
Seat 1: SeEevg ($114.15 in chips) 
Seat 2: Rambo_nvd ($100 in chips) 
Seat 4: Quahrino ($100 in chips) 
Seat 6: jeffy27dt1 ($107.70 in chips) 
Quahrino: posts small blind $0.50
jeffy27dt1: posts big blind $1
*** HOLE CARDS ***
SeEevg: folds 
Rambo_nvd: folds 
Quahrino: folds 
Uncalled bet ($0.50) returned to jeffy27dt1
jeffy27dt1 collected $1 from pot
jeffy27dt1: doesn't show hand 
SeEevg leaves the table
*** SUMMARY ***
Total pot $1 | Rake $0 
Seat 1: SeEevg folded before Flop (didn't bet)
Seat 2: Rambo_nvd (button) folded before Flop (didn't bet)
Seat 4: Quahrino (small blind) folded before Flop
Seat 6: jeffy27dt1 (big blind) collected ($1)



PokerStars Hand #254717141457:  Hold'em No Limit ($0.50/$1.00 USD) - 2025/02/05 11:30:35 WET [2025/02/05 6:30:35 ET]
Table 'Loreley II' 6-max Seat #4 is the button
Seat 2: Rambo_nvd ($100 in chips) 
Seat 4: Quahrino ($100 in chips) 
Seat 6: jeffy27dt1 ($108.20 in chips) 
jeffy27dt1: posts small blind $0.50
Rambo_nvd: posts big blind $1
*** HOLE CARDS ***
Quahrino: folds 
jeffy27dt1: folds 
Uncalled bet ($0.50) returned to Rambo_nvd
Rambo_nvd collected $1 from pot
Rambo_nvd: doesn't show hand 
*** SUMMARY ***
Total pot $1 | Rake $0 
Seat 2: Rambo_nvd (big blind) collected ($1)
Seat 4: Quahrino (button) folded before Flop (didn't bet)
Seat 6: jeffy27dt1 (small blind) folded before Flop



PokerStars Hand #254717142329:  Hold'em No Limit ($0.50/$1.00 USD) - 2025/02/05 11:30:42 WET [2025/02/05 6:30:42 ET]
Table 'Loreley II' 6-max Seat #2 is the button
Seat 6: jeffy27dt1 ($107.70 in chips) is sitting out
Seat 2: Rambo_nvd ($100.50 in chips) 
Seat 4: Quahrino ($100 in chips) 
Rambo_nvd: posts small blind $0.50
Quahrino: posts big blind $1
*** HOLE CARDS ***
jeffy27dt1 leaves the table
Rambo_nvd: folds 
Uncalled bet ($0.50) returned to Quahrino
Quahrino collected $1 from pot
Quahrino: doesn't show hand 
*** SUMMARY ***
Total pot $1 | Rake $0 
Seat 6: jeffy27dt1
Seat 2: Rambo_nvd (button) (small blind) folded before Flop
Seat 4: Quahrino (big blind) collected ($1)



PokerStars Hand #254717143605:  Hold'em No Limit ($0.50/$1.00 USD) - 2025/02/05 11:30:52 WET [2025/02/05 6:30:52 ET]
Table 'Loreley II' 6-max Seat #4 is the button
Seat 2: Rambo_nvd ($100 in chips) 
Seat 4: Quahrino ($100.50 in chips) 
Quahrino: posts small blind $0.50
Rambo_nvd: posts big blind $1
*** HOLE CARDS ***
Quahrino: raises $1.50 to $2.50
Rambo_nvd: calls $1.50
*** FLOP *** [3h Td 2h]
Rambo_nvd: checks 
Quahrino: bets $4.75
Rambo_nvd: calls $4.75
*** TURN *** [3h Td 2h] [6s]
Rambo_nvd: checks 
Quahrino: bets $13.78
Rambo_nvd: calls $13.78
*** RIVER *** [3h Td 2h 6s] [Ts]
Rambo_nvd: checks 
Quahrino: checks 
*** SHOW DOWN ***
Rambo_nvd: shows [3c 2c] (two pair, Tens and Threes)
Quahrino: mucks hand 
Rambo_nvd collected $41.06 from pot
*** SUMMARY ***
Total pot $42.06 | Rake $1 
Board [3h Td 2h 6s Ts]
Seat 2: Rambo_nvd (big blind) showed [3c 2c] and won ($41.06) with two pair, Tens and Threes
Seat 4: Quahrino (button) (small blind) mucked



PokerStars Hand #254717155837:  Hold'em No Limit ($0.50/$1.00 USD) - 2025/02/05 11:32:29 WET [2025/02/05 6:32:29 ET]
Table 'Loreley II' 6-max Seat #2 is the button
Seat 2: Rambo_nvd ($120.03 in chips) 
Seat 4: Quahrino ($100 in chips) 
Rambo_nvd: posts small blind $0.50
Quahrino: posts big blind $1
*** HOLE CARDS ***
Rambo_nvd: folds 
Uncalled bet ($0.50) returned to Quahrino
Quahrino collected $1 from pot
Quahrino: doesn't show hand 
*** SUMMARY ***
Total pot $1 | Rake $0 
Seat 2: Rambo_nvd (button) (small blind) folded before Flop
Seat 4: Quahrino (big blind) collected ($1)



PokerStars Hand #254717157275:  Hold'em No Limit ($0.50/$1.00 USD) - 2025/02/05 11:32:41 WET [2025/02/05 6:32:41 ET]
Table 'Loreley II' 6-max Seat #4 is the button
Seat 2: Rambo_nvd ($119.53 in chips) 
Seat 4: Quahrino ($100.50 in chips) 
Quahrino: posts small blind $0.50
Rambo_nvd: posts big blind $1
*** HOLE CARDS ***
Quahrino: raises $1.50 to $2.50
Rambo_nvd: folds 
Uncalled bet ($1.50) returned to Quahrino
Quahrino collected $2 from pot
Quahrino: doesn't show hand 
*** SUMMARY ***
Total pot $2 | Rake $0 
Seat 2: Rambo_nvd (big blind) folded before Flop
Seat 4: Quahrino (button) (small blind) collected ($2)



PokerStars Hand #254717158272:  Hold'em No Limit ($0.50/$1.00 USD) - 2025/02/05 11:32:49 WET [2025/02/05 6:32:49 ET]
Table 'Loreley II' 6-max Seat #2 is the button
Seat 2: Rambo_nvd ($118.53 in chips) 
Seat 4: Quahrino ($101.50 in chips) 
Rambo_nvd: posts small blind $0.50
Quahrino: posts big blind $1
*** HOLE CARDS ***
Rambo_nvd: raises $1.50 to $2.50
Quahrino: calls $1.50
*** FLOP *** [9c 5s Td]
Quahrino: checks 
Rambo_nvd: checks 
*** TURN *** [9c 5s Td] [5c]
Quahrino: bets $4.75
Rambo_nvd: calls $4.75
*** RIVER *** [9c 5s Td 5c] [9d]
Quahrino: bets $13.78
Rambo_nvd: calls $13.78
*** SHOW DOWN ***
Quahrino: shows [5h Jh] (a full house, Fives full of Nines)
Rambo_nvd: shows [8d 5d] (a full house, Fives full of Nines)
Quahrino collected $20.53 from pot
Rambo_nvd collected $20.53 from pot
*** SUMMARY ***
Total pot $42.06 | Rake $1 
Board [9c 5s Td 5c 9d]
Seat 2: Rambo_nvd (button) (small blind) showed [8d 5d] and won ($20.53) with a full house, Fives full of Nines
Seat 4: Quahrino (big blind) showed [5h Jh] and won ($20.53) with a full house, Fives full of Nines



