PokerStars Hand #254720519487:  Hold'em No Limit ($0.50/$1.00 USD) - 2025/02/05 16:55:31 WET [2025/02/05 11:55:31 ET]
Table 'Hirose' 6-max Seat #4 is the button
Seat 1: ruSSotron ($100 in chips) is sitting out
Seat 2: Zepp-Meister11 ($92.03 in chips) 
Seat 3: 2g00d4youu ($100 in chips) 
Seat 4: gudrozd ($100 in chips) 
Zepp-Meister11: posts small blind $0.50
2g00d4youu: posts big blind $1
*** HOLE CARDS ***
Chiarelli99 joins the table at seat #5 
gudrozd: folds 
Zepp-Meister11: raises $1.50 to $2.50
2g00d4youu: folds 
Uncalled bet ($1.50) returned to Zepp-Meister11
Zepp-Meister11 collected $2 from pot
Zepp-Meister11: doesn't show hand 
*** SUMMARY ***
Total pot $2 | Rake $0 
Seat 1: ruSSotron
Seat 2: Zepp-Meister11 (small blind) collected ($2)
Seat 3: 2g00d4youu (big blind) folded before Flop
Seat 4: gudrozd (button) folded before Flop (didn't bet)



PokerStars Hand #254720522188:  Hold'em No Limit ($0.50/$1.00 USD) - 2025/02/05 16:55:47 WET [2025/02/05 11:55:47 ET]
Table 'Hirose' 6-max Seat #2 is the button
Seat 1: ruSSotron ($100 in chips) is sitting out
Seat 5: Chiarelli99 ($100 in chips) is sitting out
Seat 2: Zepp-Meister11 ($93.03 in chips) 
Seat 3: 2g00d4youu ($100 in chips) 
Seat 4: gudrozd ($100 in chips) 
2g00d4youu: posts small blind $0.50
gudrozd: posts big blind $1
Chiarelli99: sits out 
ruSSotron: sits out 
*** HOLE CARDS ***
Zepp-Meister11: folds 
2g00d4youu: folds 
Uncalled bet ($0.50) returned to gudrozd
whlzor joins the table at seat #6 
gudrozd collected $1 from pot
gudrozd: doesn't show hand 
*** SUMMARY ***
Total pot $1 | Rake $0 
Seat 1: ruSSotron
Seat 5: Chiarelli99
Seat 2: Zepp-Meister11 (button) folded before Flop (didn't bet)
Seat 3: 2g00d4youu (small blind) folded before Flop
Seat 4: gudrozd (big blind) collected ($1)



PokerStars Hand #254720523940:  Hold'em No Limit ($0.50/$1.00 USD) - 2025/02/05 16:55:57 WET [2025/02/05 11:55:57 ET]
Table 'Hirose' 6-max Seat #3 is the button
Seat 1: ruSSotron ($100 in chips) is sitting out
Seat 6: whlzor ($100 in chips) is sitting out
Seat 2: Zepp-Meister11 ($93.03 in chips) 
Seat 3: 2g00d4youu ($100 in chips) 
Seat 4: gudrozd ($100.50 in chips) 
Seat 5: Chiarelli99 ($100 in chips) 
gudrozd: posts small blind $0.50
Chiarelli99: posts big blind $1
whlzor: sits out 
ruSSotron: sits out 
*** HOLE CARDS ***
Zepp-Meister11: folds 
2g00d4youu: raises $1.50 to $2.50
gudrozd: folds 
Chiarelli99: folds 
Uncalled bet ($1.50) returned to 2g00d4youu
2g00d4youu collected $2.50 from pot
2g00d4youu: doesn't show hand 
*** SUMMARY ***
Total pot $2.50 | Rake $0 
Seat 1: ruSSotron
Seat 6: whlzor
Seat 2: Zepp-Meister11 folded before Flop (didn't bet)
Seat 3: 2g00d4youu (button) collected ($2.50)
Seat 4: gudrozd (small blind) folded before Flop
Seat 5: Chiarelli99 (big blind) folded before Flop



PokerStars Hand #254720527454:  Hold'em No Limit ($0.50/$1.00 USD) - 2025/02/05 16:56:17 WET [2025/02/05 11:56:17 ET]
Table 'Hirose' 6-max Seat #4 is the button
Seat 1: ruSSotron ($100 in chips) is sitting out
Seat 2: Zepp-Meister11 ($93.03 in chips) 
Seat 3: 2g00d4youu ($101.50 in chips) 
Seat 4: gudrozd ($100 in chips) 
Seat 5: Chiarelli99 ($100 in chips) 
Seat 6: whlzor ($100 in chips) 
Chiarelli99: posts small blind $0.50
whlzor: posts big blind $1
ruSSotron: sits out 
*** HOLE CARDS ***
Zepp-Meister11: folds 
2g00d4youu: raises $1.50 to $2.50
gudrozd: folds 
Chiarelli99: folds 
whlzor: folds 
Uncalled bet ($1.50) returned to 2g00d4youu
2g00d4youu collected $2.50 from pot
2g00d4youu: doesn't show hand 
*** SUMMARY ***
Total pot $2.50 | Rake $0 
Seat 1: ruSSotron
Seat 2: Zepp-Meister11 folded before Flop (didn't bet)
Seat 3: 2g00d4youu collected ($2.50)
Seat 4: gudrozd (button) folded before Flop (didn't bet)
Seat 5: Chiarelli99 (small blind) folded before Flop
Seat 6: whlzor (big blind) folded before Flop



PokerStars Hand #254720531161:  Hold'em No Limit ($0.50/$1.00 USD) - 2025/02/05 16:56:38 WET [2025/02/05 11:56:38 ET]
Table 'Hirose' 6-max Seat #5 is the button
Seat 1: ruSSotron ($100 in chips) 
Seat 2: Zepp-Meister11 ($93.03 in chips) 
Seat 3: 2g00d4youu ($103 in chips) 
Seat 4: gudrozd ($100 in chips) 
Seat 5: Chiarelli99 ($100 in chips) 
Seat 6: whlzor ($100 in chips) 
whlzor: posts small blind $0.50
ruSSotron: posts big blind $1
*** HOLE CARDS ***
Zepp-Meister11: folds 
2g00d4youu: folds 
gudrozd: raises $1.50 to $2.50
Chiarelli99: folds 
whlzor: folds 
ruSSotron: folds 
Uncalled bet ($1.50) returned to gudrozd
gudrozd collected $2.50 from pot
gudrozd: doesn't show hand 
*** SUMMARY ***
Total pot $2.50 | Rake $0 
Seat 1: ruSSotron (big blind) folded before Flop
Seat 2: Zepp-Meister11 folded before Flop (didn't bet)
Seat 3: 2g00d4youu folded before Flop (didn't bet)
Seat 4: gudrozd collected ($2.50)
Seat 5: Chiarelli99 (button) folded before Flop (didn't bet)
Seat 6: whlzor (small blind) folded before Flop



PokerStars Hand #254720533798:  Hold'em No Limit ($0.50/$1.00 USD) - 2025/02/05 16:56:54 WET [2025/02/05 11:56:54 ET]
Table 'Hirose' 6-max Seat #6 is the button
Seat 1: ruSSotron ($100 in chips) 
Seat 2: Zepp-Meister11 ($93.03 in chips) 
Seat 3: 2g00d4youu ($103 in chips) 
Seat 4: gudrozd ($101.50 in chips) 
Seat 5: Chiarelli99 ($100 in chips) 
Seat 6: whlzor ($100 in chips) 
ruSSotron: posts small blind $0.50
Zepp-Meister11: posts big blind $1
*** HOLE CARDS ***
2g00d4youu: folds 
gudrozd: folds 
Chiarelli99: folds 
whlzor: raises $1.50 to $2.50
ruSSotron: folds 
Zepp-Meister11: raises $4.16 to $6.66
whlzor: folds 
Uncalled bet ($4.16) returned to Zepp-Meister11
Zepp-Meister11 collected $5.50 from pot
Zepp-Meister11: doesn't show hand 
*** SUMMARY ***
Total pot $5.50 | Rake $0 
Seat 1: ruSSotron (small blind) folded before Flop
Seat 2: Zepp-Meister11 (big blind) collected ($5.50)
Seat 3: 2g00d4youu folded before Flop (didn't bet)
Seat 4: gudrozd folded before Flop (didn't bet)
Seat 5: Chiarelli99 folded before Flop (didn't bet)
Seat 6: whlzor (button) folded before Flop



PokerStars Hand #254720540998:  Hold'em No Limit ($0.50/$1.00 USD) - 2025/02/05 16:57:34 WET [2025/02/05 11:57:34 ET]
Table 'Hirose' 6-max Seat #1 is the button
Seat 1: ruSSotron ($100 in chips) 
Seat 2: Zepp-Meister11 ($96.03 in chips) 
Seat 3: 2g00d4youu ($103 in chips) 
Seat 4: gudrozd ($101.50 in chips) 
Seat 5: Chiarelli99 ($100 in chips) 
Seat 6: whlzor ($100 in chips) 
Zepp-Meister11: posts small blind $0.50
2g00d4youu: posts big blind $1
*** HOLE CARDS ***
gudrozd: folds 
Chiarelli99: folds 
whlzor: folds 
ruSSotron: raises $1.50 to $2.50
Zepp-Meister11: folds 
gudrozd leaves the table
2g00d4youu: raises $8.50 to $11
ruSSotron: folds 
Uncalled bet ($8.50) returned to 2g00d4youu
2g00d4youu collected $5.50 from pot
2g00d4youu: doesn't show hand 
*** SUMMARY ***
Total pot $5.50 | Rake $0 
Seat 1: ruSSotron (button) folded before Flop
Seat 2: Zepp-Meister11 (small blind) folded before Flop
Seat 3: 2g00d4youu (big blind) collected ($5.50)
Seat 4: gudrozd folded before Flop (didn't bet)
Seat 5: Chiarelli99 folded before Flop (didn't bet)
Seat 6: whlzor folded before Flop (didn't bet)



PokerStars Hand #254720544666:  Hold'em No Limit ($0.50/$1.00 USD) - 2025/02/05 16:57:55 WET [2025/02/05 11:57:55 ET]
Table 'Hirose' 6-max Seat #2 is the button
Seat 1: ruSSotron ($100 in chips) 
Seat 2: Zepp-Meister11 ($95.53 in chips) 
Seat 3: 2g00d4youu ($106 in chips) 
Seat 5: Chiarelli99 ($100 in chips) 
Seat 6: whlzor ($100 in chips) 
2g00d4youu: posts small blind $0.50
Chiarelli99: posts big blind $1
*** HOLE CARDS ***
whlzor: folds 
whlzor leaves the table
ruSSotron: raises $1.20 to $2.20
Zepp-Meister11: calls $2.20
2g00d4youu: raises $7.80 to $10
Chiarelli99: folds 
ruSSotron: folds 
yzuk joins the table at seat #4 
ponchua joins the table at seat #6 
Zepp-Meister11: calls $7.80
*** FLOP *** [Js Kh Ad]
2g00d4youu: checks 
Zepp-Meister11: checks 
*** TURN *** [Js Kh Ad] [4s]
ponchua leaves the table
2g00d4youu: checks 
EAroca joins the table at seat #6 
Zepp-Meister11: bets $10.11
2g00d4youu: folds 
Uncalled bet ($10.11) returned to Zepp-Meister11
Zepp-Meister11 collected $21.75 from pot
Zepp-Meister11: doesn't show hand 
*** SUMMARY ***
Total pot $23.20 | Rake $1.45 
Board [Js Kh Ad 4s]
Seat 1: ruSSotron folded before Flop
Seat 2: Zepp-Meister11 (button) collected ($21.75)
Seat 3: 2g00d4youu (small blind) folded on the Turn
Seat 5: Chiarelli99 (big blind) folded before Flop
Seat 6: whlzor folded before Flop (didn't bet)



PokerStars Hand #254720560539:  Hold'em No Limit ($0.50/$1.00 USD) - 2025/02/05 16:59:24 WET [2025/02/05 11:59:24 ET]
Table 'Hirose' 6-max Seat #3 is the button
Seat 4: yzuk ($100 in chips) is sitting out
Seat 1: ruSSotron ($100 in chips) 
Seat 2: Zepp-Meister11 ($107.28 in chips) 
Seat 3: 2g00d4youu ($100 in chips) 
Seat 5: Chiarelli99 ($100 in chips) 
Seat 6: EAroca ($100 in chips) 
Chiarelli99: posts small blind $0.50
EAroca: posts big blind $1
*** HOLE CARDS ***
ruSSotron: folds 
Zepp-Meister11: folds 
2g00d4youu: folds 
Chiarelli99: folds 
Uncalled bet ($0.50) returned to EAroca
EAroca collected $1 from pot
EAroca: doesn't show hand 
*** SUMMARY ***
Total pot $1 | Rake $0 
Seat 4: yzuk
Seat 1: ruSSotron folded before Flop (didn't bet)
Seat 2: Zepp-Meister11 folded before Flop (didn't bet)
Seat 3: 2g00d4youu (button) folded before Flop (didn't bet)
Seat 5: Chiarelli99 (small blind) folded before Flop
Seat 6: EAroca (big blind) collected ($1)



PokerStars Hand #254720563618:  Hold'em No Limit ($0.50/$1.00 USD) - 2025/02/05 16:59:41 WET [2025/02/05 11:59:41 ET]
Table 'Hirose' 6-max Seat #5 is the button
Seat 4: yzuk ($100 in chips) is sitting out
Seat 1: ruSSotron ($100 in chips) 
Seat 2: Zepp-Meister11 ($107.28 in chips) 
Seat 3: 2g00d4youu ($100 in chips) 
Seat 5: Chiarelli99 ($100 in chips) 
Seat 6: EAroca ($100.50 in chips) 
EAroca: posts small blind $0.50
ruSSotron: posts big blind $1
yzuk: sits out 
*** HOLE CARDS ***
Zepp-Meister11: raises $1.50 to $2.50
2g00d4youu: folds 
Chiarelli99: folds 
EAroca: folds 
ruSSotron: folds 
Uncalled bet ($1.50) returned to Zepp-Meister11
Zepp-Meister11 collected $2.50 from pot
Zepp-Meister11: doesn't show hand 
*** SUMMARY ***
Total pot $2.50 | Rake $0 
Seat 4: yzuk
Seat 1: ruSSotron (big blind) folded before Flop
Seat 2: Zepp-Meister11 collected ($2.50)
Seat 3: 2g00d4youu folded before Flop (didn't bet)
Seat 5: Chiarelli99 (button) folded before Flop (didn't bet)
Seat 6: EAroca (small blind) folded before Flop



PokerStars Hand #254720566614:  Hold'em No Limit ($0.50/$1.00 USD) - 2025/02/05 16:59:57 WET [2025/02/05 11:59:57 ET]
Table 'Hirose' 6-max Seat #6 is the button
Seat 4: yzuk ($100 in chips) is sitting out
Seat 1: ruSSotron ($100 in chips) 
Seat 2: Zepp-Meister11 ($108.78 in chips) 
Seat 3: 2g00d4youu ($100 in chips) 
Seat 5: Chiarelli99 ($100 in chips) 
Seat 6: EAroca ($100 in chips) 
ruSSotron: posts small blind $0.50
Zepp-Meister11: posts big blind $1
yzuk: sits out 
*** HOLE CARDS ***
2g00d4youu: folds 
Chiarelli99: raises $1.10 to $2.10
EAroca: folds 
ruSSotron: folds 
Zepp-Meister11: calls $1.10
*** FLOP *** [3s 8c 4d]
Zepp-Meister11: checks 
Chiarelli99: checks 
*** TURN *** [3s 8c 4d] [8h]
Zepp-Meister11: checks 
Chiarelli99: bets $2.23
Zepp-Meister11: raises $5.23 to $7.46
Chiarelli99: folds 
Uncalled bet ($5.23) returned to Zepp-Meister11
Zepp-Meister11 collected $8.58 from pot
Zepp-Meister11: doesn't show hand 
*** SUMMARY ***
Total pot $9.16 | Rake $0.58 
Board [3s 8c 4d 8h]
Seat 4: yzuk
Seat 1: ruSSotron (small blind) folded before Flop
Seat 2: Zepp-Meister11 (big blind) collected ($8.58)
Seat 3: 2g00d4youu folded before Flop (didn't bet)
Seat 5: Chiarelli99 folded on the Turn
Seat 6: EAroca (button) folded before Flop (didn't bet)



PokerStars Hand #254720577324:  Hold'em No Limit ($0.50/$1.00 USD) - 2025/02/05 17:00:54 WET [2025/02/05 12:00:54 ET]
Table 'Hirose' 6-max Seat #1 is the button
Seat 4: yzuk ($100 in chips) is sitting out
Seat 1: ruSSotron ($100 in chips) 
Seat 2: Zepp-Meister11 ($113.03 in chips) 
Seat 3: 2g00d4youu ($100 in chips) 
Seat 5: Chiarelli99 ($100 in chips) 
Seat 6: EAroca ($100 in chips) 
Zepp-Meister11: posts small blind $0.50
2g00d4youu: posts big blind $1
yzuk: sits out 
*** HOLE CARDS ***
Chiarelli99: folds 
EAroca: raises $1.30 to $2.30
ruSSotron: raises $5.20 to $7.50
Zepp-Meister11: folds 
2g00d4youu: folds 
EAroca: raises $13 to $20.50
ruSSotron: raises $79.50 to $100 and is all-in
EAroca: folds 
Uncalled bet ($79.50) returned to ruSSotron
ruSSotron collected $42.50 from pot
*** SUMMARY ***
Total pot $42.50 | Rake $0 
Seat 4: yzuk
Seat 1: ruSSotron (button) collected ($42.50)
Seat 2: Zepp-Meister11 (small blind) folded before Flop
Seat 3: 2g00d4youu (big blind) folded before Flop
Seat 5: Chiarelli99 folded before Flop (didn't bet)
Seat 6: EAroca folded before Flop



PokerStars Hand #254720586475:  Hold'em No Limit ($0.50/$1.00 USD) - 2025/02/05 17:01:37 WET [2025/02/05 12:01:37 ET]
Table 'Hirose' 6-max Seat #2 is the button
Seat 1: ruSSotron ($122 in chips) 
Seat 2: Zepp-Meister11 ($112.53 in chips) 
Seat 3: 2g00d4youu ($100 in chips) 
Seat 4: yzuk ($100 in chips) 
Seat 5: Chiarelli99 ($100 in chips) 
Seat 6: EAroca ($100 in chips) 
2g00d4youu: posts small blind $0.50
yzuk: posts big blind $1
*** HOLE CARDS ***
Chiarelli99: folds 
EAroca: folds 
ruSSotron: folds 
Zepp-Meister11: folds 
2g00d4youu: folds 
Uncalled bet ($0.50) returned to yzuk
yzuk collected $1 from pot
yzuk: doesn't show hand 
*** SUMMARY ***
Total pot $1 | Rake $0 
Seat 1: ruSSotron folded before Flop (didn't bet)
Seat 2: Zepp-Meister11 (button) folded before Flop (didn't bet)
Seat 3: 2g00d4youu (small blind) folded before Flop
Seat 4: yzuk (big blind) collected ($1)
Seat 5: Chiarelli99 folded before Flop (didn't bet)
Seat 6: EAroca folded before Flop (didn't bet)



PokerStars Hand #254720592229:  Hold'em No Limit ($0.50/$1.00 USD) - 2025/02/05 17:02:03 WET [2025/02/05 12:02:03 ET]
Table 'Hirose' 6-max Seat #3 is the button
Seat 1: ruSSotron ($122 in chips) 
Seat 2: Zepp-Meister11 ($112.53 in chips) 
Seat 3: 2g00d4youu ($100 in chips) 
Seat 4: yzuk ($100.50 in chips) 
Seat 5: Chiarelli99 ($100 in chips) 
Seat 6: EAroca ($100 in chips) 
yzuk: posts small blind $0.50
Chiarelli99: posts big blind $1
*** HOLE CARDS ***
EAroca: folds 
ruSSotron: folds 
Zepp-Meister11: raises $1.50 to $2.50
2g00d4youu: folds 
yzuk: folds 
Chiarelli99: folds 
Uncalled bet ($1.50) returned to Zepp-Meister11
Zepp-Meister11 collected $2.50 from pot
Zepp-Meister11: doesn't show hand 
*** SUMMARY ***
Total pot $2.50 | Rake $0 
Seat 1: ruSSotron folded before Flop (didn't bet)
Seat 2: Zepp-Meister11 collected ($2.50)
Seat 3: 2g00d4youu (button) folded before Flop (didn't bet)
Seat 4: yzuk (small blind) folded before Flop
Seat 5: Chiarelli99 (big blind) folded before Flop
Seat 6: EAroca folded before Flop (didn't bet)



PokerStars Hand #254720596614:  Hold'em No Limit ($0.50/$1.00 USD) - 2025/02/05 17:02:23 WET [2025/02/05 12:02:23 ET]
Table 'Hirose' 6-max Seat #4 is the button
Seat 1: ruSSotron ($122 in chips) 
Seat 2: Zepp-Meister11 ($114.03 in chips) 
Seat 3: 2g00d4youu ($100 in chips) 
Seat 4: yzuk ($100 in chips) 
Seat 5: Chiarelli99 ($100 in chips) 
Seat 6: EAroca ($100 in chips) 
Chiarelli99: posts small blind $0.50
EAroca: posts big blind $1
*** HOLE CARDS ***
ruSSotron: folds 
Zepp-Meister11: folds 
2g00d4youu: folds 
yzuk: raises $1.50 to $2.50
Chiarelli99: folds 
EAroca: folds 
Uncalled bet ($1.50) returned to yzuk
yzuk collected $2.50 from pot
yzuk: doesn't show hand 
*** SUMMARY ***
Total pot $2.50 | Rake $0 
Seat 1: ruSSotron folded before Flop (didn't bet)
Seat 2: Zepp-Meister11 folded before Flop (didn't bet)
Seat 3: 2g00d4youu folded before Flop (didn't bet)
Seat 4: yzuk (button) collected ($2.50)
Seat 5: Chiarelli99 (small blind) folded before Flop
Seat 6: EAroca (big blind) folded before Flop



PokerStars Hand #254720600038:  Hold'em No Limit ($0.50/$1.00 USD) - 2025/02/05 17:02:39 WET [2025/02/05 12:02:39 ET]
Table 'Hirose' 6-max Seat #5 is the button
Seat 1: ruSSotron ($122 in chips) 
Seat 2: Zepp-Meister11 ($114.03 in chips) 
Seat 3: 2g00d4youu ($100 in chips) 
Seat 4: yzuk ($101.50 in chips) 
Seat 5: Chiarelli99 ($100 in chips) 
Seat 6: EAroca ($100 in chips) 
EAroca: posts small blind $0.50
ruSSotron: posts big blind $1
*** HOLE CARDS ***
Zepp-Meister11: folds 
2g00d4youu: folds 
yzuk: folds 
Chiarelli99: raises $1.10 to $2.10
EAroca: folds 
ruSSotron: folds 
Uncalled bet ($1.10) returned to Chiarelli99
Chiarelli99 collected $2.50 from pot
Chiarelli99: doesn't show hand 
*** SUMMARY ***
Total pot $2.50 | Rake $0 
Seat 1: ruSSotron (big blind) folded before Flop
Seat 2: Zepp-Meister11 folded before Flop (didn't bet)
Seat 3: 2g00d4youu folded before Flop (didn't bet)
Seat 4: yzuk folded before Flop (didn't bet)
Seat 5: Chiarelli99 (button) collected ($2.50)
Seat 6: EAroca (small blind) folded before Flop



PokerStars Hand #254720604649:  Hold'em No Limit ($0.50/$1.00 USD) - 2025/02/05 17:02:59 WET [2025/02/05 12:02:59 ET]
Table 'Hirose' 6-max Seat #6 is the button
Seat 1: ruSSotron ($121 in chips) 
Seat 2: Zepp-Meister11 ($114.03 in chips) 
Seat 3: 2g00d4youu ($100 in chips) 
Seat 4: yzuk ($101.50 in chips) 
Seat 5: Chiarelli99 ($101.50 in chips) 
Seat 6: EAroca ($100 in chips) 
ruSSotron: posts small blind $0.50
Zepp-Meister11: posts big blind $1
*** HOLE CARDS ***
2g00d4youu: raises $2 to $3
yzuk: folds 
Chiarelli99: folds 
EAroca: folds 
ruSSotron: folds 
Zepp-Meister11: folds 
Uncalled bet ($2) returned to 2g00d4youu
2g00d4youu collected $2.50 from pot
2g00d4youu: doesn't show hand 
*** SUMMARY ***
Total pot $2.50 | Rake $0 
Seat 1: ruSSotron (small blind) folded before Flop
Seat 2: Zepp-Meister11 (big blind) folded before Flop
Seat 3: 2g00d4youu collected ($2.50)
Seat 4: yzuk folded before Flop (didn't bet)
Seat 5: Chiarelli99 folded before Flop (didn't bet)
Seat 6: EAroca (button) folded before Flop (didn't bet)



PokerStars Hand #254720613998:  Hold'em No Limit ($0.50/$1.00 USD) - 2025/02/05 17:03:39 WET [2025/02/05 12:03:39 ET]
Table 'Hirose' 6-max Seat #1 is the button
Seat 1: ruSSotron ($120.50 in chips) 
Seat 2: Zepp-Meister11 ($113.03 in chips) 
Seat 3: 2g00d4youu ($101.50 in chips) 
Seat 4: yzuk ($101.50 in chips) 
Seat 5: Chiarelli99 ($101.50 in chips) 
Seat 6: EAroca ($100 in chips) 
Zepp-Meister11: posts small blind $0.50
2g00d4youu: posts big blind $1
*** HOLE CARDS ***
yzuk: folds 
Chiarelli99: folds 
yzuk leaves the table
EAroca: folds 
ruSSotron: folds 
Zepp-Meister11: folds 
Uncalled bet ($0.50) returned to 2g00d4youu
2g00d4youu collected $1 from pot
2g00d4youu: doesn't show hand 
*** SUMMARY ***
Total pot $1 | Rake $0 
Seat 1: ruSSotron (button) folded before Flop (didn't bet)
Seat 2: Zepp-Meister11 (small blind) folded before Flop
Seat 3: 2g00d4youu (big blind) collected ($1)
Seat 4: yzuk folded before Flop (didn't bet)
Seat 5: Chiarelli99 folded before Flop (didn't bet)
Seat 6: EAroca folded before Flop (didn't bet)



PokerStars Hand #254720618035:  Hold'em No Limit ($0.50/$1.00 USD) - 2025/02/05 17:03:56 WET [2025/02/05 12:03:56 ET]
Table 'Hirose' 6-max Seat #2 is the button
Seat 1: ruSSotron ($120.50 in chips) 
Seat 2: Zepp-Meister11 ($112.53 in chips) 
Seat 3: 2g00d4youu ($102 in chips) 
Seat 5: Chiarelli99 ($101.50 in chips) 
Seat 6: EAroca ($100 in chips) 
2g00d4youu: posts small blind $0.50
Chiarelli99: posts big blind $1
*** HOLE CARDS ***
EAroca: folds 
ruSSotron: folds 
Pon4uk.ua joins the table at seat #4 
Zepp-Meister11: raises $1.50 to $2.50
2g00d4youu: raises $7.50 to $10
Chiarelli99: folds 
Zepp-Meister11: folds 
Uncalled bet ($7.50) returned to 2g00d4youu
Chiarelli99 leaves the table
2g00d4youu collected $6 from pot
2g00d4youu: doesn't show hand 
*** SUMMARY ***
Total pot $6 | Rake $0 
Seat 1: ruSSotron folded before Flop (didn't bet)
Seat 2: Zepp-Meister11 (button) folded before Flop
Seat 3: 2g00d4youu (small blind) collected ($6)
Seat 5: Chiarelli99 (big blind) folded before Flop
Seat 6: EAroca folded before Flop (didn't bet)



PokerStars Hand #254720628212:  Hold'em No Limit ($0.50/$1.00 USD) - 2025/02/05 17:04:39 WET [2025/02/05 12:04:39 ET]
Table 'Hirose' 6-max Seat #3 is the button
Seat 4: Pon4uk.ua ($100 in chips) is sitting out
Seat 1: ruSSotron ($120.50 in chips) 
Seat 2: Zepp-Meister11 ($110.03 in chips) 
Seat 3: 2g00d4youu ($105.50 in chips) 
Seat 6: EAroca ($100 in chips) 
EAroca: posts small blind $0.50
ruSSotron: posts big blind $1
*** HOLE CARDS ***
Zepp-Meister11: folds 
2g00d4youu: folds 
EAroca: folds 
Uncalled bet ($0.50) returned to ruSSotron
ruSSotron collected $1 from pot
*** SUMMARY ***
Total pot $1 | Rake $0 
Seat 4: Pon4uk.ua
Seat 1: ruSSotron (big blind) collected ($1)
Seat 2: Zepp-Meister11 folded before Flop (didn't bet)
Seat 3: 2g00d4youu (button) folded before Flop (didn't bet)
Seat 6: EAroca (small blind) folded before Flop



PokerStars Hand #254720630821:  Hold'em No Limit ($0.50/$1.00 USD) - 2025/02/05 17:04:50 WET [2025/02/05 12:04:50 ET]
Table 'Hirose' 6-max Seat #6 is the button
Seat 4: Pon4uk.ua ($100 in chips) is sitting out
Seat 1: ruSSotron ($121 in chips) 
Seat 2: Zepp-Meister11 ($110.03 in chips) 
Seat 3: 2g00d4youu ($105.50 in chips) 
Seat 6: EAroca ($100 in chips) 
ruSSotron: posts small blind $0.50
Zepp-Meister11: posts big blind $1
Pon4uk.ua: sits out 
*** HOLE CARDS ***
2g00d4youu: folds 
EAroca: raises $1.50 to $2.50
ruSSotron: folds 
Zepp-Meister11: folds 
Uncalled bet ($1.50) returned to EAroca
EAroca collected $2.50 from pot
EAroca: doesn't show hand 
*** SUMMARY ***
Total pot $2.50 | Rake $0 
Seat 4: Pon4uk.ua
Seat 1: ruSSotron (small blind) folded before Flop
Seat 2: Zepp-Meister11 (big blind) folded before Flop
Seat 3: 2g00d4youu folded before Flop (didn't bet)
Seat 6: EAroca (button) collected ($2.50)



PokerStars Hand #254720635879:  Hold'em No Limit ($0.50/$1.00 USD) - 2025/02/05 17:05:12 WET [2025/02/05 12:05:12 ET]
Table 'Hirose' 6-max Seat #1 is the button
Seat 4: Pon4uk.ua ($100 in chips) is sitting out
Seat 1: ruSSotron ($120.50 in chips) 
Seat 2: Zepp-Meister11 ($109.03 in chips) 
Seat 3: 2g00d4youu ($105.50 in chips) 
Seat 6: EAroca ($101.50 in chips) 
Zepp-Meister11: posts small blind $0.50
2g00d4youu: posts big blind $1
Pon4uk.ua: sits out 
*** HOLE CARDS ***
EAroca: folds 
ruSSotron: raises $1.50 to $2.50
reiyser joins the table at seat #5 
Zepp-Meister11: calls $2
2g00d4youu: folds 
*** FLOP *** [2h Qc Jd]
Zepp-Meister11: checks 
ruSSotron: bets $1.88
Zepp-Meister11: folds 
Uncalled bet ($1.88) returned to ruSSotron
ruSSotron collected $5.70 from pot
*** SUMMARY ***
Total pot $6 | Rake $0.30 
Board [2h Qc Jd]
Seat 4: Pon4uk.ua
Seat 1: ruSSotron (button) collected ($5.70)
Seat 2: Zepp-Meister11 (small blind) folded on the Flop
Seat 3: 2g00d4youu (big blind) folded before Flop
Seat 6: EAroca folded before Flop (didn't bet)



PokerStars Hand #254720644213:  Hold'em No Limit ($0.50/$1.00 USD) - 2025/02/05 17:05:48 WET [2025/02/05 12:05:48 ET]
Table 'Hirose' 6-max Seat #2 is the button
Seat 5: reiyser ($100 in chips) is sitting out
Seat 1: ruSSotron ($123.70 in chips) 
Seat 2: Zepp-Meister11 ($106.53 in chips) 
Seat 3: 2g00d4youu ($104.50 in chips) 
Seat 4: Pon4uk.ua ($100 in chips) 
Seat 6: EAroca ($101.50 in chips) 
2g00d4youu: posts small blind $0.50
Pon4uk.ua: posts big blind $1
reiyser: sits out 
*** HOLE CARDS ***
EAroca: raises $1.10 to $2.10
ruSSotron: folds 
Zepp-Meister11: calls $2.10
2g00d4youu: folds 
Pon4uk.ua: calls $1.10
*** FLOP *** [7d 4s 6h]
Pon4uk.ua: bets $3.23
EAroca: folds 
Zepp-Meister11: folds 
Uncalled bet ($3.23) returned to Pon4uk.ua
Pon4uk.ua collected $6.46 from pot
Pon4uk.ua: doesn't show hand 
*** SUMMARY ***
Total pot $6.80 | Rake $0.34 
Board [7d 4s 6h]
Seat 5: reiyser
Seat 1: ruSSotron folded before Flop (didn't bet)
Seat 2: Zepp-Meister11 (button) folded on the Flop
Seat 3: 2g00d4youu (small blind) folded before Flop
Seat 4: Pon4uk.ua (big blind) collected ($6.46)
Seat 6: EAroca folded on the Flop



PokerStars Hand #254720655572:  Hold'em No Limit ($0.50/$1.00 USD) - 2025/02/05 17:06:36 WET [2025/02/05 12:06:36 ET]
Table 'Hirose' 6-max Seat #3 is the button
Seat 1: ruSSotron ($123.70 in chips) 
Seat 2: Zepp-Meister11 ($104.43 in chips) 
Seat 3: 2g00d4youu ($104 in chips) 
Seat 4: Pon4uk.ua ($104.36 in chips) 
Seat 5: reiyser ($100 in chips) 
Seat 6: EAroca ($100 in chips) 
Pon4uk.ua: posts small blind $0.50
reiyser: posts big blind $1
*** HOLE CARDS ***
EAroca: folds 
ruSSotron: folds 
Zepp-Meister11: raises $1.50 to $2.50
2g00d4youu: folds 
Pon4uk.ua: raises $8.50 to $11
reiyser: folds 
Zepp-Meister11: folds 
Uncalled bet ($8.50) returned to Pon4uk.ua
Pon4uk.ua collected $6 from pot
Pon4uk.ua: doesn't show hand 
*** SUMMARY ***
Total pot $6 | Rake $0 
Seat 1: ruSSotron folded before Flop (didn't bet)
Seat 2: Zepp-Meister11 folded before Flop
Seat 3: 2g00d4youu (button) folded before Flop (didn't bet)
Seat 4: Pon4uk.ua (small blind) collected ($6)
Seat 5: reiyser (big blind) folded before Flop
Seat 6: EAroca folded before Flop (didn't bet)



PokerStars Hand #254720787858:  Hold'em No Limit ($0.50/$1.00 USD) - 2025/02/05 17:15:45 WET [2025/02/05 12:15:45 ET]
Table 'Hirose' 6-max Seat #6 is the button
Seat 1: ruSSotron ($118.47 in chips) 
Seat 2: Zepp-Meister11 ($93.59 in chips) 
Seat 3: 2g00d4youu ($133.03 in chips) 
Seat 4: Pon4uk.ua ($112.63 in chips) 
Seat 5: reiyser ($103.83 in chips) 
Seat 6: IREQO ($100 in chips) 
ruSSotron: posts small blind $0.50
Zepp-Meister11: posts big blind $1
*** HOLE CARDS ***
2g00d4youu: raises $1.50 to $2.50
Pon4uk.ua: folds 
reiyser: folds 
IREQO: raises $5.50 to $8
ruSSotron: folds 
Zepp-Meister11: folds 
2g00d4youu: folds 
Uncalled bet ($5.50) returned to IREQO
IREQO collected $6.50 from pot
IREQO: doesn't show hand 
*** SUMMARY ***
Total pot $6.50 | Rake $0 
Seat 1: ruSSotron (small blind) folded before Flop
Seat 2: Zepp-Meister11 (big blind) folded before Flop
Seat 3: 2g00d4youu folded before Flop
Seat 4: Pon4uk.ua folded before Flop (didn't bet)
Seat 5: reiyser folded before Flop (didn't bet)
Seat 6: IREQO (button) collected ($6.50)



PokerStars Hand #254720796255:  Hold'em No Limit ($0.50/$1.00 USD) - 2025/02/05 17:16:19 WET [2025/02/05 12:16:19 ET]
Table 'Hirose' 6-max Seat #1 is the button
Seat 1: ruSSotron ($117.97 in chips) 
Seat 2: Zepp-Meister11 ($92.59 in chips) 
Seat 3: 2g00d4youu ($130.53 in chips) 
Seat 4: Pon4uk.ua ($112.63 in chips) 
Seat 5: reiyser ($103.83 in chips) 
Seat 6: IREQO ($104 in chips) 
Zepp-Meister11: posts small blind $0.50
2g00d4youu: posts big blind $1
*** HOLE CARDS ***
Pon4uk.ua: folds 
reiyser: folds 
IREQO: raises $1.50 to $2.50
ruSSotron: folds 
Zepp-Meister11: calls $2
2g00d4youu: folds 
*** FLOP *** [9s 4d 6s]
Zepp-Meister11: checks 
IREQO: checks 
*** TURN *** [9s 4d 6s] [4c]
Zepp-Meister11: bets $2.99
IREQO: folds 
Uncalled bet ($2.99) returned to Zepp-Meister11
Zepp-Meister11 collected $5.62 from pot
Zepp-Meister11: doesn't show hand 
*** SUMMARY ***
Total pot $6 | Rake $0.38 
Board [9s 4d 6s 4c]
Seat 1: ruSSotron (button) folded before Flop (didn't bet)
Seat 2: Zepp-Meister11 (small blind) collected ($5.62)
Seat 3: 2g00d4youu (big blind) folded before Flop
Seat 4: Pon4uk.ua folded before Flop (didn't bet)
Seat 5: reiyser folded before Flop (didn't bet)
Seat 6: IREQO folded on the Turn



PokerStars Hand #254720808012:  Hold'em No Limit ($0.50/$1.00 USD) - 2025/02/05 17:17:06 WET [2025/02/05 12:17:06 ET]
Table 'Hirose' 6-max Seat #2 is the button
Seat 1: ruSSotron ($117.97 in chips) 
Seat 2: Zepp-Meister11 ($95.71 in chips) 
Seat 3: 2g00d4youu ($129.53 in chips) 
Seat 4: Pon4uk.ua ($112.63 in chips) 
Seat 5: reiyser ($103.83 in chips) 
Seat 6: IREQO ($101.50 in chips) 
2g00d4youu: posts small blind $0.50
Pon4uk.ua: posts big blind $1
*** HOLE CARDS ***
reiyser: folds 
IREQO: folds 
ruSSotron: folds 
Zepp-Meister11: folds 
2g00d4youu: raises $2 to $3
Pon4uk.ua: calls $2
*** FLOP *** [Qd 6d 4c]
2g00d4youu: checks 
Pon4uk.ua: checks 
*** TURN *** [Qd 6d 4c] [5d]
2g00d4youu: checks 
Pon4uk.ua: checks 
*** RIVER *** [Qd 6d 4c 5d] [8c]
2g00d4youu: checks 
Pon4uk.ua: bets $4.28
2g00d4youu: folds 
Uncalled bet ($4.28) returned to Pon4uk.ua
Pon4uk.ua collected $5.70 from pot
Pon4uk.ua: doesn't show hand 
*** SUMMARY ***
Total pot $6 | Rake $0.30 
Board [Qd 6d 4c 5d 8c]
Seat 1: ruSSotron folded before Flop (didn't bet)
Seat 2: Zepp-Meister11 (button) folded before Flop (didn't bet)
Seat 3: 2g00d4youu (small blind) folded on the River
Seat 4: Pon4uk.ua (big blind) collected ($5.70)
Seat 5: reiyser folded before Flop (didn't bet)
Seat 6: IREQO folded before Flop (didn't bet)



PokerStars Hand #254720822125:  Hold'em No Limit ($0.50/$1.00 USD) - 2025/02/05 17:18:04 WET [2025/02/05 12:18:04 ET]
Table 'Hirose' 6-max Seat #3 is the button
Seat 1: ruSSotron ($117.97 in chips) 
Seat 2: Zepp-Meister11 ($95.71 in chips) 
Seat 3: 2g00d4youu ($126.53 in chips) 
Seat 4: Pon4uk.ua ($115.33 in chips) 
Seat 5: reiyser ($103.83 in chips) 
Seat 6: IREQO ($101.50 in chips) 
Pon4uk.ua: posts small blind $0.50
reiyser: posts big blind $1
*** HOLE CARDS ***
IREQO: folds 
ruSSotron: folds 
Zepp-Meister11: folds 
2g00d4youu: raises $1.50 to $2.50
Pon4uk.ua: folds 
reiyser: calls $1.50
*** FLOP *** [5h Qh 7s]
reiyser: checks 
2g00d4youu: bets $1.31
reiyser: calls $1.31
*** TURN *** [5h Qh 7s] [Js]
reiyser: checks 
2g00d4youu: bets $9.25
reiyser: calls $9.25
*** RIVER *** [5h Qh 7s Js] [6d]
reiyser: checks 
2g00d4youu: checks 
*** SHOW DOWN ***
reiyser: shows [5d Qd] (two pair, Queens and Fives)
2g00d4youu: mucks hand 
reiyser collected $25.29 from pot
*** SUMMARY ***
Total pot $26.62 | Rake $1.33 
Board [5h Qh 7s Js 6d]
Seat 1: ruSSotron folded before Flop (didn't bet)
Seat 2: Zepp-Meister11 folded before Flop (didn't bet)
Seat 3: 2g00d4youu (button) mucked
Seat 4: Pon4uk.ua (small blind) folded before Flop
Seat 5: reiyser (big blind) showed [5d Qd] and won ($25.29) with two pair, Queens and Fives
Seat 6: IREQO folded before Flop (didn't bet)



PokerStars Hand #254720843124:  Hold'em No Limit ($0.50/$1.00 USD) - 2025/02/05 17:19:28 WET [2025/02/05 12:19:28 ET]
Table 'Hirose' 6-max Seat #4 is the button
Seat 1: ruSSotron ($117.97 in chips) 
Seat 2: Zepp-Meister11 ($95.71 in chips) 
Seat 3: 2g00d4youu ($113.47 in chips) 
Seat 4: Pon4uk.ua ($114.83 in chips) 
Seat 5: reiyser ($116.06 in chips) 
Seat 6: IREQO ($101.50 in chips) 
reiyser: posts small blind $0.50
IREQO: posts big blind $1
*** HOLE CARDS ***
ruSSotron: folds 
ruSSotron leaves the table
Zepp-Meister11: folds 
2g00d4youu: folds 
Pon4uk.ua: raises $1.50 to $2.50
reiyser: folds 
IREQO: folds 
Uncalled bet ($1.50) returned to Pon4uk.ua
Pon4uk.ua collected $2.50 from pot
Pon4uk.ua: doesn't show hand 
*** SUMMARY ***
Total pot $2.50 | Rake $0 
Seat 1: ruSSotron folded before Flop (didn't bet)
Seat 2: Zepp-Meister11 folded before Flop (didn't bet)
Seat 3: 2g00d4youu folded before Flop (didn't bet)
Seat 4: Pon4uk.ua (button) collected ($2.50)
Seat 5: reiyser (small blind) folded before Flop
Seat 6: IREQO (big blind) folded before Flop



PokerStars Hand #254720848592:  Hold'em No Limit ($0.50/$1.00 USD) - 2025/02/05 17:19:50 WET [2025/02/05 12:19:50 ET]
Table 'Hirose' 6-max Seat #5 is the button
Seat 2: Zepp-Meister11 ($95.71 in chips) 
Seat 3: 2g00d4youu ($113.47 in chips) 
Seat 4: Pon4uk.ua ($116.33 in chips) 
Seat 5: reiyser ($115.56 in chips) 
Seat 6: IREQO ($100.50 in chips) 
IREQO: posts small blind $0.50
Zepp-Meister11: posts big blind $1
*** HOLE CARDS ***
2g00d4youu: folds 
xxxZeka joins the table at seat #1 
Pon4uk.ua: folds 
reiyser: folds 
IREQO: raises $1.50 to $2.50
Zepp-Meister11: calls $1.50
*** FLOP *** [6h 4h Jh]
IREQO: bets $1.57
Zepp-Meister11: raises $3.87 to $5.44
IREQO: folds 
Uncalled bet ($3.87) returned to Zepp-Meister11
Zepp-Meister11 collected $7.63 from pot
Zepp-Meister11: doesn't show hand 
*** SUMMARY ***
Total pot $8.14 | Rake $0.51 
Board [6h 4h Jh]
Seat 2: Zepp-Meister11 (big blind) collected ($7.63)
Seat 3: 2g00d4youu folded before Flop (didn't bet)
Seat 4: Pon4uk.ua folded before Flop (didn't bet)
Seat 5: reiyser (button) folded before Flop (didn't bet)
Seat 6: IREQO (small blind) folded on the Flop



PokerStars Hand #254720863572:  Hold'em No Limit ($0.50/$1.00 USD) - 2025/02/05 17:20:50 WET [2025/02/05 12:20:50 ET]
Table 'Hirose' 6-max Seat #6 is the button
Seat 1: xxxZeka ($100 in chips) is sitting out
Seat 2: Zepp-Meister11 ($99.27 in chips) 
Seat 3: 2g00d4youu ($113.47 in chips) 
Seat 4: Pon4uk.ua ($116.33 in chips) 
Seat 5: reiyser ($115.56 in chips) 
Seat 6: IREQO ($100 in chips) 
Zepp-Meister11: posts small blind $0.50
2g00d4youu: posts big blind $1
*** HOLE CARDS ***
Pon4uk.ua: folds 
reiyser: raises $1.23 to $2.23
IREQO: folds 
Zepp-Meister11: folds 
2g00d4youu: folds 
Uncalled bet ($1.23) returned to reiyser
reiyser collected $2.50 from pot
reiyser: doesn't show hand 
*** SUMMARY ***
Total pot $2.50 | Rake $0 
Seat 1: xxxZeka
Seat 2: Zepp-Meister11 (small blind) folded before Flop
Seat 3: 2g00d4youu (big blind) folded before Flop
Seat 4: Pon4uk.ua folded before Flop (didn't bet)
Seat 5: reiyser collected ($2.50)
Seat 6: IREQO (button) folded before Flop (didn't bet)



PokerStars Hand #254720867548:  Hold'em No Limit ($0.50/$1.00 USD) - 2025/02/05 17:21:05 WET [2025/02/05 12:21:05 ET]
Table 'Hirose' 6-max Seat #2 is the button
Seat 1: xxxZeka ($100 in chips) is sitting out
Seat 2: Zepp-Meister11 ($98.77 in chips) 
Seat 3: 2g00d4youu ($112.47 in chips) 
Seat 4: Pon4uk.ua ($116.33 in chips) 
Seat 5: reiyser ($117.06 in chips) 
Seat 6: IREQO ($100 in chips) 
2g00d4youu: posts small blind $0.50
Pon4uk.ua: posts big blind $1
xxxZeka: sits out 
*** HOLE CARDS ***
reiyser: folds 
IREQO: folds 
Zepp-Meister11: raises $1.50 to $2.50
2g00d4youu: raises $7.50 to $10
Pon4uk.ua: folds 
Zepp-Meister11: calls $7.50
*** FLOP *** [7s Td 5d]
2g00d4youu: checks 
xxxZeka leaves the table
Zepp-Meister11: bets $9.55
RAidakCo joins the table at seat #1 
2g00d4youu: calls $9.55
*** TURN *** [7s Td 5d] [6h]
2g00d4youu: checks 
Zepp-Meister11: checks 
*** RIVER *** [7s Td 5d 6h] [Ts]
2g00d4youu: checks 
Zepp-Meister11: bets $15.99
2g00d4youu: calls $15.99
*** SHOW DOWN ***
Zepp-Meister11: shows [Qh Qs] (two pair, Queens and Tens)
2g00d4youu: mucks hand 
Zepp-Meister11 collected $68.96 from pot
*** SUMMARY ***
Total pot $72.08 | Rake $3.12 
Board [7s Td 5d 6h Ts]
Seat 1: xxxZeka
Seat 2: Zepp-Meister11 (button) showed [Qh Qs] and won ($68.96) with two pair, Queens and Tens
Seat 3: 2g00d4youu (small blind) mucked
Seat 4: Pon4uk.ua (big blind) folded before Flop
Seat 5: reiyser folded before Flop (didn't bet)
Seat 6: IREQO folded before Flop (didn't bet)



PokerStars Hand #254720895885:  Hold'em No Limit ($0.50/$1.00 USD) - 2025/02/05 17:22:57 WET [2025/02/05 12:22:57 ET]
Table 'Hirose' 6-max Seat #3 is the button
Seat 1: RAidakCo ($100 in chips) is sitting out
Seat 2: Zepp-Meister11 ($132.19 in chips) 
Seat 3: 2g00d4youu ($100 in chips) 
Seat 4: Pon4uk.ua ($115.33 in chips) 
Seat 5: reiyser ($117.06 in chips) 
Seat 6: IREQO ($100 in chips) 
Pon4uk.ua: posts small blind $0.50
reiyser: posts big blind $1
RAidakCo: sits out 
*** HOLE CARDS ***
IREQO: folds 
Zepp-Meister11: raises $1.50 to $2.50
2g00d4youu: raises $5 to $7.50
Pon4uk.ua: folds 
reiyser: folds 
Zepp-Meister11: calls $5
*** FLOP *** [Js 7c 6d]
Zepp-Meister11: checks 
2g00d4youu: bets $11.76
Zepp-Meister11: folds 
Uncalled bet ($11.76) returned to 2g00d4youu
2g00d4youu collected $15.68 from pot
2g00d4youu: doesn't show hand 
*** SUMMARY ***
Total pot $16.50 | Rake $0.82 
Board [Js 7c 6d]
Seat 1: RAidakCo
Seat 2: Zepp-Meister11 folded on the Flop
Seat 3: 2g00d4youu (button) collected ($15.68)
Seat 4: Pon4uk.ua (small blind) folded before Flop
Seat 5: reiyser (big blind) folded before Flop
Seat 6: IREQO folded before Flop (didn't bet)



PokerStars Hand #254720909595:  Hold'em No Limit ($0.50/$1.00 USD) - 2025/02/05 17:23:51 WET [2025/02/05 12:23:51 ET]
Table 'Hirose' 6-max Seat #4 is the button
Seat 1: RAidakCo ($100 in chips) is sitting out
Seat 2: Zepp-Meister11 ($124.69 in chips) 
Seat 3: 2g00d4youu ($108.18 in chips) 
Seat 4: Pon4uk.ua ($114.83 in chips) 
Seat 5: reiyser ($116.06 in chips) 
Seat 6: IREQO ($100 in chips) 
reiyser: posts small blind $0.50
IREQO: posts big blind $1
RAidakCo: sits out 
*** HOLE CARDS ***
Zepp-Meister11: folds 
2g00d4youu: folds 
Pon4uk.ua: raises $1.50 to $2.50
reiyser: folds 
IREQO: calls $1.50
*** FLOP *** [5s 8h 4h]
IREQO: checks 
Pon4uk.ua: bets $3.92
IREQO: folds 
Uncalled bet ($3.92) returned to Pon4uk.ua
Pon4uk.ua collected $5.22 from pot
Pon4uk.ua: doesn't show hand 
*** SUMMARY ***
Total pot $5.50 | Rake $0.28 
Board [5s 8h 4h]
Seat 1: RAidakCo
Seat 2: Zepp-Meister11 folded before Flop (didn't bet)
Seat 3: 2g00d4youu folded before Flop (didn't bet)
Seat 4: Pon4uk.ua (button) collected ($5.22)
Seat 5: reiyser (small blind) folded before Flop
Seat 6: IREQO (big blind) folded on the Flop



PokerStars Hand #254720926858:  Hold'em No Limit ($0.50/$1.00 USD) - 2025/02/05 17:24:59 WET [2025/02/05 12:24:59 ET]
Table 'Hirose' 6-max Seat #5 is the button
Seat 1: RAidakCo ($100 in chips) 
Seat 2: Zepp-Meister11 ($124.69 in chips) 
Seat 3: 2g00d4youu ($108.18 in chips) 
Seat 4: Pon4uk.ua ($117.55 in chips) 
Seat 5: reiyser ($115.56 in chips) 
Seat 6: IREQO ($100 in chips) 
IREQO: posts small blind $0.50
RAidakCo: posts big blind $1
*** HOLE CARDS ***
Zepp-Meister11: folds 
2g00d4youu: folds 
Pon4uk.ua: folds 
reiyser: folds 
IREQO: raises $1.50 to $2.50
RAidakCo: calls $1.50
*** FLOP *** [Ad 9c Ts]
IREQO: bets $2.38
RAidakCo: raises $7.62 to $10
IREQO: raises $15 to $25
RAidakCo: calls $15
*** TURN *** [Ad 9c Ts] [Jh]
IREQO: bets $72.50 and is all-in
RAidakCo: calls $72.50 and is all-in
IREQO has timed out
*** RIVER *** [Ad 9c Ts Jh] [Kd]
*** SHOW DOWN ***
IREQO: shows [Td Ac] (two pair, Aces and Tens)
RAidakCo: shows [7h 8c] (a straight, Seven to Jack)
RAidakCo collected $197.50 from pot
*** SUMMARY ***
Total pot $200 | Rake $2.50 
Board [Ad 9c Ts Jh Kd]
Seat 1: RAidakCo (big blind) showed [7h 8c] and won ($197.50) with a straight, Seven to Jack
Seat 2: Zepp-Meister11 folded before Flop (didn't bet)
Seat 3: 2g00d4youu folded before Flop (didn't bet)
Seat 4: Pon4uk.ua folded before Flop (didn't bet)
Seat 5: reiyser (button) folded before Flop (didn't bet)
Seat 6: IREQO (small blind) showed [Td Ac] and lost with two pair, Aces and Tens



PokerStars Hand #254720959660:  Hold'em No Limit ($0.50/$1.00 USD) - 2025/02/05 17:27:07 WET [2025/02/05 12:27:07 ET]
Table 'Hirose' 6-max Seat #6 is the button
Seat 1: RAidakCo ($197.50 in chips) 
Seat 2: Zepp-Meister11 ($124.69 in chips) 
Seat 3: 2g00d4youu ($108.18 in chips) 
Seat 4: Pon4uk.ua ($117.55 in chips) 
Seat 5: reiyser ($115.56 in chips) 
Seat 6: IREQO ($65.62 in chips) 
RAidakCo: posts small blind $0.50
Zepp-Meister11: posts big blind $1
*** HOLE CARDS ***
2g00d4youu: folds 
Pon4uk.ua: folds 
reiyser: folds 
IREQO: folds 
RAidakCo: folds 
Uncalled bet ($0.50) returned to Zepp-Meister11
Zepp-Meister11 collected $1 from pot
Zepp-Meister11: doesn't show hand 
*** SUMMARY ***
Total pot $1 | Rake $0 
Seat 1: RAidakCo (small blind) folded before Flop
Seat 2: Zepp-Meister11 (big blind) collected ($1)
Seat 3: 2g00d4youu folded before Flop (didn't bet)
Seat 4: Pon4uk.ua folded before Flop (didn't bet)
Seat 5: reiyser folded before Flop (didn't bet)
Seat 6: IREQO (button) folded before Flop (didn't bet)



PokerStars Hand #254720963667:  Hold'em No Limit ($0.50/$1.00 USD) - 2025/02/05 17:27:23 WET [2025/02/05 12:27:23 ET]
Table 'Hirose' 6-max Seat #1 is the button
Seat 1: RAidakCo ($197 in chips) 
Seat 2: Zepp-Meister11 ($125.19 in chips) 
Seat 3: 2g00d4youu ($108.18 in chips) 
Seat 4: Pon4uk.ua ($117.55 in chips) 
Seat 5: reiyser ($115.56 in chips) 
Seat 6: IREQO ($65.62 in chips) 
Zepp-Meister11: posts small blind $0.50
2g00d4youu: posts big blind $1
*** HOLE CARDS ***
Pon4uk.ua: folds 
reiyser: folds 
IREQO: folds 
RAidakCo: raises $1.50 to $2.50
Zepp-Meister11: folds 
2g00d4youu: calls $1.50
*** FLOP *** [2s Td 3d]
2g00d4youu: checks 
RAidakCo: bets $1.72
2g00d4youu: folds 
Uncalled bet ($1.72) returned to RAidakCo
RAidakCo collected $5.22 from pot
RAidakCo: doesn't show hand 
*** SUMMARY ***
Total pot $5.50 | Rake $0.28 
Board [2s Td 3d]
Seat 1: RAidakCo (button) collected ($5.22)
Seat 2: Zepp-Meister11 (small blind) folded before Flop
Seat 3: 2g00d4youu (big blind) folded on the Flop
Seat 4: Pon4uk.ua folded before Flop (didn't bet)
Seat 5: reiyser folded before Flop (didn't bet)
Seat 6: IREQO folded before Flop (didn't bet)



PokerStars Hand #254720972883:  Hold'em No Limit ($0.50/$1.00 USD) - 2025/02/05 17:27:59 WET [2025/02/05 12:27:59 ET]
Table 'Hirose' 6-max Seat #2 is the button
Seat 1: RAidakCo ($199.72 in chips) 
Seat 2: Zepp-Meister11 ($124.69 in chips) 
Seat 3: 2g00d4youu ($105.68 in chips) 
Seat 4: Pon4uk.ua ($117.55 in chips) 
Seat 5: reiyser ($115.56 in chips) 
Seat 6: IREQO ($65.62 in chips) 
2g00d4youu: posts small blind $0.50
Pon4uk.ua: posts big blind $1
*** HOLE CARDS ***
reiyser: folds 
IREQO: folds 
RAidakCo: folds 
Zepp-Meister11: folds 
2g00d4youu: folds 
Uncalled bet ($0.50) returned to Pon4uk.ua
Pon4uk.ua collected $1 from pot
Pon4uk.ua: doesn't show hand 
*** SUMMARY ***
Total pot $1 | Rake $0 
Seat 1: RAidakCo folded before Flop (didn't bet)
Seat 2: Zepp-Meister11 (button) folded before Flop (didn't bet)
Seat 3: 2g00d4youu (small blind) folded before Flop
Seat 4: Pon4uk.ua (big blind) collected ($1)
Seat 5: reiyser folded before Flop (didn't bet)
Seat 6: IREQO folded before Flop (didn't bet)



PokerStars Hand #254720976333:  Hold'em No Limit ($0.50/$1.00 USD) - 2025/02/05 17:28:14 WET [2025/02/05 12:28:14 ET]
Table 'Hirose' 6-max Seat #3 is the button
Seat 1: RAidakCo ($199.72 in chips) 
Seat 2: Zepp-Meister11 ($124.69 in chips) 
Seat 3: 2g00d4youu ($105.18 in chips) 
Seat 4: Pon4uk.ua ($118.05 in chips) 
Seat 5: reiyser ($115.56 in chips) 
Seat 6: IREQO ($65.62 in chips) 
Pon4uk.ua: posts small blind $0.50
reiyser: posts big blind $1
*** HOLE CARDS ***
IREQO: folds 
RAidakCo: folds 
Zepp-Meister11: folds 
2g00d4youu: raises $1.50 to $2.50
Pon4uk.ua: folds 
reiyser: raises $9.50 to $12
2g00d4youu: raises $14.40 to $26.40
reiyser: folds 
Uncalled bet ($14.40) returned to 2g00d4youu
2g00d4youu collected $24.50 from pot
2g00d4youu: doesn't show hand 
*** SUMMARY ***
Total pot $24.50 | Rake $0 
Seat 1: RAidakCo folded before Flop (didn't bet)
Seat 2: Zepp-Meister11 folded before Flop (didn't bet)
Seat 3: 2g00d4youu (button) collected ($24.50)
Seat 4: Pon4uk.ua (small blind) folded before Flop
Seat 5: reiyser (big blind) folded before Flop
Seat 6: IREQO folded before Flop (didn't bet)



PokerStars Hand #254720987281:  Hold'em No Limit ($0.50/$1.00 USD) - 2025/02/05 17:28:57 WET [2025/02/05 12:28:57 ET]
Table 'Hirose' 6-max Seat #4 is the button
Seat 1: RAidakCo ($199.72 in chips) 
Seat 2: Zepp-Meister11 ($124.69 in chips) 
Seat 3: 2g00d4youu ($117.68 in chips) 
Seat 4: Pon4uk.ua ($117.55 in chips) 
Seat 5: reiyser ($103.56 in chips) 
Seat 6: IREQO ($65.62 in chips) 
reiyser: posts small blind $0.50
IREQO: posts big blind $1
*** HOLE CARDS ***
RAidakCo: folds 
Zepp-Meister11: folds 
2g00d4youu: folds 
Pon4uk.ua: folds 
reiyser: raises $1.80 to $2.80
IREQO: calls $1.80
*** FLOP *** [Ts Kh 2d]
reiyser: bets $1.54
IREQO: raises $4.46 to $6
reiyser: calls $4.46
*** TURN *** [Ts Kh 2d] [3h]
reiyser: checks 
IREQO: checks 
*** RIVER *** [Ts Kh 2d 3h] [Tc]
reiyser: checks 
IREQO: checks 
*** SHOW DOWN ***
reiyser: shows [Kd 7d] (two pair, Kings and Tens)
IREQO: mucks hand 
reiyser collected $16.72 from pot
*** SUMMARY ***
Total pot $17.60 | Rake $0.88 
Board [Ts Kh 2d 3h Tc]
Seat 1: RAidakCo folded before Flop (didn't bet)
Seat 2: Zepp-Meister11 folded before Flop (didn't bet)
Seat 3: 2g00d4youu folded before Flop (didn't bet)
Seat 4: Pon4uk.ua (button) folded before Flop (didn't bet)
Seat 5: reiyser (small blind) showed [Kd 7d] and won ($16.72) with two pair, Kings and Tens
Seat 6: IREQO (big blind) mucked



PokerStars Hand #254721008809:  Hold'em No Limit ($0.50/$1.00 USD) - 2025/02/05 17:30:22 WET [2025/02/05 12:30:22 ET]
Table 'Hirose' 6-max Seat #5 is the button
Seat 1: RAidakCo ($199.72 in chips) 
Seat 2: Zepp-Meister11 ($124.69 in chips) 
Seat 3: 2g00d4youu ($117.68 in chips) 
Seat 4: Pon4uk.ua ($117.55 in chips) 
Seat 5: reiyser ($111.48 in chips) 
Seat 6: IREQO ($56.82 in chips) 
IREQO: posts small blind $0.50
RAidakCo: posts big blind $1
*** HOLE CARDS ***
Zepp-Meister11: folds 
2g00d4youu: folds 
Pon4uk.ua: folds 
reiyser: folds 
IREQO: folds 
Uncalled bet ($0.50) returned to RAidakCo
RAidakCo collected $1 from pot
RAidakCo: doesn't show hand 
*** SUMMARY ***
Total pot $1 | Rake $0 
Seat 1: RAidakCo (big blind) collected ($1)
Seat 2: Zepp-Meister11 folded before Flop (didn't bet)
Seat 3: 2g00d4youu folded before Flop (didn't bet)
Seat 4: Pon4uk.ua folded before Flop (didn't bet)
Seat 5: reiyser (button) folded before Flop (didn't bet)
Seat 6: IREQO (small blind) folded before Flop



PokerStars Hand #254721012998:  Hold'em No Limit ($0.50/$1.00 USD) - 2025/02/05 17:30:39 WET [2025/02/05 12:30:39 ET]
Table 'Hirose' 6-max Seat #6 is the button
Seat 1: RAidakCo ($200.22 in chips) 
Seat 2: Zepp-Meister11 ($124.69 in chips) 
Seat 3: 2g00d4youu ($117.68 in chips) 
Seat 4: Pon4uk.ua ($117.55 in chips) 
Seat 5: reiyser ($111.48 in chips) 
Seat 6: IREQO ($56.32 in chips) 
RAidakCo: posts small blind $0.50
Zepp-Meister11: posts big blind $1
*** HOLE CARDS ***
2g00d4youu: raises $2 to $3
Pon4uk.ua: folds 
reiyser: raises $6 to $9
IREQO: folds 
RAidakCo: folds 
Zepp-Meister11: folds 
2g00d4youu: calls $6
*** FLOP *** [Qc 3h 8c]
2g00d4youu: checks 
reiyser: bets $5.37
2g00d4youu: calls $5.37
*** TURN *** [Qc 3h 8c] [Kh]
2g00d4youu: checks 
reiyser: bets $8.33
2g00d4youu: folds 
Uncalled bet ($8.33) returned to reiyser
reiyser collected $28.73 from pot
reiyser: doesn't show hand 
*** SUMMARY ***
Total pot $30.24 | Rake $1.51 
Board [Qc 3h 8c Kh]
Seat 1: RAidakCo (small blind) folded before Flop
Seat 2: Zepp-Meister11 (big blind) folded before Flop
Seat 3: 2g00d4youu folded on the Turn
Seat 4: Pon4uk.ua folded before Flop (didn't bet)
Seat 5: reiyser collected ($28.73)
Seat 6: IREQO (button) folded before Flop (didn't bet)



PokerStars Hand #254721034769:  Hold'em No Limit ($0.50/$1.00 USD) - 2025/02/05 17:32:04 WET [2025/02/05 12:32:04 ET]
Table 'Hirose' 6-max Seat #1 is the button
Seat 1: RAidakCo ($199.72 in chips) 
Seat 2: Zepp-Meister11 ($123.69 in chips) 
Seat 3: 2g00d4youu ($103.31 in chips) 
Seat 4: Pon4uk.ua ($117.55 in chips) 
Seat 5: reiyser ($125.84 in chips) 
Seat 6: IREQO ($56.32 in chips) 
Zepp-Meister11: posts small blind $0.50
2g00d4youu: posts big blind $1
*** HOLE CARDS ***
Pon4uk.ua: folds 
Pon4uk.ua leaves the table
reiyser: raises $1.23 to $2.23
IREQO: folds 
RAidakCo: folds 
Zepp-Meister11: folds 
EAroca joins the table at seat #4 
2g00d4youu: folds 
Uncalled bet ($1.23) returned to reiyser
reiyser collected $2.50 from pot
reiyser: doesn't show hand 
*** SUMMARY ***
Total pot $2.50 | Rake $0 
Seat 1: RAidakCo (button) folded before Flop (didn't bet)
Seat 2: Zepp-Meister11 (small blind) folded before Flop
Seat 3: 2g00d4youu (big blind) folded before Flop
Seat 4: Pon4uk.ua folded before Flop (didn't bet)
Seat 5: reiyser collected ($2.50)
Seat 6: IREQO folded before Flop (didn't bet)



PokerStars Hand #254721038789:  Hold'em No Limit ($0.50/$1.00 USD) - 2025/02/05 17:32:20 WET [2025/02/05 12:32:20 ET]
Table 'Hirose' 6-max Seat #2 is the button
Seat 1: RAidakCo ($199.72 in chips) 
Seat 2: Zepp-Meister11 ($123.19 in chips) 
Seat 3: 2g00d4youu ($102.31 in chips) 
Seat 4: EAroca ($100 in chips) 
Seat 5: reiyser ($127.34 in chips) 
Seat 6: IREQO ($56.32 in chips) 
2g00d4youu: posts small blind $0.50
EAroca: posts big blind $1
*** HOLE CARDS ***
reiyser: folds 
IREQO: folds 
RAidakCo: folds 
Zepp-Meister11: folds 
2g00d4youu: folds 
Uncalled bet ($0.50) returned to EAroca
EAroca collected $1 from pot
EAroca: doesn't show hand 
*** SUMMARY ***
Total pot $1 | Rake $0 
Seat 1: RAidakCo folded before Flop (didn't bet)
Seat 2: Zepp-Meister11 (button) folded before Flop (didn't bet)
Seat 3: 2g00d4youu (small blind) folded before Flop
Seat 4: EAroca (big blind) collected ($1)
Seat 5: reiyser folded before Flop (didn't bet)
Seat 6: IREQO folded before Flop (didn't bet)



PokerStars Hand #254721043769:  Hold'em No Limit ($0.50/$1.00 USD) - 2025/02/05 17:32:40 WET [2025/02/05 12:32:40 ET]
Table 'Hirose' 6-max Seat #3 is the button
Seat 1: RAidakCo ($199.72 in chips) 
Seat 2: Zepp-Meister11 ($123.19 in chips) 
Seat 3: 2g00d4youu ($101.81 in chips) 
Seat 4: EAroca ($100.50 in chips) 
Seat 5: reiyser ($127.34 in chips) 
Seat 6: IREQO ($56.32 in chips) 
EAroca: posts small blind $0.50
reiyser: posts big blind $1
*** HOLE CARDS ***
IREQO: folds 
RAidakCo: folds 
Zepp-Meister11: raises $1.50 to $2.50
2g00d4youu: folds 
EAroca: folds 
reiyser: folds 
Uncalled bet ($1.50) returned to Zepp-Meister11
Zepp-Meister11 collected $2.50 from pot
Zepp-Meister11: doesn't show hand 
*** SUMMARY ***
Total pot $2.50 | Rake $0 
Seat 1: RAidakCo folded before Flop (didn't bet)
Seat 2: Zepp-Meister11 collected ($2.50)
Seat 3: 2g00d4youu (button) folded before Flop (didn't bet)
Seat 4: EAroca (small blind) folded before Flop
Seat 5: reiyser (big blind) folded before Flop
Seat 6: IREQO folded before Flop (didn't bet)



PokerStars Hand #254721051647:  Hold'em No Limit ($0.50/$1.00 USD) - 2025/02/05 17:33:11 WET [2025/02/05 12:33:11 ET]
Table 'Hirose' 6-max Seat #4 is the button
Seat 6: IREQO ($56.32 in chips) is sitting out
Seat 1: RAidakCo ($199.72 in chips) 
Seat 2: Zepp-Meister11 ($124.69 in chips) 
Seat 3: 2g00d4youu ($101.81 in chips) 
Seat 4: EAroca ($100 in chips) 
Seat 5: reiyser ($126.34 in chips) 
reiyser: posts small blind $0.50
IREQO: is sitting out 
RAidakCo: posts big blind $1
*** HOLE CARDS ***
Zepp-Meister11: folds 
2g00d4youu: raises $1.50 to $2.50
EAroca: raises $5.50 to $8
reiyser: folds 
RAidakCo: folds 
2g00d4youu: raises $16 to $24
EAroca: calls $16
*** FLOP *** [Jc Qh 7c]
2g00d4youu: bets $11.76
EAroca: raises $64.24 to $76 and is all-in
2g00d4youu: calls $64.24
*** TURN *** [Jc Qh 7c] [Ac]
*** RIVER *** [Jc Qh 7c Ac] [Ks]
*** SHOW DOWN ***
2g00d4youu: shows [Ah Kc] (two pair, Aces and Kings)
EAroca: shows [Td Kd] (a straight, Ten to Ace)
EAroca collected $199 from pot
*** SUMMARY ***
Total pot $201.50 | Rake $2.50 
Board [Jc Qh 7c Ac Ks]
Seat 6: IREQO
Seat 1: RAidakCo (big blind) folded before Flop
Seat 2: Zepp-Meister11 folded before Flop (didn't bet)
Seat 3: 2g00d4youu showed [Ah Kc] and lost with two pair, Aces and Kings
Seat 4: EAroca (button) showed [Td Kd] and won ($199) with a straight, Ten to Ace
Seat 5: reiyser (small blind) folded before Flop



PokerStars Hand #254721079444:  Hold'em No Limit ($0.50/$1.00 USD) - 2025/02/05 17:34:59 WET [2025/02/05 12:34:59 ET]
Table 'Hirose' 6-max Seat #5 is the button
Seat 6: IREQO ($56.32 in chips) is sitting out
Seat 1: RAidakCo ($198.72 in chips) 
Seat 2: Zepp-Meister11 ($124.69 in chips) 
Seat 3: 2g00d4youu ($100 in chips) 
Seat 4: EAroca ($199 in chips) 
Seat 5: reiyser ($125.84 in chips) 
RAidakCo: posts small blind $0.50
Zepp-Meister11: posts big blind $1
*** HOLE CARDS ***
2g00d4youu: folds 
EAroca: folds 
reiyser: raises $1.23 to $2.23
RAidakCo: folds 
Zepp-Meister11: folds 
Uncalled bet ($1.23) returned to reiyser
reiyser collected $2.50 from pot
reiyser: doesn't show hand 
*** SUMMARY ***
Total pot $2.50 | Rake $0 
Seat 6: IREQO
Seat 1: RAidakCo (small blind) folded before Flop
Seat 2: Zepp-Meister11 (big blind) folded before Flop
Seat 3: 2g00d4youu folded before Flop (didn't bet)
Seat 4: EAroca folded before Flop (didn't bet)
Seat 5: reiyser (button) collected ($2.50)



PokerStars Hand #254721084017:  Hold'em No Limit ($0.50/$1.00 USD) - 2025/02/05 17:35:17 WET [2025/02/05 12:35:17 ET]
Table 'Hirose' 6-max Seat #1 is the button
Seat 6: IREQO ($56.32 in chips) is sitting out
Seat 1: RAidakCo ($198.22 in chips) 
Seat 2: Zepp-Meister11 ($123.69 in chips) 
Seat 3: 2g00d4youu ($100 in chips) 
Seat 4: EAroca ($199 in chips) 
Seat 5: reiyser ($127.34 in chips) 
Zepp-Meister11: posts small blind $0.50
2g00d4youu: posts big blind $1
IREQO: sits out 
*** HOLE CARDS ***
EAroca: folds 
reiyser: folds 
RAidakCo: raises $1.50 to $2.50
Zepp-Meister11: calls $2
2g00d4youu: folds 
*** FLOP *** [Ad 2h 7c]
Zepp-Meister11: checks 
RAidakCo: bets $1.88
Zepp-Meister11: raises $3.11 to $4.99
RAidakCo: folds 
Uncalled bet ($3.11) returned to Zepp-Meister11
Zepp-Meister11 collected $9.15 from pot
Zepp-Meister11: doesn't show hand 
*** SUMMARY ***
Total pot $9.76 | Rake $0.61 
Board [Ad 2h 7c]
Seat 6: IREQO
Seat 1: RAidakCo (button) folded on the Flop
Seat 2: Zepp-Meister11 (small blind) collected ($9.15)
Seat 3: 2g00d4youu (big blind) folded before Flop
Seat 4: EAroca folded before Flop (didn't bet)
Seat 5: reiyser folded before Flop (didn't bet)



PokerStars Hand #254721093911:  Hold'em No Limit ($0.50/$1.00 USD) - 2025/02/05 17:35:55 WET [2025/02/05 12:35:55 ET]
Table 'Hirose' 6-max Seat #2 is the button
Seat 6: IREQO ($56.32 in chips) is sitting out
Seat 1: RAidakCo ($193.84 in chips) 
Seat 2: Zepp-Meister11 ($128.46 in chips) 
Seat 3: 2g00d4youu ($100 in chips) 
Seat 4: EAroca ($199 in chips) 
Seat 5: reiyser ($127.34 in chips) 
2g00d4youu: posts small blind $0.50
EAroca: posts big blind $1
IREQO: sits out 
*** HOLE CARDS ***
reiyser: folds 
RAidakCo: raises $1 to $2
Zepp-Meister11: calls $2
2g00d4youu: folds 
EAroca: folds 
*** FLOP *** [2h 6s 4s]
RAidakCo: checks 
Zepp-Meister11: bets $2.88
RAidakCo: calls $2.88
*** TURN *** [2h 6s 4s] [8s]
RAidakCo: checks 
Zepp-Meister11: bets $4.99
RAidakCo: calls $4.99
*** RIVER *** [2h 6s 4s 8s] [3d]
RAidakCo: checks 
Zepp-Meister11: checks 
*** SHOW DOWN ***
RAidakCo: shows [2c Ac] (a pair of Deuces)
Zepp-Meister11: mucks hand 
RAidakCo collected $20.18 from pot
*** SUMMARY ***
Total pot $21.24 | Rake $1.06 
Board [2h 6s 4s 8s 3d]
Seat 6: IREQO
Seat 1: RAidakCo showed [2c Ac] and won ($20.18) with a pair of Deuces
Seat 2: Zepp-Meister11 (button) mucked
Seat 3: 2g00d4youu (small blind) folded before Flop
Seat 4: EAroca (big blind) folded before Flop
Seat 5: reiyser folded before Flop (didn't bet)



PokerStars Hand #254721110011:  Hold'em No Limit ($0.50/$1.00 USD) - 2025/02/05 17:36:57 WET [2025/02/05 12:36:57 ET]
Table 'Hirose' 6-max Seat #3 is the button
Seat 6: IREQO ($56.32 in chips) is sitting out
Seat 1: RAidakCo ($204.15 in chips) 
Seat 2: Zepp-Meister11 ($118.59 in chips) 
Seat 3: 2g00d4youu ($100 in chips) 
Seat 4: EAroca ($198 in chips) 
Seat 5: reiyser ($127.34 in chips) 
EAroca: posts small blind $0.50
reiyser: posts big blind $1
IREQO: sits out 
*** HOLE CARDS ***
RAidakCo: folds 
IREQO leaves the table
Zepp-Meister11: folds 
2g00d4youu: folds 
EAroca: folds 
Uncalled bet ($0.50) returned to reiyser
reiyser collected $1 from pot
reiyser: doesn't show hand 
Joe_Li7 joins the table at seat #6 
*** SUMMARY ***
Total pot $1 | Rake $0 
Seat 6: IREQO
Seat 1: RAidakCo folded before Flop (didn't bet)
Seat 2: Zepp-Meister11 folded before Flop (didn't bet)
Seat 3: 2g00d4youu (button) folded before Flop (didn't bet)
Seat 4: EAroca (small blind) folded before Flop
Seat 5: reiyser (big blind) collected ($1)



PokerStars Hand #254721112886:  Hold'em No Limit ($0.50/$1.00 USD) - 2025/02/05 17:37:08 WET [2025/02/05 12:37:08 ET]
Table 'Hirose' 6-max Seat #4 is the button
Seat 1: RAidakCo ($204.15 in chips) 
Seat 2: Zepp-Meister11 ($118.59 in chips) 
Seat 3: 2g00d4youu ($100 in chips) 
Seat 4: EAroca ($197.50 in chips) 
Seat 5: reiyser ($127.84 in chips) 
Seat 6: Joe_Li7 ($100 in chips) 
reiyser: posts small blind $0.50
Joe_Li7: posts big blind $1
*** HOLE CARDS ***
RAidakCo: folds 
Zepp-Meister11: raises $1.50 to $2.50
2g00d4youu: folds 
EAroca: folds 
reiyser: folds 
Joe_Li7: folds 
Uncalled bet ($1.50) returned to Zepp-Meister11
Zepp-Meister11 collected $2.50 from pot
Zepp-Meister11: doesn't show hand 
*** SUMMARY ***
Total pot $2.50 | Rake $0 
Seat 1: RAidakCo folded before Flop (didn't bet)
Seat 2: Zepp-Meister11 collected ($2.50)
Seat 3: 2g00d4youu folded before Flop (didn't bet)
Seat 4: EAroca (button) folded before Flop (didn't bet)
Seat 5: reiyser (small blind) folded before Flop
Seat 6: Joe_Li7 (big blind) folded before Flop



PokerStars Hand #254721115969:  Hold'em No Limit ($0.50/$1.00 USD) - 2025/02/05 17:37:20 WET [2025/02/05 12:37:20 ET]
Table 'Hirose' 6-max Seat #5 is the button
Seat 1: RAidakCo ($204.15 in chips) 
Seat 2: Zepp-Meister11 ($120.09 in chips) 
Seat 3: 2g00d4youu ($100 in chips) 
Seat 4: EAroca ($197.50 in chips) 
Seat 5: reiyser ($127.34 in chips) 
Seat 6: Joe_Li7 ($100 in chips) 
Joe_Li7: posts small blind $0.50
RAidakCo: posts big blind $1
*** HOLE CARDS ***
Zepp-Meister11: folds 
2g00d4youu: folds 
EAroca: folds 
reiyser: raises $1.23 to $2.23
Joe_Li7: folds 
RAidakCo: calls $1.23
*** FLOP *** [3c 5s 8d]
RAidakCo: bets $1.55
reiyser: calls $1.55
*** TURN *** [3c 5s 8d] [7d]
RAidakCo: bets $11.49
reiyser: folds 
Uncalled bet ($11.49) returned to RAidakCo
RAidakCo collected $7.66 from pot
RAidakCo: doesn't show hand 
*** SUMMARY ***
Total pot $8.06 | Rake $0.40 
Board [3c 5s 8d 7d]
Seat 1: RAidakCo (big blind) collected ($7.66)
Seat 2: Zepp-Meister11 folded before Flop (didn't bet)
Seat 3: 2g00d4youu folded before Flop (didn't bet)
Seat 4: EAroca folded before Flop (didn't bet)
Seat 5: reiyser (button) folded on the Turn
Seat 6: Joe_Li7 (small blind) folded before Flop



PokerStars Hand #254721127775:  Hold'em No Limit ($0.50/$1.00 USD) - 2025/02/05 17:38:06 WET [2025/02/05 12:38:06 ET]
Table 'Hirose' 6-max Seat #6 is the button
Seat 1: RAidakCo ($208.03 in chips) 
Seat 2: Zepp-Meister11 ($120.09 in chips) 
Seat 3: 2g00d4youu ($100 in chips) 
Seat 4: EAroca ($197.50 in chips) 
Seat 5: reiyser ($123.56 in chips) 
Seat 6: Joe_Li7 ($100 in chips) 
RAidakCo: posts small blind $0.50
Zepp-Meister11: posts big blind $1
*** HOLE CARDS ***
2g00d4youu: folds 
2g00d4youu leaves the table
EAroca: folds 
reiyser: folds 
Joe_Li7: raises $1.50 to $2.50
RAidakCo: folds 
crist_89870 joins the table at seat #3 
Zepp-Meister11: folds 
Uncalled bet ($1.50) returned to Joe_Li7
Joe_Li7 collected $2.50 from pot
*** SUMMARY ***
Total pot $2.50 | Rake $0 
Seat 1: RAidakCo (small blind) folded before Flop
Seat 2: Zepp-Meister11 (big blind) folded before Flop
Seat 3: 2g00d4youu folded before Flop (didn't bet)
Seat 4: EAroca folded before Flop (didn't bet)
Seat 5: reiyser folded before Flop (didn't bet)
Seat 6: Joe_Li7 (button) collected ($2.50)



PokerStars Hand #254721136215:  Hold'em No Limit ($0.50/$1.00 USD) - 2025/02/05 17:38:39 WET [2025/02/05 12:38:39 ET]
Table 'Hirose' 6-max Seat #1 is the button
Seat 1: RAidakCo ($207.53 in chips) 
Seat 2: Zepp-Meister11 ($119.09 in chips) 
Seat 3: crist_89870 ($100 in chips) 
Seat 4: EAroca ($197.50 in chips) 
Seat 5: reiyser ($123.56 in chips) 
Seat 6: Joe_Li7 ($101.50 in chips) 
Zepp-Meister11: posts small blind $0.50
crist_89870: posts big blind $1
*** HOLE CARDS ***
EAroca: folds 
reiyser: raises $1.23 to $2.23
Joe_Li7: raises $5.27 to $7.50
RAidakCo: folds 
Zepp-Meister11: folds 
crist_89870: folds 
reiyser: calls $5.27
*** FLOP *** [3d Ks Jd]
reiyser: checks 
Joe_Li7: bets $5.18
reiyser: folds 
Uncalled bet ($5.18) returned to Joe_Li7
Joe_Li7 collected $15.68 from pot
*** SUMMARY ***
Total pot $16.50 | Rake $0.82 
Board [3d Ks Jd]
Seat 1: RAidakCo (button) folded before Flop (didn't bet)
Seat 2: Zepp-Meister11 (small blind) folded before Flop
Seat 3: crist_89870 (big blind) folded before Flop
Seat 4: EAroca folded before Flop (didn't bet)
Seat 5: reiyser folded on the Flop
Seat 6: Joe_Li7 collected ($15.68)



PokerStars Hand #254721148612:  Hold'em No Limit ($0.50/$1.00 USD) - 2025/02/05 17:39:27 WET [2025/02/05 12:39:27 ET]
Table 'Hirose' 6-max Seat #2 is the button
Seat 1: RAidakCo ($207.53 in chips) 
Seat 2: Zepp-Meister11 ($118.59 in chips) 
Seat 3: crist_89870 ($100 in chips) 
Seat 4: EAroca ($197.50 in chips) 
Seat 5: reiyser ($116.06 in chips) 
Seat 6: Joe_Li7 ($109.68 in chips) 
crist_89870: posts small blind $0.50
EAroca: posts big blind $1
*** HOLE CARDS ***
reiyser: folds 
Joe_Li7: folds 
RAidakCo: folds 
Zepp-Meister11: raises $1.50 to $2.50
crist_89870: folds 
EAroca: calls $1.50
*** FLOP *** [Jh 7c 2s]
EAroca: checks 
Zepp-Meister11: bets $2.50
EAroca: raises $5.11 to $7.61
Zepp-Meister11: calls $5.11
*** TURN *** [Jh 7c 2s] [3s]
EAroca: bets $13.19
Zepp-Meister11: folds 
Uncalled bet ($13.19) returned to EAroca
EAroca collected $19.68 from pot
EAroca: doesn't show hand 
*** SUMMARY ***
Total pot $20.72 | Rake $1.04 
Board [Jh 7c 2s 3s]
Seat 1: RAidakCo folded before Flop (didn't bet)
Seat 2: Zepp-Meister11 (button) folded on the Turn
Seat 3: crist_89870 (small blind) folded before Flop
Seat 4: EAroca (big blind) collected ($19.68)
Seat 5: reiyser folded before Flop (didn't bet)
Seat 6: Joe_Li7 folded before Flop (didn't bet)



PokerStars Hand #254721174724:  Hold'em No Limit ($0.50/$1.00 USD) - 2025/02/05 17:41:07 WET [2025/02/05 12:41:07 ET]
Table 'Hirose' 6-max Seat #3 is the button
Seat 1: RAidakCo ($207.53 in chips) 
Seat 2: Zepp-Meister11 ($108.48 in chips) 
Seat 3: crist_89870 ($100 in chips) 
Seat 4: EAroca ($207.07 in chips) 
Seat 5: reiyser ($116.06 in chips) 
Seat 6: Joe_Li7 ($109.68 in chips) 
EAroca: posts small blind $0.50
reiyser: posts big blind $1
*** HOLE CARDS ***
Joe_Li7: folds 
RAidakCo: folds 
Zepp-Meister11: folds 
crist_89870: raises $1.50 to $2.50
EAroca: folds 
reiyser: folds 
Uncalled bet ($1.50) returned to crist_89870
crist_89870 collected $2.50 from pot
crist_89870: doesn't show hand 
*** SUMMARY ***
Total pot $2.50 | Rake $0 
Seat 1: RAidakCo folded before Flop (didn't bet)
Seat 2: Zepp-Meister11 folded before Flop (didn't bet)
Seat 3: crist_89870 (button) collected ($2.50)
Seat 4: EAroca (small blind) folded before Flop
Seat 5: reiyser (big blind) folded before Flop
Seat 6: Joe_Li7 folded before Flop (didn't bet)



PokerStars Hand #254721182080:  Hold'em No Limit ($0.50/$1.00 USD) - 2025/02/05 17:41:35 WET [2025/02/05 12:41:35 ET]
Table 'Hirose' 6-max Seat #4 is the button
Seat 1: RAidakCo ($207.53 in chips) 
Seat 2: Zepp-Meister11 ($108.48 in chips) 
Seat 3: crist_89870 ($101.50 in chips) 
Seat 4: EAroca ($206.57 in chips) 
Seat 5: reiyser ($115.06 in chips) 
Seat 6: Joe_Li7 ($109.68 in chips) 
reiyser: posts small blind $0.50
Joe_Li7: posts big blind $1
*** HOLE CARDS ***
RAidakCo: folds 
Zepp-Meister11: folds 
crist_89870: folds 
EAroca: folds 
reiyser: folds 
Uncalled bet ($0.50) returned to Joe_Li7
Joe_Li7 collected $1 from pot
*** SUMMARY ***
Total pot $1 | Rake $0 
Seat 1: RAidakCo folded before Flop (didn't bet)
Seat 2: Zepp-Meister11 folded before Flop (didn't bet)
Seat 3: crist_89870 folded before Flop (didn't bet)
Seat 4: EAroca (button) folded before Flop (didn't bet)
Seat 5: reiyser (small blind) folded before Flop
Seat 6: Joe_Li7 (big blind) collected ($1)



PokerStars Hand #254721186989:  Hold'em No Limit ($0.50/$1.00 USD) - 2025/02/05 17:41:54 WET [2025/02/05 12:41:54 ET]
Table 'Hirose' 6-max Seat #5 is the button
Seat 1: RAidakCo ($207.53 in chips) 
Seat 2: Zepp-Meister11 ($108.48 in chips) 
Seat 3: crist_89870 ($101.50 in chips) 
Seat 4: EAroca ($206.57 in chips) 
Seat 5: reiyser ($114.56 in chips) 
Seat 6: Joe_Li7 ($110.18 in chips) 
Joe_Li7: posts small blind $0.50
RAidakCo: posts big blind $1
*** HOLE CARDS ***
Zepp-Meister11: folds 
crist_89870: folds 
EAroca: folds 
reiyser: folds 
Joe_Li7: folds 
Uncalled bet ($0.50) returned to RAidakCo
RAidakCo collected $1 from pot
RAidakCo: doesn't show hand 
*** SUMMARY ***
Total pot $1 | Rake $0 
Seat 1: RAidakCo (big blind) collected ($1)
Seat 2: Zepp-Meister11 folded before Flop (didn't bet)
Seat 3: crist_89870 folded before Flop (didn't bet)
Seat 4: EAroca folded before Flop (didn't bet)
Seat 5: reiyser (button) folded before Flop (didn't bet)
Seat 6: Joe_Li7 (small blind) folded before Flop



PokerStars Hand #254721190302:  Hold'em No Limit ($0.50/$1.00 USD) - 2025/02/05 17:42:07 WET [2025/02/05 12:42:07 ET]
Table 'Hirose' 6-max Seat #6 is the button
Seat 1: RAidakCo ($208.03 in chips) 
Seat 2: Zepp-Meister11 ($108.48 in chips) 
Seat 3: crist_89870 ($101.50 in chips) 
Seat 4: EAroca ($206.57 in chips) 
Seat 5: reiyser ($114.56 in chips) 
Seat 6: Joe_Li7 ($109.68 in chips) 
RAidakCo: posts small blind $0.50
Zepp-Meister11: posts big blind $1
*** HOLE CARDS ***
crist_89870: folds 
EAroca: raises $1.10 to $2.10
reiyser: folds 
Joe_Li7: raises $4.90 to $7
RAidakCo: folds 
Zepp-Meister11: folds 
EAroca: calls $4.90
*** FLOP *** [Qc 3h 5h]
EAroca: checks 
Joe_Li7: bets $4.85
EAroca: raises $9.78 to $14.63
Joe_Li7: folds 
Uncalled bet ($9.78) returned to EAroca
EAroca collected $23.94 from pot
EAroca: doesn't show hand 
*** SUMMARY ***
Total pot $25.20 | Rake $1.26 
Board [Qc 3h 5h]
Seat 1: RAidakCo (small blind) folded before Flop
Seat 2: Zepp-Meister11 (big blind) folded before Flop
Seat 3: crist_89870 folded before Flop (didn't bet)
Seat 4: EAroca collected ($23.94)
Seat 5: reiyser folded before Flop (didn't bet)
Seat 6: Joe_Li7 (button) folded on the Flop



PokerStars Hand #254721213420:  Hold'em No Limit ($0.50/$1.00 USD) - 2025/02/05 17:43:35 WET [2025/02/05 12:43:35 ET]
Table 'Hirose' 6-max Seat #1 is the button
Seat 1: RAidakCo ($207.53 in chips) 
Seat 2: Zepp-Meister11 ($107.48 in chips) 
Seat 3: crist_89870 ($101.50 in chips) 
Seat 4: EAroca ($218.66 in chips) 
Seat 5: reiyser ($114.56 in chips) 
Seat 6: Joe_Li7 ($100 in chips) 
Zepp-Meister11: posts small blind $0.50
crist_89870: posts big blind $1
*** HOLE CARDS ***
EAroca: folds 
reiyser: folds 
Joe_Li7: raises $1.20 to $2.20
RAidakCo: folds 
Zepp-Meister11: folds 
crist_89870: folds 
Uncalled bet ($1.20) returned to Joe_Li7
Joe_Li7 collected $2.50 from pot
*** SUMMARY ***
Total pot $2.50 | Rake $0 
Seat 1: RAidakCo (button) folded before Flop (didn't bet)
Seat 2: Zepp-Meister11 (small blind) folded before Flop
Seat 3: crist_89870 (big blind) folded before Flop
Seat 4: EAroca folded before Flop (didn't bet)
Seat 5: reiyser folded before Flop (didn't bet)
Seat 6: Joe_Li7 collected ($2.50)



PokerStars Hand #254721222947:  Hold'em No Limit ($0.50/$1.00 USD) - 2025/02/05 17:44:12 WET [2025/02/05 12:44:12 ET]
Table 'Hirose' 6-max Seat #2 is the button
Seat 1: RAidakCo ($207.53 in chips) 
Seat 2: Zepp-Meister11 ($106.98 in chips) 
Seat 3: crist_89870 ($100.50 in chips) 
Seat 4: EAroca ($218.66 in chips) 
Seat 5: reiyser ($114.56 in chips) 
Seat 6: Joe_Li7 ($101.50 in chips) 
crist_89870: posts small blind $0.50
EAroca: posts big blind $1
*** HOLE CARDS ***
reiyser: folds 
Joe_Li7: folds 
RAidakCo: folds 
Zepp-Meister11: folds 
crist_89870: folds 
Uncalled bet ($0.50) returned to EAroca
EAroca collected $1 from pot
EAroca: doesn't show hand 
*** SUMMARY ***
Total pot $1 | Rake $0 
Seat 1: RAidakCo folded before Flop (didn't bet)
Seat 2: Zepp-Meister11 (button) folded before Flop (didn't bet)
Seat 3: crist_89870 (small blind) folded before Flop
Seat 4: EAroca (big blind) collected ($1)
Seat 5: reiyser folded before Flop (didn't bet)
Seat 6: Joe_Li7 folded before Flop (didn't bet)



PokerStars Hand #254721227536:  Hold'em No Limit ($0.50/$1.00 USD) - 2025/02/05 17:44:29 WET [2025/02/05 12:44:29 ET]
Table 'Hirose' 6-max Seat #3 is the button
Seat 1: RAidakCo ($207.53 in chips) 
Seat 2: Zepp-Meister11 ($106.98 in chips) 
Seat 3: crist_89870 ($100 in chips) 
Seat 4: EAroca ($219.16 in chips) 
Seat 5: reiyser ($114.56 in chips) 
Seat 6: Joe_Li7 ($101.50 in chips) 
EAroca: posts small blind $0.50
reiyser: posts big blind $1
*** HOLE CARDS ***
Joe_Li7: raises $1.20 to $2.20
RAidakCo: folds 
Zepp-Meister11: calls $2.20
crist_89870: folds 
EAroca: folds 
reiyser: folds 
*** FLOP *** [Jd 4c 2d]
Joe_Li7: bets $2.18
Zepp-Meister11: raises $4.81 to $6.99
Joe_Li7: folds 
Uncalled bet ($4.81) returned to Zepp-Meister11
Zepp-Meister11 collected $9.62 from pot
Zepp-Meister11: doesn't show hand 
*** SUMMARY ***
Total pot $10.26 | Rake $0.64 
Board [Jd 4c 2d]
Seat 1: RAidakCo folded before Flop (didn't bet)
Seat 2: Zepp-Meister11 collected ($9.62)
Seat 3: crist_89870 (button) folded before Flop (didn't bet)
Seat 4: EAroca (small blind) folded before Flop
Seat 5: reiyser (big blind) folded before Flop
Seat 6: Joe_Li7 folded on the Flop



PokerStars Hand #254721245305:  Hold'em No Limit ($0.50/$1.00 USD) - 2025/02/05 17:45:37 WET [2025/02/05 12:45:37 ET]
Table 'Hirose' 6-max Seat #4 is the button
Seat 1: RAidakCo ($207.53 in chips) 
Seat 2: Zepp-Meister11 ($112.22 in chips) 
Seat 3: crist_89870 ($100 in chips) 
Seat 4: EAroca ($218.66 in chips) 
Seat 5: reiyser ($113.56 in chips) 
Seat 6: Joe_Li7 ($100 in chips) 
reiyser: posts small blind $0.50
Joe_Li7: posts big blind $1
*** HOLE CARDS ***
RAidakCo: raises $1 to $2
Zepp-Meister11: folds 
crist_89870: folds 
EAroca: folds 
reiyser: folds 
Joe_Li7: calls $1
*** FLOP *** [Qd As Ac]
Joe_Li7: checks 
RAidakCo: bets $1.41
Joe_Li7: folds 
Uncalled bet ($1.41) returned to RAidakCo
RAidakCo collected $4.28 from pot
RAidakCo: doesn't show hand 
*** SUMMARY ***
Total pot $4.50 | Rake $0.22 
Board [Qd As Ac]
Seat 1: RAidakCo collected ($4.28)
Seat 2: Zepp-Meister11 folded before Flop (didn't bet)
Seat 3: crist_89870 folded before Flop (didn't bet)
Seat 4: EAroca (button) folded before Flop (didn't bet)
Seat 5: reiyser (small blind) folded before Flop
Seat 6: Joe_Li7 (big blind) folded on the Flop



PokerStars Hand #254721258211:  Hold'em No Limit ($0.50/$1.00 USD) - 2025/02/05 17:46:25 WET [2025/02/05 12:46:25 ET]
Table 'Hirose' 6-max Seat #5 is the button
Seat 1: RAidakCo ($209.81 in chips) 
Seat 2: Zepp-Meister11 ($112.22 in chips) 
Seat 3: crist_89870 ($100 in chips) 
Seat 4: EAroca ($218.66 in chips) 
Seat 5: reiyser ($113.06 in chips) 
Seat 6: Joe_Li7 ($100 in chips) 
Joe_Li7: posts small blind $0.50
RAidakCo: posts big blind $1
*** HOLE CARDS ***
Zepp-Meister11: folds 
crist_89870: raises $1.50 to $2.50
EAroca: folds 
reiyser: folds 
Joe_Li7: folds 
RAidakCo: folds 
Uncalled bet ($1.50) returned to crist_89870
crist_89870 collected $2.50 from pot
crist_89870: doesn't show hand 
*** SUMMARY ***
Total pot $2.50 | Rake $0 
Seat 1: RAidakCo (big blind) folded before Flop
Seat 2: Zepp-Meister11 folded before Flop (didn't bet)
Seat 3: crist_89870 collected ($2.50)
Seat 4: EAroca folded before Flop (didn't bet)
Seat 5: reiyser (button) folded before Flop (didn't bet)
Seat 6: Joe_Li7 (small blind) folded before Flop



PokerStars Hand #254721263536:  Hold'em No Limit ($0.50/$1.00 USD) - 2025/02/05 17:46:45 WET [2025/02/05 12:46:45 ET]
Table 'Hirose' 6-max Seat #6 is the button
Seat 1: RAidakCo ($208.81 in chips) 
Seat 2: Zepp-Meister11 ($112.22 in chips) 
Seat 3: crist_89870 ($101.50 in chips) 
Seat 4: EAroca ($218.66 in chips) 
Seat 5: reiyser ($113.06 in chips) 
Seat 6: Joe_Li7 ($100 in chips) 
RAidakCo: posts small blind $0.50
Zepp-Meister11: posts big blind $1
*** HOLE CARDS ***
crist_89870: raises $1.50 to $2.50
EAroca: folds 
reiyser: folds 
Joe_Li7: folds 
RAidakCo: folds 
Zepp-Meister11: calls $1.50
*** FLOP *** [As 2h Td]
Zepp-Meister11: checks 
crist_89870: bets $2.61
Zepp-Meister11: folds 
Uncalled bet ($2.61) returned to crist_89870
crist_89870 collected $5.22 from pot
crist_89870: doesn't show hand 
*** SUMMARY ***
Total pot $5.50 | Rake $0.28 
Board [As 2h Td]
Seat 1: RAidakCo (small blind) folded before Flop
Seat 2: Zepp-Meister11 (big blind) folded on the Flop
Seat 3: crist_89870 collected ($5.22)
Seat 4: EAroca folded before Flop (didn't bet)
Seat 5: reiyser folded before Flop (didn't bet)
Seat 6: Joe_Li7 (button) folded before Flop (didn't bet)



PokerStars Hand #254721273607:  Hold'em No Limit ($0.50/$1.00 USD) - 2025/02/05 17:47:23 WET [2025/02/05 12:47:23 ET]
Table 'Hirose' 6-max Seat #1 is the button
Seat 2: Zepp-Meister11 ($109.72 in chips) is sitting out
Seat 1: RAidakCo ($208.31 in chips) 
Seat 3: crist_89870 ($104.22 in chips) 
Seat 4: EAroca ($218.66 in chips) 
Seat 5: reiyser ($113.06 in chips) 
Seat 6: Joe_Li7 ($100 in chips) 
crist_89870: posts small blind $0.50
EAroca: posts big blind $1
*** HOLE CARDS ***
reiyser: folds 
Zepp-Meister11 leaves the table
Joe_Li7: raises $1.20 to $2.20
RAidakCo: folds 
crist_89870: folds 
EAroca: calls $1.20
*** FLOP *** [5c 3d 2c]
EAroca: checks 
Joe_Li7: checks 
*** TURN *** [5c 3d 2c] [9h]
EAroca: bets $10.16
benhendriks joins the table at seat #2 
Joe_Li7: folds 
Uncalled bet ($10.16) returned to EAroca
EAroca collected $4.66 from pot
EAroca: doesn't show hand 
*** SUMMARY ***
Total pot $4.90 | Rake $0.24 
Board [5c 3d 2c 9h]
Seat 2: Zepp-Meister11
Seat 1: RAidakCo (button) folded before Flop (didn't bet)
Seat 3: crist_89870 (small blind) folded before Flop
Seat 4: EAroca (big blind) collected ($4.66)
Seat 5: reiyser folded before Flop (didn't bet)
Seat 6: Joe_Li7 folded on the Turn



PokerStars Hand #254721293317:  Hold'em No Limit ($0.50/$1.00 USD) - 2025/02/05 17:48:38 WET [2025/02/05 12:48:38 ET]
Table 'Hirose' 6-max Seat #3 is the button
Seat 1: RAidakCo ($208.31 in chips) 
Seat 2: benhendriks ($80 in chips) 
Seat 3: crist_89870 ($103.72 in chips) 
Seat 4: EAroca ($221.12 in chips) 
Seat 5: reiyser ($113.06 in chips) 
Seat 6: Joe_Li7 ($100 in chips) 
EAroca: posts small blind $0.50
reiyser: posts big blind $1
benhendriks: posts big blind $1
*** HOLE CARDS ***
Joe_Li7: folds 
RAidakCo: folds 
benhendriks: raises $1 to $2
crist_89870: raises $5 to $7
EAroca: folds 
reiyser: folds 
benhendriks: raises $5 to $12
crist_89870: calls $5
*** FLOP *** [Qs 4c 7h]
benhendriks: bets $68 and is all-in
crist_89870: folds 
Uncalled bet ($68) returned to benhendriks
benhendriks collected $24.22 from pot
benhendriks: doesn't show hand 
*** SUMMARY ***
Total pot $25.50 | Rake $1.28 
Board [Qs 4c 7h]
Seat 1: RAidakCo folded before Flop (didn't bet)
Seat 2: benhendriks collected ($24.22)
Seat 3: crist_89870 (button) folded on the Flop
Seat 4: EAroca (small blind) folded before Flop
Seat 5: reiyser (big blind) folded before Flop
Seat 6: Joe_Li7 folded before Flop (didn't bet)



PokerStars Hand #254721304360:  Hold'em No Limit ($0.50/$1.00 USD) - 2025/02/05 17:49:20 WET [2025/02/05 12:49:20 ET]
Table 'Hirose' 6-max Seat #4 is the button
Seat 6: Joe_Li7 ($100 in chips) is sitting out
Seat 1: RAidakCo ($208.31 in chips) 
Seat 2: benhendriks ($92.22 in chips) 
Seat 3: crist_89870 ($100 in chips) 
Seat 4: EAroca ($220.62 in chips) 
Seat 5: reiyser ($112.06 in chips) 
reiyser: posts small blind $0.50
Joe_Li7: is sitting out 
RAidakCo: posts big blind $1
*** HOLE CARDS ***
benhendriks: calls $1
crist_89870: folds 
EAroca: folds 
reiyser: raises $3 to $4
RAidakCo: folds 
benhendriks: folds 
Uncalled bet ($3) returned to reiyser
reiyser collected $3 from pot
reiyser: doesn't show hand 
benhendriks leaves the table
*** SUMMARY ***
Total pot $3 | Rake $0 
Seat 6: Joe_Li7
Seat 1: RAidakCo (big blind) folded before Flop
Seat 2: benhendriks folded before Flop
Seat 3: crist_89870 folded before Flop (didn't bet)
Seat 4: EAroca (button) folded before Flop (didn't bet)
Seat 5: reiyser (small blind) collected ($3)



PokerStars Hand #254721309681:  Hold'em No Limit ($0.50/$1.00 USD) - 2025/02/05 17:49:40 WET [2025/02/05 12:49:40 ET]
Table 'Hirose' 6-max Seat #5 is the button
Seat 6: Joe_Li7 ($100 in chips) is sitting out
Seat 1: RAidakCo ($207.31 in chips) 
Seat 3: crist_89870 ($100 in chips) 
Seat 4: EAroca ($220.62 in chips) 
Seat 5: reiyser ($114.06 in chips) 
RAidakCo: posts small blind $0.50
crist_89870: posts big blind $1
*** HOLE CARDS ***
Iseedora joins the table at seat #2 
EAroca: folds 
reiyser: raises $1.23 to $2.23
Joe_Li7 leaves the table
RAidakCo: folds 
crist_89870: calls $1.23
*** FLOP *** [2d 5s Kd]
crist_89870: checks 
reiyser: checks 
*** TURN *** [2d 5s Kd] [3s]
crist_89870: checks 
reiyser: bets $3.58
crist_89870: raises $11.87 to $15.45
reiyser: folds 
Uncalled bet ($11.87) returned to crist_89870
crist_89870 collected $11.51 from pot
crist_89870: doesn't show hand 
*** SUMMARY ***
Total pot $12.12 | Rake $0.61 
Board [2d 5s Kd 3s]
Seat 6: Joe_Li7
Seat 1: RAidakCo (small blind) folded before Flop
Seat 3: crist_89870 (big blind) collected ($11.51)
Seat 4: EAroca folded before Flop (didn't bet)
Seat 5: reiyser (button) folded on the Turn



PokerStars Hand #254721327672:  Hold'em No Limit ($0.50/$1.00 USD) - 2025/02/05 17:50:48 WET [2025/02/05 12:50:48 ET]
Table 'Hirose' 6-max Seat #1 is the button
Seat 2: Iseedora ($100 in chips) is sitting out
Seat 1: RAidakCo ($206.81 in chips) 
Seat 3: crist_89870 ($105.70 in chips) 
Seat 4: EAroca ($220.62 in chips) 
Seat 5: reiyser ($108.25 in chips) 
crist_89870: posts small blind $0.50
EAroca: posts big blind $1
*** HOLE CARDS ***
reiyser: raises $1.23 to $2.23
RAidakCo: raises $4.77 to $7
crist_89870: folds 
EAroca: folds 
reiyser: raises $15 to $22
RAidakCo: folds 
Uncalled bet ($15) returned to reiyser
reiyser collected $15.50 from pot
reiyser: doesn't show hand 
*** SUMMARY ***
Total pot $15.50 | Rake $0 
Seat 2: Iseedora
Seat 1: RAidakCo (button) folded before Flop
Seat 3: crist_89870 (small blind) folded before Flop
Seat 4: EAroca (big blind) folded before Flop
Seat 5: reiyser collected ($15.50)



PokerStars Hand #254721336690:  Hold'em No Limit ($0.50/$1.00 USD) - 2025/02/05 17:51:22 WET [2025/02/05 12:51:22 ET]
Table 'Hirose' 6-max Seat #3 is the button
Seat 2: Iseedora ($100 in chips) is sitting out
Seat 1: RAidakCo ($199.81 in chips) 
Seat 3: crist_89870 ($105.20 in chips) 
Seat 4: EAroca ($219.62 in chips) 
Seat 5: reiyser ($116.75 in chips) 
EAroca: posts small blind $0.50
reiyser: posts big blind $1
Iseedora: sits out 
*** HOLE CARDS ***
RAidakCo: folds 
crist_89870: folds 
EAroca: raises $2 to $3
reiyser: calls $2
*** FLOP *** [Qh 2s 6c]
EAroca: checks 
reiyser: bets $2.96
EAroca: calls $2.96
*** TURN *** [Qh 2s 6c] [Jc]
EAroca: checks 
reiyser: checks 
*** RIVER *** [Qh 2s 6c Jc] [9d]
EAroca: bets $16.98
reiyser: folds 
Uncalled bet ($16.98) returned to EAroca
RAidakCo leaves the table
EAroca collected $11.32 from pot
EAroca: doesn't show hand 
*** SUMMARY ***
Total pot $11.92 | Rake $0.60 
Board [Qh 2s 6c Jc 9d]
Seat 2: Iseedora
Seat 1: RAidakCo folded before Flop (didn't bet)
Seat 3: crist_89870 (button) folded before Flop (didn't bet)
Seat 4: EAroca (small blind) collected ($11.32)
Seat 5: reiyser (big blind) folded on the River



PokerStars Hand #254721403697:  Hold'em No Limit ($0.50/$1.00 USD) - 2025/02/05 17:55:49 WET [2025/02/05 12:55:49 ET]
Table 'Hirose' 6-max Seat #6 is the button
Seat 2: Iseedora ($100 in chips) 
Seat 4: EAroca ($231.42 in chips) 
Seat 5: reiyser ($108.06 in chips) 
Seat 6: Tieschum ($103.23 in chips) 
Iseedora: posts small blind $0.50
EAroca: posts big blind $1
*** HOLE CARDS ***
reiyser: folds 
Tieschum: folds 
Iseedora: raises $2 to $3
EAroca: folds 
Uncalled bet ($2) returned to Iseedora
Iseedora collected $2 from pot
Iseedora: doesn't show hand 
*** SUMMARY ***
Total pot $2 | Rake $0 
Seat 2: Iseedora (small blind) collected ($2)
Seat 4: EAroca (big blind) folded before Flop
Seat 5: reiyser folded before Flop (didn't bet)
Seat 6: Tieschum (button) folded before Flop (didn't bet)



PokerStars Hand #254721405886:  Hold'em No Limit ($0.50/$1.00 USD) - 2025/02/05 17:56:01 WET [2025/02/05 12:56:01 ET]
Table 'Hirose' 6-max Seat #2 is the button
Seat 2: Iseedora ($101 in chips) 
Seat 4: EAroca ($230.42 in chips) 
Seat 5: reiyser ($108.06 in chips) 
Seat 6: Tieschum ($103.23 in chips) 
EAroca: posts small blind $0.50
reiyser: posts big blind $1
*** HOLE CARDS ***
Tieschum: folds 
Iseedora: folds 
EAroca: folds 
Uncalled bet ($0.50) returned to reiyser
reiyser collected $1 from pot
reiyser: doesn't show hand 
*** SUMMARY ***
Total pot $1 | Rake $0 
Seat 2: Iseedora (button) folded before Flop (didn't bet)
Seat 4: EAroca (small blind) folded before Flop
Seat 5: reiyser (big blind) collected ($1)
Seat 6: Tieschum folded before Flop (didn't bet)



