PokerStars Hand #254715633892:  Hold'em No Limit ($0.50/$1.00 USD) - 2025/02/05 6:51:57 WET [2025/02/05 1:51:57 ET]
Table 'Bellerophon' 6-max Seat #3 is the button
Seat 4: amrysatoru ($0 in chips) is sitting out
Seat 1: Flix2204 ($101.50 in chips) 
Seat 2: mironchikvld ($100 in chips) 
Seat 3: shootingGRID ($102.50 in chips) 
Seat 5: Fold Your Cats ($155.25 in chips) 
Seat 6: vadjkeee ($100 in chips) 
Fold Your Cats: posts small blind $0.50
vadjkeee: posts big blind $1
*** HOLE CARDS ***
Flix2204: folds 
mironchikvld: raises $2 to $3
shootingGRID: folds 
Fold Your Cats: folds 
vadjkeee: folds 
Uncalled bet ($2) returned to mironchikvld
mironchikvld collected $2.50 from pot
mironchikvld: doesn't show hand 
*** SUMMARY ***
Total pot $2.50 | Rake $0 
Seat 4: amrysatoru
Seat 1: Flix2204 folded before Flop (didn't bet)
Seat 2: mironchikvld collected ($2.50)
Seat 3: shootingGRID (button) folded before Flop (didn't bet)
Seat 5: Fold Your Cats (small blind) folded before Flop
Seat 6: vadjkeee (big blind) folded before Flop



PokerStars Hand #254715635034:  Hold'em No Limit ($0.50/$1.00 USD) - 2025/02/05 6:52:13 WET [2025/02/05 1:52:13 ET]
Table 'Bellerophon' 6-max Seat #5 is the button
Seat 1: Flix2204 ($101.50 in chips) 
Seat 2: mironchikvld ($101.50 in chips) 
Seat 3: shootingGRID ($102.50 in chips) 
Seat 4: amrysatoru ($50.67 in chips) 
Seat 5: Fold Your Cats ($154.75 in chips) 
Seat 6: vadjkeee ($100 in chips) 
vadjkeee: posts small blind $0.50
Flix2204: posts big blind $1
amrysatoru: posts small blind $0.50
*** HOLE CARDS ***
mironchikvld: folds 
shootingGRID: folds 
amrysatoru: folds 
Fold Your Cats: folds 
vadjkeee: folds 
Uncalled bet ($0.50) returned to Flix2204
Flix2204 collected $1.50 from pot
Flix2204: doesn't show hand 
*** SUMMARY ***
Total pot $1.50 | Rake $0 
Seat 1: Flix2204 (big blind) collected ($1.50)
Seat 2: mironchikvld folded before Flop (didn't bet)
Seat 3: shootingGRID folded before Flop (didn't bet)
Seat 4: amrysatoru folded before Flop (didn't bet)
Seat 5: Fold Your Cats (button) folded before Flop (didn't bet)
Seat 6: vadjkeee (small blind) folded before Flop



PokerStars Hand #254715636373:  Hold'em No Limit ($0.50/$1.00 USD) - 2025/02/05 6:52:32 WET [2025/02/05 1:52:32 ET]
Table 'Bellerophon' 6-max Seat #6 is the button
Seat 1: Flix2204 ($102.50 in chips) 
Seat 2: mironchikvld ($101.50 in chips) 
Seat 3: shootingGRID ($102.50 in chips) 
Seat 4: amrysatoru ($50.17 in chips) 
Seat 5: Fold Your Cats ($154.75 in chips) 
Seat 6: vadjkeee ($100 in chips) 
Flix2204: posts small blind $0.50
mironchikvld: posts big blind $1
*** HOLE CARDS ***
shootingGRID: folds 
amrysatoru: folds 
Fold Your Cats: folds 
vadjkeee: raises $1.50 to $2.50
Flix2204: folds 
mironchikvld: raises $9.50 to $12
vadjkeee: raises $14 to $26
mironchikvld: raises $75.50 to $101.50 and is all-in
vadjkeee: folds 
Uncalled bet ($75.50) returned to mironchikvld
mironchikvld collected $52.50 from pot
mironchikvld: doesn't show hand 
*** SUMMARY ***
Total pot $52.50 | Rake $0 
Seat 1: Flix2204 (small blind) folded before Flop
Seat 2: mironchikvld (big blind) collected ($52.50)
Seat 3: shootingGRID folded before Flop (didn't bet)
Seat 4: amrysatoru folded before Flop (didn't bet)
Seat 5: Fold Your Cats folded before Flop (didn't bet)
Seat 6: vadjkeee (button) folded before Flop



PokerStars Hand #254715639928:  Hold'em No Limit ($0.50/$1.00 USD) - 2025/02/05 6:53:24 WET [2025/02/05 1:53:24 ET]
Table 'Bellerophon' 6-max Seat #1 is the button
Seat 1: Flix2204 ($102 in chips) 
Seat 2: mironchikvld ($128 in chips) 
Seat 3: shootingGRID ($102.50 in chips) 
Seat 4: amrysatoru ($50.17 in chips) 
Seat 5: Fold Your Cats ($154.75 in chips) 
Seat 6: vadjkeee ($100 in chips) 
mironchikvld: posts small blind $0.50
shootingGRID: posts big blind $1
*** HOLE CARDS ***
amrysatoru: folds 
Fold Your Cats: folds 
vadjkeee: folds 
Flix2204: raises $1.50 to $2.50
mironchikvld: folds 
shootingGRID: calls $1.50
*** FLOP *** [Qc Ah 8s]
shootingGRID: checks 
Flix2204: checks 
*** TURN *** [Qc Ah 8s] [5s]
shootingGRID: bets $3.92
Flix2204: calls $3.92
*** RIVER *** [Qc Ah 8s 5s] [5h]
shootingGRID: bets $15.50
Flix2204: folds 
Uncalled bet ($15.50) returned to shootingGRID
shootingGRID collected $12.67 from pot
*** SUMMARY ***
Total pot $13.34 | Rake $0.67 
Board [Qc Ah 8s 5s 5h]
Seat 1: Flix2204 (button) folded on the River
Seat 2: mironchikvld (small blind) folded before Flop
Seat 3: shootingGRID (big blind) collected ($12.67)
Seat 4: amrysatoru folded before Flop (didn't bet)
Seat 5: Fold Your Cats folded before Flop (didn't bet)
Seat 6: vadjkeee folded before Flop (didn't bet)



PokerStars Hand #254715643699:  Hold'em No Limit ($0.50/$1.00 USD) - 2025/02/05 6:54:18 WET [2025/02/05 1:54:18 ET]
Table 'Bellerophon' 6-max Seat #2 is the button
Seat 1: Flix2204 ($100 in chips) 
Seat 2: mironchikvld ($127.50 in chips) 
Seat 3: shootingGRID ($108.75 in chips) 
Seat 4: amrysatoru ($50.17 in chips) 
Seat 5: Fold Your Cats ($154.75 in chips) 
Seat 6: vadjkeee ($100 in chips) 
shootingGRID: posts small blind $0.50
amrysatoru: posts big blind $1
*** HOLE CARDS ***
Fold Your Cats: folds 
vadjkeee: folds 
Flix2204: folds 
mironchikvld: folds 
shootingGRID: raises $2 to $3
amrysatoru: raises $6 to $9
shootingGRID: raises $13.50 to $22.50
amrysatoru: raises $27.67 to $50.17 and is all-in
shootingGRID: calls $27.67
*** FLOP *** [2s 7c Jc]
*** TURN *** [2s 7c Jc] [8c]
*** RIVER *** [2s 7c Jc 8c] [Jd]
*** SHOW DOWN ***
shootingGRID: shows [Qd Qc] (two pair, Queens and Jacks)
amrysatoru: shows [3s 3h] (two pair, Jacks and Threes)
shootingGRID collected $97.84 from pot
*** SUMMARY ***
Total pot $100.34 | Rake $2.50 
Board [2s 7c Jc 8c Jd]
Seat 1: Flix2204 folded before Flop (didn't bet)
Seat 2: mironchikvld (button) folded before Flop (didn't bet)
Seat 3: shootingGRID (small blind) showed [Qd Qc] and won ($97.84) with two pair, Queens and Jacks
Seat 4: amrysatoru (big blind) showed [3s 3h] and lost with two pair, Jacks and Threes
Seat 5: Fold Your Cats folded before Flop (didn't bet)
Seat 6: vadjkeee folded before Flop (didn't bet)



PokerStars Hand #254715647280:  Hold'em No Limit ($0.50/$1.00 USD) - 2025/02/05 6:55:10 WET [2025/02/05 1:55:10 ET]
Table 'Bellerophon' 6-max Seat #3 is the button
Seat 4: amrysatoru ($0 in chips) is sitting out
Seat 1: Flix2204 ($100 in chips) 
Seat 2: mironchikvld ($127.50 in chips) 
Seat 3: shootingGRID ($156.42 in chips) 
Seat 5: Fold Your Cats ($154.75 in chips) 
Seat 6: vadjkeee ($100 in chips) 
Fold Your Cats: posts small blind $0.50
vadjkeee: posts big blind $1
*** HOLE CARDS ***
amrysatoru leaves the table
Flix2204: folds 
mironchikvld: folds 
shootingGRID: raises $1.50 to $2.50
Fold Your Cats: folds 
vadjkeee: folds 
Uncalled bet ($1.50) returned to shootingGRID
shootingGRID collected $2.50 from pot
*** SUMMARY ***
Total pot $2.50 | Rake $0 
Seat 4: amrysatoru
Seat 1: Flix2204 folded before Flop (didn't bet)
Seat 2: mironchikvld folded before Flop (didn't bet)
Seat 3: shootingGRID (button) collected ($2.50)
Seat 5: Fold Your Cats (small blind) folded before Flop
Seat 6: vadjkeee (big blind) folded before Flop



PokerStars Hand #254715648347:  Hold'em No Limit ($0.50/$1.00 USD) - 2025/02/05 6:55:28 WET [2025/02/05 1:55:28 ET]
Table 'Bellerophon' 6-max Seat #5 is the button
Seat 1: Flix2204 ($100 in chips) 
Seat 2: mironchikvld ($127.50 in chips) 
Seat 3: shootingGRID ($157.92 in chips) 
Seat 5: Fold Your Cats ($154.25 in chips) 
Seat 6: vadjkeee ($100 in chips) 
vadjkeee: posts small blind $0.50
Flix2204: posts big blind $1
*** HOLE CARDS ***
mironchikvld: folds 
shootingGRID: folds 
mironchikvld leaves the table
Fold Your Cats: raises $1.50 to $2.50
vadjkeee: folds 
Flix2204: folds 
Uncalled bet ($1.50) returned to Fold Your Cats
vadjkeee leaves the table
Fold Your Cats collected $2.50 from pot
Fold Your Cats: doesn't show hand 
*** SUMMARY ***
Total pot $2.50 | Rake $0 
Seat 1: Flix2204 (big blind) folded before Flop
Seat 2: mironchikvld folded before Flop (didn't bet)
Seat 3: shootingGRID folded before Flop (didn't bet)
Seat 5: Fold Your Cats (button) collected ($2.50)
Seat 6: vadjkeee (small blind) folded before Flop



PokerStars Hand #254715649715:  Hold'em No Limit ($0.50/$1.00 USD) - 2025/02/05 6:55:51 WET [2025/02/05 1:55:51 ET]
Table 'Bellerophon' 6-max Seat #3 is the button
Seat 5: Fold Your Cats ($155.75 in chips) is sitting out
Seat 1: Flix2204 ($100 in chips) 
Seat 3: shootingGRID ($157.92 in chips) 
shootingGRID: posts small blind $0.50
Fold Your Cats: is sitting out 
Flix2204: posts big blind $1
*** HOLE CARDS ***
shootingGRID: folds 
Uncalled bet ($0.50) returned to Flix2204
Flix2204 collected $1 from pot
Flix2204: doesn't show hand 
*** SUMMARY ***
Total pot $1 | Rake $0 
Seat 5: Fold Your Cats
Seat 1: Flix2204 (big blind) collected ($1)
Seat 3: shootingGRID (button) (small blind) folded before Flop



PokerStars Hand #254715621730:  Hold'em No Limit ($0.50/$1.00 USD) - 2025/02/05 6:49:05 WET [2025/02/05 1:49:05 ET]
Table 'Bellerophon' 6-max Seat #3 is the button
Seat 2: mironchikvld ($56.08 in chips) is sitting out
Seat 1: Flix2204 ($100 in chips) 
Seat 3: shootingGRID ($104 in chips) 
Seat 4: amrysatoru ($54.75 in chips) 
Seat 5: Fold Your Cats ($100 in chips) 
Seat 6: reeqar ($100 in chips) 
amrysatoru: posts small blind $0.50
Fold Your Cats: posts big blind $1
mironchikvld: sits out 
*** HOLE CARDS ***
reeqar: folds 
Flix2204: folds 
shootingGRID: folds 
amrysatoru: folds 
Uncalled bet ($0.50) returned to Fold Your Cats
Fold Your Cats collected $1 from pot
Fold Your Cats: doesn't show hand 
*** SUMMARY ***
Total pot $1 | Rake $0 
Seat 2: mironchikvld
Seat 1: Flix2204 folded before Flop (didn't bet)
Seat 3: shootingGRID (button) folded before Flop (didn't bet)
Seat 4: amrysatoru (small blind) folded before Flop
Seat 5: Fold Your Cats (big blind) collected ($1)
Seat 6: reeqar folded before Flop (didn't bet)



PokerStars Hand #254715623112:  Hold'em No Limit ($0.50/$1.00 USD) - 2025/02/05 6:49:24 WET [2025/02/05 1:49:24 ET]
Table 'Bellerophon' 6-max Seat #4 is the button
Seat 2: mironchikvld ($56.08 in chips) is sitting out
Seat 1: Flix2204 ($100 in chips) 
Seat 3: shootingGRID ($104 in chips) 
Seat 4: amrysatoru ($54.25 in chips) 
Seat 5: Fold Your Cats ($100.50 in chips) 
Seat 6: reeqar ($100 in chips) 
Fold Your Cats: posts small blind $0.50
reeqar: posts big blind $1
mironchikvld: sits out 
*** HOLE CARDS ***
Flix2204: folds 
shootingGRID: folds 
amrysatoru: folds 
Fold Your Cats: raises $2 to $3
reeqar: folds 
Uncalled bet ($2) returned to Fold Your Cats
Fold Your Cats collected $2 from pot
Fold Your Cats: doesn't show hand 
*** SUMMARY ***
Total pot $2 | Rake $0 
Seat 2: mironchikvld
Seat 1: Flix2204 folded before Flop (didn't bet)
Seat 3: shootingGRID folded before Flop (didn't bet)
Seat 4: amrysatoru (button) folded before Flop (didn't bet)
Seat 5: Fold Your Cats (small blind) collected ($2)
Seat 6: reeqar (big blind) folded before Flop



PokerStars Hand #254715625092:  Hold'em No Limit ($0.50/$1.00 USD) - 2025/02/05 6:49:53 WET [2025/02/05 1:49:53 ET]
Table 'Bellerophon' 6-max Seat #5 is the button
Seat 6: reeqar ($100 in chips) is sitting out
Seat 1: Flix2204 ($100 in chips) 
Seat 2: mironchikvld ($56.08 in chips) 
Seat 3: shootingGRID ($104 in chips) 
Seat 4: amrysatoru ($54.25 in chips) 
Seat 5: Fold Your Cats ($101.50 in chips) 
Flix2204: posts small blind $0.50
mironchikvld: posts big blind $1
*** HOLE CARDS ***
reeqar leaves the table
shootingGRID: folds 
amrysatoru: raises $1 to $2
Fold Your Cats: raises $5 to $7
vadjkeee joins the table at seat #6 
Flix2204: folds 
mironchikvld: folds 
amrysatoru: folds 
Uncalled bet ($5) returned to Fold Your Cats
Fold Your Cats collected $5.50 from pot
Fold Your Cats: doesn't show hand 
*** SUMMARY ***
Total pot $5.50 | Rake $0 
Seat 6: reeqar
Seat 1: Flix2204 (small blind) folded before Flop
Seat 2: mironchikvld (big blind) folded before Flop
Seat 3: shootingGRID folded before Flop (didn't bet)
Seat 4: amrysatoru folded before Flop
Seat 5: Fold Your Cats (button) collected ($5.50)



PokerStars Hand #254715627003:  Hold'em No Limit ($0.50/$1.00 USD) - 2025/02/05 6:50:19 WET [2025/02/05 1:50:19 ET]
Table 'Bellerophon' 6-max Seat #1 is the button
Seat 6: vadjkeee ($100 in chips) is sitting out
Seat 1: Flix2204 ($100 in chips) 
Seat 2: mironchikvld ($100 in chips) 
Seat 3: shootingGRID ($104 in chips) 
Seat 4: amrysatoru ($52.25 in chips) 
Seat 5: Fold Your Cats ($105 in chips) 
mironchikvld: posts small blind $0.50
shootingGRID: posts big blind $1
vadjkeee: sits out 
*** HOLE CARDS ***
amrysatoru: folds 
Fold Your Cats: folds 
Flix2204: raises $1.50 to $2.50
mironchikvld: folds 
shootingGRID: folds 
Uncalled bet ($1.50) returned to Flix2204
Flix2204 collected $2.50 from pot
Flix2204: doesn't show hand 
*** SUMMARY ***
Total pot $2.50 | Rake $0 
Seat 6: vadjkeee
Seat 1: Flix2204 (button) collected ($2.50)
Seat 2: mironchikvld (small blind) folded before Flop
Seat 3: shootingGRID (big blind) folded before Flop
Seat 4: amrysatoru folded before Flop (didn't bet)
Seat 5: Fold Your Cats folded before Flop (didn't bet)



PokerStars Hand #254715628686:  Hold'em No Limit ($0.50/$1.00 USD) - 2025/02/05 6:50:43 WET [2025/02/05 1:50:43 ET]
Table 'Bellerophon' 6-max Seat #2 is the button
Seat 6: vadjkeee ($100 in chips) is sitting out
Seat 1: Flix2204 ($101.50 in chips) 
Seat 2: mironchikvld ($100 in chips) 
Seat 3: shootingGRID ($103 in chips) 
Seat 4: amrysatoru ($52.25 in chips) 
Seat 5: Fold Your Cats ($105 in chips) 
shootingGRID: posts small blind $0.50
amrysatoru: posts big blind $1
vadjkeee: sits out 
*** HOLE CARDS ***
Fold Your Cats: raises $1.50 to $2.50
Flix2204: folds 
mironchikvld: folds 
shootingGRID: folds 
amrysatoru: calls $1.50
*** FLOP *** [2h Ks Tc]
amrysatoru: checks 
Fold Your Cats: bets $1.74
amrysatoru: raises $2.26 to $4
Fold Your Cats: calls $2.26
*** TURN *** [2h Ks Tc] [Jc]
amrysatoru: checks 
Fold Your Cats: bets $12
amrysatoru: calls $12
*** RIVER *** [2h Ks Tc Jc] [Ts]
amrysatoru: bets $33.75 and is all-in
Fold Your Cats: calls $33.75
*** SHOW DOWN ***
amrysatoru: shows [3c 8c] (a pair of Tens)
Fold Your Cats: shows [9h Qh] (a straight, Nine to King)
Fold Your Cats collected $102.50 from pot
*** SUMMARY ***
Total pot $105 | Rake $2.50 
Board [2h Ks Tc Jc Ts]
Seat 6: vadjkeee
Seat 1: Flix2204 folded before Flop (didn't bet)
Seat 2: mironchikvld (button) folded before Flop (didn't bet)
Seat 3: shootingGRID (small blind) folded before Flop
Seat 4: amrysatoru (big blind) showed [3c 8c] and lost with a pair of Tens
Seat 5: Fold Your Cats showed [9h Qh] and won ($102.50) with a straight, Nine to King



