PokerStars Hand #254719240847:  Hold'em No Limit ($0.50/$1.00 USD) - 2025/02/05 15:16:33 WET [2025/02/05 10:16:33 ET]
Table 'Beljawskya' 6-max Seat #1 is the button
Seat 4: joaquin612 ($10 in chips) is sitting out
Seat 1: XKTTBOBV11 ($10 in chips) 
Seat 3: tintin641 ($100 in chips) 
XKTTBOBV11: posts small blind $0.50
tintin641: posts big blind $1
*** HOLE CARDS ***
XKTTBOBV11: raises $9 to $10 and is all-in
BallerXOne joins the table at seat #2 
tintin641: folds 
Uncalled bet ($9) returned to XKTTBOBV11
XKTTBOBV11 collected $2 from pot
XKTTBOBV11: doesn't show hand 
*** SUMMARY ***
Total pot $2 | Rake $0 
Seat 4: joaquin612
Seat 1: XKTTBOBV11 (button) (small blind) collected ($2)
Seat 3: tintin641 (big blind) folded before Flop



PokerStars Hand #254719245131:  Hold'em No Limit ($0.50/$1.00 USD) - 2025/02/05 15:16:54 WET [2025/02/05 10:16:54 ET]
Table 'Beljawskya' 6-max Seat #3 is the button
Seat 4: joaquin612 ($100 in chips) is sitting out
Seat 1: XKTTBOBV11 ($11 in chips) 
Seat 2: BallerXOne ($100 in chips) 
Seat 3: tintin641 ($100 in chips) 
XKTTBOBV11: posts small blind $0.50
BallerXOne: posts big blind $1
*** HOLE CARDS ***
tintin641: folds 
XKTTBOBV11: raises $8.50 to $9.50
BallerXOne: folds 
Uncalled bet ($8.50) returned to XKTTBOBV11
XKTTBOBV11 collected $2 from pot
XKTTBOBV11: doesn't show hand 
*** SUMMARY ***
Total pot $2 | Rake $0 
Seat 4: joaquin612
Seat 1: XKTTBOBV11 (small blind) collected ($2)
Seat 2: BallerXOne (big blind) folded before Flop
Seat 3: tintin641 (button) folded before Flop (didn't bet)



PokerStars Hand #254719248229:  Hold'em No Limit ($0.50/$1.00 USD) - 2025/02/05 15:17:09 WET [2025/02/05 10:17:09 ET]
Table 'Beljawskya' 6-max Seat #1 is the button
Seat 4: joaquin612 ($100 in chips) is sitting out
Seat 1: XKTTBOBV11 ($12 in chips) 
Seat 2: BallerXOne ($100 in chips) 
Seat 3: tintin641 ($100 in chips) 
BallerXOne: posts small blind $0.50
tintin641: posts big blind $1
joaquin612: sits out 
*** HOLE CARDS ***
XKTTBOBV11: folds 
BallerXOne: folds 
Uncalled bet ($0.50) returned to tintin641
tintin641 collected $1 from pot
tintin641: doesn't show hand 
*** SUMMARY ***
Total pot $1 | Rake $0 
Seat 4: joaquin612
Seat 1: XKTTBOBV11 (button) folded before Flop (didn't bet)
Seat 2: BallerXOne (small blind) folded before Flop
Seat 3: tintin641 (big blind) collected ($1)



PokerStars Hand #254719250596:  Hold'em No Limit ($0.50/$1.00 USD) - 2025/02/05 15:17:21 WET [2025/02/05 10:17:21 ET]
Table 'Beljawskya' 6-max Seat #2 is the button
Seat 1: XKTTBOBV11 ($12 in chips) 
Seat 2: BallerXOne ($100 in chips) 
Seat 3: tintin641 ($100.50 in chips) 
Seat 4: joaquin612 ($100 in chips) 
tintin641: posts small blind $0.50
joaquin612: posts big blind $1
*** HOLE CARDS ***
XKTTBOBV11: folds 
BallerXOne: folds 
tintin641: raises $2 to $3
joaquin612: calls $2
*** FLOP *** [8s Kd Ah]
tintin641: bets $1.88
joaquin612: folds 
Uncalled bet ($1.88) returned to tintin641
tintin641 collected $5.70 from pot
tintin641: doesn't show hand 
*** SUMMARY ***
Total pot $6 | Rake $0.30 
Board [8s Kd Ah]
Seat 1: XKTTBOBV11 folded before Flop (didn't bet)
Seat 2: BallerXOne (button) folded before Flop (didn't bet)
Seat 3: tintin641 (small blind) collected ($5.70)
Seat 4: joaquin612 (big blind) folded on the Flop



PokerStars Hand #254719255335:  Hold'em No Limit ($0.50/$1.00 USD) - 2025/02/05 15:17:44 WET [2025/02/05 10:17:44 ET]
Table 'Beljawskya' 6-max Seat #3 is the button
Seat 1: XKTTBOBV11 ($12 in chips) 
Seat 2: BallerXOne ($100 in chips) 
Seat 3: tintin641 ($103.20 in chips) 
Seat 4: joaquin612 ($100 in chips) 
joaquin612: posts small blind $0.50
XKTTBOBV11: posts big blind $1
*** HOLE CARDS ***
BallerXOne: raises $1.50 to $2.50
tintin641: folds 
joaquin612: folds 
XKTTBOBV11: folds 
Uncalled bet ($1.50) returned to BallerXOne
BallerXOne collected $2.50 from pot
BallerXOne: doesn't show hand 
*** SUMMARY ***
Total pot $2.50 | Rake $0 
Seat 1: XKTTBOBV11 (big blind) folded before Flop
Seat 2: BallerXOne collected ($2.50)
Seat 3: tintin641 (button) folded before Flop (didn't bet)
Seat 4: joaquin612 (small blind) folded before Flop



PokerStars Hand #254719258375:  Hold'em No Limit ($0.50/$1.00 USD) - 2025/02/05 15:17:59 WET [2025/02/05 10:17:59 ET]
Table 'Beljawskya' 6-max Seat #4 is the button
Seat 2: BallerXOne ($101.50 in chips) is sitting out
Seat 1: XKTTBOBV11 ($11 in chips) 
Seat 3: tintin641 ($103.20 in chips) 
Seat 4: joaquin612 ($100 in chips) 
XKTTBOBV11: posts small blind $0.50
BallerXOne: is sitting out 
tintin641: posts big blind $1
*** HOLE CARDS ***
BallerXOne leaves the table
joaquin612: folds 
XKTTBOBV11: raises $8 to $9
tintin641: raises $8 to $17
XKTTBOBV11: calls $2 and is all-in
Uncalled bet ($6) returned to tintin641
*** FLOP *** [Ac Ah 3h]
*** TURN *** [Ac Ah 3h] [Kc]
*** RIVER *** [Ac Ah 3h Kc] [Ks]
*** SHOW DOWN ***
XKTTBOBV11: shows [9h As] (a full house, Aces full of Kings)
tintin641: shows [8d 7d] (two pair, Aces and Kings)
XKTTBOBV11 cashed out the hand for $11.99 | Cash Out Fee $0.24
*** SUMMARY ***
Total pot $22 | Rake $1 
Board [Ac Ah 3h Kc Ks]
Seat 2: BallerXOne
Seat 1: XKTTBOBV11 (small blind) showed [9h As] and won ($21) with a full house, Aces full of Kings (pot not awarded as player cashed out)
Seat 3: tintin641 (big blind) showed [8d 7d] and lost with two pair, Aces and Kings
Seat 4: joaquin612 (button) folded before Flop (didn't bet)



PokerStars Hand #254719264728:  Hold'em No Limit ($0.50/$1.00 USD) - 2025/02/05 15:18:30 WET [2025/02/05 10:18:30 ET]
Table 'Beljawskya' 6-max Seat #1 is the button
Seat 1: XKTTBOBV11 ($11.99 in chips) 
Seat 3: tintin641 ($100 in chips) 
Seat 4: joaquin612 ($100 in chips) 
tintin641: posts small blind $0.50
joaquin612: posts big blind $1
*** HOLE CARDS ***
XKTTBOBV11: folds 
tintin641: raises $2 to $3
joaquin612: folds 
Uncalled bet ($2) returned to tintin641
tintin641 collected $2 from pot
tintin641: doesn't show hand 
*** SUMMARY ***
Total pot $2 | Rake $0 
Seat 1: XKTTBOBV11 (button) folded before Flop (didn't bet)
Seat 3: tintin641 (small blind) collected ($2)
Seat 4: joaquin612 (big blind) folded before Flop



PokerStars Hand #254719269767:  Hold'em No Limit ($0.50/$1.00 USD) - 2025/02/05 15:18:55 WET [2025/02/05 10:18:55 ET]
Table 'Beljawskya' 6-max Seat #3 is the button
Seat 1: XKTTBOBV11 ($11.99 in chips) 
Seat 3: tintin641 ($101 in chips) 
Seat 4: joaquin612 ($100 in chips) 
joaquin612: posts small blind $0.50
XKTTBOBV11: posts big blind $1
*** HOLE CARDS ***
tintin641: folds 
joaquin612: calls $0.50
XKTTBOBV11: raises $10.99 to $11.99 and is all-in
joaquin612: folds 
Uncalled bet ($10.99) returned to XKTTBOBV11
XKTTBOBV11 collected $2 from pot
XKTTBOBV11: doesn't show hand 
*** SUMMARY ***
Total pot $2 | Rake $0 
Seat 1: XKTTBOBV11 (big blind) collected ($2)
Seat 3: tintin641 (button) folded before Flop (didn't bet)
Seat 4: joaquin612 (small blind) folded before Flop



PokerStars Hand #254719274447:  Hold'em No Limit ($0.50/$1.00 USD) - 2025/02/05 15:19:17 WET [2025/02/05 10:19:17 ET]
Table 'Beljawskya' 6-max Seat #4 is the button
Seat 1: XKTTBOBV11 ($12.99 in chips) 
Seat 3: tintin641 ($101 in chips) 
Seat 4: joaquin612 ($100 in chips) 
XKTTBOBV11: posts small blind $0.50
tintin641: posts big blind $1
*** HOLE CARDS ***
joaquin612: folds 
XKTTBOBV11: folds 
Uncalled bet ($0.50) returned to tintin641
tintin641 collected $1 from pot
tintin641: doesn't show hand 
*** SUMMARY ***
Total pot $1 | Rake $0 
Seat 1: XKTTBOBV11 (small blind) folded before Flop
Seat 3: tintin641 (big blind) collected ($1)
Seat 4: joaquin612 (button) folded before Flop (didn't bet)



PokerStars Hand #254719277864:  Hold'em No Limit ($0.50/$1.00 USD) - 2025/02/05 15:19:34 WET [2025/02/05 10:19:34 ET]
Table 'Beljawskya' 6-max Seat #1 is the button
Seat 1: XKTTBOBV11 ($12.49 in chips) 
Seat 3: tintin641 ($101.50 in chips) 
Seat 4: joaquin612 ($100 in chips) 
tintin641: posts small blind $0.50
joaquin612: posts big blind $1
*** HOLE CARDS ***
XKTTBOBV11: raises $11.49 to $12.49 and is all-in
tintin641: folds 
joaquin612: calls $11.49
XKTTBOBV11 has timed out
joaquin612 has timed out
*** FLOP *** [6d Ac Th]
*** TURN *** [6d Ac Th] [Qh]
*** RIVER *** [6d Ac Th Qh] [3d]
*** SHOW DOWN ***
joaquin612: shows [Ts Tc] (three of a kind, Tens)
XKTTBOBV11: shows [As 2s] (a pair of Aces)
joaquin612 collected $24.48 from pot
*** SUMMARY ***
Total pot $25.48 | Rake $1 
Board [6d Ac Th Qh 3d]
Seat 1: XKTTBOBV11 (button) showed [As 2s] and lost with a pair of Aces
Seat 3: tintin641 (small blind) folded before Flop
Seat 4: joaquin612 (big blind) showed [Ts Tc] and won ($24.48) with three of a kind, Tens



PokerStars Hand #254719288619:  Hold'em No Limit ($0.50/$1.00 USD) - 2025/02/05 15:20:27 WET [2025/02/05 10:20:27 ET]
Table 'Beljawskya' 6-max Seat #3 is the button
Seat 1: XKTTBOBV11 ($10 in chips) 
Seat 3: tintin641 ($101 in chips) 
Seat 4: joaquin612 ($111.99 in chips) 
joaquin612: posts small blind $0.50
XKTTBOBV11: posts big blind $1
*** HOLE CARDS ***
tintin641: folds 
joaquin612: folds 
Uncalled bet ($0.50) returned to XKTTBOBV11
XKTTBOBV11 collected $1 from pot
XKTTBOBV11: doesn't show hand 
*** SUMMARY ***
Total pot $1 | Rake $0 
Seat 1: XKTTBOBV11 (big blind) collected ($1)
Seat 3: tintin641 (button) folded before Flop (didn't bet)
Seat 4: joaquin612 (small blind) folded before Flop



PokerStars Hand #254719290478:  Hold'em No Limit ($0.50/$1.00 USD) - 2025/02/05 15:20:36 WET [2025/02/05 10:20:36 ET]
Table 'Beljawskya' 6-max Seat #4 is the button
Seat 1: XKTTBOBV11 ($10.50 in chips) 
Seat 3: tintin641 ($101 in chips) 
Seat 4: joaquin612 ($111.49 in chips) 
XKTTBOBV11: posts small blind $0.50
tintin641: posts big blind $1
*** HOLE CARDS ***
joaquin612: raises $1.50 to $2.50
XKTTBOBV11: folds 
tintin641: calls $1.50
*** FLOP *** [6c Qc 7d]
tintin641: checks 
joaquin612: bets $2.61
tintin641: calls $2.61
*** TURN *** [6c Qc 7d] [5h]
tintin641: checks 
joaquin612: bets $7.64
tintin641: folds 
Uncalled bet ($7.64) returned to joaquin612
joaquin612 collected $10.18 from pot
joaquin612: doesn't show hand 
*** SUMMARY ***
Total pot $10.72 | Rake $0.54 
Board [6c Qc 7d 5h]
Seat 1: XKTTBOBV11 (small blind) folded before Flop
Seat 3: tintin641 (big blind) folded on the Turn
Seat 4: joaquin612 (button) collected ($10.18)



PokerStars Hand #254723212830:  Hold'em No Limit ($0.50/$1.00 USD) - 2025/02/05 19:46:28 WET [2025/02/05 14:46:28 ET]
Table 'Beljawskya' 6-max Seat #1 is the button
Seat 2: easy_sarcasm ($104.54 in chips) is sitting out
Seat 3: michasia ($100 in chips) is sitting out
Seat 1: jayjay90 ($100.50 in chips) 
Seat 4: joaquin612 ($111 in chips) 
jayjay90: posts small blind $0.50
easy_sarcasm: is sitting out 
michasia: is sitting out 
joaquin612: posts big blind $1
*** HOLE CARDS ***
michasia leaves the table
easy_sarcasm leaves the table
jayjay90: raises $2 to $3
joaquin612: calls $2
*** FLOP *** [9s 7c Th]
joaquin612: checks 
jayjay90: bets $3.76
joaquin612: folds 
Uncalled bet ($3.76) returned to jayjay90
jayjay90 collected $5.70 from pot
jayjay90: doesn't show hand 
*** SUMMARY ***
Total pot $6 | Rake $0.30 
Board [9s 7c Th]
Seat 2: easy_sarcasm
Seat 3: michasia
Seat 1: jayjay90 (button) (small blind) collected ($5.70)
Seat 4: joaquin612 (big blind) folded on the Flop



PokerStars Hand #254723265937:  Hold'em No Limit ($0.50/$1.00 USD) - 2025/02/05 19:49:29 WET [2025/02/05 14:49:29 ET]
Table 'Beljawskya' 6-max Seat #3 is the button
Seat 3: franbasualdo10 ($35.13 in chips) 
Seat 4: joaquin612 ($108 in chips) 
Seat 5: BenCampbel10 ($100 in chips) 
joaquin612: posts small blind $0.50
BenCampbel10: posts big blind $1
*** HOLE CARDS ***
jayjay90 joins the table at seat #2 
franbasualdo10: folds 
joaquin612: raises $2 to $3
BenCampbel10: calls $2
*** FLOP *** [6c 6h 6s]
joaquin612: checks 
lommer93 joins the table at seat #1 
BenCampbel10: bets $1
Twistenko joins the table at seat #6 
joaquin612: calls $1
*** TURN *** [6c 6h 6s] [5s]
joaquin612: checks 
BenCampbel10: bets $1.50
joaquin612: calls $1.50
*** RIVER *** [6c 6h 6s 5s] [Jd]
joaquin612: checks 
BenCampbel10: bets $2.50
joaquin612: raises $11.59 to $14.09
BenCampbel10: folds 
Uncalled bet ($11.59) returned to joaquin612
joaquin612 collected $15.20 from pot
joaquin612: doesn't show hand 
*** SUMMARY ***
Total pot $16 | Rake $0.80 
Board [6c 6h 6s 5s Jd]
Seat 3: franbasualdo10 (button) folded before Flop (didn't bet)
Seat 4: joaquin612 (small blind) collected ($15.20)
Seat 5: BenCampbel10 (big blind) folded on the River



PokerStars Hand #254723287738:  Hold'em No Limit ($0.50/$1.00 USD) - 2025/02/05 19:50:44 WET [2025/02/05 14:50:44 ET]
Table 'Beljawskya' 6-max Seat #4 is the button
Seat 1: lommer93 ($10 in chips) is sitting out
Seat 2: jayjay90 ($103.20 in chips) is sitting out
Seat 3: franbasualdo10 ($35.13 in chips) 
Seat 4: joaquin612 ($115.20 in chips) 
Seat 5: BenCampbel10 ($100 in chips) 
Seat 6: Twistenko ($100 in chips) 
BenCampbel10: posts small blind $0.50
Twistenko: posts big blind $1
lommer93: sits out 
jayjay90: sits out 
*** HOLE CARDS ***
franbasualdo10: folds 
joaquin612: raises $1.50 to $2.50
BenCampbel10: raises $9 to $11.50
Twistenko: folds 
joaquin612: raises $12.50 to $24
BenCampbel10: calls $12.50
*** FLOP *** [3d Ah 8d]
BenCampbel10: checks 
joaquin612: bets $12.50
BenCampbel10: calls $12.50
*** TURN *** [3d Ah 8d] [5c]
BenCampbel10: checks 
joaquin612: bets $17.50
BenCampbel10: calls $17.50
*** RIVER *** [3d Ah 8d 5c] [6s]
BenCampbel10: checks 
joaquin612: bets $59.40
BenCampbel10: calls $46 and is all-in
Uncalled bet ($13.40) returned to joaquin612
*** SHOW DOWN ***
joaquin612: shows [Jc Kd] (high card Ace)
BenCampbel10: shows [5h 4h] (a pair of Fives)
BenCampbel10 collected $200 from pot
*** SUMMARY ***
Total pot $201 | Rake $1 
Board [3d Ah 8d 5c 6s]
Seat 1: lommer93
Seat 2: jayjay90
Seat 3: franbasualdo10 folded before Flop (didn't bet)
Seat 4: joaquin612 (button) showed [Jc Kd] and lost with high card Ace
Seat 5: BenCampbel10 (small blind) showed [5h 4h] and won ($200) with a pair of Fives
Seat 6: Twistenko (big blind) folded before Flop



PokerStars Hand #254723315381:  Hold'em No Limit ($0.50/$1.00 USD) - 2025/02/05 19:52:20 WET [2025/02/05 14:52:20 ET]
Table 'Beljawskya' 6-max Seat #5 is the button
Seat 2: jayjay90 ($103.20 in chips) is sitting out
Seat 1: lommer93 ($10 in chips) 
Seat 3: franbasualdo10 ($35.13 in chips) 
Seat 4: joaquin612 ($100 in chips) 
Seat 5: BenCampbel10 ($200 in chips) 
Seat 6: Twistenko ($100 in chips) 
Twistenko: posts small blind $0.50
lommer93: posts big blind $1
jayjay90: sits out 
*** HOLE CARDS ***
franbasualdo10: folds 
joaquin612: folds 
BenCampbel10: folds 
Twistenko: raises $2 to $3
lommer93: folds 
Uncalled bet ($2) returned to Twistenko
Twistenko collected $2 from pot
Twistenko: doesn't show hand 
*** SUMMARY ***
Total pot $2 | Rake $0 
Seat 2: jayjay90
Seat 1: lommer93 (big blind) folded before Flop
Seat 3: franbasualdo10 folded before Flop (didn't bet)
Seat 4: joaquin612 folded before Flop (didn't bet)
Seat 5: BenCampbel10 (button) folded before Flop (didn't bet)
Seat 6: Twistenko (small blind) collected ($2)



PokerStars Hand #254723321704:  Hold'em No Limit ($0.50/$1.00 USD) - 2025/02/05 19:52:41 WET [2025/02/05 14:52:41 ET]
Table 'Beljawskya' 6-max Seat #6 is the button
Seat 1: lommer93 ($9 in chips) 
Seat 2: jayjay90 ($103.20 in chips) 
Seat 3: franbasualdo10 ($35.13 in chips) 
Seat 4: joaquin612 ($100 in chips) 
Seat 5: BenCampbel10 ($200 in chips) 
Seat 6: Twistenko ($101 in chips) 
lommer93: posts small blind $0.50
jayjay90: posts big blind $1
*** HOLE CARDS ***
franbasualdo10: raises $1 to $2
joaquin612: folds 
BenCampbel10: folds 
Twistenko: folds 
lommer93: folds 
jayjay90: calls $1
*** FLOP *** [Qd 7c 5d]
jayjay90: checks 
franbasualdo10: bets $2
jayjay90: folds 
Uncalled bet ($2) returned to franbasualdo10
franbasualdo10 collected $4.28 from pot
*** SUMMARY ***
Total pot $4.50 | Rake $0.22 
Board [Qd 7c 5d]
Seat 1: lommer93 (small blind) folded before Flop
Seat 2: jayjay90 (big blind) folded on the Flop
Seat 3: franbasualdo10 collected ($4.28)
Seat 4: joaquin612 folded before Flop (didn't bet)
Seat 5: BenCampbel10 folded before Flop (didn't bet)
Seat 6: Twistenko (button) folded before Flop (didn't bet)



PokerStars Hand #254723140731:  Hold'em No Limit ($0.50/$1.00 USD) - 2025/02/05 19:42:21 WET [2025/02/05 14:42:21 ET]
Table 'Beljawskya' 6-max Seat #6 is the button
Seat 4: joaquin612 ($10 in chips) is sitting out
Seat 1: laloo246 ($100 in chips) 
Seat 2: easy_sarcasm ($100 in chips) 
Seat 5: itaba ($10 in chips) 
Seat 6: blackclan7 ($100 in chips) 
laloo246: posts small blind $0.50
easy_sarcasm: posts big blind $1
*** HOLE CARDS ***
itaba: folds 
blackclan7: folds 
laloo246: folds 
Uncalled bet ($0.50) returned to easy_sarcasm
easy_sarcasm collected $1 from pot
*** SUMMARY ***
Total pot $1 | Rake $0 
Seat 4: joaquin612
Seat 1: laloo246 (small blind) folded before Flop
Seat 2: easy_sarcasm (big blind) collected ($1)
Seat 5: itaba folded before Flop (didn't bet)
Seat 6: blackclan7 (button) folded before Flop (didn't bet)



PokerStars Hand #254723145689:  Hold'em No Limit ($0.50/$1.00 USD) - 2025/02/05 19:42:38 WET [2025/02/05 14:42:38 ET]
Table 'Beljawskya' 6-max Seat #1 is the button
Seat 1: laloo246 ($100 in chips) 
Seat 2: easy_sarcasm ($100.50 in chips) 
Seat 4: joaquin612 ($100 in chips) 
Seat 5: itaba ($10 in chips) 
Seat 6: blackclan7 ($100 in chips) 
easy_sarcasm: posts small blind $0.50
joaquin612: posts big blind $1
*** HOLE CARDS ***
itaba: folds 
blackclan7: folds 
laloo246: folds 
easy_sarcasm: folds 
Uncalled bet ($0.50) returned to joaquin612
joaquin612 collected $1 from pot
joaquin612: doesn't show hand 
*** SUMMARY ***
Total pot $1 | Rake $0 
Seat 1: laloo246 (button) folded before Flop (didn't bet)
Seat 2: easy_sarcasm (small blind) folded before Flop
Seat 4: joaquin612 (big blind) collected ($1)
Seat 5: itaba folded before Flop (didn't bet)
Seat 6: blackclan7 folded before Flop (didn't bet)



PokerStars Hand #254723148728:  Hold'em No Limit ($0.50/$1.00 USD) - 2025/02/05 19:42:48 WET [2025/02/05 14:42:48 ET]
Table 'Beljawskya' 6-max Seat #2 is the button
Seat 1: laloo246 ($100 in chips) 
Seat 2: easy_sarcasm ($100 in chips) 
Seat 4: joaquin612 ($100.50 in chips) 
Seat 5: itaba ($10 in chips) 
Seat 6: blackclan7 ($100 in chips) 
joaquin612: posts small blind $0.50
itaba: posts big blind $1
*** HOLE CARDS ***
blackclan7: folds 
laloo246: folds 
easy_sarcasm: folds 
laloo246 leaves the table
joaquin612: raises $99.50 to $100.50 and is all-in
itaba: calls $9 and is all-in
Uncalled bet ($90.50) returned to joaquin612
joaquin612 has timed out
*** FLOP *** [Qc Jc 7c]
*** TURN *** [Qc Jc 7c] [7d]
*** RIVER *** [Qc Jc 7c 7d] [Tc]
*** SHOW DOWN ***
joaquin612: shows [9d Qd] (two pair, Queens and Sevens)
itaba: shows [Ad 8d] (a pair of Sevens)
joaquin612 collected $19 from pot
*** SUMMARY ***
Total pot $20 | Rake $1 
Board [Qc Jc 7c 7d Tc]
Seat 1: laloo246 folded before Flop (didn't bet)
Seat 2: easy_sarcasm (button) folded before Flop (didn't bet)
Seat 4: joaquin612 (small blind) showed [9d Qd] and won ($19) with two pair, Queens and Sevens
Seat 5: itaba (big blind) showed [Ad 8d] and lost with a pair of Sevens
Seat 6: blackclan7 folded before Flop (didn't bet)



PokerStars Hand #254723159993:  Hold'em No Limit ($0.50/$1.00 USD) - 2025/02/05 19:43:27 WET [2025/02/05 14:43:27 ET]
Table 'Beljawskya' 6-max Seat #4 is the button
Seat 2: easy_sarcasm ($100 in chips) 
Seat 4: joaquin612 ($109.50 in chips) 
Seat 5: itaba ($10 in chips) 
Seat 6: blackclan7 ($100 in chips) 
itaba: posts small blind $0.50
blackclan7: posts big blind $1
*** HOLE CARDS ***
jayjay90 joins the table at seat #1 
easy_sarcasm: folds 
michasia joins the table at seat #3 
joaquin612: raises $1 to $2
itaba: folds 
blackclan7: folds 
Uncalled bet ($1) returned to joaquin612
joaquin612 collected $2.50 from pot
joaquin612: doesn't show hand 
*** SUMMARY ***
Total pot $2.50 | Rake $0 
Seat 2: easy_sarcasm folded before Flop (didn't bet)
Seat 4: joaquin612 (button) collected ($2.50)
Seat 5: itaba (small blind) folded before Flop
Seat 6: blackclan7 (big blind) folded before Flop



PokerStars Hand #254723165106:  Hold'em No Limit ($0.50/$1.00 USD) - 2025/02/05 19:43:45 WET [2025/02/05 14:43:45 ET]
Table 'Beljawskya' 6-max Seat #5 is the button
Seat 3: michasia ($100 in chips) is sitting out
Seat 1: jayjay90 ($100 in chips) 
Seat 2: easy_sarcasm ($100 in chips) 
Seat 4: joaquin612 ($111 in chips) 
Seat 5: itaba ($9.50 in chips) 
Seat 6: blackclan7 ($100 in chips) 
blackclan7: posts small blind $0.50
jayjay90: posts big blind $1
michasia: sits out 
*** HOLE CARDS ***
easy_sarcasm: raises $2 to $3
joaquin612: folds 
itaba: raises $6.50 to $9.50 and is all-in
blackclan7: folds 
jayjay90: folds 
easy_sarcasm: calls $6.50
*** FLOP *** [7d 2c 4s]
*** TURN *** [7d 2c 4s] [2d]
*** RIVER *** [7d 2c 4s 2d] [7h]
*** SHOW DOWN ***
easy_sarcasm: shows [Kh Js] (two pair, Sevens and Deuces)
itaba: shows [Qh Qc] (two pair, Queens and Sevens)
itaba collected $19.48 from pot
*** SUMMARY ***
Total pot $20.50 | Rake $1.02 
Board [7d 2c 4s 2d 7h]
Seat 3: michasia
Seat 1: jayjay90 (big blind) folded before Flop
Seat 2: easy_sarcasm showed [Kh Js] and lost with two pair, Sevens and Deuces
Seat 4: joaquin612 folded before Flop (didn't bet)
Seat 5: itaba (button) showed [Qh Qc] and won ($19.48) with two pair, Queens and Sevens
Seat 6: blackclan7 (small blind) folded before Flop



PokerStars Hand #254723171289:  Hold'em No Limit ($0.50/$1.00 USD) - 2025/02/05 19:44:06 WET [2025/02/05 14:44:06 ET]
Table 'Beljawskya' 6-max Seat #6 is the button
Seat 3: michasia ($100 in chips) is sitting out
Seat 1: jayjay90 ($99 in chips) 
Seat 2: easy_sarcasm ($100 in chips) 
Seat 4: joaquin612 ($111 in chips) 
Seat 5: itaba ($19.48 in chips) 
Seat 6: blackclan7 ($100 in chips) 
jayjay90: posts small blind $0.50
easy_sarcasm: posts big blind $1
michasia: sits out 
*** HOLE CARDS ***
joaquin612: folds 
itaba: raises $1 to $2
blackclan7: folds 
jayjay90: folds 
easy_sarcasm: calls $1
*** FLOP *** [7s 7h Qc]
easy_sarcasm: checks 
itaba: bets $1.41
easy_sarcasm: calls $1.41
*** TURN *** [7s 7h Qc] [7c]
easy_sarcasm: checks 
itaba: checks 
*** RIVER *** [7s 7h Qc 7c] [8c]
easy_sarcasm: bets $3.48
itaba: folds 
Uncalled bet ($3.48) returned to easy_sarcasm
easy_sarcasm collected $6.95 from pot
*** SUMMARY ***
Total pot $7.32 | Rake $0.37 
Board [7s 7h Qc 7c 8c]
Seat 3: michasia
Seat 1: jayjay90 (small blind) folded before Flop
Seat 2: easy_sarcasm (big blind) collected ($6.95)
Seat 4: joaquin612 folded before Flop (didn't bet)
Seat 5: itaba folded on the River
Seat 6: blackclan7 (button) folded before Flop (didn't bet)



PokerStars Hand #254723197537:  Hold'em No Limit ($0.50/$1.00 USD) - 2025/02/05 19:45:36 WET [2025/02/05 14:45:36 ET]
Table 'Beljawskya' 6-max Seat #1 is the button
Seat 1: jayjay90 ($100 in chips) 
Seat 2: easy_sarcasm ($103.54 in chips) 
Seat 3: michasia ($100 in chips) 
Seat 4: joaquin612 ($111 in chips) 
Seat 5: itaba ($18.07 in chips) 
Seat 6: blackclan7 ($100 in chips) 
easy_sarcasm: posts small blind $0.50
michasia: posts big blind $1
*** HOLE CARDS ***
joaquin612: folds 
itaba: folds 
blackclan7: folds 
jayjay90: raises $1.50 to $2.50
easy_sarcasm: folds 
michasia: folds 
Uncalled bet ($1.50) returned to jayjay90
jayjay90 collected $2.50 from pot
jayjay90: doesn't show hand 
*** SUMMARY ***
Total pot $2.50 | Rake $0 
Seat 1: jayjay90 (button) collected ($2.50)
Seat 2: easy_sarcasm (small blind) folded before Flop
Seat 3: michasia (big blind) folded before Flop
Seat 4: joaquin612 folded before Flop (didn't bet)
Seat 5: itaba folded before Flop (didn't bet)
Seat 6: blackclan7 folded before Flop (didn't bet)



PokerStars Hand #254723205462:  Hold'em No Limit ($0.50/$1.00 USD) - 2025/02/05 19:46:03 WET [2025/02/05 14:46:03 ET]
Table 'Beljawskya' 6-max Seat #2 is the button
Seat 1: jayjay90 ($101.50 in chips) 
Seat 2: easy_sarcasm ($103.04 in chips) 
Seat 3: michasia ($100 in chips) 
Seat 4: joaquin612 ($111 in chips) 
Seat 5: itaba ($18.07 in chips) 
Seat 6: blackclan7 ($100 in chips) 
michasia: posts small blind $0.50
joaquin612: posts big blind $1
*** HOLE CARDS ***
itaba: folds 
blackclan7: folds 
jayjay90: folds 
easy_sarcasm: folds 
michasia: folds 
Uncalled bet ($0.50) returned to joaquin612
joaquin612 collected $1 from pot
joaquin612: doesn't show hand 
*** SUMMARY ***
Total pot $1 | Rake $0 
Seat 1: jayjay90 folded before Flop (didn't bet)
Seat 2: easy_sarcasm (button) folded before Flop (didn't bet)
Seat 3: michasia (small blind) folded before Flop
Seat 4: joaquin612 (big blind) collected ($1)
Seat 5: itaba folded before Flop (didn't bet)
Seat 6: blackclan7 folded before Flop (didn't bet)



PokerStars Hand #254723208421:  Hold'em No Limit ($0.50/$1.00 USD) - 2025/02/05 19:46:13 WET [2025/02/05 14:46:13 ET]
Table 'Beljawskya' 6-max Seat #3 is the button
Seat 5: itaba ($18.07 in chips) is sitting out
Seat 6: blackclan7 ($100 in chips) is sitting out
Seat 1: jayjay90 ($101.50 in chips) 
Seat 2: easy_sarcasm ($103.04 in chips) 
Seat 3: michasia ($100 in chips) 
Seat 4: joaquin612 ($111.50 in chips) 
joaquin612: posts small blind $0.50
itaba: is sitting out 
blackclan7: is sitting out 
jayjay90: posts big blind $1
*** HOLE CARDS ***
easy_sarcasm: raises $2 to $3
itaba leaves the table
michasia: folds 
blackclan7 leaves the table
joaquin612: folds 
jayjay90: folds 
Uncalled bet ($2) returned to easy_sarcasm
easy_sarcasm collected $2.50 from pot
*** SUMMARY ***
Total pot $2.50 | Rake $0 
Seat 5: itaba
Seat 6: blackclan7
Seat 1: jayjay90 (big blind) folded before Flop
Seat 2: easy_sarcasm collected ($2.50)
Seat 3: michasia (button) folded before Flop (didn't bet)
Seat 4: joaquin612 (small blind) folded before Flop



PokerStars Hand #254723329892:  Hold'em No Limit ($0.50/$1.00 USD) - 2025/02/05 19:53:09 WET [2025/02/05 14:53:09 ET]
Table 'Beljawskya' 6-max Seat #1 is the button
Seat 1: lommer93 ($8.50 in chips) 
Seat 2: jayjay90 ($101.20 in chips) 
Seat 3: franbasualdo10 ($37.41 in chips) 
Seat 4: joaquin612 ($100 in chips) 
Seat 5: BenCampbel10 ($200 in chips) 
Seat 6: Twistenko ($101 in chips) 
jayjay90: posts small blind $0.50
franbasualdo10: posts big blind $1
*** HOLE CARDS ***
joaquin612: folds 
BenCampbel10: folds 
Twistenko: raises $1.30 to $2.30
lommer93: folds 
jayjay90: folds 
franbasualdo10: raises $3.30 to $5.60
Twistenko: calls $3.30
*** FLOP *** [7s Ts 4c]
franbasualdo10: bets $3
Twistenko: calls $3
*** TURN *** [7s Ts 4c] [2c]
franbasualdo10: bets $6
Twistenko: raises $54 to $60
franbasualdo10: calls $22.81 and is all-in
Uncalled bet ($31.19) returned to Twistenko
*** RIVER *** [7s Ts 4c 2c] [8d]
*** SHOW DOWN ***
franbasualdo10: shows [Kc Kh] (a pair of Kings)
Twistenko: shows [7c Qc] (a pair of Sevens)
franbasualdo10 cashed out the hand for $50.28 | Cash Out Fee $1.03
*** SUMMARY ***
Total pot $75.32 | Rake $2.50 
Board [7s Ts 4c 2c 8d]
Seat 1: lommer93 (button) folded before Flop (didn't bet)
Seat 2: jayjay90 (small blind) folded before Flop
Seat 3: franbasualdo10 (big blind) showed [Kc Kh] and won ($72.82) with a pair of Kings (pot not awarded as player cashed out)
Seat 4: joaquin612 folded before Flop (didn't bet)
Seat 5: BenCampbel10 folded before Flop (didn't bet)
Seat 6: Twistenko showed [7c Qc] and lost with a pair of Sevens



PokerStars Hand #254723341065:  Hold'em No Limit ($0.50/$1.00 USD) - 2025/02/05 19:53:47 WET [2025/02/05 14:53:47 ET]
Table 'Beljawskya' 6-max Seat #2 is the button
Seat 1: lommer93 ($8.50 in chips) 
Seat 2: jayjay90 ($100.70 in chips) 
Seat 3: franbasualdo10 ($50.28 in chips) 
Seat 4: joaquin612 ($100 in chips) 
Seat 5: BenCampbel10 ($200 in chips) 
Seat 6: Twistenko ($100 in chips) 
franbasualdo10: posts small blind $0.50
joaquin612: posts big blind $1
*** HOLE CARDS ***
BenCampbel10: raises $1 to $2
Twistenko: folds 
lommer93: folds 
jayjay90: folds 
franbasualdo10: folds 
joaquin612: folds 
Uncalled bet ($1) returned to BenCampbel10
BenCampbel10 collected $2.50 from pot
*** SUMMARY ***
Total pot $2.50 | Rake $0 
Seat 1: lommer93 folded before Flop (didn't bet)
Seat 2: jayjay90 (button) folded before Flop (didn't bet)
Seat 3: franbasualdo10 (small blind) folded before Flop
Seat 4: joaquin612 (big blind) folded before Flop
Seat 5: BenCampbel10 collected ($2.50)
Seat 6: Twistenko folded before Flop (didn't bet)



PokerStars Hand #254723345694:  Hold'em No Limit ($0.50/$1.00 USD) - 2025/02/05 19:54:03 WET [2025/02/05 14:54:03 ET]
Table 'Beljawskya' 6-max Seat #3 is the button
Seat 1: lommer93 ($8.50 in chips) 
Seat 2: jayjay90 ($100.70 in chips) 
Seat 3: franbasualdo10 ($49.78 in chips) 
Seat 4: joaquin612 ($100 in chips) 
Seat 5: BenCampbel10 ($201.50 in chips) 
Seat 6: Twistenko ($100 in chips) 
joaquin612: posts small blind $0.50
BenCampbel10: posts big blind $1
*** HOLE CARDS ***
Twistenko: folds 
lommer93: folds 
jayjay90: folds 
franbasualdo10: calls $1
joaquin612: calls $0.50
BenCampbel10: checks 
*** FLOP *** [Ts 7h 3h]
joaquin612: checks 
Twistenko leaves the table
BenCampbel10: checks 
franbasualdo10: checks 
*** TURN *** [Ts 7h 3h] [3d]
joaquin612: checks 
BenCampbel10: checks 
franbasualdo10: checks 
*** RIVER *** [Ts 7h 3h 3d] [9c]
joaquin612: bets $2.14
BenCampbel10: folds 
franbasualdo10: calls $2.14
*** SHOW DOWN ***
joaquin612: shows [8h Qd] (a pair of Threes)
franbasualdo10: shows [9h Ad] (two pair, Nines and Threes)
franbasualdo10 collected $6.92 from pot
*** SUMMARY ***
Total pot $7.28 | Rake $0.36 
Board [Ts 7h 3h 3d 9c]
Seat 1: lommer93 folded before Flop (didn't bet)
Seat 2: jayjay90 folded before Flop (didn't bet)
Seat 3: franbasualdo10 (button) showed [9h Ad] and won ($6.92) with two pair, Nines and Threes
Seat 4: joaquin612 (small blind) showed [8h Qd] and lost with a pair of Threes
Seat 5: BenCampbel10 (big blind) folded on the River
Seat 6: Twistenko folded before Flop (didn't bet)



PokerStars Hand #254723363052:  Hold'em No Limit ($0.50/$1.00 USD) - 2025/02/05 19:55:04 WET [2025/02/05 14:55:04 ET]
Table 'Beljawskya' 6-max Seat #4 is the button
Seat 1: lommer93 ($8.50 in chips) 
Seat 2: jayjay90 ($100.70 in chips) 
Seat 3: franbasualdo10 ($53.56 in chips) 
Seat 4: joaquin612 ($100 in chips) 
Seat 5: BenCampbel10 ($200.50 in chips) 
BenCampbel10: posts small blind $0.50
lommer93: posts big blind $1
*** HOLE CARDS ***
jayjay90: folds 
franbasualdo10: folds 
joaquin612: raises $1.50 to $2.50
BenCampbel10: folds 
lommer93: folds 
Uncalled bet ($1.50) returned to joaquin612
joaquin612 collected $2.50 from pot
joaquin612: doesn't show hand 
*** SUMMARY ***
Total pot $2.50 | Rake $0 
Seat 1: lommer93 (big blind) folded before Flop
Seat 2: jayjay90 folded before Flop (didn't bet)
Seat 3: franbasualdo10 folded before Flop (didn't bet)
Seat 4: joaquin612 (button) collected ($2.50)
Seat 5: BenCampbel10 (small blind) folded before Flop



PokerStars Hand #254723366779:  Hold'em No Limit ($0.50/$1.00 USD) - 2025/02/05 19:55:20 WET [2025/02/05 14:55:20 ET]
Table 'Beljawskya' 6-max Seat #5 is the button
Seat 1: lommer93 ($7.50 in chips) 
Seat 2: jayjay90 ($100.70 in chips) 
Seat 3: franbasualdo10 ($53.56 in chips) 
Seat 4: joaquin612 ($101.50 in chips) 
Seat 5: BenCampbel10 ($200 in chips) 
lommer93: posts small blind $0.50
jayjay90: posts big blind $1
*** HOLE CARDS ***
franbasualdo10: folds 
joaquin612: folds 
BenCampbel10: folds 
coeeeelho joins the table at seat #6 
lommer93: folds 
Uncalled bet ($0.50) returned to jayjay90
jayjay90 collected $1 from pot
jayjay90: doesn't show hand 
*** SUMMARY ***
Total pot $1 | Rake $0 
Seat 1: lommer93 (small blind) folded before Flop
Seat 2: jayjay90 (big blind) collected ($1)
Seat 3: franbasualdo10 folded before Flop (didn't bet)
Seat 4: joaquin612 folded before Flop (didn't bet)
Seat 5: BenCampbel10 (button) folded before Flop (didn't bet)



PokerStars Hand #254723369162:  Hold'em No Limit ($0.50/$1.00 USD) - 2025/02/05 19:55:32 WET [2025/02/05 14:55:32 ET]
Table 'Beljawskya' 6-max Seat #1 is the button
Seat 6: coeeeelho ($100 in chips) is sitting out
Seat 1: lommer93 ($7 in chips) 
Seat 2: jayjay90 ($101.20 in chips) 
Seat 3: franbasualdo10 ($53.56 in chips) 
Seat 4: joaquin612 ($101.50 in chips) 
Seat 5: BenCampbel10 ($200 in chips) 
jayjay90: posts small blind $0.50
franbasualdo10: posts big blind $1
coeeeelho: sits out 
*** HOLE CARDS ***
joaquin612: folds 
BenCampbel10: folds 
lommer93: folds 
jayjay90: folds 
Uncalled bet ($0.50) returned to franbasualdo10
franbasualdo10 collected $1 from pot
*** SUMMARY ***
Total pot $1 | Rake $0 
Seat 6: coeeeelho
Seat 1: lommer93 (button) folded before Flop (didn't bet)
Seat 2: jayjay90 (small blind) folded before Flop
Seat 3: franbasualdo10 (big blind) collected ($1)
Seat 4: joaquin612 folded before Flop (didn't bet)
Seat 5: BenCampbel10 folded before Flop (didn't bet)



PokerStars Hand #254723371504:  Hold'em No Limit ($0.50/$1.00 USD) - 2025/02/05 19:55:44 WET [2025/02/05 14:55:44 ET]
Table 'Beljawskya' 6-max Seat #2 is the button
Seat 6: coeeeelho ($100 in chips) is sitting out
Seat 1: lommer93 ($7 in chips) 
Seat 2: jayjay90 ($100.70 in chips) 
Seat 3: franbasualdo10 ($54.06 in chips) 
Seat 4: joaquin612 ($101.50 in chips) 
Seat 5: BenCampbel10 ($200 in chips) 
franbasualdo10: posts small blind $0.50
joaquin612: posts big blind $1
coeeeelho: sits out 
*** HOLE CARDS ***
BenCampbel10: folds 
lommer93: folds 
jayjay90: folds 
franbasualdo10: raises $1 to $2
joaquin612: calls $1
*** FLOP *** [2h 5d 9c]
franbasualdo10: bets $2
joaquin612: raises $4 to $6
franbasualdo10: folds 
Uncalled bet ($4) returned to joaquin612
joaquin612 collected $7.60 from pot
joaquin612: doesn't show hand 
*** SUMMARY ***
Total pot $8 | Rake $0.40 
Board [2h 5d 9c]
Seat 6: coeeeelho
Seat 1: lommer93 folded before Flop (didn't bet)
Seat 2: jayjay90 (button) folded before Flop (didn't bet)
Seat 3: franbasualdo10 (small blind) folded on the Flop
Seat 4: joaquin612 (big blind) collected ($7.60)
Seat 5: BenCampbel10 folded before Flop (didn't bet)



PokerStars Hand #254723377760:  Hold'em No Limit ($0.50/$1.00 USD) - 2025/02/05 19:56:15 WET [2025/02/05 14:56:15 ET]
Table 'Beljawskya' 6-max Seat #3 is the button
Seat 6: coeeeelho ($100 in chips) is sitting out
Seat 1: lommer93 ($7 in chips) 
Seat 2: jayjay90 ($100.70 in chips) 
Seat 3: franbasualdo10 ($50.06 in chips) 
Seat 4: joaquin612 ($105.10 in chips) 
Seat 5: BenCampbel10 ($200 in chips) 
joaquin612: posts small blind $0.50
BenCampbel10: posts big blind $1
coeeeelho: sits out 
*** HOLE CARDS ***
lommer93: folds 
jayjay90: raises $1.50 to $2.50
franbasualdo10: folds 
joaquin612: folds 
BenCampbel10: folds 
Uncalled bet ($1.50) returned to jayjay90
jayjay90 collected $2.50 from pot
jayjay90: doesn't show hand 
*** SUMMARY ***
Total pot $2.50 | Rake $0 
Seat 6: coeeeelho
Seat 1: lommer93 folded before Flop (didn't bet)
Seat 2: jayjay90 collected ($2.50)
Seat 3: franbasualdo10 (button) folded before Flop (didn't bet)
Seat 4: joaquin612 (small blind) folded before Flop
Seat 5: BenCampbel10 (big blind) folded before Flop



PokerStars Hand #254723380417:  Hold'em No Limit ($0.50/$1.00 USD) - 2025/02/05 19:56:28 WET [2025/02/05 14:56:28 ET]
Table 'Beljawskya' 6-max Seat #4 is the button
Seat 1: lommer93 ($7 in chips) 
Seat 2: jayjay90 ($102.20 in chips) 
Seat 3: franbasualdo10 ($50.06 in chips) 
Seat 4: joaquin612 ($104.60 in chips) 
Seat 5: BenCampbel10 ($199 in chips) 
Seat 6: coeeeelho ($100 in chips) 
BenCampbel10: posts small blind $0.50
coeeeelho: posts big blind $1
*** HOLE CARDS ***
lommer93: folds 
jayjay90: folds 
franbasualdo10: folds 
joaquin612: raises $1.50 to $2.50
BenCampbel10: folds 
coeeeelho: calls $1.50
*** FLOP *** [2d 2h As]
coeeeelho: checks 
joaquin612: bets $2.61
coeeeelho: folds 
Uncalled bet ($2.61) returned to joaquin612
joaquin612 collected $5.22 from pot
joaquin612: doesn't show hand 
*** SUMMARY ***
Total pot $5.50 | Rake $0.28 
Board [2d 2h As]
Seat 1: lommer93 folded before Flop (didn't bet)
Seat 2: jayjay90 folded before Flop (didn't bet)
Seat 3: franbasualdo10 folded before Flop (didn't bet)
Seat 4: joaquin612 (button) collected ($5.22)
Seat 5: BenCampbel10 (small blind) folded before Flop
Seat 6: coeeeelho (big blind) folded on the Flop



PokerStars Hand #254723392012:  Hold'em No Limit ($0.50/$1.00 USD) - 2025/02/05 19:57:25 WET [2025/02/05 14:57:25 ET]
Table 'Beljawskya' 6-max Seat #5 is the button
Seat 1: lommer93 ($7 in chips) 
Seat 2: jayjay90 ($102.20 in chips) 
Seat 3: franbasualdo10 ($50.06 in chips) 
Seat 4: joaquin612 ($107.32 in chips) 
Seat 5: BenCampbel10 ($198.50 in chips) 
Seat 6: coeeeelho ($100 in chips) 
coeeeelho: posts small blind $0.50
lommer93: posts big blind $1
*** HOLE CARDS ***
jayjay90: folds 
franbasualdo10: folds 
joaquin612: folds 
BenCampbel10: raises $1 to $2
coeeeelho: folds 
lommer93: calls $1
*** FLOP *** [Qc Ad Jd]
lommer93: checks 
BenCampbel10: bets $5.99
lommer93: folds 
Uncalled bet ($5.99) returned to BenCampbel10
BenCampbel10 collected $4.28 from pot
BenCampbel10: doesn't show hand 
*** SUMMARY ***
Total pot $4.50 | Rake $0.22 
Board [Qc Ad Jd]
Seat 1: lommer93 (big blind) folded on the Flop
Seat 2: jayjay90 folded before Flop (didn't bet)
Seat 3: franbasualdo10 folded before Flop (didn't bet)
Seat 4: joaquin612 folded before Flop (didn't bet)
Seat 5: BenCampbel10 (button) collected ($4.28)
Seat 6: coeeeelho (small blind) folded before Flop



PokerStars Hand #254723398077:  Hold'em No Limit ($0.50/$1.00 USD) - 2025/02/05 19:57:54 WET [2025/02/05 14:57:54 ET]
Table 'Beljawskya' 6-max Seat #6 is the button
Seat 1: lommer93 ($5 in chips) 
Seat 2: jayjay90 ($102.20 in chips) 
Seat 3: franbasualdo10 ($50.06 in chips) 
Seat 4: joaquin612 ($107.32 in chips) 
Seat 5: BenCampbel10 ($200.78 in chips) 
Seat 6: coeeeelho ($100 in chips) 
lommer93: posts small blind $0.50
jayjay90: posts big blind $1
*** HOLE CARDS ***
franbasualdo10: raises $1 to $2
joaquin612: calls $2
BenCampbel10: calls $2
coeeeelho: folds 
lommer93: folds 
jayjay90: folds 
*** FLOP *** [Js 7h 6d]
franbasualdo10: checks 
joaquin612: bets $5.34
BenCampbel10: folds 
franbasualdo10: folds 
Uncalled bet ($5.34) returned to joaquin612
joaquin612 collected $7.12 from pot
joaquin612: doesn't show hand 
*** SUMMARY ***
Total pot $7.50 | Rake $0.38 
Board [Js 7h 6d]
Seat 1: lommer93 (small blind) folded before Flop
Seat 2: jayjay90 (big blind) folded before Flop
Seat 3: franbasualdo10 folded on the Flop
Seat 4: joaquin612 collected ($7.12)
Seat 5: BenCampbel10 folded on the Flop
Seat 6: coeeeelho (button) folded before Flop (didn't bet)



PokerStars Hand #254723407629:  Hold'em No Limit ($0.50/$1.00 USD) - 2025/02/05 19:58:40 WET [2025/02/05 14:58:40 ET]
Table 'Beljawskya' 6-max Seat #1 is the button
Seat 1: lommer93 ($4.50 in chips) 
Seat 2: jayjay90 ($101.20 in chips) 
Seat 3: franbasualdo10 ($48.06 in chips) 
Seat 4: joaquin612 ($112.44 in chips) 
Seat 5: BenCampbel10 ($198.78 in chips) 
Seat 6: coeeeelho ($100 in chips) 
jayjay90: posts small blind $0.50
franbasualdo10: posts big blind $1
*** HOLE CARDS ***
joaquin612: raises $1.50 to $2.50
BenCampbel10: folds 
coeeeelho: calls $2.50
lommer93: raises $2 to $4.50 and is all-in
jayjay90: folds 
franbasualdo10: folds 
joaquin612: calls $2
coeeeelho: calls $2
*** FLOP *** [4d 8d 9d]
joaquin612: checks 
coeeeelho: checks 
*** TURN *** [4d 8d 9d] [Tc]
joaquin612: checks 
coeeeelho: checks 
*** RIVER *** [4d 8d 9d Tc] [7d]
joaquin612: checks 
coeeeelho: checks 
*** SHOW DOWN ***
joaquin612: shows [5c 5s] (a pair of Fives)
coeeeelho: shows [7c 7s] (three of a kind, Sevens)
lommer93: shows [Td Kd] (a flush, King high)
lommer93 collected $14.25 from pot
*** SUMMARY ***
Total pot $15 | Rake $0.75 
Board [4d 8d 9d Tc 7d]
Seat 1: lommer93 (button) showed [Td Kd] and won ($14.25) with a flush, King high
Seat 2: jayjay90 (small blind) folded before Flop
Seat 3: franbasualdo10 (big blind) folded before Flop
Seat 4: joaquin612 showed [5c 5s] and lost with a pair of Fives
Seat 5: BenCampbel10 folded before Flop (didn't bet)
Seat 6: coeeeelho showed [7c 7s] and lost with three of a kind, Sevens



PokerStars Hand #254723417653:  Hold'em No Limit ($0.50/$1.00 USD) - 2025/02/05 19:59:29 WET [2025/02/05 14:59:29 ET]
Table 'Beljawskya' 6-max Seat #2 is the button
Seat 1: lommer93 ($14.25 in chips) 
Seat 2: jayjay90 ($100.70 in chips) 
Seat 3: franbasualdo10 ($47.06 in chips) 
Seat 4: joaquin612 ($107.94 in chips) 
Seat 5: BenCampbel10 ($198.78 in chips) 
Seat 6: coeeeelho ($100 in chips) 
franbasualdo10: posts small blind $0.50
joaquin612: posts big blind $1
*** HOLE CARDS ***
BenCampbel10: raises $1 to $2
coeeeelho: folds 
lommer93: folds 
jayjay90: folds 
franbasualdo10: folds 
joaquin612: raises $9 to $11
BenCampbel10: folds 
Uncalled bet ($9) returned to joaquin612
joaquin612 collected $4.50 from pot
joaquin612: doesn't show hand 
*** SUMMARY ***
Total pot $4.50 | Rake $0 
Seat 1: lommer93 folded before Flop (didn't bet)
Seat 2: jayjay90 (button) folded before Flop (didn't bet)
Seat 3: franbasualdo10 (small blind) folded before Flop
Seat 4: joaquin612 (big blind) collected ($4.50)
Seat 5: BenCampbel10 folded before Flop
Seat 6: coeeeelho folded before Flop (didn't bet)



PokerStars Hand #254723426998:  Hold'em No Limit ($0.50/$1.00 USD) - 2025/02/05 20:00:12 WET [2025/02/05 15:00:12 ET]
Table 'Beljawskya' 6-max Seat #3 is the button
Seat 5: BenCampbel10 ($196.78 in chips) is sitting out
Seat 1: lommer93 ($14.25 in chips) 
Seat 2: jayjay90 ($100.70 in chips) 
Seat 3: franbasualdo10 ($46.56 in chips) 
Seat 4: joaquin612 ($110.44 in chips) 
Seat 6: coeeeelho ($100 in chips) 
joaquin612: posts small blind $0.50
BenCampbel10: is sitting out 
coeeeelho: posts big blind $1
*** HOLE CARDS ***
lommer93: raises $2 to $3
BenCampbel10 leaves the table
jayjay90: folds 
franbasualdo10: folds 
BumHuntKing joins the table at seat #5 
joaquin612: folds 
coeeeelho: folds 
Uncalled bet ($2) returned to lommer93
lommer93 collected $2.50 from pot
lommer93: doesn't show hand 
*** SUMMARY ***
Total pot $2.50 | Rake $0 
Seat 5: BenCampbel10
Seat 1: lommer93 collected ($2.50)
Seat 2: jayjay90 folded before Flop (didn't bet)
Seat 3: franbasualdo10 (button) folded before Flop (didn't bet)
Seat 4: joaquin612 (small blind) folded before Flop
Seat 6: coeeeelho (big blind) folded before Flop



PokerStars Hand #254723431949:  Hold'em No Limit ($0.50/$1.00 USD) - 2025/02/05 20:00:34 WET [2025/02/05 15:00:34 ET]
Table 'Beljawskya' 6-max Seat #4 is the button
Seat 5: BumHuntKing ($100 in chips) is sitting out
Seat 1: lommer93 ($15.75 in chips) 
Seat 2: jayjay90 ($100.70 in chips) 
Seat 3: franbasualdo10 ($46.56 in chips) 
Seat 4: joaquin612 ($109.94 in chips) 
Seat 6: coeeeelho ($100 in chips) 
coeeeelho: posts small blind $0.50
lommer93: posts big blind $1
*** HOLE CARDS ***
jayjay90: folds 
franbasualdo10: calls $1
joaquin612: folds 
coeeeelho: folds 
lommer93: checks 
*** FLOP *** [3s 2h 4h]
lommer93: bets $1.19
franbasualdo10: folds 
Uncalled bet ($1.19) returned to lommer93
lommer93 collected $2.38 from pot
lommer93: doesn't show hand 
*** SUMMARY ***
Total pot $2.50 | Rake $0.12 
Board [3s 2h 4h]
Seat 5: BumHuntKing
Seat 1: lommer93 (big blind) collected ($2.38)
Seat 2: jayjay90 folded before Flop (didn't bet)
Seat 3: franbasualdo10 folded on the Flop
Seat 4: joaquin612 (button) folded before Flop (didn't bet)
Seat 6: coeeeelho (small blind) folded before Flop



PokerStars Hand #254723437455:  Hold'em No Limit ($0.50/$1.00 USD) - 2025/02/05 20:00:58 WET [2025/02/05 15:00:58 ET]
Table 'Beljawskya' 6-max Seat #6 is the button
Seat 5: BumHuntKing ($100 in chips) is sitting out
Seat 1: lommer93 ($17.13 in chips) 
Seat 2: jayjay90 ($100.70 in chips) 
Seat 3: franbasualdo10 ($45.56 in chips) 
Seat 4: joaquin612 ($109.94 in chips) 
Seat 6: coeeeelho ($100 in chips) 
lommer93: posts small blind $0.50
jayjay90: posts big blind $1
BumHuntKing: sits out 
*** HOLE CARDS ***
franbasualdo10: folds 
joaquin612: folds 
coeeeelho: folds 
lommer93: raises $1 to $2
jayjay90: raises $5 to $7
lommer93: folds 
Uncalled bet ($5) returned to jayjay90
jayjay90 collected $4 from pot
jayjay90: doesn't show hand 
*** SUMMARY ***
Total pot $4 | Rake $0 
Seat 5: BumHuntKing
Seat 1: lommer93 (small blind) folded before Flop
Seat 2: jayjay90 (big blind) collected ($4)
Seat 3: franbasualdo10 folded before Flop (didn't bet)
Seat 4: joaquin612 folded before Flop (didn't bet)
Seat 6: coeeeelho (button) folded before Flop (didn't bet)



PokerStars Hand #254723445524:  Hold'em No Limit ($0.50/$1.00 USD) - 2025/02/05 20:01:30 WET [2025/02/05 15:01:30 ET]
Table 'Beljawskya' 6-max Seat #1 is the button
Seat 5: BumHuntKing ($100 in chips) is sitting out
Seat 1: lommer93 ($15.13 in chips) 
Seat 2: jayjay90 ($102.70 in chips) 
Seat 3: franbasualdo10 ($45.56 in chips) 
Seat 4: joaquin612 ($109.94 in chips) 
Seat 6: coeeeelho ($100 in chips) 
jayjay90: posts small blind $0.50
franbasualdo10: posts big blind $1
BumHuntKing: sits out 
*** HOLE CARDS ***
joaquin612: raises $1.50 to $2.50
coeeeelho: folds 
lommer93: folds 
jayjay90: folds 
franbasualdo10: folds 
Uncalled bet ($1.50) returned to joaquin612
joaquin612 collected $2.50 from pot
joaquin612: doesn't show hand 
*** SUMMARY ***
Total pot $2.50 | Rake $0 
Seat 5: BumHuntKing
Seat 1: lommer93 (button) folded before Flop (didn't bet)
Seat 2: jayjay90 (small blind) folded before Flop
Seat 3: franbasualdo10 (big blind) folded before Flop
Seat 4: joaquin612 collected ($2.50)
Seat 6: coeeeelho folded before Flop (didn't bet)



PokerStars Hand #254723477977:  Hold'em No Limit ($0.50/$1.00 USD) - 2025/02/05 20:03:24 WET [2025/02/05 15:03:24 ET]
Table 'Beljawskya' 6-max Seat #5 is the button
Seat 1: lommer93 ($15.13 in chips) 
Seat 2: jayjay90 ($99.70 in chips) 
Seat 3: franbasualdo10 ($44.06 in chips) 
Seat 4: joaquin612 ($118.16 in chips) 
Seat 5: BumHuntKing ($100 in chips) 
Seat 6: Iseedora ($100 in chips) 
Iseedora: posts small blind $0.50
lommer93: posts big blind $1
*** HOLE CARDS ***
jayjay90: folds 
franbasualdo10: folds 
joaquin612: folds 
BumHuntKing: folds 
Iseedora: raises $2 to $3
lommer93: folds 
Uncalled bet ($2) returned to Iseedora
Iseedora collected $2 from pot
Iseedora: doesn't show hand 
*** SUMMARY ***
Total pot $2 | Rake $0 
Seat 1: lommer93 (big blind) folded before Flop
Seat 2: jayjay90 folded before Flop (didn't bet)
Seat 3: franbasualdo10 folded before Flop (didn't bet)
Seat 4: joaquin612 folded before Flop (didn't bet)
Seat 5: BumHuntKing (button) folded before Flop (didn't bet)
Seat 6: Iseedora (small blind) collected ($2)



PokerStars Hand #254723484834:  Hold'em No Limit ($0.50/$1.00 USD) - 2025/02/05 20:03:47 WET [2025/02/05 15:03:47 ET]
Table 'Beljawskya' 6-max Seat #6 is the button
Seat 1: lommer93 ($14.13 in chips) 
Seat 2: jayjay90 ($99.70 in chips) 
Seat 3: franbasualdo10 ($44.06 in chips) 
Seat 4: joaquin612 ($118.16 in chips) 
Seat 5: BumHuntKing ($100 in chips) 
Seat 6: Iseedora ($101 in chips) 
lommer93: posts small blind $0.50
jayjay90: posts big blind $1
*** HOLE CARDS ***
franbasualdo10: folds 
joaquin612: folds 
BumHuntKing: folds 
Iseedora: raises $1.50 to $2.50
lommer93: folds 
jayjay90: folds 
Uncalled bet ($1.50) returned to Iseedora
Iseedora collected $2.50 from pot
Iseedora: doesn't show hand 
*** SUMMARY ***
Total pot $2.50 | Rake $0 
Seat 1: lommer93 (small blind) folded before Flop
Seat 2: jayjay90 (big blind) folded before Flop
Seat 3: franbasualdo10 folded before Flop (didn't bet)
Seat 4: joaquin612 folded before Flop (didn't bet)
Seat 5: BumHuntKing folded before Flop (didn't bet)
Seat 6: Iseedora (button) collected ($2.50)



PokerStars Hand #254723492886:  Hold'em No Limit ($0.50/$1.00 USD) - 2025/02/05 20:04:15 WET [2025/02/05 15:04:15 ET]
Table 'Beljawskya' 6-max Seat #1 is the button
Seat 1: lommer93 ($13.63 in chips) 
Seat 2: jayjay90 ($100 in chips) 
Seat 3: franbasualdo10 ($44.06 in chips) 
Seat 4: joaquin612 ($118.16 in chips) 
Seat 5: BumHuntKing ($100 in chips) 
Seat 6: Iseedora ($102.50 in chips) 
jayjay90: posts small blind $0.50
franbasualdo10: posts big blind $1
*** HOLE CARDS ***
joaquin612: folds 
BumHuntKing: raises $1.20 to $2.20
Iseedora: folds 
lommer93: folds 
jayjay90: folds 
franbasualdo10: calls $1.20
*** FLOP *** [2d 7c 4c]
franbasualdo10: bets $2
BumHuntKing: raises $7 to $9
franbasualdo10: folds 
Uncalled bet ($7) returned to BumHuntKing
BumHuntKing collected $8.46 from pot
BumHuntKing: doesn't show hand 
*** SUMMARY ***
Total pot $8.90 | Rake $0.44 
Board [2d 7c 4c]
Seat 1: lommer93 (button) folded before Flop (didn't bet)
Seat 2: jayjay90 (small blind) folded before Flop
Seat 3: franbasualdo10 (big blind) folded on the Flop
Seat 4: joaquin612 folded before Flop (didn't bet)
Seat 5: BumHuntKing collected ($8.46)
Seat 6: Iseedora folded before Flop (didn't bet)



PokerStars Hand #254723500768:  Hold'em No Limit ($0.50/$1.00 USD) - 2025/02/05 20:04:41 WET [2025/02/05 15:04:41 ET]
Table 'Beljawskya' 6-max Seat #2 is the button
Seat 1: lommer93 ($13.63 in chips) 
Seat 2: jayjay90 ($99.50 in chips) 
Seat 3: franbasualdo10 ($39.86 in chips) 
Seat 4: joaquin612 ($118.16 in chips) 
Seat 5: BumHuntKing ($104.26 in chips) 
Seat 6: Iseedora ($102.50 in chips) 
franbasualdo10: posts small blind $0.50
joaquin612: posts big blind $1
*** HOLE CARDS ***
BumHuntKing: folds 
Iseedora: folds 
lommer93: folds 
jayjay90: folds 
franbasualdo10: folds 
Uncalled bet ($0.50) returned to joaquin612
joaquin612 collected $1 from pot
joaquin612: doesn't show hand 
*** SUMMARY ***
Total pot $1 | Rake $0 
Seat 1: lommer93 folded before Flop (didn't bet)
Seat 2: jayjay90 (button) folded before Flop (didn't bet)
Seat 3: franbasualdo10 (small blind) folded before Flop
Seat 4: joaquin612 (big blind) collected ($1)
Seat 5: BumHuntKing folded before Flop (didn't bet)
Seat 6: Iseedora folded before Flop (didn't bet)



PokerStars Hand #254723508017:  Hold'em No Limit ($0.50/$1.00 USD) - 2025/02/05 20:05:05 WET [2025/02/05 15:05:05 ET]
Table 'Beljawskya' 6-max Seat #3 is the button
Seat 1: lommer93 ($13.63 in chips) 
Seat 2: jayjay90 ($99.50 in chips) 
Seat 3: franbasualdo10 ($39.36 in chips) 
Seat 4: joaquin612 ($118.66 in chips) 
Seat 5: BumHuntKing ($104.26 in chips) 
Seat 6: Iseedora ($102.50 in chips) 
joaquin612: posts small blind $0.50
BumHuntKing: posts big blind $1
*** HOLE CARDS ***
Iseedora: folds 
lommer93: folds 
jayjay90: raises $1.50 to $2.50
franbasualdo10: folds 
joaquin612: folds 
BumHuntKing: folds 
Uncalled bet ($1.50) returned to jayjay90
jayjay90 collected $2.50 from pot
jayjay90: doesn't show hand 
*** SUMMARY ***
Total pot $2.50 | Rake $0 
Seat 1: lommer93 folded before Flop (didn't bet)
Seat 2: jayjay90 collected ($2.50)
Seat 3: franbasualdo10 (button) folded before Flop (didn't bet)
Seat 4: joaquin612 (small blind) folded before Flop
Seat 5: BumHuntKing (big blind) folded before Flop
Seat 6: Iseedora folded before Flop (didn't bet)



PokerStars Hand #254723514855:  Hold'em No Limit ($0.50/$1.00 USD) - 2025/02/05 20:05:28 WET [2025/02/05 15:05:28 ET]
Table 'Beljawskya' 6-max Seat #4 is the button
Seat 1: lommer93 ($13.63 in chips) 
Seat 2: jayjay90 ($101 in chips) 
Seat 3: franbasualdo10 ($39.36 in chips) 
Seat 4: joaquin612 ($118.16 in chips) 
Seat 5: BumHuntKing ($103.26 in chips) 
Seat 6: Iseedora ($102.50 in chips) 
BumHuntKing: posts small blind $0.50
Iseedora: posts big blind $1
*** HOLE CARDS ***
lommer93: folds 
jayjay90: folds 
franbasualdo10: calls $1
joaquin612: raises $2 to $3
BumHuntKing: folds 
Iseedora: folds 
franbasualdo10: calls $2
*** FLOP *** [3d 2h As]
franbasualdo10: checks 
joaquin612: bets $3.56
franbasualdo10: calls $3.56
*** TURN *** [3d 2h As] [Qc]
franbasualdo10: checks 
joaquin612: checks 
*** RIVER *** [3d 2h As Qc] [7d]
franbasualdo10: bets $3
joaquin612: folds 
Uncalled bet ($3) returned to franbasualdo10
franbasualdo10 collected $13.89 from pot
*** SUMMARY ***
Total pot $14.62 | Rake $0.73 
Board [3d 2h As Qc 7d]
Seat 1: lommer93 folded before Flop (didn't bet)
Seat 2: jayjay90 folded before Flop (didn't bet)
Seat 3: franbasualdo10 collected ($13.89)
Seat 4: joaquin612 (button) folded on the River
Seat 5: BumHuntKing (small blind) folded before Flop
Seat 6: Iseedora (big blind) folded before Flop



PokerStars Hand #254723532104:  Hold'em No Limit ($0.50/$1.00 USD) - 2025/02/05 20:06:24 WET [2025/02/05 15:06:24 ET]
Table 'Beljawskya' 6-max Seat #5 is the button
Seat 1: lommer93 ($13.63 in chips) 
Seat 2: jayjay90 ($101 in chips) 
Seat 3: franbasualdo10 ($46.69 in chips) 
Seat 4: joaquin612 ($111.60 in chips) 
Seat 5: BumHuntKing ($102.76 in chips) 
Seat 6: Iseedora ($101.50 in chips) 
Iseedora: posts small blind $0.50
lommer93: posts big blind $1
*** HOLE CARDS ***
jayjay90: raises $1.50 to $2.50
franbasualdo10: folds 
joaquin612: folds 
BumHuntKing: folds 
Iseedora: raises $7.50 to $10
lommer93: folds 
jayjay90: raises $13 to $23
Iseedora: folds 
Uncalled bet ($13) returned to jayjay90
jayjay90 collected $21 from pot
jayjay90: doesn't show hand 
*** SUMMARY ***
Total pot $21 | Rake $0 
Seat 1: lommer93 (big blind) folded before Flop
Seat 2: jayjay90 collected ($21)
Seat 3: franbasualdo10 folded before Flop (didn't bet)
Seat 4: joaquin612 folded before Flop (didn't bet)
Seat 5: BumHuntKing (button) folded before Flop (didn't bet)
Seat 6: Iseedora (small blind) folded before Flop



PokerStars Hand #254723545412:  Hold'em No Limit ($0.50/$1.00 USD) - 2025/02/05 20:07:07 WET [2025/02/05 15:07:07 ET]
Table 'Beljawskya' 6-max Seat #6 is the button
Seat 1: lommer93 ($12.63 in chips) 
Seat 2: jayjay90 ($112 in chips) 
Seat 3: franbasualdo10 ($46.69 in chips) 
Seat 4: joaquin612 ($111.60 in chips) 
Seat 5: BumHuntKing ($102.76 in chips) 
Seat 6: Iseedora ($100 in chips) 
lommer93: posts small blind $0.50
jayjay90: posts big blind $1
*** HOLE CARDS ***
franbasualdo10: calls $1
joaquin612: raises $2.50 to $3.50
BumHuntKing: folds 
Iseedora: folds 
lommer93: folds 
jayjay90: folds 
franbasualdo10: calls $2.50
*** FLOP *** [Ad Jh 7c]
franbasualdo10: checks 
joaquin612: bets $4.04
franbasualdo10: folds 
Uncalled bet ($4.04) returned to joaquin612
joaquin612 collected $8.08 from pot
joaquin612: doesn't show hand 
*** SUMMARY ***
Total pot $8.50 | Rake $0.42 
Board [Ad Jh 7c]
Seat 1: lommer93 (small blind) folded before Flop
Seat 2: jayjay90 (big blind) folded before Flop
Seat 3: franbasualdo10 folded on the Flop
Seat 4: joaquin612 collected ($8.08)
Seat 5: BumHuntKing folded before Flop (didn't bet)
Seat 6: Iseedora (button) folded before Flop (didn't bet)



PokerStars Hand #254723556518:  Hold'em No Limit ($0.50/$1.00 USD) - 2025/02/05 20:07:43 WET [2025/02/05 15:07:43 ET]
Table 'Beljawskya' 6-max Seat #1 is the button
Seat 1: lommer93 ($12.13 in chips) 
Seat 2: jayjay90 ($111 in chips) 
Seat 3: franbasualdo10 ($43.19 in chips) 
Seat 4: joaquin612 ($116.18 in chips) 
Seat 5: BumHuntKing ($102.76 in chips) 
Seat 6: Iseedora ($100 in chips) 
jayjay90: posts small blind $0.50
franbasualdo10: posts big blind $1
*** HOLE CARDS ***
joaquin612: folds 
BumHuntKing: folds 
Iseedora: folds 
lommer93: folds 
jayjay90: folds 
Uncalled bet ($0.50) returned to franbasualdo10
franbasualdo10 collected $1 from pot
*** SUMMARY ***
Total pot $1 | Rake $0 
Seat 1: lommer93 (button) folded before Flop (didn't bet)
Seat 2: jayjay90 (small blind) folded before Flop
Seat 3: franbasualdo10 (big blind) collected ($1)
Seat 4: joaquin612 folded before Flop (didn't bet)
Seat 5: BumHuntKing folded before Flop (didn't bet)
Seat 6: Iseedora folded before Flop (didn't bet)



PokerStars Hand #254723562288:  Hold'em No Limit ($0.50/$1.00 USD) - 2025/02/05 20:08:02 WET [2025/02/05 15:08:02 ET]
Table 'Beljawskya' 6-max Seat #2 is the button
Seat 1: lommer93 ($12.13 in chips) 
Seat 2: jayjay90 ($110.50 in chips) 
Seat 3: franbasualdo10 ($43.69 in chips) 
Seat 4: joaquin612 ($116.18 in chips) 
Seat 5: BumHuntKing ($102.76 in chips) 
Seat 6: Iseedora ($100 in chips) 
franbasualdo10: posts small blind $0.50
joaquin612: posts big blind $1
*** HOLE CARDS ***
BumHuntKing: raises $1.20 to $2.20
Iseedora: raises $4.80 to $7
lommer93: folds 
jayjay90: folds 
franbasualdo10: folds 
joaquin612: folds 
BumHuntKing: calls $4.80
*** FLOP *** [4d 3c Js]
BumHuntKing: checks 
Iseedora: bets $3.97
BumHuntKing: calls $3.97
*** TURN *** [4d 3c Js] [4s]
BumHuntKing: checks 
Iseedora: checks 
*** RIVER *** [4d 3c Js 4s] [Kh]
BumHuntKing: bets $7.35
Iseedora: folds 
Uncalled bet ($7.35) returned to BumHuntKing
BumHuntKing collected $22.27 from pot
BumHuntKing: doesn't show hand 
*** SUMMARY ***
Total pot $23.44 | Rake $1.17 
Board [4d 3c Js 4s Kh]
Seat 1: lommer93 folded before Flop (didn't bet)
Seat 2: jayjay90 (button) folded before Flop (didn't bet)
Seat 3: franbasualdo10 (small blind) folded before Flop
Seat 4: joaquin612 (big blind) folded before Flop
Seat 5: BumHuntKing collected ($22.27)
Seat 6: Iseedora folded on the River



PokerStars Hand #254723594126:  Hold'em No Limit ($0.50/$1.00 USD) - 2025/02/05 20:09:45 WET [2025/02/05 15:09:45 ET]
Table 'Beljawskya' 6-max Seat #3 is the button
Seat 1: lommer93 ($12.13 in chips) 
Seat 2: jayjay90 ($110.50 in chips) 
Seat 3: franbasualdo10 ($43.19 in chips) 
Seat 4: joaquin612 ($115.18 in chips) 
Seat 5: BumHuntKing ($114.06 in chips) 
Seat 6: Iseedora ($100 in chips) 
joaquin612: posts small blind $0.50
BumHuntKing: posts big blind $1
*** HOLE CARDS ***
Iseedora: folds 
lommer93: folds 
jayjay90: folds 
franbasualdo10: folds 
joaquin612: raises $2 to $3
BumHuntKing: folds 
Uncalled bet ($2) returned to joaquin612
joaquin612 collected $2 from pot
joaquin612: doesn't show hand 
*** SUMMARY ***
Total pot $2 | Rake $0 
Seat 1: lommer93 folded before Flop (didn't bet)
Seat 2: jayjay90 folded before Flop (didn't bet)
Seat 3: franbasualdo10 (button) folded before Flop (didn't bet)
Seat 4: joaquin612 (small blind) collected ($2)
Seat 5: BumHuntKing (big blind) folded before Flop
Seat 6: Iseedora folded before Flop (didn't bet)



PokerStars Hand #254723604756:  Hold'em No Limit ($0.50/$1.00 USD) - 2025/02/05 20:10:20 WET [2025/02/05 15:10:20 ET]
Table 'Beljawskya' 6-max Seat #4 is the button
Seat 1: lommer93 ($12.13 in chips) 
Seat 2: jayjay90 ($110.50 in chips) 
Seat 3: franbasualdo10 ($43.19 in chips) 
Seat 4: joaquin612 ($116.18 in chips) 
Seat 5: BumHuntKing ($113.06 in chips) 
Seat 6: Iseedora ($100 in chips) 
BumHuntKing: posts small blind $0.50
Iseedora: posts big blind $1
*** HOLE CARDS ***
lommer93: folds 
jayjay90: folds 
franbasualdo10: folds 
joaquin612: raises $1.50 to $2.50
BumHuntKing: raises $9 to $11.50
Iseedora: raises $11.50 to $23
joaquin612: folds 
BumHuntKing: raises $90.06 to $113.06 and is all-in
Iseedora: calls $77 and is all-in
Uncalled bet ($13.06) returned to BumHuntKing
*** FLOP *** [8h 7d 2s]
*** TURN *** [8h 7d 2s] [Jd]
*** RIVER *** [8h 7d 2s Jd] [As]
*** SHOW DOWN ***
BumHuntKing: shows [Kc Ac] (a pair of Aces)
Iseedora: shows [Jc Js] (three of a kind, Jacks)
Iseedora collected $200 from pot
*** SUMMARY ***
Total pot $202.50 | Rake $2.50 
Board [8h 7d 2s Jd As]
Seat 1: lommer93 folded before Flop (didn't bet)
Seat 2: jayjay90 folded before Flop (didn't bet)
Seat 3: franbasualdo10 folded before Flop (didn't bet)
Seat 4: joaquin612 (button) folded before Flop
Seat 5: BumHuntKing (small blind) showed [Kc Ac] and lost with a pair of Aces
Seat 6: Iseedora (big blind) showed [Jc Js] and won ($200) with three of a kind, Jacks



PokerStars Hand #254723629311:  Hold'em No Limit ($0.50/$1.00 USD) - 2025/02/05 20:11:40 WET [2025/02/05 15:11:40 ET]
Table 'Beljawskya' 6-max Seat #5 is the button
Seat 1: lommer93 ($12.13 in chips) 
Seat 2: jayjay90 ($110.50 in chips) 
Seat 3: franbasualdo10 ($43.19 in chips) 
Seat 4: joaquin612 ($113.68 in chips) 
Seat 5: BumHuntKing ($100 in chips) 
Seat 6: Iseedora ($200 in chips) 
Iseedora: posts small blind $0.50
lommer93: posts big blind $1
*** HOLE CARDS ***
jayjay90: raises $1.50 to $2.50
franbasualdo10: folds 
joaquin612: folds 
BumHuntKing: folds 
Iseedora: folds 
lommer93: folds 
Uncalled bet ($1.50) returned to jayjay90
jayjay90 collected $2.50 from pot
jayjay90: doesn't show hand 
*** SUMMARY ***
Total pot $2.50 | Rake $0 
Seat 1: lommer93 (big blind) folded before Flop
Seat 2: jayjay90 collected ($2.50)
Seat 3: franbasualdo10 folded before Flop (didn't bet)
Seat 4: joaquin612 folded before Flop (didn't bet)
Seat 5: BumHuntKing (button) folded before Flop (didn't bet)
Seat 6: Iseedora (small blind) folded before Flop



PokerStars Hand #254723635919:  Hold'em No Limit ($0.50/$1.00 USD) - 2025/02/05 20:12:02 WET [2025/02/05 15:12:02 ET]
Table 'Beljawskya' 6-max Seat #6 is the button
Seat 1: lommer93 ($11.13 in chips) 
Seat 2: jayjay90 ($112 in chips) 
Seat 3: franbasualdo10 ($43.19 in chips) 
Seat 4: joaquin612 ($113.68 in chips) 
Seat 5: BumHuntKing ($100 in chips) 
Seat 6: Iseedora ($199.50 in chips) 
lommer93: posts small blind $0.50
jayjay90: posts big blind $1
*** HOLE CARDS ***
franbasualdo10: folds 
joaquin612: folds 
BumHuntKing: folds 
Iseedora: raises $1.50 to $2.50
lommer93: calls $2
jayjay90: folds 
*** FLOP *** [Ad 4h Kc]
lommer93: bets $2.85
Iseedora: folds 
Uncalled bet ($2.85) returned to lommer93
lommer93 collected $5.70 from pot
lommer93: doesn't show hand 
*** SUMMARY ***
Total pot $6 | Rake $0.30 
Board [Ad 4h Kc]
Seat 1: lommer93 (small blind) collected ($5.70)
Seat 2: jayjay90 (big blind) folded before Flop
Seat 3: franbasualdo10 folded before Flop (didn't bet)
Seat 4: joaquin612 folded before Flop (didn't bet)
Seat 5: BumHuntKing folded before Flop (didn't bet)
Seat 6: Iseedora (button) folded on the Flop



PokerStars Hand #254723644488:  Hold'em No Limit ($0.50/$1.00 USD) - 2025/02/05 20:12:30 WET [2025/02/05 15:12:30 ET]
Table 'Beljawskya' 6-max Seat #1 is the button
Seat 1: lommer93 ($14.33 in chips) 
Seat 2: jayjay90 ($111 in chips) 
Seat 3: franbasualdo10 ($43.19 in chips) 
Seat 4: joaquin612 ($113.68 in chips) 
Seat 5: BumHuntKing ($100 in chips) 
Seat 6: Iseedora ($197 in chips) 
jayjay90: posts small blind $0.50
franbasualdo10: posts big blind $1
*** HOLE CARDS ***
joaquin612: folds 
BumHuntKing: folds 
Iseedora: raises $1.50 to $2.50
lommer93: folds 
jayjay90: folds 
franbasualdo10: folds 
Uncalled bet ($1.50) returned to Iseedora
Iseedora collected $2.50 from pot
Iseedora: doesn't show hand 
*** SUMMARY ***
Total pot $2.50 | Rake $0 
Seat 1: lommer93 (button) folded before Flop (didn't bet)
Seat 2: jayjay90 (small blind) folded before Flop
Seat 3: franbasualdo10 (big blind) folded before Flop
Seat 4: joaquin612 folded before Flop (didn't bet)
Seat 5: BumHuntKing folded before Flop (didn't bet)
Seat 6: Iseedora collected ($2.50)



PokerStars Hand #254723652369:  Hold'em No Limit ($0.50/$1.00 USD) - 2025/02/05 20:12:55 WET [2025/02/05 15:12:55 ET]
Table 'Beljawskya' 6-max Seat #2 is the button
Seat 4: joaquin612 ($113.68 in chips) is sitting out
Seat 1: lommer93 ($14.33 in chips) 
Seat 2: jayjay90 ($110.50 in chips) 
Seat 3: franbasualdo10 ($42.19 in chips) 
Seat 5: BumHuntKing ($100 in chips) 
franbasualdo10: posts small blind $0.50
joaquin612: is sitting out 
BumHuntKing: posts big blind $1
*** HOLE CARDS ***
lommer93: folds 
joaquin612 leaves the table
jayjay90: raises $1.50 to $2.50
franbasualdo10: calls $2
pandabolis12 joins the table at seat #6 
BumHuntKing: folds 
*** FLOP *** [Qc 9h 5c]
franbasualdo10: checks 
jayjay90: bets $1.88
franbasualdo10: calls $1.88
*** TURN *** [Qc 9h 5c] [7h]
franbasualdo10: checks 
jayjay90: checks 
*** RIVER *** [Qc 9h 5c 7h] [9s]
franbasualdo10: bets $2
jayjay90: calls $2
*** SHOW DOWN ***
franbasualdo10: shows [7d Ac] (two pair, Nines and Sevens)
jayjay90: shows [Tc Qs] (two pair, Queens and Nines)
jayjay90 collected $13.07 from pot
*** SUMMARY ***
Total pot $13.76 | Rake $0.69 
Board [Qc 9h 5c 7h 9s]
Seat 4: joaquin612
Seat 1: lommer93 folded before Flop (didn't bet)
Seat 2: jayjay90 (button) showed [Tc Qs] and won ($13.07) with two pair, Queens and Nines
Seat 3: franbasualdo10 (small blind) showed [7d Ac] and lost with two pair, Nines and Sevens
Seat 5: BumHuntKing (big blind) folded before Flop



PokerStars Hand #254723669019:  Hold'em No Limit ($0.50/$1.00 USD) - 2025/02/05 20:13:48 WET [2025/02/05 15:13:48 ET]
Table 'Beljawskya' 6-max Seat #3 is the button
Seat 1: lommer93 ($14.33 in chips) 
Seat 2: jayjay90 ($117.19 in chips) 
Seat 3: franbasualdo10 ($35.81 in chips) 
Seat 5: BumHuntKing ($100 in chips) 
Seat 6: pandabolis12 ($100 in chips) 
BumHuntKing: posts small blind $0.50
pandabolis12: posts big blind $1
*** HOLE CARDS ***
lommer93: raises $1 to $2
jayjay90: folds 
franbasualdo10: folds 
BumHuntKing: folds 
pandabolis12: folds 
Uncalled bet ($1) returned to lommer93
lommer93 collected $2.50 from pot
lommer93: doesn't show hand 
*** SUMMARY ***
Total pot $2.50 | Rake $0 
Seat 1: lommer93 collected ($2.50)
Seat 2: jayjay90 folded before Flop (didn't bet)
Seat 3: franbasualdo10 (button) folded before Flop (didn't bet)
Seat 5: BumHuntKing (small blind) folded before Flop
Seat 6: pandabolis12 (big blind) folded before Flop



PokerStars Hand #254723674115:  Hold'em No Limit ($0.50/$1.00 USD) - 2025/02/05 20:14:04 WET [2025/02/05 15:14:04 ET]
Table 'Beljawskya' 6-max Seat #5 is the button
Seat 1: lommer93 ($15.83 in chips) 
Seat 2: jayjay90 ($117.19 in chips) 
Seat 3: franbasualdo10 ($35.81 in chips) 
Seat 5: BumHuntKing ($100 in chips) 
Seat 6: pandabolis12 ($100 in chips) 
pandabolis12: posts small blind $0.50
lommer93: posts big blind $1
*** HOLE CARDS ***
jayjay90: folds 
franbasualdo10: calls $1
BumHuntKing: folds 
pandabolis12: folds 
lommer93: checks 
*** FLOP *** [2h 7c 7s]
lommer93: bets $1.19
franbasualdo10: folds 
Uncalled bet ($1.19) returned to lommer93
lommer93 collected $2.38 from pot
lommer93: doesn't show hand 
*** SUMMARY ***
Total pot $2.50 | Rake $0.12 
Board [2h 7c 7s]
Seat 1: lommer93 (big blind) collected ($2.38)
Seat 2: jayjay90 folded before Flop (didn't bet)
Seat 3: franbasualdo10 folded on the Flop
Seat 5: BumHuntKing (button) folded before Flop (didn't bet)
Seat 6: pandabolis12 (small blind) folded before Flop



PokerStars Hand #254723684552:  Hold'em No Limit ($0.50/$1.00 USD) - 2025/02/05 20:14:38 WET [2025/02/05 15:14:38 ET]
Table 'Beljawskya' 6-max Seat #6 is the button
Seat 1: lommer93 ($17.21 in chips) 
Seat 2: jayjay90 ($117.19 in chips) 
Seat 3: franbasualdo10 ($34.81 in chips) 
Seat 5: BumHuntKing ($100 in chips) 
Seat 6: pandabolis12 ($100 in chips) 
lommer93: posts small blind $0.50
jayjay90: posts big blind $1
*** HOLE CARDS ***
franbasualdo10: folds 
BumHuntKing: folds 
pandabolis12: folds 
lommer93: folds 
Uncalled bet ($0.50) returned to jayjay90
jayjay90 collected $1 from pot
jayjay90: doesn't show hand 
*** SUMMARY ***
Total pot $1 | Rake $0 
Seat 1: lommer93 (small blind) folded before Flop
Seat 2: jayjay90 (big blind) collected ($1)
Seat 3: franbasualdo10 folded before Flop (didn't bet)
Seat 5: BumHuntKing folded before Flop (didn't bet)
Seat 6: pandabolis12 (button) folded before Flop (didn't bet)



PokerStars Hand #254723688737:  Hold'em No Limit ($0.50/$1.00 USD) - 2025/02/05 20:14:51 WET [2025/02/05 15:14:51 ET]
Table 'Beljawskya' 6-max Seat #1 is the button
Seat 1: lommer93 ($16.71 in chips) 
Seat 2: jayjay90 ($117.69 in chips) 
Seat 3: franbasualdo10 ($34.81 in chips) 
Seat 5: BumHuntKing ($100 in chips) 
Seat 6: pandabolis12 ($100 in chips) 
jayjay90: posts small blind $0.50
franbasualdo10: posts big blind $1
*** HOLE CARDS ***
BumHuntKing: folds 
pandabolis12: raises $1.50 to $2.50
lommer93: folds 
jayjay90: folds 
franbasualdo10: folds 
Uncalled bet ($1.50) returned to pandabolis12
pandabolis12 collected $2.50 from pot
pandabolis12: doesn't show hand 
*** SUMMARY ***
Total pot $2.50 | Rake $0 
Seat 1: lommer93 (button) folded before Flop (didn't bet)
Seat 2: jayjay90 (small blind) folded before Flop
Seat 3: franbasualdo10 (big blind) folded before Flop
Seat 5: BumHuntKing folded before Flop (didn't bet)
Seat 6: pandabolis12 collected ($2.50)



PokerStars Hand #254723696928:  Hold'em No Limit ($0.50/$1.00 USD) - 2025/02/05 20:15:17 WET [2025/02/05 15:15:17 ET]
Table 'Beljawskya' 6-max Seat #2 is the button
Seat 1: lommer93 ($16.71 in chips) 
Seat 2: jayjay90 ($117.19 in chips) 
Seat 3: franbasualdo10 ($33.81 in chips) 
Seat 5: BumHuntKing ($100 in chips) 
Seat 6: pandabolis12 ($101.50 in chips) 
franbasualdo10: posts small blind $0.50
BumHuntKing: posts big blind $1
*** HOLE CARDS ***
pandabolis12: folds 
lommer93: folds 
jayjay90 has timed out
jayjay90: folds 
franbasualdo10: folds 
Uncalled bet ($0.50) returned to BumHuntKing
BumHuntKing collected $1 from pot
BumHuntKing: doesn't show hand 
*** SUMMARY ***
Total pot $1 | Rake $0 
Seat 1: lommer93 folded before Flop (didn't bet)
Seat 2: jayjay90 (button) folded before Flop (didn't bet)
Seat 3: franbasualdo10 (small blind) folded before Flop
Seat 5: BumHuntKing (big blind) collected ($1)
Seat 6: pandabolis12 folded before Flop (didn't bet)



PokerStars Hand #254723708156:  Hold'em No Limit ($0.50/$1.00 USD) - 2025/02/05 20:15:53 WET [2025/02/05 15:15:53 ET]
Table 'Beljawskya' 6-max Seat #3 is the button
Seat 1: lommer93 ($16.71 in chips) 
Seat 2: jayjay90 ($117.19 in chips) 
Seat 3: franbasualdo10 ($33.31 in chips) 
Seat 5: BumHuntKing ($100.50 in chips) 
Seat 6: pandabolis12 ($101.50 in chips) 
BumHuntKing: posts small blind $0.50
pandabolis12: posts big blind $1
*** HOLE CARDS ***
lommer93: folds 
jayjay90: folds 
franbasualdo10: folds 
BumHuntKing: raises $2 to $3
pandabolis12: calls $2
*** FLOP *** [Jc 2s Kc]
The magic MD joins the table at seat #4 
The magic MD is disconnected 
BumHuntKing: bets $4.79
pandabolis12: calls $4.79
*** TURN *** [Jc 2s Kc] [Qh]
BumHuntKing: bets $11.10
pandabolis12: calls $11.10
*** RIVER *** [Jc 2s Kc Qh] [As]
BumHuntKing: checks 
pandabolis12: bets $26.93
BumHuntKing has timed out
BumHuntKing: folds 
Uncalled bet ($26.93) returned to pandabolis12
pandabolis12 collected $35.89 from pot
pandabolis12: doesn't show hand 
*** SUMMARY ***
Total pot $37.78 | Rake $1.89 
Board [Jc 2s Kc Qh As]
Seat 1: lommer93 folded before Flop (didn't bet)
Seat 2: jayjay90 folded before Flop (didn't bet)
Seat 3: franbasualdo10 (button) folded before Flop (didn't bet)
Seat 5: BumHuntKing (small blind) folded on the River
Seat 6: pandabolis12 (big blind) collected ($35.89)



PokerStars Hand #254723750412:  Hold'em No Limit ($0.50/$1.00 USD) - 2025/02/05 20:18:08 WET [2025/02/05 15:18:08 ET]
Table 'Beljawskya' 6-max Seat #5 is the button
Seat 1: lommer93 ($16.71 in chips) 
Seat 2: jayjay90 ($117.19 in chips) 
Seat 3: franbasualdo10 ($33.31 in chips) 
Seat 4: The magic MD ($10 in chips) 
Seat 5: BumHuntKing ($100 in chips) 
Seat 6: pandabolis12 ($118.50 in chips) 
pandabolis12: posts small blind $0.50
lommer93: posts big blind $1
The magic MD: posts big blind $1
*** HOLE CARDS ***
jayjay90: folds 
franbasualdo10: calls $1
The magic MD: checks 
BumHuntKing: folds 
pandabolis12: folds 
lommer93: raises $2 to $3
franbasualdo10: calls $2
The magic MD: folds 
*** FLOP *** [2c 4d 6h]
lommer93: bets $3.56
franbasualdo10: folds 
Uncalled bet ($3.56) returned to lommer93
lommer93 collected $7.12 from pot
lommer93: doesn't show hand 
*** SUMMARY ***
Total pot $7.50 | Rake $0.38 
Board [2c 4d 6h]
Seat 1: lommer93 (big blind) collected ($7.12)
Seat 2: jayjay90 folded before Flop (didn't bet)
Seat 3: franbasualdo10 folded on the Flop
Seat 4: The magic MD folded before Flop (didn't bet)
Seat 5: BumHuntKing (button) folded before Flop (didn't bet)
Seat 6: pandabolis12 (small blind) folded before Flop



PokerStars Hand #254723760902:  Hold'em No Limit ($0.50/$1.00 USD) - 2025/02/05 20:18:42 WET [2025/02/05 15:18:42 ET]
Table 'Beljawskya' 6-max Seat #6 is the button
Seat 2: jayjay90 ($117.19 in chips) is sitting out
Seat 1: lommer93 ($20.83 in chips) 
Seat 3: franbasualdo10 ($30.31 in chips) 
Seat 4: The magic MD ($10 in chips) 
Seat 5: BumHuntKing ($100 in chips) 
Seat 6: pandabolis12 ($118 in chips) 
lommer93: posts small blind $0.50
jayjay90: is sitting out 
franbasualdo10: posts big blind $1
*** HOLE CARDS ***
The magic MD: folds 
jayjay90 leaves the table
BumHuntKing: folds 
pandabolis12: raises $1.50 to $2.50
lommer93: folds 
franbasualdo10: folds 
Uncalled bet ($1.50) returned to pandabolis12
pandabolis12 collected $2.50 from pot
pandabolis12: doesn't show hand 
*** SUMMARY ***
Total pot $2.50 | Rake $0 
Seat 2: jayjay90
Seat 1: lommer93 (small blind) folded before Flop
Seat 3: franbasualdo10 (big blind) folded before Flop
Seat 4: The magic MD folded before Flop (didn't bet)
Seat 5: BumHuntKing folded before Flop (didn't bet)
Seat 6: pandabolis12 (button) collected ($2.50)



PokerStars Hand #254723766861:  Hold'em No Limit ($0.50/$1.00 USD) - 2025/02/05 20:19:01 WET [2025/02/05 15:19:01 ET]
Table 'Beljawskya' 6-max Seat #1 is the button
Seat 1: lommer93 ($20.33 in chips) 
Seat 3: franbasualdo10 ($29.31 in chips) 
Seat 4: The magic MD ($10 in chips) 
Seat 5: BumHuntKing ($100 in chips) 
Seat 6: pandabolis12 ($119.50 in chips) 
franbasualdo10: posts small blind $0.50
The magic MD: posts big blind $1
*** HOLE CARDS ***
BumHuntKing: folds 
pandabolis12: folds 
lommer93: folds 
franbasualdo10: raises $2 to $3
The magic MD: folds 
Uncalled bet ($2) returned to franbasualdo10
franbasualdo10 collected $2 from pot
*** SUMMARY ***
Total pot $2 | Rake $0 
Seat 1: lommer93 (button) folded before Flop (didn't bet)
Seat 3: franbasualdo10 (small blind) collected ($2)
Seat 4: The magic MD (big blind) folded before Flop
Seat 5: BumHuntKing folded before Flop (didn't bet)
Seat 6: pandabolis12 folded before Flop (didn't bet)



PokerStars Hand #254723772855:  Hold'em No Limit ($0.50/$1.00 USD) - 2025/02/05 20:19:21 WET [2025/02/05 15:19:21 ET]
Table 'Beljawskya' 6-max Seat #3 is the button
Seat 1: lommer93 ($20.33 in chips) 
Seat 3: franbasualdo10 ($30.31 in chips) 
Seat 4: The magic MD ($10 in chips) 
Seat 5: BumHuntKing ($100 in chips) 
Seat 6: pandabolis12 ($119.50 in chips) 
The magic MD: posts small blind $0.50
BumHuntKing: posts big blind $1
*** HOLE CARDS ***
pandabolis12: folds 
lommer93: folds 
franbasualdo10: calls $1
The magic MD: raises $9 to $10 and is all-in
BumHuntKing: folds 
Iseedora joins the table at seat #2 
franbasualdo10: folds 
Uncalled bet ($9) returned to The magic MD
The magic MD collected $3 from pot
*** SUMMARY ***
Total pot $3 | Rake $0 
Seat 1: lommer93 folded before Flop (didn't bet)
Seat 3: franbasualdo10 (button) folded before Flop
Seat 4: The magic MD (small blind) collected ($3)
Seat 5: BumHuntKing (big blind) folded before Flop
Seat 6: pandabolis12 folded before Flop (didn't bet)



PokerStars Hand #254723779782:  Hold'em No Limit ($0.50/$1.00 USD) - 2025/02/05 20:19:43 WET [2025/02/05 15:19:43 ET]
Table 'Beljawskya' 6-max Seat #4 is the button
Seat 2: Iseedora ($198.50 in chips) is sitting out
Seat 1: lommer93 ($20.33 in chips) 
Seat 3: franbasualdo10 ($29.31 in chips) 
Seat 4: The magic MD ($12 in chips) 
Seat 5: BumHuntKing ($100 in chips) 
Seat 6: pandabolis12 ($119.50 in chips) 
BumHuntKing: posts small blind $0.50
pandabolis12: posts big blind $1
Iseedora: sits out 
*** HOLE CARDS ***
lommer93: folds 
franbasualdo10: folds 
The magic MD: folds 
BumHuntKing: folds 
Uncalled bet ($0.50) returned to pandabolis12
pandabolis12 collected $1 from pot
pandabolis12: doesn't show hand 
*** SUMMARY ***
Total pot $1 | Rake $0 
Seat 2: Iseedora
Seat 1: lommer93 folded before Flop (didn't bet)
Seat 3: franbasualdo10 folded before Flop (didn't bet)
Seat 4: The magic MD (button) folded before Flop (didn't bet)
Seat 5: BumHuntKing (small blind) folded before Flop
Seat 6: pandabolis12 (big blind) collected ($1)



PokerStars Hand #254723783170:  Hold'em No Limit ($0.50/$1.00 USD) - 2025/02/05 20:19:54 WET [2025/02/05 15:19:54 ET]
Table 'Beljawskya' 6-max Seat #5 is the button
Seat 2: Iseedora ($198.50 in chips) is sitting out
Seat 1: lommer93 ($20.33 in chips) 
Seat 3: franbasualdo10 ($29.31 in chips) 
Seat 4: The magic MD ($12 in chips) 
Seat 5: BumHuntKing ($100 in chips) 
Seat 6: pandabolis12 ($120 in chips) 
pandabolis12: posts small blind $0.50
lommer93: posts big blind $1
Iseedora: sits out 
*** HOLE CARDS ***
franbasualdo10: folds 
The magic MD: folds 
BumHuntKing: folds 
pandabolis12: folds 
Uncalled bet ($0.50) returned to lommer93
lommer93 collected $1 from pot
lommer93: doesn't show hand 
*** SUMMARY ***
Total pot $1 | Rake $0 
Seat 2: Iseedora
Seat 1: lommer93 (big blind) collected ($1)
Seat 3: franbasualdo10 folded before Flop (didn't bet)
Seat 4: The magic MD folded before Flop (didn't bet)
Seat 5: BumHuntKing (button) folded before Flop (didn't bet)
Seat 6: pandabolis12 (small blind) folded before Flop



PokerStars Hand #254723450646:  Hold'em No Limit ($0.50/$1.00 USD) - 2025/02/05 20:01:49 WET [2025/02/05 15:01:49 ET]
Table 'Beljawskya' 6-max Seat #2 is the button
Seat 5: BumHuntKing ($100 in chips) is sitting out
Seat 1: lommer93 ($15.13 in chips) 
Seat 2: jayjay90 ($102.20 in chips) 
Seat 3: franbasualdo10 ($44.56 in chips) 
Seat 4: joaquin612 ($111.44 in chips) 
Seat 6: coeeeelho ($100 in chips) 
franbasualdo10: posts small blind $0.50
joaquin612: posts big blind $1
BumHuntKing: sits out 
*** HOLE CARDS ***
coeeeelho: folds 
lommer93: folds 
jayjay90: raises $1.50 to $2.50
franbasualdo10: folds 
joaquin612: raises $8.50 to $11
jayjay90: folds 
Uncalled bet ($8.50) returned to joaquin612
joaquin612 collected $5.50 from pot
joaquin612: doesn't show hand 
*** SUMMARY ***
Total pot $5.50 | Rake $0 
Seat 5: BumHuntKing
Seat 1: lommer93 folded before Flop (didn't bet)
Seat 2: jayjay90 (button) folded before Flop
Seat 3: franbasualdo10 (small blind) folded before Flop
Seat 4: joaquin612 (big blind) collected ($5.50)
Seat 6: coeeeelho folded before Flop (didn't bet)



PokerStars Hand #254723459755:  Hold'em No Limit ($0.50/$1.00 USD) - 2025/02/05 20:02:21 WET [2025/02/05 15:02:21 ET]
Table 'Beljawskya' 6-max Seat #3 is the button
Seat 1: lommer93 ($15.13 in chips) 
Seat 2: jayjay90 ($99.70 in chips) 
Seat 3: franbasualdo10 ($44.06 in chips) 
Seat 4: joaquin612 ($114.44 in chips) 
Seat 5: BumHuntKing ($100 in chips) 
Seat 6: coeeeelho ($100 in chips) 
joaquin612: posts small blind $0.50
BumHuntKing: posts big blind $1
*** HOLE CARDS ***
coeeeelho: folds 
lommer93: folds 
coeeeelho leaves the table
Iseedora joins the table at seat #6 
jayjay90: folds 
franbasualdo10: folds 
joaquin612: raises $2 to $3
BumHuntKing: folds 
Uncalled bet ($2) returned to joaquin612
joaquin612 collected $2 from pot
joaquin612: doesn't show hand 
*** SUMMARY ***
Total pot $2 | Rake $0 
Seat 1: lommer93 folded before Flop (didn't bet)
Seat 2: jayjay90 folded before Flop (didn't bet)
Seat 3: franbasualdo10 (button) folded before Flop (didn't bet)
Seat 4: joaquin612 (small blind) collected ($2)
Seat 5: BumHuntKing (big blind) folded before Flop
Seat 6: coeeeelho folded before Flop (didn't bet)



PokerStars Hand #254723467282:  Hold'em No Limit ($0.50/$1.00 USD) - 2025/02/05 20:02:47 WET [2025/02/05 15:02:47 ET]
Table 'Beljawskya' 6-max Seat #4 is the button
Seat 1: lommer93 ($15.13 in chips) 
Seat 2: jayjay90 ($99.70 in chips) 
Seat 3: franbasualdo10 ($44.06 in chips) 
Seat 4: joaquin612 ($115.44 in chips) 
Seat 5: BumHuntKing ($100 in chips) 
Seat 6: Iseedora ($100 in chips) 
BumHuntKing: posts small blind $0.50
Iseedora: posts big blind $1
*** HOLE CARDS ***
lommer93: folds 
jayjay90: folds 
franbasualdo10: folds 
joaquin612: raises $1.50 to $2.50
BumHuntKing: folds 
Iseedora: calls $1.50
*** FLOP *** [Ac 6c Jc]
Iseedora: checks 
joaquin612: bets $1
Iseedora: folds 
Uncalled bet ($1) returned to joaquin612
joaquin612 collected $5.22 from pot
joaquin612: doesn't show hand 
*** SUMMARY ***
Total pot $5.50 | Rake $0.28 
Board [Ac 6c Jc]
Seat 1: lommer93 folded before Flop (didn't bet)
Seat 2: jayjay90 folded before Flop (didn't bet)
Seat 3: franbasualdo10 folded before Flop (didn't bet)
Seat 4: joaquin612 (button) collected ($5.22)
Seat 5: BumHuntKing (small blind) folded before Flop
Seat 6: Iseedora (big blind) folded on the Flop



PokerStars Hand #254723785942:  Hold'em No Limit ($0.50/$1.00 USD) - 2025/02/05 20:20:03 WET [2025/02/05 15:20:03 ET]
Table 'Beljawskya' 6-max Seat #6 is the button
Seat 1: lommer93 ($20.83 in chips) 
Seat 2: Iseedora ($198.50 in chips) 
Seat 3: franbasualdo10 ($29.31 in chips) 
Seat 4: The magic MD ($12 in chips) 
Seat 5: BumHuntKing ($100 in chips) 
Seat 6: pandabolis12 ($119.50 in chips) 
lommer93: posts small blind $0.50
Iseedora: posts big blind $1
*** HOLE CARDS ***
franbasualdo10: raises $1 to $2
The magic MD: folds 
BumHuntKing: folds 
pandabolis12: folds 
lommer93: folds 
Iseedora: calls $1
*** FLOP *** [Ks 7d Qs]
Iseedora: checks 
franbasualdo10: bets $2
Iseedora: folds 
Uncalled bet ($2) returned to franbasualdo10
franbasualdo10 collected $4.28 from pot
*** SUMMARY ***
Total pot $4.50 | Rake $0.22 
Board [Ks 7d Qs]
Seat 1: lommer93 (small blind) folded before Flop
Seat 2: Iseedora (big blind) folded on the Flop
Seat 3: franbasualdo10 collected ($4.28)
Seat 4: The magic MD folded before Flop (didn't bet)
Seat 5: BumHuntKing folded before Flop (didn't bet)
Seat 6: pandabolis12 (button) folded before Flop (didn't bet)



PokerStars Hand #254723795440:  Hold'em No Limit ($0.50/$1.00 USD) - 2025/02/05 20:20:34 WET [2025/02/05 15:20:34 ET]
Table 'Beljawskya' 6-max Seat #1 is the button
Seat 1: lommer93 ($20.33 in chips) 
Seat 2: Iseedora ($196.50 in chips) 
Seat 3: franbasualdo10 ($31.59 in chips) 
Seat 4: The magic MD ($12 in chips) 
Seat 5: BumHuntKing ($100 in chips) 
Seat 6: pandabolis12 ($119.50 in chips) 
Iseedora: posts small blind $0.50
franbasualdo10: posts big blind $1
*** HOLE CARDS ***
The magic MD: folds 
BumHuntKing: folds 
pandabolis12: raises $1.50 to $2.50
lommer93: calls $2.50
Iseedora: folds 
franbasualdo10: folds 
*** FLOP *** [6d Jc Ks]
pandabolis12: bets $2.04
lommer93: folds 
Uncalled bet ($2.04) returned to pandabolis12
pandabolis12 collected $6.18 from pot
pandabolis12: doesn't show hand 
*** SUMMARY ***
Total pot $6.50 | Rake $0.32 
Board [6d Jc Ks]
Seat 1: lommer93 (button) folded on the Flop
Seat 2: Iseedora (small blind) folded before Flop
Seat 3: franbasualdo10 (big blind) folded before Flop
Seat 4: The magic MD folded before Flop (didn't bet)
Seat 5: BumHuntKing folded before Flop (didn't bet)
Seat 6: pandabolis12 collected ($6.18)



PokerStars Hand #254723809320:  Hold'em No Limit ($0.50/$1.00 USD) - 2025/02/05 20:21:19 WET [2025/02/05 15:21:19 ET]
Table 'Beljawskya' 6-max Seat #2 is the button
Seat 1: lommer93 ($17.83 in chips) 
Seat 2: Iseedora ($196 in chips) 
Seat 3: franbasualdo10 ($30.59 in chips) 
Seat 4: The magic MD ($12 in chips) 
Seat 5: BumHuntKing ($100 in chips) 
Seat 6: pandabolis12 ($123.18 in chips) 
franbasualdo10: posts small blind $0.50
The magic MD: posts big blind $1
*** HOLE CARDS ***
BumHuntKing: raises $1.20 to $2.20
pandabolis12: folds 
lommer93: folds 
Iseedora: folds 
franbasualdo10: folds 
The magic MD: raises $9.80 to $12 and is all-in
BumHuntKing: calls $9.80
*** FLOP *** [Jd Th 4c]
*** TURN *** [Jd Th 4c] [Qc]
*** RIVER *** [Jd Th 4c Qc] [9h]
*** SHOW DOWN ***
The magic MD: shows [Ah As] (a pair of Aces)
BumHuntKing: shows [Qd Kc] (a straight, Nine to King)
BumHuntKing cashed out the hand for $3.11 | Cash Out Fee $0.06
*** SUMMARY ***
Total pot $24.50 | Rake $1.22 
Board [Jd Th 4c Qc 9h]
Seat 1: lommer93 folded before Flop (didn't bet)
Seat 2: Iseedora (button) folded before Flop (didn't bet)
Seat 3: franbasualdo10 (small blind) folded before Flop
Seat 4: The magic MD (big blind) showed [Ah As] and lost with a pair of Aces
Seat 5: BumHuntKing showed [Qd Kc] and won ($23.28) with a straight, Nine to King (pot not awarded as player cashed out)
Seat 6: pandabolis12 folded before Flop (didn't bet)



PokerStars Hand #254723820291:  Hold'em No Limit ($0.50/$1.00 USD) - 2025/02/05 20:21:55 WET [2025/02/05 15:21:55 ET]
Table 'Beljawskya' 6-max Seat #3 is the button
Seat 1: lommer93 ($17.83 in chips) 
Seat 2: Iseedora ($196 in chips) 
Seat 3: franbasualdo10 ($30.09 in chips) 
Seat 4: The magic MD ($10 in chips) 
Seat 5: BumHuntKing ($100 in chips) 
Seat 6: pandabolis12 ($123.18 in chips) 
The magic MD: posts small blind $0.50
BumHuntKing: posts big blind $1
*** HOLE CARDS ***
pandabolis12: raises $1 to $2
lommer93: folds 
Iseedora: folds 
franbasualdo10: folds 
The magic MD: folds 
BumHuntKing: folds 
Uncalled bet ($1) returned to pandabolis12
The magic MD leaves the table
pandabolis12 collected $2.50 from pot
pandabolis12: doesn't show hand 
*** SUMMARY ***
Total pot $2.50 | Rake $0 
Seat 1: lommer93 folded before Flop (didn't bet)
Seat 2: Iseedora folded before Flop (didn't bet)
Seat 3: franbasualdo10 (button) folded before Flop (didn't bet)
Seat 4: The magic MD (small blind) folded before Flop
Seat 5: BumHuntKing (big blind) folded before Flop
Seat 6: pandabolis12 collected ($2.50)



PokerStars Hand #254723826724:  Hold'em No Limit ($0.50/$1.00 USD) - 2025/02/05 20:22:15 WET [2025/02/05 15:22:15 ET]
Table 'Beljawskya' 6-max Seat #5 is the button
Seat 1: lommer93 ($17.83 in chips) 
Seat 2: Iseedora ($196 in chips) 
Seat 3: franbasualdo10 ($30.09 in chips) 
Seat 5: BumHuntKing ($100 in chips) 
Seat 6: pandabolis12 ($124.68 in chips) 
pandabolis12: posts small blind $0.50
lommer93: posts big blind $1
*** HOLE CARDS ***
Iseedora: folds 
franbasualdo10: folds 
BumHuntKing: raises $1.50 to $2.50
pandabolis12: raises $8.50 to $11
lommer93: folds 
BumHuntKing: folds 
Uncalled bet ($8.50) returned to pandabolis12
pandabolis12 collected $6 from pot
pandabolis12: doesn't show hand 
*** SUMMARY ***
Total pot $6 | Rake $0 
Seat 1: lommer93 (big blind) folded before Flop
Seat 2: Iseedora folded before Flop (didn't bet)
Seat 3: franbasualdo10 folded before Flop (didn't bet)
Seat 5: BumHuntKing (button) folded before Flop
Seat 6: pandabolis12 (small blind) collected ($6)



PokerStars Hand #254723833195:  Hold'em No Limit ($0.50/$1.00 USD) - 2025/02/05 20:22:36 WET [2025/02/05 15:22:36 ET]
Table 'Beljawskya' 6-max Seat #6 is the button
Seat 1: lommer93 ($16.83 in chips) 
Seat 2: Iseedora ($196 in chips) 
Seat 3: franbasualdo10 ($30.09 in chips) 
Seat 5: BumHuntKing ($100 in chips) 
Seat 6: pandabolis12 ($128.18 in chips) 
lommer93: posts small blind $0.50
Iseedora: posts big blind $1
*** HOLE CARDS ***
franbasualdo10: folds 
BumHuntKing: folds 
pandabolis12: folds 
lommer93: calls $0.50
Iseedora: checks 
*** FLOP *** [3s 7h 5h]
BGS013 joins the table at seat #4 
lommer93: bets $2
Iseedora: folds 
Uncalled bet ($2) returned to lommer93
lommer93 collected $1.90 from pot
lommer93: doesn't show hand 
*** SUMMARY ***
Total pot $2 | Rake $0.10 
Board [3s 7h 5h]
Seat 1: lommer93 (small blind) collected ($1.90)
Seat 2: Iseedora (big blind) folded on the Flop
Seat 3: franbasualdo10 folded before Flop (didn't bet)
Seat 5: BumHuntKing folded before Flop (didn't bet)
Seat 6: pandabolis12 (button) folded before Flop (didn't bet)



PokerStars Hand #254723846148:  Hold'em No Limit ($0.50/$1.00 USD) - 2025/02/05 20:23:18 WET [2025/02/05 15:23:18 ET]
Table 'Beljawskya' 6-max Seat #1 is the button
Seat 4: BGS013 ($100 in chips) is sitting out
Seat 1: lommer93 ($17.73 in chips) 
Seat 2: Iseedora ($195 in chips) 
Seat 3: franbasualdo10 ($30.09 in chips) 
Seat 5: BumHuntKing ($100 in chips) 
Seat 6: pandabolis12 ($128.18 in chips) 
Iseedora: posts small blind $0.50
franbasualdo10: posts big blind $1
BGS013: sits out 
*** HOLE CARDS ***
BumHuntKing: folds 
pandabolis12: folds 
lommer93: folds 
Iseedora: raises $2 to $3
franbasualdo10: folds 
Uncalled bet ($2) returned to Iseedora
Iseedora collected $2 from pot
Iseedora: doesn't show hand 
*** SUMMARY ***
Total pot $2 | Rake $0 
Seat 4: BGS013
Seat 1: lommer93 (button) folded before Flop (didn't bet)
Seat 2: Iseedora (small blind) collected ($2)
Seat 3: franbasualdo10 (big blind) folded before Flop
Seat 5: BumHuntKing folded before Flop (didn't bet)
Seat 6: pandabolis12 folded before Flop (didn't bet)



PokerStars Hand #254723852829:  Hold'em No Limit ($0.50/$1.00 USD) - 2025/02/05 20:23:40 WET [2025/02/05 15:23:40 ET]
Table 'Beljawskya' 6-max Seat #2 is the button
Seat 1: lommer93 ($17.73 in chips) 
Seat 2: Iseedora ($196 in chips) 
Seat 3: franbasualdo10 ($29.09 in chips) 
Seat 4: BGS013 ($100 in chips) 
Seat 5: BumHuntKing ($100 in chips) 
Seat 6: pandabolis12 ($128.18 in chips) 
franbasualdo10: posts small blind $0.50
BGS013: posts big blind $1
*** HOLE CARDS ***
BumHuntKing: raises $1.20 to $2.20
pandabolis12: raises $5.30 to $7.50
lommer93: folds 
Iseedora: folds 
franbasualdo10: folds 
BGS013: folds 
BumHuntKing: raises $11.50 to $19
pandabolis12: calls $11.50
*** FLOP *** [8c 5c Td]
BumHuntKing: bets $18.76
pandabolis12: calls $18.76
*** TURN *** [8c 5c Td] [Qs]
BumHuntKing: bets $62.24 and is all-in
pandabolis12: calls $62.24
*** RIVER *** [8c 5c Td Qs] [8d]
*** SHOW DOWN ***
BumHuntKing: shows [Kh Th] (two pair, Tens and Eights)
pandabolis12: shows [As Ac] (two pair, Aces and Eights)
pandabolis12 collected $199 from pot
*** SUMMARY ***
Total pot $201.50 | Rake $2.50 
Board [8c 5c Td Qs 8d]
Seat 1: lommer93 folded before Flop (didn't bet)
Seat 2: Iseedora (button) folded before Flop (didn't bet)
Seat 3: franbasualdo10 (small blind) folded before Flop
Seat 4: BGS013 (big blind) folded before Flop
Seat 5: BumHuntKing showed [Kh Th] and lost with two pair, Tens and Eights
Seat 6: pandabolis12 showed [As Ac] and won ($199) with two pair, Aces and Eights



PokerStars Hand #254723880028:  Hold'em No Limit ($0.50/$1.00 USD) - 2025/02/05 20:25:08 WET [2025/02/05 15:25:08 ET]
Table 'Beljawskya' 6-max Seat #3 is the button
Seat 1: lommer93 ($17.73 in chips) 
Seat 2: Iseedora ($196 in chips) 
Seat 3: franbasualdo10 ($28.59 in chips) 
Seat 4: BGS013 ($100 in chips) 
Seat 5: BumHuntKing ($100 in chips) 
Seat 6: pandabolis12 ($227.18 in chips) 
BGS013: posts small blind $0.50
BumHuntKing: posts big blind $1
*** HOLE CARDS ***
pandabolis12: folds 
lommer93: folds 
Iseedora: raises $1.20 to $2.20
franbasualdo10: folds 
BGS013: folds 
BumHuntKing: calls $1.20
*** FLOP *** [3s Kc 7d]
BumHuntKing: checks 
Iseedora: bets $1.26
BumHuntKing: folds 
Uncalled bet ($1.26) returned to Iseedora
Iseedora collected $4.66 from pot
Iseedora: doesn't show hand 
*** SUMMARY ***
Total pot $4.90 | Rake $0.24 
Board [3s Kc 7d]
Seat 1: lommer93 folded before Flop (didn't bet)
Seat 2: Iseedora collected ($4.66)
Seat 3: franbasualdo10 (button) folded before Flop (didn't bet)
Seat 4: BGS013 (small blind) folded before Flop
Seat 5: BumHuntKing (big blind) folded on the Flop
Seat 6: pandabolis12 folded before Flop (didn't bet)



PokerStars Hand #254723889970:  Hold'em No Limit ($0.50/$1.00 USD) - 2025/02/05 20:25:41 WET [2025/02/05 15:25:41 ET]
Table 'Beljawskya' 6-max Seat #4 is the button
Seat 1: lommer93 ($17.73 in chips) 
Seat 2: Iseedora ($198.46 in chips) 
Seat 3: franbasualdo10 ($28.59 in chips) 
Seat 4: BGS013 ($100 in chips) 
Seat 5: BumHuntKing ($100 in chips) 
Seat 6: pandabolis12 ($227.18 in chips) 
BumHuntKing: posts small blind $0.50
pandabolis12: posts big blind $1
*** HOLE CARDS ***
lommer93: raises $1 to $2
Iseedora: folds 
franbasualdo10: folds 
BGS013: raises $3.50 to $5.50
BumHuntKing: folds 
pandabolis12: folds 
lommer93: folds 
Uncalled bet ($3.50) returned to BGS013
BGS013 collected $5.50 from pot
BGS013: doesn't show hand 
*** SUMMARY ***
Total pot $5.50 | Rake $0 
Seat 1: lommer93 folded before Flop
Seat 2: Iseedora folded before Flop (didn't bet)
Seat 3: franbasualdo10 folded before Flop (didn't bet)
Seat 4: BGS013 (button) collected ($5.50)
Seat 5: BumHuntKing (small blind) folded before Flop
Seat 6: pandabolis12 (big blind) folded before Flop



PokerStars Hand #254723895242:  Hold'em No Limit ($0.50/$1.00 USD) - 2025/02/05 20:25:58 WET [2025/02/05 15:25:58 ET]
Table 'Beljawskya' 6-max Seat #5 is the button
Seat 1: lommer93 ($15.73 in chips) 
Seat 2: Iseedora ($198.46 in chips) 
Seat 3: franbasualdo10 ($28.59 in chips) 
Seat 4: BGS013 ($103.50 in chips) 
Seat 5: BumHuntKing ($100 in chips) 
Seat 6: pandabolis12 ($226.18 in chips) 
pandabolis12: posts small blind $0.50
lommer93: posts big blind $1
*** HOLE CARDS ***
Iseedora: raises $1.20 to $2.20
franbasualdo10: folds 
BGS013: folds 
BumHuntKing: folds 
pandabolis12: folds 
lommer93: calls $1.20
*** FLOP *** [Td 3d Qd]
lommer93: bets $2.33
Iseedora: raises $12.30 to $14.63
lommer93: calls $11.20 and is all-in
Uncalled bet ($1.10) returned to Iseedora
*** TURN *** [Td 3d Qd] [4d]
*** RIVER *** [Td 3d Qd 4d] [2s]
*** SHOW DOWN ***
lommer93: shows [Th Qc] (two pair, Queens and Tens)
Iseedora: shows [Kd Ac] (a flush, King high)
Iseedora collected $30.36 from pot
*** SUMMARY ***
Total pot $31.96 | Rake $1.60 
Board [Td 3d Qd 4d 2s]
Seat 1: lommer93 (big blind) showed [Th Qc] and lost with two pair, Queens and Tens
Seat 2: Iseedora showed [Kd Ac] and won ($30.36) with a flush, King high
Seat 3: franbasualdo10 folded before Flop (didn't bet)
Seat 4: BGS013 folded before Flop (didn't bet)
Seat 5: BumHuntKing (button) folded before Flop (didn't bet)
Seat 6: pandabolis12 (small blind) folded before Flop



PokerStars Hand #254723910628:  Hold'em No Limit ($0.50/$1.00 USD) - 2025/02/05 20:26:47 WET [2025/02/05 15:26:47 ET]
Table 'Beljawskya' 6-max Seat #6 is the button
Seat 1: lommer93 ($0 in chips) is sitting out
Seat 2: Iseedora ($213.09 in chips) 
Seat 3: franbasualdo10 ($28.59 in chips) 
Seat 4: BGS013 ($103.50 in chips) 
Seat 5: BumHuntKing ($100 in chips) 
Seat 6: pandabolis12 ($225.68 in chips) 
Iseedora: posts small blind $0.50
franbasualdo10: posts big blind $1
*** HOLE CARDS ***
BGS013: folds 
BumHuntKing: folds 
lommer93 leaves the table
pandabolis12: raises $1.50 to $2.50
Iseedora: folds 
franbasualdo10: folds 
Uncalled bet ($1.50) returned to pandabolis12
pandabolis12 collected $2.50 from pot
pandabolis12: doesn't show hand 
*** SUMMARY ***
Total pot $2.50 | Rake $0 
Seat 1: lommer93
Seat 2: Iseedora (small blind) folded before Flop
Seat 3: franbasualdo10 (big blind) folded before Flop
Seat 4: BGS013 folded before Flop (didn't bet)
Seat 5: BumHuntKing folded before Flop (didn't bet)
Seat 6: pandabolis12 (button) collected ($2.50)



PokerStars Hand #254723917120:  Hold'em No Limit ($0.50/$1.00 USD) - 2025/02/05 20:27:09 WET [2025/02/05 15:27:09 ET]
Table 'Beljawskya' 6-max Seat #2 is the button
Seat 2: Iseedora ($212.59 in chips) 
Seat 3: franbasualdo10 ($27.59 in chips) 
Seat 4: BGS013 ($103.50 in chips) 
Seat 5: BumHuntKing ($100 in chips) 
Seat 6: pandabolis12 ($227.18 in chips) 
franbasualdo10: posts small blind $0.50
BGS013: posts big blind $1
*** HOLE CARDS ***
BumHuntKing: folds 
pandabolis12: raises $1.50 to $2.50
Iseedora: folds 
franbasualdo10: folds 
BGS013: folds 
Uncalled bet ($1.50) returned to pandabolis12
pandabolis12 collected $2.50 from pot
pandabolis12: doesn't show hand 
*** SUMMARY ***
Total pot $2.50 | Rake $0 
Seat 2: Iseedora (button) folded before Flop (didn't bet)
Seat 3: franbasualdo10 (small blind) folded before Flop
Seat 4: BGS013 (big blind) folded before Flop
Seat 5: BumHuntKing folded before Flop (didn't bet)
Seat 6: pandabolis12 collected ($2.50)



PokerStars Hand #254723924427:  Hold'em No Limit ($0.50/$1.00 USD) - 2025/02/05 20:27:32 WET [2025/02/05 15:27:32 ET]
Table 'Beljawskya' 6-max Seat #3 is the button
Seat 2: Iseedora ($212.59 in chips) 
Seat 3: franbasualdo10 ($27.09 in chips) 
Seat 4: BGS013 ($102.50 in chips) 
Seat 5: BumHuntKing ($100 in chips) 
Seat 6: pandabolis12 ($228.68 in chips) 
BGS013: posts small blind $0.50
BumHuntKing: posts big blind $1
*** HOLE CARDS ***
pandabolis12: raises $1 to $2
Iseedora: folds 
franbasualdo10: calls $2
BGS013: folds 
BumHuntKing: folds 
*** FLOP *** [6d 3s 5c]
pandabolis12: checks 
franbasualdo10: bets $2
pandabolis12: folds 
Uncalled bet ($2) returned to franbasualdo10
franbasualdo10 collected $5.22 from pot
*** SUMMARY ***
Total pot $5.50 | Rake $0.28 
Board [6d 3s 5c]
Seat 2: Iseedora folded before Flop (didn't bet)
Seat 3: franbasualdo10 (button) collected ($5.22)
Seat 4: BGS013 (small blind) folded before Flop
Seat 5: BumHuntKing (big blind) folded before Flop
Seat 6: pandabolis12 folded on the Flop



PokerStars Hand #254723941265:  Hold'em No Limit ($0.50/$1.00 USD) - 2025/02/05 20:28:27 WET [2025/02/05 15:28:27 ET]
Table 'Beljawskya' 6-max Seat #4 is the button
Seat 2: Iseedora ($212.59 in chips) 
Seat 3: franbasualdo10 ($30.31 in chips) 
Seat 4: BGS013 ($102 in chips) 
Seat 5: BumHuntKing ($100 in chips) 
Seat 6: pandabolis12 ($226.68 in chips) 
BumHuntKing: posts small blind $0.50
pandabolis12: posts big blind $1
*** HOLE CARDS ***
Iseedora: folds 
franbasualdo10: folds 
BGS013: raises $1.50 to $2.50
BumHuntKing: folds 
straight77777 joins the table at seat #1 
straight77777 is disconnected 
pandabolis12: calls $1.50
*** FLOP *** [Js 2s Ts]
pandabolis12: checks 
BGS013: bets $1.36
pandabolis12: calls $1.36
*** TURN *** [Js 2s Ts] [7h]
pandabolis12: checks 
BGS013: bets $4.50
pandabolis12: calls $4.50
*** RIVER *** [Js 2s Ts 7h] [Qd]
pandabolis12: checks 
BGS013: bets $25
pandabolis12: folds 
Uncalled bet ($25) returned to BGS013
BGS013 collected $16.36 from pot
BGS013: doesn't show hand 
*** SUMMARY ***
Total pot $17.22 | Rake $0.86 
Board [Js 2s Ts 7h Qd]
Seat 2: Iseedora folded before Flop (didn't bet)
Seat 3: franbasualdo10 folded before Flop (didn't bet)
Seat 4: BGS013 (button) collected ($16.36)
Seat 5: BumHuntKing (small blind) folded before Flop
Seat 6: pandabolis12 (big blind) folded on the River



PokerStars Hand #254723974916:  Hold'em No Limit ($0.50/$1.00 USD) - 2025/02/05 20:30:16 WET [2025/02/05 15:30:16 ET]
Table 'Beljawskya' 6-max Seat #5 is the button
Seat 1: straight77777 ($10 in chips) 
Seat 2: Iseedora ($212.59 in chips) 
Seat 3: franbasualdo10 ($30.31 in chips) 
Seat 4: BGS013 ($110 in chips) 
Seat 5: BumHuntKing ($100 in chips) 
Seat 6: pandabolis12 ($218.32 in chips) 
pandabolis12: posts small blind $0.50
straight77777: posts big blind $1
*** HOLE CARDS ***
Iseedora: folds 
franbasualdo10: folds 
BGS013: folds 
BumHuntKing: folds 
pandabolis12: folds 
Uncalled bet ($0.50) returned to straight77777
straight77777 collected $1 from pot
*** SUMMARY ***
Total pot $1 | Rake $0 
Seat 1: straight77777 (big blind) collected ($1)
Seat 2: Iseedora folded before Flop (didn't bet)
Seat 3: franbasualdo10 folded before Flop (didn't bet)
Seat 4: BGS013 folded before Flop (didn't bet)
Seat 5: BumHuntKing (button) folded before Flop (didn't bet)
Seat 6: pandabolis12 (small blind) folded before Flop



PokerStars Hand #254723980289:  Hold'em No Limit ($0.50/$1.00 USD) - 2025/02/05 20:30:33 WET [2025/02/05 15:30:33 ET]
Table 'Beljawskya' 6-max Seat #6 is the button
Seat 1: straight77777 ($10.50 in chips) 
Seat 2: Iseedora ($212.59 in chips) 
Seat 3: franbasualdo10 ($30.31 in chips) 
Seat 4: BGS013 ($110 in chips) 
Seat 5: BumHuntKing ($100 in chips) 
Seat 6: pandabolis12 ($217.82 in chips) 
straight77777: posts small blind $0.50
Iseedora: posts big blind $1
*** HOLE CARDS ***
franbasualdo10: raises $1 to $2
BGS013: folds 
BumHuntKing: raises $4.50 to $6.50
pandabolis12: folds 
straight77777: folds 
Iseedora: folds 
franbasualdo10: calls $4.50
*** FLOP *** [5s 4s As]
franbasualdo10: checks 
BumHuntKing: bets $4.45
franbasualdo10: calls $4.45
*** TURN *** [5s 4s As] [4c]
franbasualdo10: checks 
BumHuntKing: checks 
*** RIVER *** [5s 4s As 4c] [Ks]
franbasualdo10: bets $6
BumHuntKing: calls $6
*** SHOW DOWN ***
franbasualdo10: shows [Ah Jd] (two pair, Aces and Fours)
BumHuntKing: shows [Js Ac] (a flush, Ace high)
BumHuntKing collected $33.63 from pot
*** SUMMARY ***
Total pot $35.40 | Rake $1.77 
Board [5s 4s As 4c Ks]
Seat 1: straight77777 (small blind) folded before Flop
Seat 2: Iseedora (big blind) folded before Flop
Seat 3: franbasualdo10 showed [Ah Jd] and lost with two pair, Aces and Fours
Seat 4: BGS013 folded before Flop (didn't bet)
Seat 5: BumHuntKing showed [Js Ac] and won ($33.63) with a flush, Ace high
Seat 6: pandabolis12 (button) folded before Flop (didn't bet)



PokerStars Hand #254723992892:  Hold'em No Limit ($0.50/$1.00 USD) - 2025/02/05 20:31:14 WET [2025/02/05 15:31:14 ET]
Table 'Beljawskya' 6-max Seat #1 is the button
Seat 1: straight77777 ($10 in chips) 
Seat 2: Iseedora ($211.59 in chips) 
Seat 3: franbasualdo10 ($13.36 in chips) 
Seat 4: BGS013 ($110 in chips) 
Seat 5: BumHuntKing ($116.68 in chips) 
Seat 6: pandabolis12 ($217.82 in chips) 
Iseedora: posts small blind $0.50
franbasualdo10: posts big blind $1
*** HOLE CARDS ***
BGS013: folds 
BGS013 leaves the table
BumHuntKing: raises $1.20 to $2.20
pandabolis12: folds 
straight77777: folds 
Iseedora: folds 
franbasualdo10: calls $1.20
*** FLOP *** [Jh 9c Jd]
franbasualdo10: checks 
BumHuntKing: bets $1.54
franbasualdo10: calls $1.54
*** TURN *** [Jh 9c Jd] [8h]
franbasualdo10: checks 
BumHuntKing: bets $10
franbasualdo10: calls $9.62 and is all-in
Uncalled bet ($0.38) returned to BumHuntKing
*** RIVER *** [Jh 9c Jd 8h] [4h]
straight77777 is disconnected 
*** SHOW DOWN ***
franbasualdo10: shows [Td 8s] (two pair, Jacks and Eights)
BumHuntKing: shows [Ac As] (two pair, Aces and Jacks)
BumHuntKing collected $25.86 from pot
*** SUMMARY ***
Total pot $27.22 | Rake $1.36 
Board [Jh 9c Jd 8h 4h]
Seat 1: straight77777 (button) folded before Flop (didn't bet)
Seat 2: Iseedora (small blind) folded before Flop
Seat 3: franbasualdo10 (big blind) showed [Td 8s] and lost with two pair, Jacks and Eights
Seat 4: BGS013 folded before Flop (didn't bet)
Seat 5: BumHuntKing showed [Ac As] and won ($25.86) with two pair, Aces and Jacks
Seat 6: pandabolis12 folded before Flop (didn't bet)



PokerStars Hand #254724006196:  Hold'em No Limit ($0.50/$1.00 USD) - 2025/02/05 20:31:56 WET [2025/02/05 15:31:56 ET]
Table 'Beljawskya' 6-max Seat #2 is the button
Seat 3: franbasualdo10 ($0 in chips) is sitting out
Seat 1: straight77777 ($10 in chips) 
Seat 2: Iseedora ($211.09 in chips) 
Seat 5: BumHuntKing ($129.18 in chips) 
Seat 6: pandabolis12 ($217.82 in chips) 
BumHuntKing: posts small blind $0.50
pandabolis12: posts big blind $1
*** HOLE CARDS ***
straight77777 is connected 
franbasualdo10 leaves the table
straight77777: calls $1
Iseedora: folds 
BumHuntKing: folds 
pandabolis12: checks 
*** FLOP *** [7h Kc Qs]
pandabolis12: bets $1
straight77777: calls $1
*** TURN *** [7h Kc Qs] [Jc]
pandabolis12: bets $3
straight77777: calls $3
*** RIVER *** [7h Kc Qs Jc] [2c]
pandabolis12: bets $7.49
straight77777: calls $5 and is all-in
Uncalled bet ($2.49) returned to pandabolis12
*** SHOW DOWN ***
pandabolis12: shows [Kh 7s] (two pair, Kings and Sevens)
straight77777: shows [Qc Th] (a pair of Queens)
pandabolis12 collected $19.50 from pot
*** SUMMARY ***
Total pot $20.50 | Rake $1 
Board [7h Kc Qs Jc 2c]
Seat 3: franbasualdo10
Seat 1: straight77777 showed [Qc Th] and lost with a pair of Queens
Seat 2: Iseedora (button) folded before Flop (didn't bet)
Seat 5: BumHuntKing (small blind) folded before Flop
Seat 6: pandabolis12 (big blind) showed [Kh 7s] and won ($19.50) with two pair, Kings and Sevens



PokerStars Hand #254724022488:  Hold'em No Limit ($0.50/$1.00 USD) - 2025/02/05 20:32:48 WET [2025/02/05 15:32:48 ET]
Table 'Beljawskya' 6-max Seat #5 is the button
Seat 1: straight77777 ($0 in chips) is sitting out
Seat 2: Iseedora ($211.09 in chips) 
Seat 5: BumHuntKing ($128.68 in chips) 
Seat 6: pandabolis12 ($227.32 in chips) 
pandabolis12: posts small blind $0.50
Iseedora: posts big blind $1
*** HOLE CARDS ***
BumHuntKing: folds 
pandabolis12: raises $2 to $3
Iseedora: folds 
Uncalled bet ($2) returned to pandabolis12
pandabolis12 collected $2 from pot
pandabolis12: doesn't show hand 
*** SUMMARY ***
Total pot $2 | Rake $0 
Seat 1: straight77777
Seat 2: Iseedora (big blind) folded before Flop
Seat 5: BumHuntKing (button) folded before Flop (didn't bet)
Seat 6: pandabolis12 (small blind) collected ($2)



PokerStars Hand #254724027486:  Hold'em No Limit ($0.50/$1.00 USD) - 2025/02/05 20:33:04 WET [2025/02/05 15:33:04 ET]
Table 'Beljawskya' 6-max Seat #6 is the button
Seat 1: straight77777 ($0 in chips) is sitting out
Seat 2: Iseedora ($210.09 in chips) 
Seat 5: BumHuntKing ($128.68 in chips) 
Seat 6: pandabolis12 ($228.32 in chips) 
Iseedora: posts small blind $0.50
BumHuntKing: posts big blind $1
*** HOLE CARDS ***
pandabolis12: raises $1.50 to $2.50
Iseedora: raises $7.50 to $10
BumHuntKing: folds 
pandabolis12: folds 
Uncalled bet ($7.50) returned to Iseedora
Iseedora collected $6 from pot
Iseedora: doesn't show hand 
*** SUMMARY ***
Total pot $6 | Rake $0 
Seat 1: straight77777
Seat 2: Iseedora (small blind) collected ($6)
Seat 5: BumHuntKing (big blind) folded before Flop
Seat 6: pandabolis12 (button) folded before Flop



