PokerStars Hand #254715694485:  Hold'em No Limit ($0.50/$1.00 USD) - 2025/02/05 7:07:12 WET [2025/02/05 2:07:12 ET]
Table 'Smither' 6-max Seat #1 is the button
Seat 1: Supermegopro ($100 in chips) 
Seat 3: Flix2204 ($100 in chips) 
Seat 4: martin b504 ($100 in chips) 
Seat 5: AlexEliseev7 ($100 in chips) 
Seat 6: MCMXCXIX ($100 in chips) 
Flix2204: posts small blind $0.50
martin b504: posts big blind $1
*** HOLE CARDS ***
vadjkeee joins the table at seat #2 
AlexEliseev7: folds 
MCMXCXIX: folds 
Supermegopro: raises $2 to $3
Flix2204: raises $10 to $13
martin b504: folds 
Supermegopro: calls $10
*** FLOP *** [6c 4d 3h]
Flix2204: checks 
Supermegopro: checks 
*** TURN *** [6c 4d 3h] [Ks]
Flix2204: checks 
Supermegopro: checks 
*** RIVER *** [6c 4d 3h Ks] [3d]
Flix2204: bets $38.48
Supermegopro: folds 
Uncalled bet ($38.48) returned to Flix2204
Flix2204 collected $25.65 from pot
Flix2204: doesn't show hand 
*** SUMMARY ***
Total pot $27 | Rake $1.35 
Board [6c 4d 3h Ks 3d]
Seat 1: Supermegopro (button) folded on the River
Seat 3: Flix2204 (small blind) collected ($25.65)
Seat 4: martin b504 (big blind) folded before Flop
Seat 5: AlexEliseev7 folded before Flop (didn't bet)
Seat 6: MCMXCXIX folded before Flop (didn't bet)



PokerStars Hand #254715700463:  Hold'em No Limit ($0.50/$1.00 USD) - 2025/02/05 7:08:40 WET [2025/02/05 2:08:40 ET]
Table 'Smither' 6-max Seat #3 is the button
Seat 2: vadjkeee ($100 in chips) is sitting out
Seat 1: Supermegopro ($100 in chips) 
Seat 3: Flix2204 ($112.65 in chips) 
Seat 4: martin b504 ($100 in chips) 
Seat 5: AlexEliseev7 ($100 in chips) 
Seat 6: MCMXCXIX ($100 in chips) 
martin b504: posts small blind $0.50
AlexEliseev7: posts big blind $1
vadjkeee: sits out 
*** HOLE CARDS ***
MCMXCXIX: raises $1 to $2
Supermegopro: raises $5.50 to $7.50
Flix2204: folds 
martin b504: folds 
AlexEliseev7: raises $92.50 to $100 and is all-in
MCMXCXIX: folds 
Supermegopro: folds 
Uncalled bet ($92.50) returned to AlexEliseev7
AlexEliseev7 collected $17.50 from pot
AlexEliseev7: doesn't show hand 
*** SUMMARY ***
Total pot $17.50 | Rake $0 
Seat 2: vadjkeee
Seat 1: Supermegopro folded before Flop
Seat 3: Flix2204 (button) folded before Flop (didn't bet)
Seat 4: martin b504 (small blind) folded before Flop
Seat 5: AlexEliseev7 (big blind) collected ($17.50)
Seat 6: MCMXCXIX folded before Flop



PokerStars Hand #254715702788:  Hold'em No Limit ($0.50/$1.00 USD) - 2025/02/05 7:09:14 WET [2025/02/05 2:09:14 ET]
Table 'Smither' 6-max Seat #4 is the button
Seat 2: vadjkeee ($100 in chips) is sitting out
Seat 1: Supermegopro ($100 in chips) 
Seat 3: Flix2204 ($112.65 in chips) 
Seat 4: martin b504 ($100 in chips) 
Seat 5: AlexEliseev7 ($110 in chips) 
Seat 6: MCMXCXIX ($98 in chips) 
AlexEliseev7: posts small blind $0.50
MCMXCXIX: posts big blind $1
vadjkeee: sits out 
*** HOLE CARDS ***
Supermegopro: folds 
Flix2204: folds 
martin b504: folds 
AlexEliseev7: folds 
Uncalled bet ($0.50) returned to MCMXCXIX
MCMXCXIX collected $1 from pot
*** SUMMARY ***
Total pot $1 | Rake $0 
Seat 2: vadjkeee
Seat 1: Supermegopro folded before Flop (didn't bet)
Seat 3: Flix2204 folded before Flop (didn't bet)
Seat 4: martin b504 (button) folded before Flop (didn't bet)
Seat 5: AlexEliseev7 (small blind) folded before Flop
Seat 6: MCMXCXIX (big blind) collected ($1)



PokerStars Hand #254715703875:  Hold'em No Limit ($0.50/$1.00 USD) - 2025/02/05 7:09:30 WET [2025/02/05 2:09:30 ET]
Table 'Smither' 6-max Seat #5 is the button
Seat 2: vadjkeee ($100 in chips) is sitting out
Seat 1: Supermegopro ($100 in chips) 
Seat 3: Flix2204 ($112.65 in chips) 
Seat 4: martin b504 ($100 in chips) 
Seat 5: AlexEliseev7 ($109.50 in chips) 
Seat 6: MCMXCXIX ($98.50 in chips) 
MCMXCXIX: posts small blind $0.50
Supermegopro: posts big blind $1
vadjkeee: sits out 
*** HOLE CARDS ***
Flix2204: raises $1 to $2
martin b504: folds 
AlexEliseev7: folds 
MCMXCXIX: folds 
Supermegopro: raises $10 to $12
Flix2204: folds 
Uncalled bet ($10) returned to Supermegopro
Supermegopro collected $4.50 from pot
Supermegopro: doesn't show hand 
*** SUMMARY ***
Total pot $4.50 | Rake $0 
Seat 2: vadjkeee
Seat 1: Supermegopro (big blind) collected ($4.50)
Seat 3: Flix2204 folded before Flop
Seat 4: martin b504 folded before Flop (didn't bet)
Seat 5: AlexEliseev7 (button) folded before Flop (didn't bet)
Seat 6: MCMXCXIX (small blind) folded before Flop



PokerStars Hand #254715705986:  Hold'em No Limit ($0.50/$1.00 USD) - 2025/02/05 7:10:01 WET [2025/02/05 2:10:01 ET]
Table 'Smither' 6-max Seat #6 is the button
Seat 1: Supermegopro ($102.50 in chips) 
Seat 2: vadjkeee ($100 in chips) 
Seat 3: Flix2204 ($110.65 in chips) 
Seat 4: martin b504 ($100 in chips) 
Seat 5: AlexEliseev7 ($109.50 in chips) 
Seat 6: MCMXCXIX ($98 in chips) 
Supermegopro: posts small blind $0.50
vadjkeee: posts big blind $1
*** HOLE CARDS ***
Flix2204: folds 
martin b504: folds 
AlexEliseev7 is disconnected 
AlexEliseev7 has timed out while disconnected
AlexEliseev7: folds 
MCMXCXIX: folds 
Supermegopro: folds 
Uncalled bet ($0.50) returned to vadjkeee
vadjkeee collected $1 from pot
vadjkeee: doesn't show hand 
*** SUMMARY ***
Total pot $1 | Rake $0 
Seat 1: Supermegopro (small blind) folded before Flop
Seat 2: vadjkeee (big blind) collected ($1)
Seat 3: Flix2204 folded before Flop (didn't bet)
Seat 4: martin b504 folded before Flop (didn't bet)
Seat 5: AlexEliseev7 folded before Flop (didn't bet)
Seat 6: MCMXCXIX (button) folded before Flop (didn't bet)



PokerStars Hand #254715707468:  Hold'em No Limit ($0.50/$1.00 USD) - 2025/02/05 7:10:23 WET [2025/02/05 2:10:23 ET]
Table 'Smither' 6-max Seat #1 is the button
Seat 1: Supermegopro ($102 in chips) 
Seat 2: vadjkeee ($100.50 in chips) 
Seat 3: Flix2204 ($110.65 in chips) 
Seat 4: martin b504 ($100 in chips) 
Seat 5: AlexEliseev7 ($109.50 in chips) 
Seat 6: MCMXCXIX ($98 in chips) 
vadjkeee: posts small blind $0.50
Flix2204: posts big blind $1
*** HOLE CARDS ***
martin b504: raises $1.20 to $2.20
AlexEliseev7: folds 
MCMXCXIX: folds 
Supermegopro: folds 
vadjkeee: folds 
Flix2204: folds 
Uncalled bet ($1.20) returned to martin b504
martin b504 collected $2.50 from pot
martin b504: doesn't show hand 
*** SUMMARY ***
Total pot $2.50 | Rake $0 
Seat 1: Supermegopro (button) folded before Flop (didn't bet)
Seat 2: vadjkeee (small blind) folded before Flop
Seat 3: Flix2204 (big blind) folded before Flop
Seat 4: martin b504 collected ($2.50)
Seat 5: AlexEliseev7 folded before Flop (didn't bet)
Seat 6: MCMXCXIX folded before Flop (didn't bet)



PokerStars Hand #254715708638:  Hold'em No Limit ($0.50/$1.00 USD) - 2025/02/05 7:10:40 WET [2025/02/05 2:10:40 ET]
Table 'Smither' 6-max Seat #2 is the button
Seat 1: Supermegopro ($102 in chips) 
Seat 2: vadjkeee ($100 in chips) 
Seat 3: Flix2204 ($109.65 in chips) 
Seat 4: martin b504 ($101.50 in chips) 
Seat 5: AlexEliseev7 ($109.50 in chips) 
Seat 6: MCMXCXIX ($98 in chips) 
Flix2204: posts small blind $0.50
martin b504: posts big blind $1
*** HOLE CARDS ***
AlexEliseev7: raises $1.50 to $2.50
MCMXCXIX: folds 
Supermegopro: folds 
vadjkeee: folds 
Flix2204: folds 
martin b504: folds 
Uncalled bet ($1.50) returned to AlexEliseev7
AlexEliseev7 collected $2.50 from pot
AlexEliseev7: doesn't show hand 
*** SUMMARY ***
Total pot $2.50 | Rake $0 
Seat 1: Supermegopro folded before Flop (didn't bet)
Seat 2: vadjkeee (button) folded before Flop (didn't bet)
Seat 3: Flix2204 (small blind) folded before Flop
Seat 4: martin b504 (big blind) folded before Flop
Seat 5: AlexEliseev7 collected ($2.50)
Seat 6: MCMXCXIX folded before Flop (didn't bet)



PokerStars Hand #254715710134:  Hold'em No Limit ($0.50/$1.00 USD) - 2025/02/05 7:11:02 WET [2025/02/05 2:11:02 ET]
Table 'Smither' 6-max Seat #3 is the button
Seat 1: Supermegopro ($102 in chips) 
Seat 2: vadjkeee ($100 in chips) 
Seat 3: Flix2204 ($109.15 in chips) 
Seat 4: martin b504 ($100.50 in chips) 
Seat 5: AlexEliseev7 ($111 in chips) 
Seat 6: MCMXCXIX ($98 in chips) 
martin b504: posts small blind $0.50
AlexEliseev7: posts big blind $1
*** HOLE CARDS ***
MCMXCXIX: folds 
Supermegopro: raises $1.50 to $2.50
vadjkeee: folds 
Flix2204: folds 
martin b504: folds 
AlexEliseev7: folds 
Uncalled bet ($1.50) returned to Supermegopro
Supermegopro collected $2.50 from pot
Supermegopro: doesn't show hand 
*** SUMMARY ***
Total pot $2.50 | Rake $0 
Seat 1: Supermegopro collected ($2.50)
Seat 2: vadjkeee folded before Flop (didn't bet)
Seat 3: Flix2204 (button) folded before Flop (didn't bet)
Seat 4: martin b504 (small blind) folded before Flop
Seat 5: AlexEliseev7 (big blind) folded before Flop
Seat 6: MCMXCXIX folded before Flop (didn't bet)



PokerStars Hand #254715712594:  Hold'em No Limit ($0.50/$1.00 USD) - 2025/02/05 7:11:38 WET [2025/02/05 2:11:38 ET]
Table 'Smither' 6-max Seat #4 is the button
Seat 1: Supermegopro ($103.50 in chips) 
Seat 2: vadjkeee ($100 in chips) 
Seat 3: Flix2204 ($109.15 in chips) 
Seat 4: martin b504 ($100 in chips) 
Seat 5: AlexEliseev7 ($110 in chips) 
Seat 6: MCMXCXIX ($98 in chips) 
AlexEliseev7: posts small blind $0.50
MCMXCXIX: posts big blind $1
*** HOLE CARDS ***
Supermegopro: folds 
vadjkeee: folds 
Flix2204: folds 
martin b504: raises $1.50 to $2.50
AlexEliseev7: folds 
MCMXCXIX: calls $1.50
*** FLOP *** [5d Qd 4s]
MCMXCXIX: checks 
martin b504: bets $1.72
MCMXCXIX: calls $1.72
*** TURN *** [5d Qd 4s] [6s]
MCMXCXIX: checks 
martin b504: checks 
*** RIVER *** [5d Qd 4s 6s] [3s]
MCMXCXIX: bets $4.25
martin b504: calls $4.25
*** SHOW DOWN ***
MCMXCXIX: shows [As 2d] (a straight, Deuce to Six)
martin b504: mucks hand 
MCMXCXIX collected $16.57 from pot
*** SUMMARY ***
Total pot $17.44 | Rake $0.87 
Board [5d Qd 4s 6s 3s]
Seat 1: Supermegopro folded before Flop (didn't bet)
Seat 2: vadjkeee folded before Flop (didn't bet)
Seat 3: Flix2204 folded before Flop (didn't bet)
Seat 4: martin b504 (button) mucked
Seat 5: AlexEliseev7 (small blind) folded before Flop
Seat 6: MCMXCXIX (big blind) showed [As 2d] and won ($16.57) with a straight, Deuce to Six



PokerStars Hand #254715716574:  Hold'em No Limit ($0.50/$1.00 USD) - 2025/02/05 7:12:38 WET [2025/02/05 2:12:38 ET]
Table 'Smither' 6-max Seat #5 is the button
Seat 1: Supermegopro ($103.50 in chips) 
Seat 2: vadjkeee ($100 in chips) 
Seat 3: Flix2204 ($109.15 in chips) 
Seat 4: martin b504 ($100 in chips) 
Seat 5: AlexEliseev7 ($109.50 in chips) 
Seat 6: MCMXCXIX ($106.10 in chips) 
MCMXCXIX: posts small blind $0.50
Supermegopro: posts big blind $1
*** HOLE CARDS ***
vadjkeee: folds 
Flix2204: folds 
martin b504: folds 
AlexEliseev7: raises $1.50 to $2.50
MCMXCXIX: folds 
Supermegopro: calls $1.50
*** FLOP *** [9c Ah Jh]
Supermegopro: checks 
AlexEliseev7: bets $1.72
Supermegopro: folds 
Uncalled bet ($1.72) returned to AlexEliseev7
AlexEliseev7 collected $5.22 from pot
AlexEliseev7: doesn't show hand 
*** SUMMARY ***
Total pot $5.50 | Rake $0.28 
Board [9c Ah Jh]
Seat 1: Supermegopro (big blind) folded on the Flop
Seat 2: vadjkeee folded before Flop (didn't bet)
Seat 3: Flix2204 folded before Flop (didn't bet)
Seat 4: martin b504 folded before Flop (didn't bet)
Seat 5: AlexEliseev7 (button) collected ($5.22)
Seat 6: MCMXCXIX (small blind) folded before Flop



PokerStars Hand #254715719080:  Hold'em No Limit ($0.50/$1.00 USD) - 2025/02/05 7:13:17 WET [2025/02/05 2:13:17 ET]
Table 'Smither' 6-max Seat #6 is the button
Seat 1: Supermegopro ($101 in chips) 
Seat 2: vadjkeee ($100 in chips) 
Seat 3: Flix2204 ($109.15 in chips) 
Seat 4: martin b504 ($100 in chips) 
Seat 5: AlexEliseev7 ($112.22 in chips) 
Seat 6: MCMXCXIX ($105.60 in chips) 
Supermegopro: posts small blind $0.50
vadjkeee: posts big blind $1
*** HOLE CARDS ***
Flix2204: folds 
martin b504: folds 
AlexEliseev7: folds 
MCMXCXIX: folds 
Supermegopro: raises $2 to $3
vadjkeee: folds 
Uncalled bet ($2) returned to Supermegopro
Supermegopro collected $2 from pot
Supermegopro: doesn't show hand 
*** SUMMARY ***
Total pot $2 | Rake $0 
Seat 1: Supermegopro (small blind) collected ($2)
Seat 2: vadjkeee (big blind) folded before Flop
Seat 3: Flix2204 folded before Flop (didn't bet)
Seat 4: martin b504 folded before Flop (didn't bet)
Seat 5: AlexEliseev7 folded before Flop (didn't bet)
Seat 6: MCMXCXIX (button) folded before Flop (didn't bet)



PokerStars Hand #254715720526:  Hold'em No Limit ($0.50/$1.00 USD) - 2025/02/05 7:13:39 WET [2025/02/05 2:13:39 ET]
Table 'Smither' 6-max Seat #1 is the button
Seat 1: Supermegopro ($102 in chips) 
Seat 2: vadjkeee ($100 in chips) 
Seat 3: Flix2204 ($109.15 in chips) 
Seat 4: martin b504 ($100 in chips) 
Seat 5: AlexEliseev7 ($112.22 in chips) 
Seat 6: MCMXCXIX ($105.60 in chips) 
vadjkeee: posts small blind $0.50
Flix2204: posts big blind $1
*** HOLE CARDS ***
martin b504: folds 
AlexEliseev7: folds 
MCMXCXIX: folds 
Supermegopro: raises $2 to $3
vadjkeee: folds 
Flix2204: calls $2
*** FLOP *** [3s Ks Tc]
Flix2204: checks 
Supermegopro: bets $4.12
Flix2204: folds 
Uncalled bet ($4.12) returned to Supermegopro
Supermegopro collected $6.18 from pot
Supermegopro: doesn't show hand 
*** SUMMARY ***
Total pot $6.50 | Rake $0.32 
Board [3s Ks Tc]
Seat 1: Supermegopro (button) collected ($6.18)
Seat 2: vadjkeee (small blind) folded before Flop
Seat 3: Flix2204 (big blind) folded on the Flop
Seat 4: martin b504 folded before Flop (didn't bet)
Seat 5: AlexEliseev7 folded before Flop (didn't bet)
Seat 6: MCMXCXIX folded before Flop (didn't bet)



PokerStars Hand #254715723114:  Hold'em No Limit ($0.50/$1.00 USD) - 2025/02/05 7:14:18 WET [2025/02/05 2:14:18 ET]
Table 'Smither' 6-max Seat #2 is the button
Seat 1: Supermegopro ($105.18 in chips) 
Seat 2: vadjkeee ($100 in chips) 
Seat 3: Flix2204 ($106.15 in chips) 
Seat 4: martin b504 ($100 in chips) 
Seat 5: AlexEliseev7 ($112.22 in chips) 
Seat 6: MCMXCXIX ($105.60 in chips) 
Flix2204: posts small blind $0.50
martin b504: posts big blind $1
*** HOLE CARDS ***
AlexEliseev7: folds 
MCMXCXIX: folds 
Supermegopro: raises $1.50 to $2.50
vadjkeee: folds 
Flix2204: folds 
martin b504: folds 
Uncalled bet ($1.50) returned to Supermegopro
Supermegopro collected $2.50 from pot
Supermegopro: doesn't show hand 
*** SUMMARY ***
Total pot $2.50 | Rake $0 
Seat 1: Supermegopro collected ($2.50)
Seat 2: vadjkeee (button) folded before Flop (didn't bet)
Seat 3: Flix2204 (small blind) folded before Flop
Seat 4: martin b504 (big blind) folded before Flop
Seat 5: AlexEliseev7 folded before Flop (didn't bet)
Seat 6: MCMXCXIX folded before Flop (didn't bet)



PokerStars Hand #254715724114:  Hold'em No Limit ($0.50/$1.00 USD) - 2025/02/05 7:14:32 WET [2025/02/05 2:14:32 ET]
Table 'Smither' 6-max Seat #3 is the button
Seat 1: Supermegopro ($106.68 in chips) 
Seat 2: vadjkeee ($100 in chips) 
Seat 3: Flix2204 ($105.65 in chips) 
Seat 4: martin b504 ($100 in chips) 
Seat 5: AlexEliseev7 ($112.22 in chips) 
Seat 6: MCMXCXIX ($105.60 in chips) 
martin b504: posts small blind $0.50
AlexEliseev7: posts big blind $1
*** HOLE CARDS ***
MCMXCXIX: folds 
Supermegopro: folds 
vadjkeee: folds 
Flix2204: folds 
martin b504: folds 
Uncalled bet ($0.50) returned to AlexEliseev7
AlexEliseev7 collected $1 from pot
AlexEliseev7: doesn't show hand 
*** SUMMARY ***
Total pot $1 | Rake $0 
Seat 1: Supermegopro folded before Flop (didn't bet)
Seat 2: vadjkeee folded before Flop (didn't bet)
Seat 3: Flix2204 (button) folded before Flop (didn't bet)
Seat 4: martin b504 (small blind) folded before Flop
Seat 5: AlexEliseev7 (big blind) collected ($1)
Seat 6: MCMXCXIX folded before Flop (didn't bet)



PokerStars Hand #254715725349:  Hold'em No Limit ($0.50/$1.00 USD) - 2025/02/05 7:14:50 WET [2025/02/05 2:14:50 ET]
Table 'Smither' 6-max Seat #4 is the button
Seat 1: Supermegopro ($106.68 in chips) 
Seat 2: vadjkeee ($100 in chips) 
Seat 3: Flix2204 ($105.65 in chips) 
Seat 4: martin b504 ($100 in chips) 
Seat 5: AlexEliseev7 ($112.72 in chips) 
Seat 6: MCMXCXIX ($105.60 in chips) 
AlexEliseev7: posts small blind $0.50
MCMXCXIX: posts big blind $1
*** HOLE CARDS ***
Supermegopro: folds 
vadjkeee: folds 
Flix2204: folds 
martin b504: raises $1.50 to $2.50
AlexEliseev7: folds 
MCMXCXIX: calls $1.50
*** FLOP *** [9d 2s 7h]
MCMXCXIX: checks 
martin b504: bets $2.61
MCMXCXIX: calls $2.61
*** TURN *** [9d 2s 7h] [3c]
MCMXCXIX: checks 
martin b504: bets $15.27
MCMXCXIX: folds 
Uncalled bet ($15.27) returned to martin b504
martin b504 collected $10.18 from pot
martin b504: doesn't show hand 
*** SUMMARY ***
Total pot $10.72 | Rake $0.54 
Board [9d 2s 7h 3c]
Seat 1: Supermegopro folded before Flop (didn't bet)
Seat 2: vadjkeee folded before Flop (didn't bet)
Seat 3: Flix2204 folded before Flop (didn't bet)
Seat 4: martin b504 (button) collected ($10.18)
Seat 5: AlexEliseev7 (small blind) folded before Flop
Seat 6: MCMXCXIX (big blind) folded on the Turn



PokerStars Hand #254715729275:  Hold'em No Limit ($0.50/$1.00 USD) - 2025/02/05 7:15:50 WET [2025/02/05 2:15:50 ET]
Table 'Smither' 6-max Seat #5 is the button
Seat 1: Supermegopro ($106.68 in chips) 
Seat 2: vadjkeee ($100 in chips) 
Seat 3: Flix2204 ($105.65 in chips) 
Seat 4: martin b504 ($105.07 in chips) 
Seat 5: AlexEliseev7 ($112.22 in chips) 
Seat 6: MCMXCXIX ($100.49 in chips) 
MCMXCXIX: posts small blind $0.50
Supermegopro: posts big blind $1
*** HOLE CARDS ***
vadjkeee: folds 
Flix2204: raises $1 to $2
martin b504: folds 
AlexEliseev7: folds 
MCMXCXIX: folds 
Supermegopro: calls $1
*** FLOP *** [Kd 3s 2c]
Supermegopro: checks 
Flix2204: bets $1.41
Supermegopro: calls $1.41
*** TURN *** [Kd 3s 2c] [4h]
Supermegopro: checks 
Flix2204: checks 
*** RIVER *** [Kd 3s 2c 4h] [3h]
Supermegopro: checks 
Flix2204: checks 
*** SHOW DOWN ***
Supermegopro: shows [Ks 9s] (two pair, Kings and Threes)
Flix2204: mucks hand 
Supermegopro collected $6.95 from pot
*** SUMMARY ***
Total pot $7.32 | Rake $0.37 
Board [Kd 3s 2c 4h 3h]
Seat 1: Supermegopro (big blind) showed [Ks 9s] and won ($6.95) with two pair, Kings and Threes
Seat 2: vadjkeee folded before Flop (didn't bet)
Seat 3: Flix2204 mucked
Seat 4: martin b504 folded before Flop (didn't bet)
Seat 5: AlexEliseev7 (button) folded before Flop (didn't bet)
Seat 6: MCMXCXIX (small blind) folded before Flop



PokerStars Hand #254715732871:  Hold'em No Limit ($0.50/$1.00 USD) - 2025/02/05 7:16:43 WET [2025/02/05 2:16:43 ET]
Table 'Smither' 6-max Seat #6 is the button
Seat 1: Supermegopro ($110.22 in chips) 
Seat 2: vadjkeee ($100 in chips) 
Seat 3: Flix2204 ($102.24 in chips) 
Seat 4: martin b504 ($105.07 in chips) 
Seat 5: AlexEliseev7 ($112.22 in chips) 
Seat 6: MCMXCXIX ($99.99 in chips) 
Supermegopro: posts small blind $0.50
vadjkeee: posts big blind $1
*** HOLE CARDS ***
Flix2204: folds 
martin b504: folds 
AlexEliseev7: folds 
MCMXCXIX: folds 
Supermegopro: folds 
Uncalled bet ($0.50) returned to vadjkeee
vadjkeee collected $1 from pot
vadjkeee: doesn't show hand 
*** SUMMARY ***
Total pot $1 | Rake $0 
Seat 1: Supermegopro (small blind) folded before Flop
Seat 2: vadjkeee (big blind) collected ($1)
Seat 3: Flix2204 folded before Flop (didn't bet)
Seat 4: martin b504 folded before Flop (didn't bet)
Seat 5: AlexEliseev7 folded before Flop (didn't bet)
Seat 6: MCMXCXIX (button) folded before Flop (didn't bet)



PokerStars Hand #254715734310:  Hold'em No Limit ($0.50/$1.00 USD) - 2025/02/05 7:17:04 WET [2025/02/05 2:17:04 ET]
Table 'Smither' 6-max Seat #1 is the button
Seat 1: Supermegopro ($109.72 in chips) 
Seat 2: vadjkeee ($100.50 in chips) 
Seat 3: Flix2204 ($102.24 in chips) 
Seat 4: martin b504 ($105.07 in chips) 
Seat 5: AlexEliseev7 ($112.22 in chips) 
Seat 6: MCMXCXIX ($99.99 in chips) 
vadjkeee: posts small blind $0.50
Flix2204: posts big blind $1
*** HOLE CARDS ***
martin b504: folds 
AlexEliseev7: folds 
MCMXCXIX: folds 
Supermegopro: raises $1.50 to $2.50
vadjkeee: folds 
Flix2204: calls $1.50
*** FLOP *** [5d 4h 6d]
Flix2204: bets $1.72
Supermegopro: calls $1.72
*** TURN *** [5d 4h 6d] [Kc]
Flix2204: bets $17
Supermegopro: folds 
Uncalled bet ($17) returned to Flix2204
Flix2204 collected $8.49 from pot
Flix2204: doesn't show hand 
*** SUMMARY ***
Total pot $8.94 | Rake $0.45 
Board [5d 4h 6d Kc]
Seat 1: Supermegopro (button) folded on the Turn
Seat 2: vadjkeee (small blind) folded before Flop
Seat 3: Flix2204 (big blind) collected ($8.49)
Seat 4: martin b504 folded before Flop (didn't bet)
Seat 5: AlexEliseev7 folded before Flop (didn't bet)
Seat 6: MCMXCXIX folded before Flop (didn't bet)



PokerStars Hand #254715737092:  Hold'em No Limit ($0.50/$1.00 USD) - 2025/02/05 7:17:46 WET [2025/02/05 2:17:46 ET]
Table 'Smither' 6-max Seat #2 is the button
Seat 1: Supermegopro ($105.50 in chips) 
Seat 2: vadjkeee ($100 in chips) 
Seat 3: Flix2204 ($106.51 in chips) 
Seat 4: martin b504 ($105.07 in chips) 
Seat 5: AlexEliseev7 ($112.22 in chips) 
Seat 6: MCMXCXIX ($99.99 in chips) 
Flix2204: posts small blind $0.50
martin b504: posts big blind $1
*** HOLE CARDS ***
AlexEliseev7: folds 
MCMXCXIX: raises $2 to $3
Supermegopro: folds 
vadjkeee: folds 
Flix2204: folds 
martin b504: folds 
Uncalled bet ($2) returned to MCMXCXIX
MCMXCXIX collected $2.50 from pot
*** SUMMARY ***
Total pot $2.50 | Rake $0 
Seat 1: Supermegopro folded before Flop (didn't bet)
Seat 2: vadjkeee (button) folded before Flop (didn't bet)
Seat 3: Flix2204 (small blind) folded before Flop
Seat 4: martin b504 (big blind) folded before Flop
Seat 5: AlexEliseev7 folded before Flop (didn't bet)
Seat 6: MCMXCXIX collected ($2.50)



PokerStars Hand #254715738086:  Hold'em No Limit ($0.50/$1.00 USD) - 2025/02/05 7:18:02 WET [2025/02/05 2:18:02 ET]
Table 'Smither' 6-max Seat #3 is the button
Seat 1: Supermegopro ($105.50 in chips) 
Seat 2: vadjkeee ($100 in chips) 
Seat 3: Flix2204 ($106.01 in chips) 
Seat 4: martin b504 ($104.07 in chips) 
Seat 5: AlexEliseev7 ($112.22 in chips) 
Seat 6: MCMXCXIX ($101.49 in chips) 
martin b504: posts small blind $0.50
AlexEliseev7: posts big blind $1
*** HOLE CARDS ***
MCMXCXIX: folds 
Supermegopro: folds 
vadjkeee: folds 
Flix2204: raises $1.50 to $2.50
martin b504: folds 
AlexEliseev7: raises $10.50 to $13
Flix2204: folds 
Uncalled bet ($10.50) returned to AlexEliseev7
AlexEliseev7 collected $5.50 from pot
AlexEliseev7: doesn't show hand 
*** SUMMARY ***
Total pot $5.50 | Rake $0 
Seat 1: Supermegopro folded before Flop (didn't bet)
Seat 2: vadjkeee folded before Flop (didn't bet)
Seat 3: Flix2204 (button) folded before Flop
Seat 4: martin b504 (small blind) folded before Flop
Seat 5: AlexEliseev7 (big blind) collected ($5.50)
Seat 6: MCMXCXIX folded before Flop (didn't bet)



PokerStars Hand #254715739462:  Hold'em No Limit ($0.50/$1.00 USD) - 2025/02/05 7:18:23 WET [2025/02/05 2:18:23 ET]
Table 'Smither' 6-max Seat #4 is the button
Seat 1: Supermegopro ($105.50 in chips) 
Seat 2: vadjkeee ($100 in chips) 
Seat 3: Flix2204 ($103.51 in chips) 
Seat 4: martin b504 ($103.57 in chips) 
Seat 5: AlexEliseev7 ($115.22 in chips) 
Seat 6: MCMXCXIX ($101.49 in chips) 
AlexEliseev7: posts small blind $0.50
MCMXCXIX: posts big blind $1
*** HOLE CARDS ***
Supermegopro: folds 
vadjkeee: raises $2 to $3
Flix2204: folds 
martin b504: folds 
AlexEliseev7: folds 
MCMXCXIX: calls $2
*** FLOP *** [8h 5s 4c]
MCMXCXIX: checks 
vadjkeee: checks 
*** TURN *** [8h 5s 4c] [Qh]
MCMXCXIX: checks 
vadjkeee: bets $8.03
MCMXCXIX: folds 
Uncalled bet ($8.03) returned to vadjkeee
vadjkeee collected $6.18 from pot
vadjkeee: doesn't show hand 
*** SUMMARY ***
Total pot $6.50 | Rake $0.32 
Board [8h 5s 4c Qh]
Seat 1: Supermegopro folded before Flop (didn't bet)
Seat 2: vadjkeee collected ($6.18)
Seat 3: Flix2204 folded before Flop (didn't bet)
Seat 4: martin b504 (button) folded before Flop (didn't bet)
Seat 5: AlexEliseev7 (small blind) folded before Flop
Seat 6: MCMXCXIX (big blind) folded on the Turn



PokerStars Hand #254715742513:  Hold'em No Limit ($0.50/$1.00 USD) - 2025/02/05 7:19:08 WET [2025/02/05 2:19:08 ET]
Table 'Smither' 6-max Seat #5 is the button
Seat 1: Supermegopro ($105.50 in chips) 
Seat 2: vadjkeee ($103.18 in chips) 
Seat 3: Flix2204 ($103.51 in chips) 
Seat 4: martin b504 ($103.57 in chips) 
Seat 5: AlexEliseev7 ($114.72 in chips) 
Seat 6: MCMXCXIX ($98.49 in chips) 
MCMXCXIX: posts small blind $0.50
Supermegopro: posts big blind $1
*** HOLE CARDS ***
vadjkeee: raises $1.50 to $2.50
Flix2204: folds 
martin b504: folds 
AlexEliseev7: folds 
MCMXCXIX: folds 
Supermegopro: folds 
Uncalled bet ($1.50) returned to vadjkeee
vadjkeee collected $2.50 from pot
vadjkeee: doesn't show hand 
*** SUMMARY ***
Total pot $2.50 | Rake $0 
Seat 1: Supermegopro (big blind) folded before Flop
Seat 2: vadjkeee collected ($2.50)
Seat 3: Flix2204 folded before Flop (didn't bet)
Seat 4: martin b504 folded before Flop (didn't bet)
Seat 5: AlexEliseev7 (button) folded before Flop (didn't bet)
Seat 6: MCMXCXIX (small blind) folded before Flop



PokerStars Hand #254715744106:  Hold'em No Limit ($0.50/$1.00 USD) - 2025/02/05 7:19:31 WET [2025/02/05 2:19:31 ET]
Table 'Smither' 6-max Seat #6 is the button
Seat 1: Supermegopro ($104.50 in chips) 
Seat 2: vadjkeee ($104.68 in chips) 
Seat 3: Flix2204 ($103.51 in chips) 
Seat 4: martin b504 ($103.57 in chips) 
Seat 5: AlexEliseev7 ($114.72 in chips) 
Seat 6: MCMXCXIX ($97.99 in chips) 
Supermegopro: posts small blind $0.50
vadjkeee: posts big blind $1
*** HOLE CARDS ***
Flix2204: raises $1 to $2
martin b504: folds 
AlexEliseev7: folds 
MCMXCXIX is disconnected 
MCMXCXIX is connected 
MCMXCXIX: calls $2
Supermegopro: folds 
vadjkeee: folds 
*** FLOP *** [5h Ac 6d]
Flix2204: bets $1.72
MCMXCXIX: folds 
Uncalled bet ($1.72) returned to Flix2204
Flix2204 collected $5.22 from pot
Flix2204: doesn't show hand 
*** SUMMARY ***
Total pot $5.50 | Rake $0.28 
Board [5h Ac 6d]
Seat 1: Supermegopro (small blind) folded before Flop
Seat 2: vadjkeee (big blind) folded before Flop
Seat 3: Flix2204 collected ($5.22)
Seat 4: martin b504 folded before Flop (didn't bet)
Seat 5: AlexEliseev7 folded before Flop (didn't bet)
Seat 6: MCMXCXIX (button) folded on the Flop



PokerStars Hand #254715747116:  Hold'em No Limit ($0.50/$1.00 USD) - 2025/02/05 7:20:16 WET [2025/02/05 2:20:16 ET]
Table 'Smither' 6-max Seat #1 is the button
Seat 1: Supermegopro ($104 in chips) 
Seat 2: vadjkeee ($103.68 in chips) 
Seat 3: Flix2204 ($106.73 in chips) 
Seat 4: martin b504 ($103.57 in chips) 
Seat 5: AlexEliseev7 ($114.72 in chips) 
Seat 6: MCMXCXIX ($95.99 in chips) 
vadjkeee: posts small blind $0.50
Flix2204: posts big blind $1
*** HOLE CARDS ***
martin b504: folds 
AlexEliseev7: folds 
MCMXCXIX: folds 
Supermegopro: raises $1.50 to $2.50
vadjkeee: folds 
Flix2204: raises $9.50 to $12
Supermegopro: folds 
Uncalled bet ($9.50) returned to Flix2204
Flix2204 collected $5.50 from pot
Flix2204: doesn't show hand 
*** SUMMARY ***
Total pot $5.50 | Rake $0 
Seat 1: Supermegopro (button) folded before Flop
Seat 2: vadjkeee (small blind) folded before Flop
Seat 3: Flix2204 (big blind) collected ($5.50)
Seat 4: martin b504 folded before Flop (didn't bet)
Seat 5: AlexEliseev7 folded before Flop (didn't bet)
Seat 6: MCMXCXIX folded before Flop (didn't bet)



PokerStars Hand #254715748912:  Hold'em No Limit ($0.50/$1.00 USD) - 2025/02/05 7:20:42 WET [2025/02/05 2:20:42 ET]
Table 'Smither' 6-max Seat #2 is the button
Seat 1: Supermegopro ($101.50 in chips) 
Seat 2: vadjkeee ($103.18 in chips) 
Seat 3: Flix2204 ($109.73 in chips) 
Seat 4: martin b504 ($103.57 in chips) 
Seat 5: AlexEliseev7 ($114.72 in chips) 
Seat 6: MCMXCXIX ($95.99 in chips) 
Flix2204: posts small blind $0.50
martin b504: posts big blind $1
*** HOLE CARDS ***
AlexEliseev7: folds 
MCMXCXIX: folds 
Supermegopro: folds 
vadjkeee: raises $1.50 to $2.50
Flix2204: raises $8.50 to $11
martin b504: folds 
vadjkeee: folds 
Uncalled bet ($8.50) returned to Flix2204
Flix2204 collected $6 from pot
Flix2204: doesn't show hand 
*** SUMMARY ***
Total pot $6 | Rake $0 
Seat 1: Supermegopro folded before Flop (didn't bet)
Seat 2: vadjkeee (button) folded before Flop
Seat 3: Flix2204 (small blind) collected ($6)
Seat 4: martin b504 (big blind) folded before Flop
Seat 5: AlexEliseev7 folded before Flop (didn't bet)
Seat 6: MCMXCXIX folded before Flop (didn't bet)



PokerStars Hand #254715750944:  Hold'em No Limit ($0.50/$1.00 USD) - 2025/02/05 7:21:12 WET [2025/02/05 2:21:12 ET]
Table 'Smither' 6-max Seat #3 is the button
Seat 1: Supermegopro ($101.50 in chips) 
Seat 2: vadjkeee ($100.68 in chips) 
Seat 3: Flix2204 ($113.23 in chips) 
Seat 4: martin b504 ($102.57 in chips) 
Seat 5: AlexEliseev7 ($114.72 in chips) 
Seat 6: MCMXCXIX ($95.99 in chips) 
martin b504: posts small blind $0.50
AlexEliseev7: posts big blind $1
*** HOLE CARDS ***
MCMXCXIX: folds 
Supermegopro: folds 
vadjkeee: folds 
Flix2204: raises $1.50 to $2.50
martin b504: folds 
AlexEliseev7: calls $1.50
*** FLOP *** [3c Ah 3h]
AlexEliseev7: checks 
Flix2204: bets $1.72
AlexEliseev7: calls $1.72
*** TURN *** [3c Ah 3h] [Js]
AlexEliseev7: checks 
Flix2204: bets $12.74
AlexEliseev7: calls $12.74
*** RIVER *** [3c Ah 3h Js] [4h]
AlexEliseev7: checks 
Flix2204: bets $32.70
AlexEliseev7: folds 
Uncalled bet ($32.70) returned to Flix2204
Flix2204 collected $32.70 from pot
Flix2204: doesn't show hand 
*** SUMMARY ***
Total pot $34.42 | Rake $1.72 
Board [3c Ah 3h Js 4h]
Seat 1: Supermegopro folded before Flop (didn't bet)
Seat 2: vadjkeee folded before Flop (didn't bet)
Seat 3: Flix2204 (button) collected ($32.70)
Seat 4: martin b504 (small blind) folded before Flop
Seat 5: AlexEliseev7 (big blind) folded on the River
Seat 6: MCMXCXIX folded before Flop (didn't bet)



PokerStars Hand #254715768575:  Hold'em No Limit ($0.50/$1.00 USD) - 2025/02/05 7:25:35 WET [2025/02/05 2:25:35 ET]
Table 'Smither' 6-max Seat #1 is the button
Seat 6: MCMXCXIX ($91.99 in chips) is sitting out
Seat 1: Supermegopro ($106.90 in chips) 
Seat 2: vadjkeee ($100 in chips) 
Seat 3: Pon4uk.ua ($100 in chips) 
Seat 4: martin b504 ($100 in chips) 
Seat 5: AlexEliseev7 ($100 in chips) 
vadjkeee: posts small blind $0.50
Pon4uk.ua: posts big blind $1
*** HOLE CARDS ***
martin b504: folds 
AlexEliseev7: folds 
Supermegopro: folds 
vadjkeee: raises $2 to $3
Pon4uk.ua: calls $2
*** FLOP *** [6c 4s Td]
vadjkeee: bets $1.88
Pon4uk.ua: folds 
Uncalled bet ($1.88) returned to vadjkeee
vadjkeee collected $5.70 from pot
vadjkeee: doesn't show hand 
*** SUMMARY ***
Total pot $6 | Rake $0.30 
Board [6c 4s Td]
Seat 6: MCMXCXIX
Seat 1: Supermegopro (button) folded before Flop (didn't bet)
Seat 2: vadjkeee (small blind) collected ($5.70)
Seat 3: Pon4uk.ua (big blind) folded on the Flop
Seat 4: martin b504 folded before Flop (didn't bet)
Seat 5: AlexEliseev7 folded before Flop (didn't bet)



PokerStars Hand #254715770617:  Hold'em No Limit ($0.50/$1.00 USD) - 2025/02/05 7:26:05 WET [2025/02/05 2:26:05 ET]
Table 'Smither' 6-max Seat #2 is the button
Seat 6: MCMXCXIX ($91.99 in chips) is sitting out
Seat 1: Supermegopro ($106.90 in chips) 
Seat 2: vadjkeee ($102.70 in chips) 
Seat 3: Pon4uk.ua ($100 in chips) 
Seat 4: martin b504 ($100 in chips) 
Seat 5: AlexEliseev7 ($100 in chips) 
Pon4uk.ua: posts small blind $0.50
martin b504: posts big blind $1
*** HOLE CARDS ***
AlexEliseev7: folds 
Supermegopro: folds 
vadjkeee: folds 
Pon4uk.ua: folds 
Uncalled bet ($0.50) returned to martin b504
martin b504 collected $1 from pot
martin b504: doesn't show hand 
*** SUMMARY ***
Total pot $1 | Rake $0 
Seat 6: MCMXCXIX
Seat 1: Supermegopro folded before Flop (didn't bet)
Seat 2: vadjkeee (button) folded before Flop (didn't bet)
Seat 3: Pon4uk.ua (small blind) folded before Flop
Seat 4: martin b504 (big blind) collected ($1)
Seat 5: AlexEliseev7 folded before Flop (didn't bet)



PokerStars Hand #254715771695:  Hold'em No Limit ($0.50/$1.00 USD) - 2025/02/05 7:26:21 WET [2025/02/05 2:26:21 ET]
Table 'Smither' 6-max Seat #3 is the button
Seat 6: MCMXCXIX ($91.99 in chips) is sitting out
Seat 1: Supermegopro ($106.90 in chips) 
Seat 2: vadjkeee ($102.70 in chips) 
Seat 3: Pon4uk.ua ($100 in chips) 
Seat 4: martin b504 ($100.50 in chips) 
Seat 5: AlexEliseev7 ($100 in chips) 
martin b504: posts small blind $0.50
AlexEliseev7: posts big blind $1
*** HOLE CARDS ***
Supermegopro: raises $1.50 to $2.50
vadjkeee: folds 
Pon4uk.ua: folds 
martin b504: raises $9.50 to $12
AlexEliseev7: folds 
Supermegopro: calls $9.50
*** FLOP *** [3s 8c As]
martin b504: bets $7.84
Supermegopro: folds 
Uncalled bet ($7.84) returned to martin b504
martin b504 collected $23.75 from pot
martin b504: doesn't show hand 
*** SUMMARY ***
Total pot $25 | Rake $1.25 
Board [3s 8c As]
Seat 6: MCMXCXIX
Seat 1: Supermegopro folded on the Flop
Seat 2: vadjkeee folded before Flop (didn't bet)
Seat 3: Pon4uk.ua (button) folded before Flop (didn't bet)
Seat 4: martin b504 (small blind) collected ($23.75)
Seat 5: AlexEliseev7 (big blind) folded before Flop



PokerStars Hand #254715774639:  Hold'em No Limit ($0.50/$1.00 USD) - 2025/02/05 7:27:04 WET [2025/02/05 2:27:04 ET]
Table 'Smither' 6-max Seat #4 is the button
Seat 6: MCMXCXIX ($91.99 in chips) is sitting out
Seat 1: Supermegopro ($100 in chips) 
Seat 2: vadjkeee ($102.70 in chips) 
Seat 3: Pon4uk.ua ($100 in chips) 
Seat 4: martin b504 ($112.25 in chips) 
Seat 5: AlexEliseev7 ($100 in chips) 
AlexEliseev7: posts small blind $0.50
Supermegopro: posts big blind $1
*** HOLE CARDS ***
vadjkeee: folds 
Pon4uk.ua: folds 
martin b504: raises $1.50 to $2.50
AlexEliseev7: raises $9.50 to $12
Supermegopro: folds 
martin b504: calls $9.50
*** FLOP *** [7d 5c 2h]
AlexEliseev7: bets $18.53
martin b504: folds 
Uncalled bet ($18.53) returned to AlexEliseev7
AlexEliseev7 collected $23.75 from pot
AlexEliseev7: doesn't show hand 
*** SUMMARY ***
Total pot $25 | Rake $1.25 
Board [7d 5c 2h]
Seat 6: MCMXCXIX
Seat 1: Supermegopro (big blind) folded before Flop
Seat 2: vadjkeee folded before Flop (didn't bet)
Seat 3: Pon4uk.ua folded before Flop (didn't bet)
Seat 4: martin b504 (button) folded on the Flop
Seat 5: AlexEliseev7 (small blind) collected ($23.75)



PokerStars Hand #254715778512:  Hold'em No Limit ($0.50/$1.00 USD) - 2025/02/05 7:28:01 WET [2025/02/05 2:28:01 ET]
Table 'Smither' 6-max Seat #5 is the button
Seat 6: MCMXCXIX ($91.99 in chips) is sitting out
Seat 1: Supermegopro ($100 in chips) 
Seat 2: vadjkeee ($102.70 in chips) 
Seat 3: Pon4uk.ua ($100 in chips) 
Seat 4: martin b504 ($100.25 in chips) 
Seat 5: AlexEliseev7 ($111.75 in chips) 
Supermegopro: posts small blind $0.50
vadjkeee: posts big blind $1
*** HOLE CARDS ***
Pon4uk.ua: folds 
martin b504: raises $1.50 to $2.50
AlexEliseev7: folds 
Supermegopro: folds 
vadjkeee: calls $1.50
*** FLOP *** [2h 6c Ah]
vadjkeee: bets $9
martin b504: calls $9
*** TURN *** [2h 6c Ah] [7s]
vadjkeee: bets $27
martin b504: calls $27
*** RIVER *** [2h 6c Ah 7s] [7c]
vadjkeee: bets $64.20 and is all-in
martin b504: calls $61.75 and is all-in
Uncalled bet ($2.45) returned to vadjkeee
*** SHOW DOWN ***
vadjkeee: shows [6h 7h] (a full house, Sevens full of Sixes)
martin b504: shows [Ad 9d] (two pair, Aces and Sevens)
vadjkeee collected $198.50 from pot
*** SUMMARY ***
Total pot $201 | Rake $2.50 
Board [2h 6c Ah 7s 7c]
Seat 6: MCMXCXIX
Seat 1: Supermegopro (small blind) folded before Flop
Seat 2: vadjkeee (big blind) showed [6h 7h] and won ($198.50) with a full house, Sevens full of Sixes
Seat 3: Pon4uk.ua folded before Flop (didn't bet)
Seat 4: martin b504 showed [Ad 9d] and lost with two pair, Aces and Sevens
Seat 5: AlexEliseev7 (button) folded before Flop (didn't bet)



PokerStars Hand #254715783711:  Hold'em No Limit ($0.50/$1.00 USD) - 2025/02/05 7:29:15 WET [2025/02/05 2:29:15 ET]
Table 'Smither' 6-max Seat #1 is the button
Seat 6: MCMXCXIX ($91.99 in chips) is sitting out
Seat 1: Supermegopro ($100 in chips) 
Seat 2: vadjkeee ($200.95 in chips) 
Seat 4: martin b504 ($100 in chips) 
Seat 5: AlexEliseev7 ($111.75 in chips) 
vadjkeee: posts small blind $0.50
Pon4uk.ua leaves the table
martin b504: posts big blind $1
*** HOLE CARDS ***
AlexEliseev7: folds 
Supermegopro: folds 
vadjkeee: raises $2 to $3
martin b504: calls $2
*** FLOP *** [Qh 5c 6d]
vadjkeee: bets $1.88
martin b504: calls $1.88
*** TURN *** [Qh 5c 6d] [8c]
jeffy27dt1 joins the table at seat #3 
vadjkeee: bets $14
martin b504: folds 
Uncalled bet ($14) returned to vadjkeee
vadjkeee collected $9.27 from pot
vadjkeee: doesn't show hand 
*** SUMMARY ***
Total pot $9.76 | Rake $0.49 
Board [Qh 5c 6d 8c]
Seat 6: MCMXCXIX
Seat 1: Supermegopro (button) folded before Flop (didn't bet)
Seat 2: vadjkeee (small blind) collected ($9.27)
Seat 4: martin b504 (big blind) folded on the Turn
Seat 5: AlexEliseev7 folded before Flop (didn't bet)



PokerStars Hand #254715787011:  Hold'em No Limit ($0.50/$1.00 USD) - 2025/02/05 7:30:01 WET [2025/02/05 2:30:01 ET]
Table 'Smither' 6-max Seat #2 is the button
Seat 3: jeffy27dt1 ($100 in chips) is sitting out
Seat 6: MCMXCXIX ($91.99 in chips) is sitting out
Seat 1: Supermegopro ($100 in chips) 
Seat 2: vadjkeee ($205.34 in chips) 
Seat 4: martin b504 ($100 in chips) 
Seat 5: AlexEliseev7 ($111.75 in chips) 
martin b504: posts small blind $0.50
AlexEliseev7: posts big blind $1
*** HOLE CARDS ***
Supermegopro: raises $1.50 to $2.50
vadjkeee: raises $5 to $7.50
MCMXCXIX leaves the table
martin b504: folds 
AlexEliseev7: folds 
Supermegopro: folds 
Uncalled bet ($5) returned to vadjkeee
vadjkeee collected $6.50 from pot
vadjkeee: doesn't show hand 
*** SUMMARY ***
Total pot $6.50 | Rake $0 
Seat 3: jeffy27dt1
Seat 6: MCMXCXIX
Seat 1: Supermegopro folded before Flop
Seat 2: vadjkeee (button) collected ($6.50)
Seat 4: martin b504 (small blind) folded before Flop
Seat 5: AlexEliseev7 (big blind) folded before Flop



PokerStars Hand #254715789003:  Hold'em No Limit ($0.50/$1.00 USD) - 2025/02/05 7:30:30 WET [2025/02/05 2:30:30 ET]
Table 'Smither' 6-max Seat #4 is the button
Seat 3: jeffy27dt1 ($100 in chips) is sitting out
Seat 1: Supermegopro ($100 in chips) 
Seat 2: vadjkeee ($209.34 in chips) 
Seat 4: martin b504 ($100 in chips) 
Seat 5: AlexEliseev7 ($110.75 in chips) 
AlexEliseev7: posts small blind $0.50
Supermegopro: posts big blind $1
jeffy27dt1: sits out 
*** HOLE CARDS ***
vadjkeee: folds 
martin b504: folds 
AlexEliseev7: folds 
Uncalled bet ($0.50) returned to Supermegopro
Supermegopro collected $1 from pot
Supermegopro: doesn't show hand 
*** SUMMARY ***
Total pot $1 | Rake $0 
Seat 3: jeffy27dt1
Seat 1: Supermegopro (big blind) collected ($1)
Seat 2: vadjkeee folded before Flop (didn't bet)
Seat 4: martin b504 (button) folded before Flop (didn't bet)
Seat 5: AlexEliseev7 (small blind) folded before Flop



PokerStars Hand #254715790393:  Hold'em No Limit ($0.50/$1.00 USD) - 2025/02/05 7:30:49 WET [2025/02/05 2:30:49 ET]
Table 'Smither' 6-max Seat #5 is the button
Seat 3: jeffy27dt1 ($100 in chips) is sitting out
Seat 1: Supermegopro ($100.50 in chips) 
Seat 2: vadjkeee ($209.34 in chips) 
Seat 4: martin b504 ($100 in chips) 
Seat 5: AlexEliseev7 ($110.25 in chips) 
Supermegopro: posts small blind $0.50
vadjkeee: posts big blind $1
jeffy27dt1: sits out 
*** HOLE CARDS ***
martin b504: folds 
AlexEliseev7: folds 
Supermegopro: folds 
Uncalled bet ($0.50) returned to vadjkeee
vadjkeee collected $1 from pot
vadjkeee: doesn't show hand 
*** SUMMARY ***
Total pot $1 | Rake $0 
Seat 3: jeffy27dt1
Seat 1: Supermegopro (small blind) folded before Flop
Seat 2: vadjkeee (big blind) collected ($1)
Seat 4: martin b504 folded before Flop (didn't bet)
Seat 5: AlexEliseev7 (button) folded before Flop (didn't bet)



PokerStars Hand #254715791650:  Hold'em No Limit ($0.50/$1.00 USD) - 2025/02/05 7:31:06 WET [2025/02/05 2:31:06 ET]
Table 'Smither' 6-max Seat #1 is the button
Seat 1: Supermegopro ($100 in chips) 
Seat 2: vadjkeee ($209.84 in chips) 
Seat 3: jeffy27dt1 ($100 in chips) 
Seat 4: martin b504 ($100 in chips) 
Seat 5: AlexEliseev7 ($110.25 in chips) 
vadjkeee: posts small blind $0.50
jeffy27dt1: posts big blind $1
*** HOLE CARDS ***
martin b504: folds 
AlexEliseev7: raises $1.50 to $2.50
Supermegopro: folds 
vadjkeee: folds 
jeffy27dt1: folds 
Uncalled bet ($1.50) returned to AlexEliseev7
AlexEliseev7 collected $2.50 from pot
AlexEliseev7: doesn't show hand 
*** SUMMARY ***
Total pot $2.50 | Rake $0 
Seat 1: Supermegopro (button) folded before Flop (didn't bet)
Seat 2: vadjkeee (small blind) folded before Flop
Seat 3: jeffy27dt1 (big blind) folded before Flop
Seat 4: martin b504 folded before Flop (didn't bet)
Seat 5: AlexEliseev7 collected ($2.50)



PokerStars Hand #254715793120:  Hold'em No Limit ($0.50/$1.00 USD) - 2025/02/05 7:31:27 WET [2025/02/05 2:31:27 ET]
Table 'Smither' 6-max Seat #2 is the button
Seat 1: Supermegopro ($100 in chips) 
Seat 2: vadjkeee ($209.34 in chips) 
Seat 3: jeffy27dt1 ($100 in chips) 
Seat 4: martin b504 ($100 in chips) 
Seat 5: AlexEliseev7 ($111.75 in chips) 
jeffy27dt1: posts small blind $0.50
martin b504: posts big blind $1
*** HOLE CARDS ***
AlexEliseev7: folds 
Supermegopro: folds 
vadjkeee: raises $1.50 to $2.50
jeffy27dt1: folds 
martin b504: raises $9 to $11.50
vadjkeee: calls $9
*** FLOP *** [5d 8d Js]
martin b504: bets $7.37
vadjkeee: raises $10.63 to $18
martin b504: calls $10.63
*** TURN *** [5d 8d Js] [8s]
martin b504: checks 
vadjkeee: checks 
*** RIVER *** [5d 8d Js 8s] [3c]
martin b504: checks 
vadjkeee: checks 
*** SHOW DOWN ***
martin b504: shows [Qs Ac] (a pair of Eights)
vadjkeee: shows [Ad Qh] (a pair of Eights)
martin b504 collected $28.50 from pot
vadjkeee collected $28.50 from pot
*** SUMMARY ***
Total pot $59.50 | Rake $2.50 
Board [5d 8d Js 8s 3c]
Seat 1: Supermegopro folded before Flop (didn't bet)
Seat 2: vadjkeee (button) showed [Ad Qh] and won ($28.50) with a pair of Eights
Seat 3: jeffy27dt1 (small blind) folded before Flop
Seat 4: martin b504 (big blind) showed [Qs Ac] and won ($28.50) with a pair of Eights
Seat 5: AlexEliseev7 folded before Flop (didn't bet)



PokerStars Hand #254715799184:  Hold'em No Limit ($0.50/$1.00 USD) - 2025/02/05 7:32:52 WET [2025/02/05 2:32:52 ET]
Table 'Smither' 6-max Seat #3 is the button
Seat 1: Supermegopro ($100 in chips) is sitting out
Seat 5: AlexEliseev7 ($111.75 in chips) is sitting out
Seat 2: vadjkeee ($208.34 in chips) 
Seat 3: jeffy27dt1 ($100 in chips) 
Seat 4: martin b504 ($100 in chips) 
martin b504: posts small blind $0.50
AlexEliseev7: is sitting out 
Supermegopro: is sitting out 
vadjkeee: posts big blind $1
*** HOLE CARDS ***
Supermegopro leaves the table
AlexEliseev7 leaves the table
jeffy27dt1: raises $1.50 to $2.50
martin b504: folds 
vadjkeee: folds 
Uncalled bet ($1.50) returned to jeffy27dt1
jeffy27dt1 collected $2.50 from pot
jeffy27dt1: doesn't show hand 
*** SUMMARY ***
Total pot $2.50 | Rake $0 
Seat 1: Supermegopro
Seat 5: AlexEliseev7
Seat 2: vadjkeee (big blind) folded before Flop
Seat 3: jeffy27dt1 (button) collected ($2.50)
Seat 4: martin b504 (small blind) folded before Flop



PokerStars Hand #254715800411:  Hold'em No Limit ($0.50/$1.00 USD) - 2025/02/05 7:33:09 WET [2025/02/05 2:33:09 ET]
Table 'Smither' 6-max Seat #2 is the button
Seat 3: jeffy27dt1 ($101.50 in chips) is sitting out
Seat 2: vadjkeee ($207.34 in chips) 
Seat 4: martin b504 ($100 in chips) 
vadjkeee: posts small blind $0.50
jeffy27dt1: is sitting out 
martin b504: posts big blind $1
*** HOLE CARDS ***
jeffy27dt1 leaves the table
vadjkeee: folds 
Uncalled bet ($0.50) returned to martin b504
martin b504 collected $1 from pot
martin b504: doesn't show hand 
*** SUMMARY ***
Total pot $1 | Rake $0 
Seat 3: jeffy27dt1
Seat 2: vadjkeee (button) (small blind) folded before Flop
Seat 4: martin b504 (big blind) collected ($1)



PokerStars Hand #254715801376:  Hold'em No Limit ($0.50/$1.00 USD) - 2025/02/05 7:33:23 WET [2025/02/05 2:33:23 ET]
Table 'Smither' 6-max Seat #4 is the button
Seat 2: vadjkeee ($206.84 in chips) 
Seat 4: martin b504 ($100.50 in chips) 
martin b504: posts small blind $0.50
vadjkeee: posts big blind $1
*** HOLE CARDS ***
martin b504: raises $2 to $3
vadjkeee: calls $2
*** FLOP *** [Ad 6s 4c]
vadjkeee: checks 
martin b504: bets $1.88
vadjkeee: folds 
Uncalled bet ($1.88) returned to martin b504
martin b504 collected $5.70 from pot
martin b504: doesn't show hand 
*** SUMMARY ***
Total pot $6 | Rake $0.30 
Board [Ad 6s 4c]
Seat 2: vadjkeee (big blind) folded on the Flop
Seat 4: martin b504 (button) (small blind) collected ($5.70)



PokerStars Hand #254715757066:  Hold'em No Limit ($0.50/$1.00 USD) - 2025/02/05 7:22:43 WET [2025/02/05 2:22:43 ET]
Table 'Smither' 6-max Seat #4 is the button
Seat 1: Supermegopro ($101.50 in chips) 
Seat 2: vadjkeee ($100.68 in chips) 
Seat 3: Flix2204 ($128.97 in chips) 
Seat 4: martin b504 ($102.07 in chips) 
Seat 5: AlexEliseev7 ($100 in chips) 
Seat 6: MCMXCXIX ($95.99 in chips) 
AlexEliseev7: posts small blind $0.50
MCMXCXIX: posts big blind $1
*** HOLE CARDS ***
Supermegopro: folds 
vadjkeee: folds 
Flix2204: raises $1.50 to $2.50
martin b504: raises $5 to $7.50
AlexEliseev7: folds 
MCMXCXIX: folds 
Flix2204: raises $12.50 to $20
martin b504: folds 
Uncalled bet ($12.50) returned to Flix2204
Flix2204 collected $16.50 from pot
Flix2204: doesn't show hand 
*** SUMMARY ***
Total pot $16.50 | Rake $0 
Seat 1: Supermegopro folded before Flop (didn't bet)
Seat 2: vadjkeee folded before Flop (didn't bet)
Seat 3: Flix2204 collected ($16.50)
Seat 4: martin b504 (button) folded before Flop
Seat 5: AlexEliseev7 (small blind) folded before Flop
Seat 6: MCMXCXIX (big blind) folded before Flop



PokerStars Hand #254715760792:  Hold'em No Limit ($0.50/$1.00 USD) - 2025/02/05 7:23:39 WET [2025/02/05 2:23:39 ET]
Table 'Smither' 6-max Seat #5 is the button
Seat 1: Supermegopro ($101.50 in chips) 
Seat 2: vadjkeee ($100.68 in chips) 
Seat 3: Flix2204 ($137.97 in chips) 
Seat 4: martin b504 ($100 in chips) 
Seat 5: AlexEliseev7 ($100 in chips) 
Seat 6: MCMXCXIX ($94.99 in chips) 
MCMXCXIX: posts small blind $0.50
Supermegopro: posts big blind $1
*** HOLE CARDS ***
vadjkeee: folds 
Flix2204: folds 
martin b504: folds 
AlexEliseev7: folds 
MCMXCXIX: raises $1 to $2
Supermegopro: raises $1 to $3
MCMXCXIX: calls $1
*** FLOP *** [As 2c Jc]
MCMXCXIX: checks 
Supermegopro: bets $1.88
MCMXCXIX: folds 
Uncalled bet ($1.88) returned to Supermegopro
Supermegopro collected $5.70 from pot
Supermegopro: doesn't show hand 
*** SUMMARY ***
Total pot $6 | Rake $0.30 
Board [As 2c Jc]
Seat 1: Supermegopro (big blind) collected ($5.70)
Seat 2: vadjkeee folded before Flop (didn't bet)
Seat 3: Flix2204 folded before Flop (didn't bet)
Seat 4: martin b504 folded before Flop (didn't bet)
Seat 5: AlexEliseev7 (button) folded before Flop (didn't bet)
Seat 6: MCMXCXIX (small blind) folded on the Flop



PokerStars Hand #254715763858:  Hold'em No Limit ($0.50/$1.00 USD) - 2025/02/05 7:24:26 WET [2025/02/05 2:24:26 ET]
Table 'Smither' 6-max Seat #6 is the button
Seat 1: Supermegopro ($104.20 in chips) 
Seat 2: vadjkeee ($100.68 in chips) 
Seat 3: Flix2204 ($137.97 in chips) 
Seat 4: martin b504 ($100 in chips) 
Seat 5: AlexEliseev7 ($100 in chips) 
Seat 6: MCMXCXIX ($91.99 in chips) 
Supermegopro: posts small blind $0.50
vadjkeee: posts big blind $1
*** HOLE CARDS ***
Flix2204: folds 
martin b504: folds 
AlexEliseev7: folds 
Flix2204 leaves the table
MCMXCXIX has timed out
MCMXCXIX: folds 
Supermegopro: raises $2 to $3
MCMXCXIX is disconnected 
vadjkeee: calls $2
*** FLOP *** [5h 3h Ad]
Supermegopro: checks 
vadjkeee: checks 
*** TURN *** [5h 3h Ad] [Js]
Supermegopro: bets $2.85
Pon4uk.ua joins the table at seat #3 
vadjkeee: folds 
Uncalled bet ($2.85) returned to Supermegopro
Supermegopro collected $5.70 from pot
Supermegopro: doesn't show hand 
*** SUMMARY ***
Total pot $6 | Rake $0.30 
Board [5h 3h Ad Js]
Seat 1: Supermegopro (small blind) collected ($5.70)
Seat 2: vadjkeee (big blind) folded on the Turn
Seat 3: Flix2204 folded before Flop (didn't bet)
Seat 4: martin b504 folded before Flop (didn't bet)
Seat 5: AlexEliseev7 folded before Flop (didn't bet)
Seat 6: MCMXCXIX (button) folded before Flop (didn't bet)



PokerStars Hand #254715905318:  Hold'em No Limit ($0.50/$1.00 USD) - 2025/02/05 7:56:55 WET [2025/02/05 2:56:55 ET]
Table 'Smither' 6-max Seat #5 is the button
Seat 2: vadjkeee ($203.84 in chips) 
Seat 4: Mathiwhite ($10 in chips) 
Seat 5: Pon4uk.ua ($100 in chips) 
Seat 6: Supermegopro ($100 in chips) 
Supermegopro: posts small blind $0.50
vadjkeee: posts big blind $1
*** HOLE CARDS ***
EBoshered joins the table at seat #3 
AlexEliseev7 joins the table at seat #1 
Mathiwhite: raises $1 to $2
Pon4uk.ua: folds 
Supermegopro: folds 
vadjkeee: folds 
Uncalled bet ($1) returned to Mathiwhite
Mathiwhite collected $2.50 from pot
*** SUMMARY ***
Total pot $2.50 | Rake $0 
Seat 2: vadjkeee (big blind) folded before Flop
Seat 4: Mathiwhite collected ($2.50)
Seat 5: Pon4uk.ua (button) folded before Flop (didn't bet)
Seat 6: Supermegopro (small blind) folded before Flop



PokerStars Hand #254715906606:  Hold'em No Limit ($0.50/$1.00 USD) - 2025/02/05 7:57:14 WET [2025/02/05 2:57:14 ET]
Table 'Smither' 6-max Seat #6 is the button
Seat 1: AlexEliseev7 ($111.75 in chips) is sitting out
Seat 2: vadjkeee ($202.84 in chips) 
Seat 3: EBoshered ($100 in chips) 
Seat 4: Mathiwhite ($11.50 in chips) 
Seat 5: Pon4uk.ua ($100 in chips) 
Seat 6: Supermegopro ($100 in chips) 
vadjkeee: posts small blind $0.50
EBoshered: posts big blind $1
*** HOLE CARDS ***
Mathiwhite: folds 
Pon4uk.ua: raises $1.50 to $2.50
Supermegopro: folds 
vadjkeee: folds 
EBoshered: folds 
Uncalled bet ($1.50) returned to Pon4uk.ua
Pon4uk.ua collected $2.50 from pot
Pon4uk.ua: doesn't show hand 
*** SUMMARY ***
Total pot $2.50 | Rake $0 
Seat 1: AlexEliseev7
Seat 2: vadjkeee (small blind) folded before Flop
Seat 3: EBoshered (big blind) folded before Flop
Seat 4: Mathiwhite folded before Flop (didn't bet)
Seat 5: Pon4uk.ua collected ($2.50)
Seat 6: Supermegopro (button) folded before Flop (didn't bet)



PokerStars Hand #254715907873:  Hold'em No Limit ($0.50/$1.00 USD) - 2025/02/05 7:57:34 WET [2025/02/05 2:57:34 ET]
Table 'Smither' 6-max Seat #2 is the button
Seat 1: AlexEliseev7 ($111.75 in chips) is sitting out
Seat 2: vadjkeee ($202.34 in chips) 
Seat 3: EBoshered ($100 in chips) 
Seat 4: Mathiwhite ($11.50 in chips) 
Seat 5: Pon4uk.ua ($101.50 in chips) 
Seat 6: Supermegopro ($100 in chips) 
EBoshered: posts small blind $0.50
Mathiwhite: posts big blind $1
AlexEliseev7: sits out 
*** HOLE CARDS ***
Pon4uk.ua: folds 
Supermegopro: folds 
vadjkeee: raises $1.50 to $2.50
EBoshered: folds 
Mathiwhite: raises $9 to $11.50 and is all-in
vadjkeee: folds 
Uncalled bet ($9) returned to Mathiwhite
Mathiwhite collected $5.50 from pot
*** SUMMARY ***
Total pot $5.50 | Rake $0 
Seat 1: AlexEliseev7
Seat 2: vadjkeee (button) folded before Flop
Seat 3: EBoshered (small blind) folded before Flop
Seat 4: Mathiwhite (big blind) collected ($5.50)
Seat 5: Pon4uk.ua folded before Flop (didn't bet)
Seat 6: Supermegopro folded before Flop (didn't bet)



PokerStars Hand #254715909125:  Hold'em No Limit ($0.50/$1.00 USD) - 2025/02/05 7:57:53 WET [2025/02/05 2:57:53 ET]
Table 'Smither' 6-max Seat #3 is the button
Seat 1: AlexEliseev7 ($111.75 in chips) is sitting out
Seat 2: vadjkeee ($199.84 in chips) 
Seat 3: EBoshered ($100 in chips) 
Seat 4: Mathiwhite ($14.50 in chips) 
Seat 5: Pon4uk.ua ($101.50 in chips) 
Seat 6: Supermegopro ($100 in chips) 
Mathiwhite: posts small blind $0.50
Pon4uk.ua: posts big blind $1
AlexEliseev7: sits out 
*** HOLE CARDS ***
Supermegopro: folds 
vadjkeee: folds 
EBoshered: raises $1.50 to $2.50
Mathiwhite: calls $2
Pon4uk.ua: calls $1.50
*** FLOP *** [8h Ks 3s]
Mathiwhite: checks 
Pon4uk.ua: checks 
EBoshered: bets $2.35
Mathiwhite: folds 
Pon4uk.ua: folds 
Uncalled bet ($2.35) returned to EBoshered
EBoshered collected $7.12 from pot
EBoshered: doesn't show hand 
*** SUMMARY ***
Total pot $7.50 | Rake $0.38 
Board [8h Ks 3s]
Seat 1: AlexEliseev7
Seat 2: vadjkeee folded before Flop (didn't bet)
Seat 3: EBoshered (button) collected ($7.12)
Seat 4: Mathiwhite (small blind) folded on the Flop
Seat 5: Pon4uk.ua (big blind) folded on the Flop
Seat 6: Supermegopro folded before Flop (didn't bet)



PokerStars Hand #254715911016:  Hold'em No Limit ($0.50/$1.00 USD) - 2025/02/05 7:58:23 WET [2025/02/05 2:58:23 ET]
Table 'Smither' 6-max Seat #4 is the button
Seat 1: AlexEliseev7 ($111.75 in chips) is sitting out
Seat 2: vadjkeee ($199.84 in chips) 
Seat 3: EBoshered ($104.62 in chips) 
Seat 4: Mathiwhite ($12 in chips) 
Seat 5: Pon4uk.ua ($100 in chips) 
Seat 6: Supermegopro ($100 in chips) 
Pon4uk.ua: posts small blind $0.50
Supermegopro: posts big blind $1
AlexEliseev7: sits out 
*** HOLE CARDS ***
vadjkeee: raises $1.50 to $2.50
EBoshered: folds 
Mathiwhite: folds 
Pon4uk.ua: folds 
Supermegopro: folds 
Uncalled bet ($1.50) returned to vadjkeee
vadjkeee collected $2.50 from pot
vadjkeee: doesn't show hand 
*** SUMMARY ***
Total pot $2.50 | Rake $0 
Seat 1: AlexEliseev7
Seat 2: vadjkeee collected ($2.50)
Seat 3: EBoshered folded before Flop (didn't bet)
Seat 4: Mathiwhite (button) folded before Flop (didn't bet)
Seat 5: Pon4uk.ua (small blind) folded before Flop
Seat 6: Supermegopro (big blind) folded before Flop



PokerStars Hand #254715911850:  Hold'em No Limit ($0.50/$1.00 USD) - 2025/02/05 7:58:36 WET [2025/02/05 2:58:36 ET]
Table 'Smither' 6-max Seat #5 is the button
Seat 1: AlexEliseev7 ($111.75 in chips) 
Seat 2: vadjkeee ($201.34 in chips) 
Seat 3: EBoshered ($104.62 in chips) 
Seat 4: Mathiwhite ($12 in chips) 
Seat 5: Pon4uk.ua ($100 in chips) 
Seat 6: Supermegopro ($100 in chips) 
Supermegopro: posts small blind $0.50
AlexEliseev7: posts big blind $1
*** HOLE CARDS ***
vadjkeee: raises $1.50 to $2.50
EBoshered: folds 
Mathiwhite: calls $2.50
Pon4uk.ua: folds 
Supermegopro: folds 
AlexEliseev7: calls $1.50
*** FLOP *** [3c 6h 5s]
AlexEliseev7: checks 
vadjkeee: checks 
Mathiwhite: bets $4
AlexEliseev7: folds 
vadjkeee: folds 
Uncalled bet ($4) returned to Mathiwhite
Mathiwhite collected $7.60 from pot
*** SUMMARY ***
Total pot $8 | Rake $0.40 
Board [3c 6h 5s]
Seat 1: AlexEliseev7 (big blind) folded on the Flop
Seat 2: vadjkeee folded on the Flop
Seat 3: EBoshered folded before Flop (didn't bet)
Seat 4: Mathiwhite collected ($7.60)
Seat 5: Pon4uk.ua (button) folded before Flop (didn't bet)
Seat 6: Supermegopro (small blind) folded before Flop



PokerStars Hand #254715913929:  Hold'em No Limit ($0.50/$1.00 USD) - 2025/02/05 7:59:09 WET [2025/02/05 2:59:09 ET]
Table 'Smither' 6-max Seat #6 is the button
Seat 2: vadjkeee ($198.84 in chips) is sitting out
Seat 1: AlexEliseev7 ($109.25 in chips) 
Seat 3: EBoshered ($104.62 in chips) 
Seat 4: Mathiwhite ($17.10 in chips) 
Seat 5: Pon4uk.ua ($100 in chips) 
Seat 6: Supermegopro ($100 in chips) 
AlexEliseev7: posts small blind $0.50
vadjkeee: is sitting out 
EBoshered: posts big blind $1
*** HOLE CARDS ***
vadjkeee leaves the table
Mathiwhite: calls $1
Pon4uk.ua: folds 
Supermegopro: folds 
AlexEliseev7: folds 
EBoshered: raises $6.50 to $7.50
Mathiwhite: raises $9.60 to $17.10 and is all-in
EBoshered: calls $9.60
*** FLOP *** [7c Ah 4d]
*** TURN *** [7c Ah 4d] [7s]
*** RIVER *** [7c Ah 4d 7s] [Qc]
*** SHOW DOWN ***
EBoshered: shows [4s 4c] (a full house, Fours full of Sevens)
Mathiwhite: shows [9d Jd] (a pair of Sevens)
EBoshered collected $32.96 from pot
*** SUMMARY ***
Total pot $34.70 | Rake $1.74 
Board [7c Ah 4d 7s Qc]
Seat 2: vadjkeee
Seat 1: AlexEliseev7 (small blind) folded before Flop
Seat 3: EBoshered (big blind) showed [4s 4c] and won ($32.96) with a full house, Fours full of Sevens
Seat 4: Mathiwhite showed [9d Jd] and lost with a pair of Sevens
Seat 5: Pon4uk.ua folded before Flop (didn't bet)
Seat 6: Supermegopro (button) folded before Flop (didn't bet)



PokerStars Hand #254715916187:  Hold'em No Limit ($0.50/$1.00 USD) - 2025/02/05 7:59:46 WET [2025/02/05 2:59:46 ET]
Table 'Smither' 6-max Seat #1 is the button
Seat 4: Mathiwhite ($0 in chips) is sitting out
Seat 1: AlexEliseev7 ($108.75 in chips) 
Seat 3: EBoshered ($120.48 in chips) 
Seat 5: Pon4uk.ua ($100 in chips) 
Seat 6: Supermegopro ($100 in chips) 
EBoshered: posts small blind $0.50
Pon4uk.ua: posts big blind $1
*** HOLE CARDS ***
Supermegopro: raises $1.50 to $2.50
AlexEliseev7: folds 
EBoshered: folds 
Pon4uk.ua: folds 
Uncalled bet ($1.50) returned to Supermegopro
Mathiwhite leaves the table
Supermegopro collected $2.50 from pot
Supermegopro: doesn't show hand 
*** SUMMARY ***
Total pot $2.50 | Rake $0 
Seat 4: Mathiwhite
Seat 1: AlexEliseev7 (button) folded before Flop (didn't bet)
Seat 3: EBoshered (small blind) folded before Flop
Seat 5: Pon4uk.ua (big blind) folded before Flop
Seat 6: Supermegopro collected ($2.50)



PokerStars Hand #254715917315:  Hold'em No Limit ($0.50/$1.00 USD) - 2025/02/05 8:00:03 WET [2025/02/05 3:00:03 ET]
Table 'Smither' 6-max Seat #3 is the button
Seat 1: AlexEliseev7 ($108.75 in chips) 
Seat 3: EBoshered ($119.98 in chips) 
Seat 5: Pon4uk.ua ($100 in chips) 
Seat 6: Supermegopro ($101.50 in chips) 
Pon4uk.ua: posts small blind $0.50
Supermegopro: posts big blind $1
*** HOLE CARDS ***
AlexEliseev7: raises $1.50 to $2.50
EBoshered: folds 
Pon4uk.ua: folds 
Supermegopro: folds 
Uncalled bet ($1.50) returned to AlexEliseev7
AlexEliseev7 collected $2.50 from pot
AlexEliseev7: doesn't show hand 
*** SUMMARY ***
Total pot $2.50 | Rake $0 
Seat 1: AlexEliseev7 collected ($2.50)
Seat 3: EBoshered (button) folded before Flop (didn't bet)
Seat 5: Pon4uk.ua (small blind) folded before Flop
Seat 6: Supermegopro (big blind) folded before Flop



PokerStars Hand #254715918675:  Hold'em No Limit ($0.50/$1.00 USD) - 2025/02/05 8:00:24 WET [2025/02/05 3:00:24 ET]
Table 'Smither' 6-max Seat #5 is the button
Seat 1: AlexEliseev7 ($110.25 in chips) is sitting out
Seat 3: EBoshered ($119.98 in chips) 
Seat 5: Pon4uk.ua ($100 in chips) 
Seat 6: Supermegopro ($100.50 in chips) 
Supermegopro: posts small blind $0.50
AlexEliseev7: is sitting out 
EBoshered: posts big blind $1
*** HOLE CARDS ***
Pon4uk.ua: folds 
Supermegopro: folds 
Uncalled bet ($0.50) returned to EBoshered
AlexEliseev7 leaves the table
EBoshered collected $1 from pot
EBoshered: doesn't show hand 
*** SUMMARY ***
Total pot $1 | Rake $0 
Seat 1: AlexEliseev7
Seat 3: EBoshered (big blind) collected ($1)
Seat 5: Pon4uk.ua (button) folded before Flop (didn't bet)
Seat 6: Supermegopro (small blind) folded before Flop



