PokerStars Hand #254728421837:  Hold'em No Limit ($0.50/$1.00 USD) - 2025/02/05 1:20:01 WET [2025/02/05 20:20:01 ET]
Table 'Sabauda' 6-max Seat #2 is the button
Seat 1: Dofredyon ($89.01 in chips) 
Seat 2: Seavus10 ($100 in chips) 
Seat 3: Espada Fish ($101.50 in chips) 
Seat 5: XneferX ($109.99 in chips) 
Espada Fish: posts small blind $0.50
XneferX: posts big blind $1
*** HOLE CARDS ***
Dofredyon: folds 
Seavus10: raises $1.50 to $2.50
Espada Fish: folds 
XneferX: folds 
Uncalled bet ($1.50) returned to Seavus10
Seavus10 collected $2.50 from pot
Seavus10: doesn't show hand 
*** SUMMARY ***
Total pot $2.50 | Rake $0 
Seat 1: Dofredyon folded before Flop (didn't bet)
Seat 2: Seavus10 (button) collected ($2.50)
Seat 3: Espada Fish (small blind) folded before Flop
Seat 5: XneferX (big blind) folded before Flop



PokerStars Hand #254728425251:  Hold'em No Limit ($0.50/$1.00 USD) - 2025/02/05 1:20:22 WET [2025/02/05 20:20:22 ET]
Table 'Sabauda' 6-max Seat #3 is the button
Seat 1: Dofredyon ($89.01 in chips) 
Seat 2: Seavus10 ($101.50 in chips) 
Seat 3: Espada Fish ($101 in chips) 
Seat 5: XneferX ($108.99 in chips) 
XneferX: posts small blind $0.50
Dofredyon: posts big blind $1
*** HOLE CARDS ***
Seavus10: raises $1.20 to $2.20
Espada Fish: folds 
XneferX: raises $9.80 to $12
Dofredyon: folds 
Seavus10: calls $9.80
*** FLOP *** [2h 7d 2s]
XneferX: bets $6.24
Seavus10: calls $6.24
*** TURN *** [2h 7d 2s] [Ks]
XneferX: checks 
TheLuckyBoys joins the table at seat #6 
Seavus10: checks 
*** RIVER *** [2h 7d 2s Ks] [6c]
XneferX: bets $24.44
Seavus10: folds 
Uncalled bet ($24.44) returned to XneferX
XneferX collected $36.48 from pot
XneferX: doesn't show hand 
*** SUMMARY ***
Total pot $37.48 | Rake $1 
Board [2h 7d 2s Ks 6c]
Seat 1: Dofredyon (big blind) folded before Flop
Seat 2: Seavus10 folded on the River
Seat 3: Espada Fish (button) folded before Flop (didn't bet)
Seat 5: XneferX (small blind) collected ($36.48)



PokerStars Hand #254728441969:  Hold'em No Limit ($0.50/$1.00 USD) - 2025/02/05 1:22:01 WET [2025/02/05 20:22:01 ET]
Table 'Sabauda' 6-max Seat #5 is the button
Seat 6: TheLuckyBoys ($100 in chips) is sitting out
Seat 1: Dofredyon ($88.01 in chips) 
Seat 2: Seavus10 ($100 in chips) 
Seat 3: Espada Fish ($101 in chips) 
Seat 5: XneferX ($127.23 in chips) 
Dofredyon: posts small blind $0.50
Seavus10: posts big blind $1
*** HOLE CARDS ***
Espada Fish: folds 
XneferX: raises $1.77 to $2.77
Dofredyon: folds 
Seavus10: folds 
Uncalled bet ($1.77) returned to XneferX
XneferX collected $2.50 from pot
XneferX: doesn't show hand 
*** SUMMARY ***
Total pot $2.50 | Rake $0 
Seat 6: TheLuckyBoys
Seat 1: Dofredyon (small blind) folded before Flop
Seat 2: Seavus10 (big blind) folded before Flop
Seat 3: Espada Fish folded before Flop (didn't bet)
Seat 5: XneferX (button) collected ($2.50)



PokerStars Hand #254728444939:  Hold'em No Limit ($0.50/$1.00 USD) - 2025/02/05 1:22:19 WET [2025/02/05 20:22:19 ET]
Table 'Sabauda' 6-max Seat #1 is the button
Seat 1: Dofredyon ($87.51 in chips) 
Seat 2: Seavus10 ($100 in chips) 
Seat 3: Espada Fish ($101 in chips) 
Seat 5: XneferX ($128.73 in chips) 
Seat 6: TheLuckyBoys ($100 in chips) 
Seavus10: posts small blind $0.50
Espada Fish: posts big blind $1
TheLuckyBoys: posts big blind $1
*** HOLE CARDS ***
XneferX: folds 
TheLuckyBoys: checks 
Dofredyon: calls $1
Seavus10: folds 
Espada Fish: checks 
*** FLOP *** [5c 9s 4c]
Espada Fish: bets $2.49
TheLuckyBoys: calls $2.49
Dofredyon: folds 
*** TURN *** [5c 9s 4c] [Jh]
Espada Fish: checks 
Aqmc joins the table at seat #4 
TheLuckyBoys: bets $5
Espada Fish: calls $5
*** RIVER *** [5c 9s 4c Jh] [5h]
Espada Fish: checks 
TheLuckyBoys: bets $8.78
Espada Fish: calls $8.78
*** SHOW DOWN ***
TheLuckyBoys: shows [4d Js] (two pair, Jacks and Fives)
Espada Fish: mucks hand 
TheLuckyBoys collected $34.24 from pot
*** SUMMARY ***
Total pot $36.04 | Rake $1.80 
Board [5c 9s 4c Jh 5h]
Seat 1: Dofredyon (button) folded on the Flop
Seat 2: Seavus10 (small blind) folded before Flop
Seat 3: Espada Fish (big blind) mucked
Seat 5: XneferX folded before Flop (didn't bet)
Seat 6: TheLuckyBoys showed [4d Js] and won ($34.24) with two pair, Jacks and Fives



PokerStars Hand #254728460152:  Hold'em No Limit ($0.50/$1.00 USD) - 2025/02/05 1:23:49 WET [2025/02/05 20:23:49 ET]
Table 'Sabauda' 6-max Seat #2 is the button
Seat 1: Dofredyon ($100 in chips) 
Seat 2: Seavus10 ($100 in chips) 
Seat 3: Espada Fish ($100 in chips) 
Seat 4: Aqmc ($75 in chips) 
Seat 5: XneferX ($128.73 in chips) 
Seat 6: TheLuckyBoys ($116.97 in chips) 
Espada Fish: posts small blind $0.50
Aqmc: posts big blind $1
*** HOLE CARDS ***
XneferX: folds 
TheLuckyBoys: folds 
Dofredyon: folds 
Seavus10: folds 
Espada Fish: raises $2 to $3
Aqmc: calls $2
*** FLOP *** [8c 6c 5d]
Espada Fish: checks 
Aqmc: bets $3
Espada Fish: calls $3
*** TURN *** [8c 6c 5d] [7s]
Espada Fish: checks 
Aqmc: bets $6.70
Espada Fish: calls $6.70
*** RIVER *** [8c 6c 5d 7s] [4h]
Espada Fish: checks 
Aqmc: bets $17.13
Espada Fish: folds 
Uncalled bet ($17.13) returned to Aqmc
Aqmc collected $24.13 from pot
Aqmc: doesn't show hand 
*** SUMMARY ***
Total pot $25.40 | Rake $1.27 
Board [8c 6c 5d 7s 4h]
Seat 1: Dofredyon folded before Flop (didn't bet)
Seat 2: Seavus10 (button) folded before Flop (didn't bet)
Seat 3: Espada Fish (small blind) folded on the River
Seat 4: Aqmc (big blind) collected ($24.13)
Seat 5: XneferX folded before Flop (didn't bet)
Seat 6: TheLuckyBoys folded before Flop (didn't bet)



PokerStars Hand #254728480458:  Hold'em No Limit ($0.50/$1.00 USD) - 2025/02/05 1:25:49 WET [2025/02/05 20:25:49 ET]
Table 'Sabauda' 6-max Seat #3 is the button
Seat 1: Dofredyon ($100 in chips) 
Seat 2: Seavus10 ($100 in chips) 
Seat 3: Espada Fish ($100 in chips) 
Seat 4: Aqmc ($86.43 in chips) 
Seat 5: XneferX ($128.73 in chips) 
Seat 6: TheLuckyBoys ($116.97 in chips) 
Aqmc: posts small blind $0.50
XneferX: posts big blind $1
*** HOLE CARDS ***
TheLuckyBoys: folds 
Dofredyon: calls $1
Seavus10: folds 
Espada Fish: folds 
Aqmc: folds 
XneferX: checks 
*** FLOP *** [Th Kc 6h]
XneferX: checks 
Dofredyon: bets $2.38
XneferX: folds 
Uncalled bet ($2.38) returned to Dofredyon
Dofredyon collected $2.38 from pot
Dofredyon: doesn't show hand 
*** SUMMARY ***
Total pot $2.50 | Rake $0.12 
Board [Th Kc 6h]
Seat 1: Dofredyon collected ($2.38)
Seat 2: Seavus10 folded before Flop (didn't bet)
Seat 3: Espada Fish (button) folded before Flop (didn't bet)
Seat 4: Aqmc (small blind) folded before Flop
Seat 5: XneferX (big blind) folded on the Flop
Seat 6: TheLuckyBoys folded before Flop (didn't bet)



PokerStars Hand #254728486918:  Hold'em No Limit ($0.50/$1.00 USD) - 2025/02/05 1:26:27 WET [2025/02/05 20:26:27 ET]
Table 'Sabauda' 6-max Seat #4 is the button
Seat 1: Dofredyon ($101.38 in chips) 
Seat 2: Seavus10 ($100 in chips) 
Seat 3: Espada Fish ($100 in chips) 
Seat 4: Aqmc ($85.93 in chips) 
Seat 5: XneferX ($127.73 in chips) 
Seat 6: TheLuckyBoys ($116.97 in chips) 
XneferX: posts small blind $0.50
TheLuckyBoys: posts big blind $1
*** HOLE CARDS ***
Dofredyon: folds 
Seavus10: folds 
Espada Fish: folds 
Aqmc: raises $1.20 to $2.20
XneferX: folds 
TheLuckyBoys: folds 
Uncalled bet ($1.20) returned to Aqmc
Aqmc collected $2.50 from pot
Aqmc: doesn't show hand 
*** SUMMARY ***
Total pot $2.50 | Rake $0 
Seat 1: Dofredyon folded before Flop (didn't bet)
Seat 2: Seavus10 folded before Flop (didn't bet)
Seat 3: Espada Fish folded before Flop (didn't bet)
Seat 4: Aqmc (button) collected ($2.50)
Seat 5: XneferX (small blind) folded before Flop
Seat 6: TheLuckyBoys (big blind) folded before Flop



PokerStars Hand #254728490324:  Hold'em No Limit ($0.50/$1.00 USD) - 2025/02/05 1:26:47 WET [2025/02/05 20:26:47 ET]
Table 'Sabauda' 6-max Seat #5 is the button
Seat 1: Dofredyon ($101.38 in chips) 
Seat 2: Seavus10 ($100 in chips) 
Seat 3: Espada Fish ($100 in chips) 
Seat 4: Aqmc ($87.43 in chips) 
Seat 5: XneferX ($127.23 in chips) 
Seat 6: TheLuckyBoys ($115.97 in chips) 
TheLuckyBoys: posts small blind $0.50
Dofredyon: posts big blind $1
*** HOLE CARDS ***
Seavus10: folds 
Espada Fish: folds 
Aqmc: folds 
XneferX: folds 
TheLuckyBoys: folds 
Uncalled bet ($0.50) returned to Dofredyon
Dofredyon collected $1 from pot
Dofredyon: doesn't show hand 
*** SUMMARY ***
Total pot $1 | Rake $0 
Seat 1: Dofredyon (big blind) collected ($1)
Seat 2: Seavus10 folded before Flop (didn't bet)
Seat 3: Espada Fish folded before Flop (didn't bet)
Seat 4: Aqmc folded before Flop (didn't bet)
Seat 5: XneferX (button) folded before Flop (didn't bet)
Seat 6: TheLuckyBoys (small blind) folded before Flop



PokerStars Hand #254728494304:  Hold'em No Limit ($0.50/$1.00 USD) - 2025/02/05 1:27:11 WET [2025/02/05 20:27:11 ET]
Table 'Sabauda' 6-max Seat #6 is the button
Seat 1: Dofredyon ($101.88 in chips) 
Seat 2: Seavus10 ($100 in chips) 
Seat 3: Espada Fish ($100 in chips) 
Seat 4: Aqmc ($87.43 in chips) 
Seat 5: XneferX ($127.23 in chips) 
Seat 6: TheLuckyBoys ($115.47 in chips) 
Dofredyon: posts small blind $0.50
Seavus10: posts big blind $1
*** HOLE CARDS ***
Espada Fish: folds 
Aqmc: folds 
XneferX: folds 
TheLuckyBoys: raises $2 to $3
Dofredyon: folds 
Seavus10: raises $9.50 to $12.50
TheLuckyBoys: folds 
Uncalled bet ($9.50) returned to Seavus10
Seavus10 collected $6.50 from pot
Seavus10: doesn't show hand 
*** SUMMARY ***
Total pot $6.50 | Rake $0 
Seat 1: Dofredyon (small blind) folded before Flop
Seat 2: Seavus10 (big blind) collected ($6.50)
Seat 3: Espada Fish folded before Flop (didn't bet)
Seat 4: Aqmc folded before Flop (didn't bet)
Seat 5: XneferX folded before Flop (didn't bet)
Seat 6: TheLuckyBoys (button) folded before Flop



PokerStars Hand #254728501096:  Hold'em No Limit ($0.50/$1.00 USD) - 2025/02/05 1:27:51 WET [2025/02/05 20:27:51 ET]
Table 'Sabauda' 6-max Seat #1 is the button
Seat 1: Dofredyon ($101.38 in chips) 
Seat 2: Seavus10 ($103.50 in chips) 
Seat 3: Espada Fish ($100 in chips) 
Seat 4: Aqmc ($87.43 in chips) 
Seat 5: XneferX ($127.23 in chips) 
Seat 6: TheLuckyBoys ($112.47 in chips) 
Seavus10: posts small blind $0.50
Espada Fish: posts big blind $1
*** HOLE CARDS ***
Aqmc: folds 
XneferX: folds 
TheLuckyBoys: folds 
Dofredyon: raises $2 to $3
Seavus10: folds 
Espada Fish: folds 
Uncalled bet ($2) returned to Dofredyon
Dofredyon collected $2.50 from pot
Dofredyon: doesn't show hand 
*** SUMMARY ***
Total pot $2.50 | Rake $0 
Seat 1: Dofredyon (button) collected ($2.50)
Seat 2: Seavus10 (small blind) folded before Flop
Seat 3: Espada Fish (big blind) folded before Flop
Seat 4: Aqmc folded before Flop (didn't bet)
Seat 5: XneferX folded before Flop (didn't bet)
Seat 6: TheLuckyBoys folded before Flop (didn't bet)



PokerStars Hand #254728507665:  Hold'em No Limit ($0.50/$1.00 USD) - 2025/02/05 1:28:30 WET [2025/02/05 20:28:30 ET]
Table 'Sabauda' 6-max Seat #2 is the button
Seat 1: Dofredyon ($102.88 in chips) 
Seat 2: Seavus10 ($103 in chips) 
Seat 3: Espada Fish ($100 in chips) 
Seat 4: Aqmc ($87.43 in chips) 
Seat 5: XneferX ($127.23 in chips) 
Seat 6: TheLuckyBoys ($112.47 in chips) 
Espada Fish: posts small blind $0.50
Aqmc: posts big blind $1
*** HOLE CARDS ***
XneferX: folds 
TheLuckyBoys: folds 
Dofredyon: calls $1
Seavus10: folds 
Espada Fish: raises $4.50 to $5.50
Aqmc: folds 
Dofredyon: raises $12 to $17.50
Espada Fish: raises $17 to $34.50
Dofredyon: calls $17
*** FLOP *** [3s Kd 2s]
Espada Fish: bets $65.50 and is all-in
Dofredyon: folds 
Uncalled bet ($65.50) returned to Espada Fish
Espada Fish collected $67.50 from pot
Espada Fish: doesn't show hand 
*** SUMMARY ***
Total pot $70 | Rake $2.50 
Board [3s Kd 2s]
Seat 1: Dofredyon folded on the Flop
Seat 2: Seavus10 (button) folded before Flop (didn't bet)
Seat 3: Espada Fish (small blind) collected ($67.50)
Seat 4: Aqmc (big blind) folded before Flop
Seat 5: XneferX folded before Flop (didn't bet)
Seat 6: TheLuckyBoys folded before Flop (didn't bet)



PokerStars Hand #254728521964:  Hold'em No Limit ($0.50/$1.00 USD) - 2025/02/05 1:29:55 WET [2025/02/05 20:29:55 ET]
Table 'Sabauda' 6-max Seat #3 is the button
Seat 1: Dofredyon ($68.38 in chips) 
Seat 2: Seavus10 ($103 in chips) 
Seat 3: Espada Fish ($133 in chips) 
Seat 4: Aqmc ($86.43 in chips) 
Seat 5: XneferX ($127.23 in chips) 
Seat 6: TheLuckyBoys ($112.47 in chips) 
Aqmc: posts small blind $0.50
XneferX: posts big blind $1
*** HOLE CARDS ***
TheLuckyBoys: folds 
Dofredyon: folds 
Seavus10: folds 
Espada Fish: folds 
Aqmc: raises $2 to $3
XneferX: folds 
Uncalled bet ($2) returned to Aqmc
Aqmc collected $2 from pot
Aqmc: doesn't show hand 
*** SUMMARY ***
Total pot $2 | Rake $0 
Seat 1: Dofredyon folded before Flop (didn't bet)
Seat 2: Seavus10 folded before Flop (didn't bet)
Seat 3: Espada Fish (button) folded before Flop (didn't bet)
Seat 4: Aqmc (small blind) collected ($2)
Seat 5: XneferX (big blind) folded before Flop
Seat 6: TheLuckyBoys folded before Flop (didn't bet)



PokerStars Hand #254728524582:  Hold'em No Limit ($0.50/$1.00 USD) - 2025/02/05 1:30:11 WET [2025/02/05 20:30:11 ET]
Table 'Sabauda' 6-max Seat #4 is the button
Seat 1: Dofredyon ($83.55 in chips) 
Seat 2: Seavus10 ($103 in chips) 
Seat 3: Espada Fish ($133 in chips) 
Seat 4: Aqmc ($87.43 in chips) 
Seat 5: XneferX ($126.23 in chips) 
Seat 6: TheLuckyBoys ($112.47 in chips) 
XneferX: posts small blind $0.50
TheLuckyBoys: posts big blind $1
*** HOLE CARDS ***
Dofredyon: folds 
Seavus10: raises $1.20 to $2.20
Espada Fish: folds 
Aqmc: folds 
XneferX: folds 
TheLuckyBoys: folds 
Uncalled bet ($1.20) returned to Seavus10
Seavus10 collected $2.50 from pot
Seavus10: doesn't show hand 
*** SUMMARY ***
Total pot $2.50 | Rake $0 
Seat 1: Dofredyon folded before Flop (didn't bet)
Seat 2: Seavus10 collected ($2.50)
Seat 3: Espada Fish folded before Flop (didn't bet)
Seat 4: Aqmc (button) folded before Flop (didn't bet)
Seat 5: XneferX (small blind) folded before Flop
Seat 6: TheLuckyBoys (big blind) folded before Flop



PokerStars Hand #254728526793:  Hold'em No Limit ($0.50/$1.00 USD) - 2025/02/05 1:30:24 WET [2025/02/05 20:30:24 ET]
Table 'Sabauda' 6-max Seat #5 is the button
Seat 1: Dofredyon ($83.55 in chips) 
Seat 2: Seavus10 ($104.50 in chips) 
Seat 3: Espada Fish ($133 in chips) 
Seat 4: Aqmc ($87.43 in chips) 
Seat 5: XneferX ($125.73 in chips) 
Seat 6: TheLuckyBoys ($111.47 in chips) 
TheLuckyBoys: posts small blind $0.50
Dofredyon: posts big blind $1
*** HOLE CARDS ***
Seavus10: raises $1 to $2
Espada Fish: folds 
Aqmc: folds 
XneferX: calls $2
TheLuckyBoys: folds 
Dofredyon: calls $1
*** FLOP *** [Tc Qs Jh]
Dofredyon: checks 
Seavus10: bets $2.04
XneferX: calls $2.04
Dofredyon: folds 
*** TURN *** [Tc Qs Jh] [Qc]
Seavus10: bets $6.73
XneferX: calls $6.73
*** RIVER *** [Tc Qs Jh Qc] [8c]
Seavus10: bets $15.30
XneferX: calls $15.30
*** SHOW DOWN ***
Seavus10: shows [9h Kh] (a straight, Nine to King)
XneferX: mucks hand 
Seavus10 collected $52.14 from pot
*** SUMMARY ***
Total pot $54.64 | Rake $2.50 
Board [Tc Qs Jh Qc 8c]
Seat 1: Dofredyon (big blind) folded on the Flop
Seat 2: Seavus10 showed [9h Kh] and won ($52.14) with a straight, Nine to King
Seat 3: Espada Fish folded before Flop (didn't bet)
Seat 4: Aqmc folded before Flop (didn't bet)
Seat 5: XneferX (button) mucked
Seat 6: TheLuckyBoys (small blind) folded before Flop



PokerStars Hand #254728544965:  Hold'em No Limit ($0.50/$1.00 USD) - 2025/02/05 1:32:12 WET [2025/02/05 20:32:12 ET]
Table 'Sabauda' 6-max Seat #6 is the button
Seat 1: Dofredyon ($81.55 in chips) 
Seat 2: Seavus10 ($130.57 in chips) 
Seat 3: Espada Fish ($133 in chips) 
Seat 4: Aqmc ($87.43 in chips) 
Seat 5: XneferX ($100 in chips) 
Seat 6: TheLuckyBoys ($110.97 in chips) 
Dofredyon: posts small blind $0.50
Seavus10: posts big blind $1
*** HOLE CARDS ***
Espada Fish: folds 
Aqmc: folds 
XneferX: folds 
TheLuckyBoys: folds 
Dofredyon: folds 
Uncalled bet ($0.50) returned to Seavus10
Seavus10 collected $1 from pot
Seavus10: doesn't show hand 
*** SUMMARY ***
Total pot $1 | Rake $0 
Seat 1: Dofredyon (small blind) folded before Flop
Seat 2: Seavus10 (big blind) collected ($1)
Seat 3: Espada Fish folded before Flop (didn't bet)
Seat 4: Aqmc folded before Flop (didn't bet)
Seat 5: XneferX folded before Flop (didn't bet)
Seat 6: TheLuckyBoys (button) folded before Flop (didn't bet)



PokerStars Hand #254728547200:  Hold'em No Limit ($0.50/$1.00 USD) - 2025/02/05 1:32:25 WET [2025/02/05 20:32:25 ET]
Table 'Sabauda' 6-max Seat #1 is the button
Seat 1: Dofredyon ($81.05 in chips) 
Seat 2: Seavus10 ($131.07 in chips) 
Seat 3: Espada Fish ($133 in chips) 
Seat 4: Aqmc ($87.43 in chips) 
Seat 5: XneferX ($100 in chips) 
Seat 6: TheLuckyBoys ($110.97 in chips) 
Seavus10: posts small blind $0.50
Espada Fish: posts big blind $1
*** HOLE CARDS ***
Aqmc: folds 
XneferX: folds 
TheLuckyBoys: folds 
Dofredyon: folds 
Seavus10: folds 
Uncalled bet ($0.50) returned to Espada Fish
Espada Fish collected $1 from pot
Espada Fish: doesn't show hand 
*** SUMMARY ***
Total pot $1 | Rake $0 
Seat 1: Dofredyon (button) folded before Flop (didn't bet)
Seat 2: Seavus10 (small blind) folded before Flop
Seat 3: Espada Fish (big blind) collected ($1)
Seat 4: Aqmc folded before Flop (didn't bet)
Seat 5: XneferX folded before Flop (didn't bet)
Seat 6: TheLuckyBoys folded before Flop (didn't bet)



PokerStars Hand #254728550584:  Hold'em No Limit ($0.50/$1.00 USD) - 2025/02/05 1:32:45 WET [2025/02/05 20:32:45 ET]
Table 'Sabauda' 6-max Seat #2 is the button
Seat 1: Dofredyon ($81.05 in chips) 
Seat 2: Seavus10 ($130.57 in chips) 
Seat 3: Espada Fish ($133.50 in chips) 
Seat 4: Aqmc ($87.43 in chips) 
Seat 5: XneferX ($100 in chips) 
Seat 6: TheLuckyBoys ($110.97 in chips) 
Espada Fish: posts small blind $0.50
Aqmc: posts big blind $1
*** HOLE CARDS ***
XneferX: folds 
TheLuckyBoys: folds 
Dofredyon: folds 
Seavus10: folds 
Espada Fish: folds 
Uncalled bet ($0.50) returned to Aqmc
Aqmc collected $1 from pot
Aqmc: doesn't show hand 
*** SUMMARY ***
Total pot $1 | Rake $0 
Seat 1: Dofredyon folded before Flop (didn't bet)
Seat 2: Seavus10 (button) folded before Flop (didn't bet)
Seat 3: Espada Fish (small blind) folded before Flop
Seat 4: Aqmc (big blind) collected ($1)
Seat 5: XneferX folded before Flop (didn't bet)
Seat 6: TheLuckyBoys folded before Flop (didn't bet)



PokerStars Hand #254728552653:  Hold'em No Limit ($0.50/$1.00 USD) - 2025/02/05 1:32:57 WET [2025/02/05 20:32:57 ET]
Table 'Sabauda' 6-max Seat #3 is the button
Seat 1: Dofredyon ($81.05 in chips) 
Seat 2: Seavus10 ($130.57 in chips) 
Seat 3: Espada Fish ($133 in chips) 
Seat 4: Aqmc ($87.93 in chips) 
Seat 5: XneferX ($100 in chips) 
Seat 6: TheLuckyBoys ($110.97 in chips) 
Aqmc: posts small blind $0.50
XneferX: posts big blind $1
*** HOLE CARDS ***
TheLuckyBoys: folds 
Dofredyon: folds 
Seavus10: folds 
Espada Fish: folds 
Aqmc: folds 
Uncalled bet ($0.50) returned to XneferX
XneferX collected $1 from pot
XneferX: doesn't show hand 
*** SUMMARY ***
Total pot $1 | Rake $0 
Seat 1: Dofredyon folded before Flop (didn't bet)
Seat 2: Seavus10 folded before Flop (didn't bet)
Seat 3: Espada Fish (button) folded before Flop (didn't bet)
Seat 4: Aqmc (small blind) folded before Flop
Seat 5: XneferX (big blind) collected ($1)
Seat 6: TheLuckyBoys folded before Flop (didn't bet)



PokerStars Hand #254728555332:  Hold'em No Limit ($0.50/$1.00 USD) - 2025/02/05 1:33:13 WET [2025/02/05 20:33:13 ET]
Table 'Sabauda' 6-max Seat #4 is the button
Seat 1: Dofredyon ($81.05 in chips) 
Seat 2: Seavus10 ($130.57 in chips) 
Seat 3: Espada Fish ($133 in chips) 
Seat 4: Aqmc ($87.43 in chips) 
Seat 5: XneferX ($100.50 in chips) 
Seat 6: TheLuckyBoys ($110.97 in chips) 
XneferX: posts small blind $0.50
TheLuckyBoys: posts big blind $1
*** HOLE CARDS ***
Dofredyon: calls $1
Seavus10: folds 
Espada Fish: folds 
Aqmc: folds 
XneferX: folds 
TheLuckyBoys: checks 
*** FLOP *** [4h 5c 3s]
TheLuckyBoys: checks 
Dofredyon: checks 
*** TURN *** [4h 5c 3s] [9h]
TheLuckyBoys: bets $2
Dofredyon: folds 
Uncalled bet ($2) returned to TheLuckyBoys
TheLuckyBoys collected $2.38 from pot
TheLuckyBoys: doesn't show hand 
*** SUMMARY ***
Total pot $2.50 | Rake $0.12 
Board [4h 5c 3s 9h]
Seat 1: Dofredyon folded on the Turn
Seat 2: Seavus10 folded before Flop (didn't bet)
Seat 3: Espada Fish folded before Flop (didn't bet)
Seat 4: Aqmc (button) folded before Flop (didn't bet)
Seat 5: XneferX (small blind) folded before Flop
Seat 6: TheLuckyBoys (big blind) collected ($2.38)



PokerStars Hand #254728559569:  Hold'em No Limit ($0.50/$1.00 USD) - 2025/02/05 1:33:38 WET [2025/02/05 20:33:38 ET]
Table 'Sabauda' 6-max Seat #5 is the button
Seat 1: Dofredyon ($80.05 in chips) 
Seat 2: Seavus10 ($130.57 in chips) 
Seat 3: Espada Fish ($133 in chips) 
Seat 4: Aqmc ($87.43 in chips) 
Seat 5: XneferX ($100 in chips) 
Seat 6: TheLuckyBoys ($112.35 in chips) 
TheLuckyBoys: posts small blind $0.50
Dofredyon: posts big blind $1
*** HOLE CARDS ***
Seavus10: folds 
Espada Fish: folds 
Aqmc: folds 
XneferX: raises $1.77 to $2.77
TheLuckyBoys: folds 
Dofredyon: folds 
Uncalled bet ($1.77) returned to XneferX
XneferX collected $2.50 from pot
XneferX: doesn't show hand 
*** SUMMARY ***
Total pot $2.50 | Rake $0 
Seat 1: Dofredyon (big blind) folded before Flop
Seat 2: Seavus10 folded before Flop (didn't bet)
Seat 3: Espada Fish folded before Flop (didn't bet)
Seat 4: Aqmc folded before Flop (didn't bet)
Seat 5: XneferX (button) collected ($2.50)
Seat 6: TheLuckyBoys (small blind) folded before Flop



PokerStars Hand #254728562500:  Hold'em No Limit ($0.50/$1.00 USD) - 2025/02/05 1:33:56 WET [2025/02/05 20:33:56 ET]
Table 'Sabauda' 6-max Seat #6 is the button
Seat 1: Dofredyon ($79.05 in chips) 
Seat 2: Seavus10 ($130.57 in chips) 
Seat 3: Espada Fish ($133 in chips) 
Seat 4: Aqmc ($87.43 in chips) 
Seat 5: XneferX ($101.50 in chips) 
Seat 6: TheLuckyBoys ($111.85 in chips) 
Dofredyon: posts small blind $0.50
Seavus10: posts big blind $1
*** HOLE CARDS ***
Espada Fish: folds 
Aqmc: folds 
XneferX: folds 
TheLuckyBoys: folds 
Dofredyon: calls $0.50
Seavus10: raises $3.50 to $4.50
Dofredyon: folds 
Uncalled bet ($3.50) returned to Seavus10
Seavus10 collected $2 from pot
Seavus10: doesn't show hand 
*** SUMMARY ***
Total pot $2 | Rake $0 
Seat 1: Dofredyon (small blind) folded before Flop
Seat 2: Seavus10 (big blind) collected ($2)
Seat 3: Espada Fish folded before Flop (didn't bet)
Seat 4: Aqmc folded before Flop (didn't bet)
Seat 5: XneferX folded before Flop (didn't bet)
Seat 6: TheLuckyBoys (button) folded before Flop (didn't bet)



PokerStars Hand #254728566673:  Hold'em No Limit ($0.50/$1.00 USD) - 2025/02/05 1:34:20 WET [2025/02/05 20:34:20 ET]
Table 'Sabauda' 6-max Seat #1 is the button
Seat 1: Dofredyon ($78.05 in chips) 
Seat 2: Seavus10 ($131.57 in chips) 
Seat 3: Espada Fish ($133 in chips) 
Seat 4: Aqmc ($87.43 in chips) 
Seat 5: XneferX ($101.50 in chips) 
Seat 6: TheLuckyBoys ($111.85 in chips) 
Seavus10: posts small blind $0.50
Espada Fish: posts big blind $1
*** HOLE CARDS ***
Aqmc: folds 
XneferX: folds 
TheLuckyBoys: folds 
Dofredyon: raises $1 to $2
Seavus10: folds 
Espada Fish: calls $1
*** FLOP *** [Th 8h Ks]
Espada Fish: checks 
Dofredyon: checks 
*** TURN *** [Th 8h Ks] [As]
Espada Fish: checks 
Dofredyon: bets $2.14
Espada Fish: folds 
Uncalled bet ($2.14) returned to Dofredyon
Dofredyon collected $4.28 from pot
Dofredyon: doesn't show hand 
*** SUMMARY ***
Total pot $4.50 | Rake $0.22 
Board [Th 8h Ks As]
Seat 1: Dofredyon (button) collected ($4.28)
Seat 2: Seavus10 (small blind) folded before Flop
Seat 3: Espada Fish (big blind) folded on the Turn
Seat 4: Aqmc folded before Flop (didn't bet)
Seat 5: XneferX folded before Flop (didn't bet)
Seat 6: TheLuckyBoys folded before Flop (didn't bet)



PokerStars Hand #254728573627:  Hold'em No Limit ($0.50/$1.00 USD) - 2025/02/05 1:35:00 WET [2025/02/05 20:35:00 ET]
Table 'Sabauda' 6-max Seat #2 is the button
Seat 1: Dofredyon ($80.33 in chips) 
Seat 2: Seavus10 ($131.07 in chips) 
Seat 3: Espada Fish ($131 in chips) 
Seat 4: Aqmc ($87.43 in chips) 
Seat 5: XneferX ($101.50 in chips) 
Seat 6: TheLuckyBoys ($111.85 in chips) 
Espada Fish: posts small blind $0.50
Aqmc: posts big blind $1
*** HOLE CARDS ***
XneferX: folds 
TheLuckyBoys: folds 
Dofredyon: folds 
Seavus10: folds 
Espada Fish: raises $2 to $3
Aqmc: calls $2
*** FLOP *** [8s 7h 3h]
Espada Fish: checks 
Aqmc: checks 
*** TURN *** [8s 7h 3h] [2s]
Espada Fish: bets $7.58
Aqmc: calls $7.58
*** RIVER *** [8s 7h 3h 2s] [Kc]
Espada Fish: bets $15.08
Aqmc: calls $15.08
*** SHOW DOWN ***
Espada Fish: shows [6d 9d] (high card King)
Aqmc: shows [6h 6c] (a pair of Sixes)
Aqmc collected $48.82 from pot
*** SUMMARY ***
Total pot $51.32 | Rake $2.50 
Board [8s 7h 3h 2s Kc]
Seat 1: Dofredyon folded before Flop (didn't bet)
Seat 2: Seavus10 (button) folded before Flop (didn't bet)
Seat 3: Espada Fish (small blind) showed [6d 9d] and lost with high card King
Seat 4: Aqmc (big blind) showed [6h 6c] and won ($48.82) with a pair of Sixes
Seat 5: XneferX folded before Flop (didn't bet)
Seat 6: TheLuckyBoys folded before Flop (didn't bet)



PokerStars Hand #254728586094:  Hold'em No Limit ($0.50/$1.00 USD) - 2025/02/05 1:36:14 WET [2025/02/05 20:36:14 ET]
Table 'Sabauda' 6-max Seat #3 is the button
Seat 1: Dofredyon ($80.33 in chips) 
Seat 2: Seavus10 ($131.07 in chips) 
Seat 3: Espada Fish ($105.34 in chips) 
Seat 4: Aqmc ($110.59 in chips) 
Seat 5: XneferX ($101.50 in chips) 
Seat 6: TheLuckyBoys ($111.85 in chips) 
Aqmc: posts small blind $0.50
XneferX: posts big blind $1
*** HOLE CARDS ***
TheLuckyBoys: folds 
Dofredyon: calls $1
Seavus10: folds 
Espada Fish: folds 
Aqmc: folds 
XneferX: checks 
*** FLOP *** [5h 8h 9d]
XneferX: bets $1.83
Dofredyon: folds 
Uncalled bet ($1.83) returned to XneferX
XneferX collected $2.38 from pot
XneferX: doesn't show hand 
*** SUMMARY ***
Total pot $2.50 | Rake $0.12 
Board [5h 8h 9d]
Seat 1: Dofredyon folded on the Flop
Seat 2: Seavus10 folded before Flop (didn't bet)
Seat 3: Espada Fish (button) folded before Flop (didn't bet)
Seat 4: Aqmc (small blind) folded before Flop
Seat 5: XneferX (big blind) collected ($2.38)
Seat 6: TheLuckyBoys folded before Flop (didn't bet)



PokerStars Hand #254728592840:  Hold'em No Limit ($0.50/$1.00 USD) - 2025/02/05 1:36:53 WET [2025/02/05 20:36:53 ET]
Table 'Sabauda' 6-max Seat #4 is the button
Seat 1: Dofredyon ($79.33 in chips) 
Seat 2: Seavus10 ($131.07 in chips) 
Seat 3: Espada Fish ($105.34 in chips) 
Seat 4: Aqmc ($110.09 in chips) 
Seat 5: XneferX ($102.88 in chips) 
Seat 6: TheLuckyBoys ($111.85 in chips) 
XneferX: posts small blind $0.50
TheLuckyBoys: posts big blind $1
*** HOLE CARDS ***
Dofredyon: folds 
Seavus10: folds 
Espada Fish: folds 
Aqmc: raises $1 to $2
XneferX: folds 
TheLuckyBoys: calls $1
*** FLOP *** [8h 2d Qh]
TheLuckyBoys: checks 
Aqmc: bets $2
TheLuckyBoys: folds 
Uncalled bet ($2) returned to Aqmc
Aqmc collected $4.28 from pot
Aqmc: doesn't show hand 
*** SUMMARY ***
Total pot $4.50 | Rake $0.22 
Board [8h 2d Qh]
Seat 1: Dofredyon folded before Flop (didn't bet)
Seat 2: Seavus10 folded before Flop (didn't bet)
Seat 3: Espada Fish folded before Flop (didn't bet)
Seat 4: Aqmc (button) collected ($4.28)
Seat 5: XneferX (small blind) folded before Flop
Seat 6: TheLuckyBoys (big blind) folded on the Flop



PokerStars Hand #254728598371:  Hold'em No Limit ($0.50/$1.00 USD) - 2025/02/05 1:37:26 WET [2025/02/05 20:37:26 ET]
Table 'Sabauda' 6-max Seat #5 is the button
Seat 1: Dofredyon ($79.33 in chips) 
Seat 2: Seavus10 ($131.07 in chips) 
Seat 3: Espada Fish ($105.34 in chips) 
Seat 4: Aqmc ($112.37 in chips) 
Seat 5: XneferX ($102.38 in chips) 
Seat 6: TheLuckyBoys ($109.85 in chips) 
TheLuckyBoys: posts small blind $0.50
Dofredyon: posts big blind $1
*** HOLE CARDS ***
Seavus10: raises $1 to $2
Espada Fish: folds 
Aqmc: folds 
XneferX: raises $4 to $6
TheLuckyBoys: folds 
Dofredyon: folds 
Seavus10: raises $12.50 to $18.50
XneferX: calls $12.50
*** FLOP *** [Kd 8s Jh]
Seavus10: bets $9.14
XneferX: calls $9.14
*** TURN *** [Kd 8s Jh] [Ts]
Seavus10: bets $17.91
XneferX: calls $17.91
*** RIVER *** [Kd 8s Jh Ts] [2h]
Seavus10: checks 
XneferX: checks 
*** SHOW DOWN ***
Seavus10: shows [Qs Qc] (a pair of Queens)
XneferX: shows [Kc Ah] (a pair of Kings)
XneferX collected $90.10 from pot
*** SUMMARY ***
Total pot $92.60 | Rake $2.50 
Board [Kd 8s Jh Ts 2h]
Seat 1: Dofredyon (big blind) folded before Flop
Seat 2: Seavus10 showed [Qs Qc] and lost with a pair of Queens
Seat 3: Espada Fish folded before Flop (didn't bet)
Seat 4: Aqmc folded before Flop (didn't bet)
Seat 5: XneferX (button) showed [Kc Ah] and won ($90.10) with a pair of Kings
Seat 6: TheLuckyBoys (small blind) folded before Flop



PokerStars Hand #254728620695:  Hold'em No Limit ($0.50/$1.00 USD) - 2025/02/05 1:39:36 WET [2025/02/05 20:39:36 ET]
Table 'Sabauda' 6-max Seat #6 is the button
Seat 1: Dofredyon ($78.33 in chips) 
Seat 2: Seavus10 ($100 in chips) 
Seat 3: Espada Fish ($105.34 in chips) 
Seat 4: Aqmc ($112.37 in chips) 
Seat 5: XneferX ($146.93 in chips) 
Seat 6: TheLuckyBoys ($109.35 in chips) 
Dofredyon: posts small blind $0.50
Seavus10: posts big blind $1
*** HOLE CARDS ***
Espada Fish: folds 
Aqmc: folds 
XneferX: raises $1.30 to $2.30
TheLuckyBoys: calls $2.30
Dofredyon: folds 
Seavus10: raises $11.25 to $13.55
XneferX: folds 
TheLuckyBoys: folds 
Uncalled bet ($11.25) returned to Seavus10
Seavus10 collected $7.40 from pot
Seavus10: doesn't show hand 
*** SUMMARY ***
Total pot $7.40 | Rake $0 
Seat 1: Dofredyon (small blind) folded before Flop
Seat 2: Seavus10 (big blind) collected ($7.40)
Seat 3: Espada Fish folded before Flop (didn't bet)
Seat 4: Aqmc folded before Flop (didn't bet)
Seat 5: XneferX folded before Flop
Seat 6: TheLuckyBoys (button) folded before Flop



PokerStars Hand #254728627287:  Hold'em No Limit ($0.50/$1.00 USD) - 2025/02/05 1:40:15 WET [2025/02/05 20:40:15 ET]
Table 'Sabauda' 6-max Seat #1 is the button
Seat 1: Dofredyon ($77.83 in chips) 
Seat 2: Seavus10 ($105.10 in chips) 
Seat 3: Espada Fish ($105.34 in chips) 
Seat 4: Aqmc ($112.37 in chips) 
Seat 5: XneferX ($144.63 in chips) 
Seat 6: TheLuckyBoys ($107.05 in chips) 
Seavus10: posts small blind $0.50
Espada Fish: posts big blind $1
*** HOLE CARDS ***
Aqmc: folds 
XneferX: folds 
TheLuckyBoys: folds 
Dofredyon: calls $1
Seavus10: calls $0.50
Espada Fish: raises $4.50 to $5.50
Dofredyon: folds 
Seavus10: folds 
Uncalled bet ($4.50) returned to Espada Fish
Espada Fish collected $3 from pot
Espada Fish: doesn't show hand 
*** SUMMARY ***
Total pot $3 | Rake $0 
Seat 1: Dofredyon (button) folded before Flop
Seat 2: Seavus10 (small blind) folded before Flop
Seat 3: Espada Fish (big blind) collected ($3)
Seat 4: Aqmc folded before Flop (didn't bet)
Seat 5: XneferX folded before Flop (didn't bet)
Seat 6: TheLuckyBoys folded before Flop (didn't bet)



PokerStars Hand #254728630989:  Hold'em No Limit ($0.50/$1.00 USD) - 2025/02/05 1:40:37 WET [2025/02/05 20:40:37 ET]
Table 'Sabauda' 6-max Seat #2 is the button
Seat 1: Dofredyon ($76.83 in chips) 
Seat 2: Seavus10 ($104.10 in chips) 
Seat 3: Espada Fish ($107.34 in chips) 
Seat 4: Aqmc ($112.37 in chips) 
Seat 5: XneferX ($144.63 in chips) 
Seat 6: TheLuckyBoys ($107.05 in chips) 
Espada Fish: posts small blind $0.50
Aqmc: posts big blind $1
*** HOLE CARDS ***
XneferX: folds 
TheLuckyBoys: folds 
Dofredyon: folds 
Seavus10: folds 
Espada Fish: folds 
Uncalled bet ($0.50) returned to Aqmc
Aqmc collected $1 from pot
Aqmc: doesn't show hand 
*** SUMMARY ***
Total pot $1 | Rake $0 
Seat 1: Dofredyon folded before Flop (didn't bet)
Seat 2: Seavus10 (button) folded before Flop (didn't bet)
Seat 3: Espada Fish (small blind) folded before Flop
Seat 4: Aqmc (big blind) collected ($1)
Seat 5: XneferX folded before Flop (didn't bet)
Seat 6: TheLuckyBoys folded before Flop (didn't bet)



PokerStars Hand #254728633423:  Hold'em No Limit ($0.50/$1.00 USD) - 2025/02/05 1:40:51 WET [2025/02/05 20:40:51 ET]
Table 'Sabauda' 6-max Seat #3 is the button
Seat 1: Dofredyon ($76.83 in chips) 
Seat 2: Seavus10 ($104.10 in chips) 
Seat 3: Espada Fish ($106.84 in chips) 
Seat 4: Aqmc ($112.87 in chips) 
Seat 5: XneferX ($144.63 in chips) 
Seat 6: TheLuckyBoys ($107.05 in chips) 
Aqmc: posts small blind $0.50
XneferX: posts big blind $1
*** HOLE CARDS ***
TheLuckyBoys: raises $2 to $3
Dofredyon: folds 
Seavus10: folds 
Espada Fish: folds 
Aqmc: calls $2.50
XneferX: folds 
*** FLOP *** [Ad Tc 4d]
Aqmc: checks 
TheLuckyBoys: bets $3.33
Aqmc: folds 
Uncalled bet ($3.33) returned to TheLuckyBoys
TheLuckyBoys collected $6.65 from pot
TheLuckyBoys: doesn't show hand 
*** SUMMARY ***
Total pot $7 | Rake $0.35 
Board [Ad Tc 4d]
Seat 1: Dofredyon folded before Flop (didn't bet)
Seat 2: Seavus10 folded before Flop (didn't bet)
Seat 3: Espada Fish (button) folded before Flop (didn't bet)
Seat 4: Aqmc (small blind) folded on the Flop
Seat 5: XneferX (big blind) folded before Flop
Seat 6: TheLuckyBoys collected ($6.65)



PokerStars Hand #254728640400:  Hold'em No Limit ($0.50/$1.00 USD) - 2025/02/05 1:41:33 WET [2025/02/05 20:41:33 ET]
Table 'Sabauda' 6-max Seat #4 is the button
Seat 1: Dofredyon ($76.83 in chips) 
Seat 2: Seavus10 ($104.10 in chips) 
Seat 3: Espada Fish ($106.84 in chips) 
Seat 4: Aqmc ($109.87 in chips) 
Seat 5: XneferX ($143.63 in chips) 
Seat 6: TheLuckyBoys ($110.70 in chips) 
XneferX: posts small blind $0.50
TheLuckyBoys: posts big blind $1
*** HOLE CARDS ***
Dofredyon: raises $2 to $3
Seavus10: folds 
Espada Fish: folds 
Aqmc: folds 
XneferX: folds 
TheLuckyBoys: folds 
Uncalled bet ($2) returned to Dofredyon
Dofredyon collected $2.50 from pot
Dofredyon: doesn't show hand 
*** SUMMARY ***
Total pot $2.50 | Rake $0 
Seat 1: Dofredyon collected ($2.50)
Seat 2: Seavus10 folded before Flop (didn't bet)
Seat 3: Espada Fish folded before Flop (didn't bet)
Seat 4: Aqmc (button) folded before Flop (didn't bet)
Seat 5: XneferX (small blind) folded before Flop
Seat 6: TheLuckyBoys (big blind) folded before Flop



PokerStars Hand #254728643040:  Hold'em No Limit ($0.50/$1.00 USD) - 2025/02/05 1:41:49 WET [2025/02/05 20:41:49 ET]
Table 'Sabauda' 6-max Seat #5 is the button
Seat 6: TheLuckyBoys ($109.70 in chips) is sitting out
Seat 1: Dofredyon ($78.33 in chips) 
Seat 2: Seavus10 ($104.10 in chips) 
Seat 3: Espada Fish ($106.84 in chips) 
Seat 4: Aqmc ($109.87 in chips) 
Seat 5: XneferX ($143.13 in chips) 
TheLuckyBoys: is sitting out 
TheLuckyBoys leaves the table
Dofredyon: posts small blind $0.50
Seavus10: posts big blind $1
*** HOLE CARDS ***
Espada Fish: folds 
Aqmc: raises $1 to $2
XneferX: folds 
Dofredyon: folds 
Seavus10: folds 
Uncalled bet ($1) returned to Aqmc
Aqmc collected $2.50 from pot
Aqmc: doesn't show hand 
*** SUMMARY ***
Total pot $2.50 | Rake $0 
Seat 6: TheLuckyBoys
Seat 1: Dofredyon (small blind) folded before Flop
Seat 2: Seavus10 (big blind) folded before Flop
Seat 3: Espada Fish folded before Flop (didn't bet)
Seat 4: Aqmc collected ($2.50)
Seat 5: XneferX (button) folded before Flop (didn't bet)



PokerStars Hand #254728645895:  Hold'em No Limit ($0.50/$1.00 USD) - 2025/02/05 1:42:07 WET [2025/02/05 20:42:07 ET]
Table 'Sabauda' 6-max Seat #1 is the button
Seat 1: Dofredyon ($77.83 in chips) 
Seat 2: Seavus10 ($103.10 in chips) 
Seat 3: Espada Fish ($106.84 in chips) 
Seat 4: Aqmc ($111.37 in chips) 
Seat 5: XneferX ($143.13 in chips) 
Seavus10: posts small blind $0.50
Espada Fish: posts big blind $1
*** HOLE CARDS ***
Aqmc: folds 
XneferX: folds 
Dofredyon: folds 
Seavus10: raises $2 to $3
Espada Fish: folds 
Uncalled bet ($2) returned to Seavus10
Seavus10 collected $2 from pot
Seavus10: doesn't show hand 
*** SUMMARY ***
Total pot $2 | Rake $0 
Seat 1: Dofredyon (button) folded before Flop (didn't bet)
Seat 2: Seavus10 (small blind) collected ($2)
Seat 3: Espada Fish (big blind) folded before Flop
Seat 4: Aqmc folded before Flop (didn't bet)
Seat 5: XneferX folded before Flop (didn't bet)



PokerStars Hand #254728649838:  Hold'em No Limit ($0.50/$1.00 USD) - 2025/02/05 1:42:31 WET [2025/02/05 20:42:31 ET]
Table 'Sabauda' 6-max Seat #2 is the button
Seat 1: Dofredyon ($77.83 in chips) 
Seat 2: Seavus10 ($104.10 in chips) 
Seat 3: Espada Fish ($105.84 in chips) 
Seat 4: Aqmc ($111.37 in chips) 
Seat 5: XneferX ($143.13 in chips) 
Espada Fish: posts small blind $0.50
Aqmc: posts big blind $1
*** HOLE CARDS ***
XneferX: folds 
Dofredyon: folds 
Seavus10: folds 
XneferX leaves the table
Espada Fish: raises $2 to $3
Aqmc: calls $2
*** FLOP *** [7h Qs Th]
fobot21 joins the table at seat #5 
Espada Fish: bets $7.58
Aqmc: calls $7.58
*** TURN *** [7h Qs Th] [4d]
Espada Fish: bets $26.73
Aqmc: calls $26.73
*** RIVER *** [7h Qs Th 4d] [3s]
Espada Fish: bets $68.53 and is all-in
Aqmc: calls $68.53
*** SHOW DOWN ***
Espada Fish: shows [Kd Kh] (a pair of Kings)
Aqmc: shows [Ah Qh] (a pair of Queens)
Espada Fish collected $209.18 from pot
*** SUMMARY ***
Total pot $211.68 | Rake $2.50 
Board [7h Qs Th 4d 3s]
Seat 1: Dofredyon folded before Flop (didn't bet)
Seat 2: Seavus10 (button) folded before Flop (didn't bet)
Seat 3: Espada Fish (small blind) showed [Kd Kh] and won ($209.18) with a pair of Kings
Seat 4: Aqmc (big blind) showed [Ah Qh] and lost with a pair of Queens
Seat 5: XneferX folded before Flop (didn't bet)



PokerStars Hand #254728663928:  Hold'em No Limit ($0.50/$1.00 USD) - 2025/02/05 1:43:57 WET [2025/02/05 20:43:57 ET]
Table 'Sabauda' 6-max Seat #3 is the button
Seat 1: Dofredyon ($77.83 in chips) 
Seat 2: Seavus10 ($104.10 in chips) 
Seat 3: Espada Fish ($209.18 in chips) 
Seat 4: Aqmc ($5.53 in chips) 
Seat 5: fobot21 ($100 in chips) 
Aqmc: posts small blind $0.50
fobot21: posts big blind $1
*** HOLE CARDS ***
Dofredyon: calls $1
Seavus10: raises $3.70 to $4.70
Espada Fish: folds 
Aqmc: folds 
fobot21: calls $3.70
alextony1 joins the table at seat #6 
alextony1 is disconnected 
Dofredyon: calls $3.70
*** FLOP *** [2s 8c Qd]
fobot21: checks 
Aqmc leaves the table
Dofredyon: checks 
Seavus10: bets $4.62
fobot21: folds 
Dofredyon: calls $4.62
*** TURN *** [2s 8c Qd] [2d]
Dofredyon: bets $11.33
Seavus10: folds 
Uncalled bet ($11.33) returned to Dofredyon
Dofredyon collected $22.65 from pot
Dofredyon: doesn't show hand 
*** SUMMARY ***
Total pot $23.84 | Rake $1.19 
Board [2s 8c Qd 2d]
Seat 1: Dofredyon collected ($22.65)
Seat 2: Seavus10 folded on the Turn
Seat 3: Espada Fish (button) folded before Flop (didn't bet)
Seat 4: Aqmc (small blind) folded before Flop
Seat 5: fobot21 (big blind) folded on the Flop



PokerStars Hand #254728681270:  Hold'em No Limit ($0.50/$1.00 USD) - 2025/02/05 1:45:43 WET [2025/02/05 20:45:43 ET]
Table 'Sabauda' 6-max Seat #5 is the button
Seat 6: alextony1 ($100 in chips) is sitting out
Seat 1: Dofredyon ($91.16 in chips) 
Seat 2: Seavus10 ($100 in chips) 
Seat 3: Espada Fish ($209.18 in chips) 
Seat 5: fobot21 ($100 in chips) 
Dofredyon: posts small blind $0.50
Seavus10: posts big blind $1
*** HOLE CARDS ***
Espada Fish: raises $1.20 to $2.20
Joe_Carlos joins the table at seat #4 
fobot21: folds 
Dofredyon: folds 
Seavus10: folds 
Uncalled bet ($1.20) returned to Espada Fish
Espada Fish collected $2.50 from pot
Espada Fish: doesn't show hand 
*** SUMMARY ***
Total pot $2.50 | Rake $0 
Seat 6: alextony1
Seat 1: Dofredyon (small blind) folded before Flop
Seat 2: Seavus10 (big blind) folded before Flop
Seat 3: Espada Fish collected ($2.50)
Seat 5: fobot21 (button) folded before Flop (didn't bet)



PokerStars Hand #254728684916:  Hold'em No Limit ($0.50/$1.00 USD) - 2025/02/05 1:46:05 WET [2025/02/05 20:46:05 ET]
Table 'Sabauda' 6-max Seat #1 is the button
Seat 4: Joe_Carlos ($60 in chips) is sitting out
Seat 6: alextony1 ($100 in chips) is sitting out
Seat 1: Dofredyon ($90.66 in chips) 
Seat 2: Seavus10 ($100 in chips) 
Seat 3: Espada Fish ($210.68 in chips) 
Seat 5: fobot21 ($100 in chips) 
Seavus10: posts small blind $0.50
Espada Fish: posts big blind $1
Joe_Carlos: sits out 
alextony1: sits out 
*** HOLE CARDS ***
fobot21: folds 
Dofredyon: folds 
Seavus10: folds 
Uncalled bet ($0.50) returned to Espada Fish
Espada Fish collected $1 from pot
Espada Fish: doesn't show hand 
*** SUMMARY ***
Total pot $1 | Rake $0 
Seat 4: Joe_Carlos
Seat 6: alextony1
Seat 1: Dofredyon (button) folded before Flop (didn't bet)
Seat 2: Seavus10 (small blind) folded before Flop
Seat 3: Espada Fish (big blind) collected ($1)
Seat 5: fobot21 folded before Flop (didn't bet)



PokerStars Hand #254728686575:  Hold'em No Limit ($0.50/$1.00 USD) - 2025/02/05 1:46:15 WET [2025/02/05 20:46:15 ET]
Table 'Sabauda' 6-max Seat #2 is the button
Seat 6: alextony1 ($100 in chips) is sitting out
Seat 1: Dofredyon ($90.66 in chips) 
Seat 2: Seavus10 ($100 in chips) 
Seat 3: Espada Fish ($211.18 in chips) 
Seat 4: Joe_Carlos ($60 in chips) 
Seat 5: fobot21 ($100 in chips) 
Espada Fish: posts small blind $0.50
Joe_Carlos: posts big blind $1
alextony1: sits out 
*** HOLE CARDS ***
fobot21: folds 
Dofredyon: folds 
Seavus10: raises $1.50 to $2.50
Espada Fish: folds 
Joe_Carlos: folds 
Uncalled bet ($1.50) returned to Seavus10
Seavus10 collected $2.50 from pot
Seavus10: doesn't show hand 
*** SUMMARY ***
Total pot $2.50 | Rake $0 
Seat 6: alextony1
Seat 1: Dofredyon folded before Flop (didn't bet)
Seat 2: Seavus10 (button) collected ($2.50)
Seat 3: Espada Fish (small blind) folded before Flop
Seat 4: Joe_Carlos (big blind) folded before Flop
Seat 5: fobot21 folded before Flop (didn't bet)



PokerStars Hand #254728690972:  Hold'em No Limit ($0.50/$1.00 USD) - 2025/02/05 1:46:42 WET [2025/02/05 20:46:42 ET]
Table 'Sabauda' 6-max Seat #3 is the button
Seat 5: fobot21 ($100 in chips) is sitting out
Seat 1: Dofredyon ($90.66 in chips) 
Seat 2: Seavus10 ($101.50 in chips) 
Seat 3: Espada Fish ($210.68 in chips) 
Seat 4: Joe_Carlos ($59 in chips) 
Seat 6: alextony1 ($100 in chips) 
Joe_Carlos: posts small blind $0.50
fobot21: is sitting out 
alextony1: posts big blind $1
*** HOLE CARDS ***
Dofredyon: calls $1
Seavus10: folds 
Espada Fish: folds 
Joe_Carlos: folds 
alextony1: checks 
*** FLOP *** [Th Ad Ah]
alextony1: checks 
fobot21 leaves the table
Dofredyon: checks 
*** TURN *** [Th Ad Ah] [2s]
alextony1: checks 
Dofredyon: checks 
*** RIVER *** [Th Ad Ah 2s] [Qd]
alextony1: checks 
Dofredyon: bets $2.38
Xenicide joins the table at seat #5 
alextony1: folds 
Uncalled bet ($2.38) returned to Dofredyon
Dofredyon collected $2.38 from pot
Dofredyon: doesn't show hand 
*** SUMMARY ***
Total pot $2.50 | Rake $0.12 
Board [Th Ad Ah 2s Qd]
Seat 5: fobot21
Seat 1: Dofredyon collected ($2.38)
Seat 2: Seavus10 folded before Flop (didn't bet)
Seat 3: Espada Fish (button) folded before Flop (didn't bet)
Seat 4: Joe_Carlos (small blind) folded before Flop
Seat 6: alextony1 (big blind) folded on the River



PokerStars Hand #254728697225:  Hold'em No Limit ($0.50/$1.00 USD) - 2025/02/05 1:47:21 WET [2025/02/05 20:47:21 ET]
Table 'Sabauda' 6-max Seat #4 is the button
Seat 5: Xenicide ($100 in chips) is sitting out
Seat 1: Dofredyon ($92.04 in chips) 
Seat 2: Seavus10 ($101.50 in chips) 
Seat 3: Espada Fish ($210.68 in chips) 
Seat 4: Joe_Carlos ($58.50 in chips) 
Seat 6: alextony1 ($99 in chips) 
alextony1: posts small blind $0.50
Dofredyon: posts big blind $1
*** HOLE CARDS ***
Seavus10: folds 
Espada Fish: folds 
Joe_Carlos: folds 
alextony1: raises $1 to $2
Dofredyon: calls $1
*** FLOP *** [As 8d Qc]
alextony1: checks 
Dofredyon: checks 
*** TURN *** [As 8d Qc] [4s]
alextony1: checks 
Dofredyon: checks 
*** RIVER *** [As 8d Qc 4s] [9c]
alextony1: checks 
Dofredyon: checks 
*** SHOW DOWN ***
alextony1: shows [9d Js] (a pair of Nines)
Dofredyon: mucks hand 
alextony1 collected $3.80 from pot
*** SUMMARY ***
Total pot $4 | Rake $0.20 
Board [As 8d Qc 4s 9c]
Seat 5: Xenicide
Seat 1: Dofredyon (big blind) mucked
Seat 2: Seavus10 folded before Flop (didn't bet)
Seat 3: Espada Fish folded before Flop (didn't bet)
Seat 4: Joe_Carlos (button) folded before Flop (didn't bet)
Seat 6: alextony1 (small blind) showed [9d Js] and won ($3.80) with a pair of Nines



PokerStars Hand #254728702969:  Hold'em No Limit ($0.50/$1.00 USD) - 2025/02/05 1:47:56 WET [2025/02/05 20:47:56 ET]
Table 'Sabauda' 6-max Seat #6 is the button
Seat 5: Xenicide ($100 in chips) is sitting out
Seat 1: Dofredyon ($90.04 in chips) 
Seat 2: Seavus10 ($101.50 in chips) 
Seat 3: Espada Fish ($210.68 in chips) 
Seat 4: Joe_Carlos ($58.50 in chips) 
Seat 6: alextony1 ($100.80 in chips) 
Dofredyon: posts small blind $0.50
Seavus10: posts big blind $1
Xenicide: sits out 
*** HOLE CARDS ***
Espada Fish: folds 
Joe_Carlos: folds 
alextony1: folds 
Dofredyon: calls $0.50
Seavus10: raises $3 to $4
Dofredyon: calls $3
*** FLOP *** [3d 6c 2s]
Dofredyon: checks 
Seavus10: bets $3.80
Dofredyon: folds 
Uncalled bet ($3.80) returned to Seavus10
Seavus10 collected $7.60 from pot
Seavus10: doesn't show hand 
*** SUMMARY ***
Total pot $8 | Rake $0.40 
Board [3d 6c 2s]
Seat 5: Xenicide
Seat 1: Dofredyon (small blind) folded on the Flop
Seat 2: Seavus10 (big blind) collected ($7.60)
Seat 3: Espada Fish folded before Flop (didn't bet)
Seat 4: Joe_Carlos folded before Flop (didn't bet)
Seat 6: alextony1 (button) folded before Flop (didn't bet)



PokerStars Hand #254728711795:  Hold'em No Limit ($0.50/$1.00 USD) - 2025/02/05 1:48:50 WET [2025/02/05 20:48:50 ET]
Table 'Sabauda' 6-max Seat #1 is the button
Seat 5: Xenicide ($100 in chips) is sitting out
Seat 1: Dofredyon ($86.04 in chips) 
Seat 2: Seavus10 ($105.10 in chips) 
Seat 3: Espada Fish ($210.68 in chips) 
Seat 4: Joe_Carlos ($58.50 in chips) 
Seat 6: alextony1 ($100.80 in chips) 
Seavus10: posts small blind $0.50
Espada Fish: posts big blind $1
Xenicide: sits out 
*** HOLE CARDS ***
Joe_Carlos has timed out
Joe_Carlos: folds 
alextony1: folds 
Dofredyon: folds 
Seavus10: raises $2 to $3
Espada Fish: raises $7 to $10
Seavus10: raises $11.99 to $21.99
Espada Fish: folds 
Uncalled bet ($11.99) returned to Seavus10
Seavus10 collected $20 from pot
Seavus10: doesn't show hand 
*** SUMMARY ***
Total pot $20 | Rake $0 
Seat 5: Xenicide
Seat 1: Dofredyon (button) folded before Flop (didn't bet)
Seat 2: Seavus10 (small blind) collected ($20)
Seat 3: Espada Fish (big blind) folded before Flop
Seat 4: Joe_Carlos folded before Flop (didn't bet)
Seat 6: alextony1 folded before Flop (didn't bet)



PokerStars Hand #254728720665:  Hold'em No Limit ($0.50/$1.00 USD) - 2025/02/05 1:49:46 WET [2025/02/05 20:49:46 ET]
Table 'Sabauda' 6-max Seat #2 is the button
Seat 5: Xenicide ($100 in chips) is sitting out
Seat 1: Dofredyon ($86.04 in chips) 
Seat 2: Seavus10 ($115.10 in chips) 
Seat 3: Espada Fish ($200.68 in chips) 
Seat 4: Joe_Carlos ($58.50 in chips) 
Seat 6: alextony1 ($100.80 in chips) 
Espada Fish: posts small blind $0.50
Joe_Carlos: posts big blind $1
Xenicide: sits out 
*** HOLE CARDS ***
alextony1: folds 
Dofredyon: folds 
Seavus10: folds 
Espada Fish: raises $2 to $3
Joe_Carlos: folds 
Uncalled bet ($2) returned to Espada Fish
Espada Fish collected $2 from pot
Espada Fish: doesn't show hand 
*** SUMMARY ***
Total pot $2 | Rake $0 
Seat 5: Xenicide
Seat 1: Dofredyon folded before Flop (didn't bet)
Seat 2: Seavus10 (button) folded before Flop (didn't bet)
Seat 3: Espada Fish (small blind) collected ($2)
Seat 4: Joe_Carlos (big blind) folded before Flop
Seat 6: alextony1 folded before Flop (didn't bet)



PokerStars Hand #254728723838:  Hold'em No Limit ($0.50/$1.00 USD) - 2025/02/05 1:50:06 WET [2025/02/05 20:50:06 ET]
Table 'Sabauda' 6-max Seat #3 is the button
Seat 1: Dofredyon ($86.04 in chips) 
Seat 2: Seavus10 ($115.10 in chips) 
Seat 3: Espada Fish ($201.68 in chips) 
Seat 4: Joe_Carlos ($57.50 in chips) 
Seat 5: Xenicide ($100 in chips) 
Seat 6: alextony1 ($100.80 in chips) 
Joe_Carlos: posts small blind $0.50
Xenicide: posts big blind $1
*** HOLE CARDS ***
alextony1: folds 
Dofredyon: calls $1
Seavus10: folds 
Espada Fish: raises $2.50 to $3.50
Joe_Carlos: folds 
Xenicide: folds 
Dofredyon: calls $2.50
*** FLOP *** [Ah 9s 9d]
Dofredyon: checks 
Espada Fish: bets $2.67
Dofredyon: raises $2.67 to $5.34
Espada Fish: folds 
Uncalled bet ($2.67) returned to Dofredyon
Dofredyon collected $13.15 from pot
Dofredyon: doesn't show hand 
*** SUMMARY ***
Total pot $13.84 | Rake $0.69 
Board [Ah 9s 9d]
Seat 1: Dofredyon collected ($13.15)
Seat 2: Seavus10 folded before Flop (didn't bet)
Seat 3: Espada Fish (button) folded on the Flop
Seat 4: Joe_Carlos (small blind) folded before Flop
Seat 5: Xenicide (big blind) folded before Flop
Seat 6: alextony1 folded before Flop (didn't bet)



PokerStars Hand #254728732329:  Hold'em No Limit ($0.50/$1.00 USD) - 2025/02/05 1:50:58 WET [2025/02/05 20:50:58 ET]
Table 'Sabauda' 6-max Seat #4 is the button
Seat 1: Dofredyon ($93.02 in chips) 
Seat 2: Seavus10 ($115.10 in chips) 
Seat 3: Espada Fish ($195.51 in chips) 
Seat 4: Joe_Carlos ($57 in chips) 
Seat 5: Xenicide ($100 in chips) 
Seat 6: alextony1 ($100.80 in chips) 
Xenicide: posts small blind $0.50
alextony1: posts big blind $1
*** HOLE CARDS ***
Dofredyon: folds 
Seavus10: folds 
Espada Fish: folds 
Joe_Carlos: folds 
Xenicide: folds 
Uncalled bet ($0.50) returned to alextony1
alextony1 collected $1 from pot
*** SUMMARY ***
Total pot $1 | Rake $0 
Seat 1: Dofredyon folded before Flop (didn't bet)
Seat 2: Seavus10 folded before Flop (didn't bet)
Seat 3: Espada Fish folded before Flop (didn't bet)
Seat 4: Joe_Carlos (button) folded before Flop (didn't bet)
Seat 5: Xenicide (small blind) folded before Flop
Seat 6: alextony1 (big blind) collected ($1)



PokerStars Hand #254728734980:  Hold'em No Limit ($0.50/$1.00 USD) - 2025/02/05 1:51:15 WET [2025/02/05 20:51:15 ET]
Table 'Sabauda' 6-max Seat #5 is the button
Seat 1: Dofredyon ($93.02 in chips) 
Seat 2: Seavus10 ($115.10 in chips) 
Seat 3: Espada Fish ($195.51 in chips) 
Seat 4: Joe_Carlos ($57 in chips) 
Seat 5: Xenicide ($100 in chips) 
Seat 6: alextony1 ($101.30 in chips) 
alextony1: posts small blind $0.50
Dofredyon: posts big blind $1
*** HOLE CARDS ***
Seavus10: folds 
Espada Fish: folds 
Joe_Carlos: folds 
Xenicide: raises $1.25 to $2.25
alextony1: calls $1.75
Dofredyon: calls $1.25
*** FLOP *** [8s 2h 9s]
alextony1: checks 
Dofredyon: checks 
Xenicide: checks 
*** TURN *** [8s 2h 9s] [2c]
alextony1: checks 
Dofredyon: checks 
Xenicide: bets $8.01
alextony1: folds 
Dofredyon: folds 
Uncalled bet ($8.01) returned to Xenicide
Xenicide collected $6.41 from pot
Xenicide: doesn't show hand 
*** SUMMARY ***
Total pot $6.75 | Rake $0.34 
Board [8s 2h 9s 2c]
Seat 1: Dofredyon (big blind) folded on the Turn
Seat 2: Seavus10 folded before Flop (didn't bet)
Seat 3: Espada Fish folded before Flop (didn't bet)
Seat 4: Joe_Carlos folded before Flop (didn't bet)
Seat 5: Xenicide (button) collected ($6.41)
Seat 6: alextony1 (small blind) folded on the Turn



PokerStars Hand #254728743202:  Hold'em No Limit ($0.50/$1.00 USD) - 2025/02/05 1:52:07 WET [2025/02/05 20:52:07 ET]
Table 'Sabauda' 6-max Seat #6 is the button
Seat 1: Dofredyon ($90.77 in chips) 
Seat 2: Seavus10 ($115.10 in chips) 
Seat 3: Espada Fish ($195.51 in chips) 
Seat 4: Joe_Carlos ($57 in chips) 
Seat 5: Xenicide ($104.16 in chips) 
Seat 6: alextony1 ($99.05 in chips) 
Dofredyon: posts small blind $0.50
Seavus10: posts big blind $1
*** HOLE CARDS ***
Espada Fish: folds 
Joe_Carlos: folds 
Xenicide: folds 
alextony1: calls $1
Dofredyon: calls $0.50
Seavus10: raises $5 to $6
alextony1: calls $5
Dofredyon: folds 
*** FLOP *** [5d 6h Kc]
Seavus10: bets $4.11
alextony1: folds 
Uncalled bet ($4.11) returned to Seavus10
Seavus10 collected $12.35 from pot
Seavus10: doesn't show hand 
*** SUMMARY ***
Total pot $13 | Rake $0.65 
Board [5d 6h Kc]
Seat 1: Dofredyon (small blind) folded before Flop
Seat 2: Seavus10 (big blind) collected ($12.35)
Seat 3: Espada Fish folded before Flop (didn't bet)
Seat 4: Joe_Carlos folded before Flop (didn't bet)
Seat 5: Xenicide folded before Flop (didn't bet)
Seat 6: alextony1 (button) folded on the Flop



PokerStars Hand #254728784336:  Hold'em No Limit ($0.50/$1.00 USD) - 2025/02/05 1:56:46 WET [2025/02/05 20:56:46 ET]
Table 'Sabauda' 6-max Seat #5 is the button
Seat 1: Dofredyon ($86.77 in chips) 
Seat 2: Seavus10 ($123.30 in chips) 
Seat 3: Espada Fish ($276.53 in chips) 
Seat 4: Joe_Carlos ($55.50 in chips) 
Seat 5: Xenicide ($100 in chips) 
Seat 6: alextony1 ($98.74 in chips) 
alextony1: posts small blind $0.50
Dofredyon: posts big blind $1
*** HOLE CARDS ***
Seavus10: raises $1.50 to $2.50
Espada Fish: folds 
Joe_Carlos: folds 
Xenicide: raises $4.50 to $7
alextony1: folds 
Dofredyon: folds 
Seavus10: folds 
Uncalled bet ($4.50) returned to Xenicide
Xenicide collected $6.50 from pot
*** SUMMARY ***
Total pot $6.50 | Rake $0 
Seat 1: Dofredyon (big blind) folded before Flop
Seat 2: Seavus10 folded before Flop
Seat 3: Espada Fish folded before Flop (didn't bet)
Seat 4: Joe_Carlos folded before Flop (didn't bet)
Seat 5: Xenicide (button) collected ($6.50)
Seat 6: alextony1 (small blind) folded before Flop



PokerStars Hand #254728787796:  Hold'em No Limit ($0.50/$1.00 USD) - 2025/02/05 1:57:13 WET [2025/02/05 20:57:13 ET]
Table 'Sabauda' 6-max Seat #6 is the button
Seat 1: Dofredyon ($85.77 in chips) 
Seat 2: Seavus10 ($120.80 in chips) 
Seat 3: Espada Fish ($276.53 in chips) 
Seat 4: Joe_Carlos ($55.50 in chips) 
Seat 5: Xenicide ($104 in chips) 
Seat 6: alextony1 ($98.24 in chips) 
Dofredyon: posts small blind $0.50
Seavus10: posts big blind $1
*** HOLE CARDS ***
Espada Fish: folds 
Joe_Carlos: folds 
Xenicide: folds 
alextony1: folds 
Dofredyon: calls $0.50
Seavus10: raises $3.50 to $4.50
Dofredyon: calls $3.50
*** FLOP *** [9c 2s 9d]
Dofredyon: bets $8.55
Seavus10: folds 
Uncalled bet ($8.55) returned to Dofredyon
Dofredyon collected $8.55 from pot
Dofredyon: doesn't show hand 
*** SUMMARY ***
Total pot $9 | Rake $0.45 
Board [9c 2s 9d]
Seat 1: Dofredyon (small blind) collected ($8.55)
Seat 2: Seavus10 (big blind) folded on the Flop
Seat 3: Espada Fish folded before Flop (didn't bet)
Seat 4: Joe_Carlos folded before Flop (didn't bet)
Seat 5: Xenicide folded before Flop (didn't bet)
Seat 6: alextony1 (button) folded before Flop (didn't bet)



PokerStars Hand #254728791965:  Hold'em No Limit ($0.50/$1.00 USD) - 2025/02/05 1:57:47 WET [2025/02/05 20:57:47 ET]
Table 'Sabauda' 6-max Seat #1 is the button
Seat 1: Dofredyon ($89.82 in chips) 
Seat 2: Seavus10 ($116.30 in chips) 
Seat 3: Espada Fish ($276.53 in chips) 
Seat 4: Joe_Carlos ($55.50 in chips) 
Seat 5: Xenicide ($104 in chips) 
Seat 6: alextony1 ($98.24 in chips) 
Seavus10: posts small blind $0.50
Espada Fish: posts big blind $1
*** HOLE CARDS ***
Joe_Carlos: folds 
Xenicide: folds 
alextony1: folds 
Dofredyon: folds 
Seavus10: folds 
Uncalled bet ($0.50) returned to Espada Fish
Espada Fish collected $1 from pot
Espada Fish: doesn't show hand 
*** SUMMARY ***
Total pot $1 | Rake $0 
Seat 1: Dofredyon (button) folded before Flop (didn't bet)
Seat 2: Seavus10 (small blind) folded before Flop
Seat 3: Espada Fish (big blind) collected ($1)
Seat 4: Joe_Carlos folded before Flop (didn't bet)
Seat 5: Xenicide folded before Flop (didn't bet)
Seat 6: alextony1 folded before Flop (didn't bet)



PokerStars Hand #254728794122:  Hold'em No Limit ($0.50/$1.00 USD) - 2025/02/05 1:58:05 WET [2025/02/05 20:58:05 ET]
Table 'Sabauda' 6-max Seat #2 is the button
Seat 1: Dofredyon ($89.82 in chips) 
Seat 2: Seavus10 ($115.80 in chips) 
Seat 3: Espada Fish ($277.03 in chips) 
Seat 4: Joe_Carlos ($55.50 in chips) 
Seat 5: Xenicide ($104 in chips) 
Seat 6: alextony1 ($98.24 in chips) 
Espada Fish: posts small blind $0.50
Joe_Carlos: posts big blind $1
*** HOLE CARDS ***
Xenicide: folds 
alextony1: raises $1 to $2
Dofredyon: folds 
Seavus10: folds 
Espada Fish: folds 
Joe_Carlos: folds 
Uncalled bet ($1) returned to alextony1
alextony1 collected $2.50 from pot
*** SUMMARY ***
Total pot $2.50 | Rake $0 
Seat 1: Dofredyon folded before Flop (didn't bet)
Seat 2: Seavus10 (button) folded before Flop (didn't bet)
Seat 3: Espada Fish (small blind) folded before Flop
Seat 4: Joe_Carlos (big blind) folded before Flop
Seat 5: Xenicide folded before Flop (didn't bet)
Seat 6: alextony1 collected ($2.50)



PokerStars Hand #254728797457:  Hold'em No Limit ($0.50/$1.00 USD) - 2025/02/05 1:58:32 WET [2025/02/05 20:58:32 ET]
Table 'Sabauda' 6-max Seat #3 is the button
Seat 1: Dofredyon ($89.82 in chips) 
Seat 2: Seavus10 ($115.80 in chips) 
Seat 3: Espada Fish ($276.53 in chips) 
Seat 4: Joe_Carlos ($54.50 in chips) 
Seat 5: Xenicide ($104 in chips) 
Seat 6: alextony1 ($99.74 in chips) 
Joe_Carlos: posts small blind $0.50
Xenicide: posts big blind $1
*** HOLE CARDS ***
alextony1: raises $1 to $2
Dofredyon: folds 
Seavus10: folds 
Espada Fish: folds 
Joe_Carlos: calls $1.50
Xenicide: folds 
*** FLOP *** [6h 3h Qc]
Joe_Carlos: checks 
alextony1: bets $1
Joe_Carlos: folds 
Uncalled bet ($1) returned to alextony1
alextony1 collected $4.75 from pot
*** SUMMARY ***
Total pot $5 | Rake $0.25 
Board [6h 3h Qc]
Seat 1: Dofredyon folded before Flop (didn't bet)
Seat 2: Seavus10 folded before Flop (didn't bet)
Seat 3: Espada Fish (button) folded before Flop (didn't bet)
Seat 4: Joe_Carlos (small blind) folded on the Flop
Seat 5: Xenicide (big blind) folded before Flop
Seat 6: alextony1 collected ($4.75)



PokerStars Hand #254728802599:  Hold'em No Limit ($0.50/$1.00 USD) - 2025/02/05 1:59:13 WET [2025/02/05 20:59:13 ET]
Table 'Sabauda' 6-max Seat #4 is the button
Seat 1: Dofredyon ($89.82 in chips) 
Seat 2: Seavus10 ($115.80 in chips) 
Seat 3: Espada Fish ($276.53 in chips) 
Seat 4: Joe_Carlos ($52.50 in chips) 
Seat 5: Xenicide ($103 in chips) 
Seat 6: alextony1 ($102.49 in chips) 
Xenicide: posts small blind $0.50
alextony1: posts big blind $1
*** HOLE CARDS ***
Dofredyon: folds 
Seavus10: folds 
Espada Fish: folds 
Joe_Carlos: folds 
Xenicide: raises $2.50 to $3.50
alextony1: folds 
Uncalled bet ($2.50) returned to Xenicide
Xenicide collected $2 from pot
*** SUMMARY ***
Total pot $2 | Rake $0 
Seat 1: Dofredyon folded before Flop (didn't bet)
Seat 2: Seavus10 folded before Flop (didn't bet)
Seat 3: Espada Fish folded before Flop (didn't bet)
Seat 4: Joe_Carlos (button) folded before Flop (didn't bet)
Seat 5: Xenicide (small blind) collected ($2)
Seat 6: alextony1 (big blind) folded before Flop



PokerStars Hand #254728805287:  Hold'em No Limit ($0.50/$1.00 USD) - 2025/02/05 1:59:34 WET [2025/02/05 20:59:34 ET]
Table 'Sabauda' 6-max Seat #5 is the button
Seat 1: Dofredyon ($92.81 in chips) 
Seat 2: Seavus10 ($115.80 in chips) 
Seat 3: Espada Fish ($276.53 in chips) 
Seat 4: Joe_Carlos ($52.50 in chips) 
Seat 5: Xenicide ($104 in chips) 
Seat 6: alextony1 ($101.49 in chips) 
alextony1: posts small blind $0.50
Dofredyon: posts big blind $1
*** HOLE CARDS ***
Seavus10: folds 
Espada Fish: folds 
Joe_Carlos: folds 
Xenicide: folds 
alextony1: raises $2 to $3
Dofredyon: calls $2
*** FLOP *** [9c 3c 6s]
alextony1: bets $2.85
Dofredyon: calls $2.85
*** TURN *** [9c 3c 6s] [As]
alextony1: checks 
Dofredyon: checks 
*** RIVER *** [9c 3c 6s As] [2d]
alextony1: checks 
Dofredyon: bets $11.12
alextony1: calls $11.12
*** SHOW DOWN ***
Dofredyon: shows [7s 8h] (high card Ace)
alextony1: shows [7d 7c] (a pair of Sevens)
alextony1 collected $32.24 from pot
*** SUMMARY ***
Total pot $33.94 | Rake $1.70 
Board [9c 3c 6s As 2d]
Seat 1: Dofredyon (big blind) showed [7s 8h] and lost with high card Ace
Seat 2: Seavus10 folded before Flop (didn't bet)
Seat 3: Espada Fish folded before Flop (didn't bet)
Seat 4: Joe_Carlos folded before Flop (didn't bet)
Seat 5: Xenicide (button) folded before Flop (didn't bet)
Seat 6: alextony1 (small blind) showed [7d 7c] and won ($32.24) with a pair of Sevens



PokerStars Hand #254728809006:  Hold'em No Limit ($0.50/$1.00 USD) - 2025/02/05 2:00:03 WET [2025/02/05 21:00:03 ET]
Table 'Sabauda' 6-max Seat #6 is the button
Seat 1: Dofredyon ($75.84 in chips) 
Seat 2: Seavus10 ($115.80 in chips) 
Seat 3: Espada Fish ($276.53 in chips) 
Seat 4: Joe_Carlos ($52.50 in chips) 
Seat 5: Xenicide ($104 in chips) 
Seat 6: alextony1 ($116.76 in chips) 
Dofredyon: posts small blind $0.50
Seavus10: posts big blind $1
*** HOLE CARDS ***
Espada Fish: raises $1.20 to $2.20
Joe_Carlos: folds 
Xenicide: folds 
alextony1: calls $2.20
Dofredyon: calls $1.70
Seavus10: calls $1.20
*** FLOP *** [8c As Qc]
Dofredyon: checks 
Seavus10: checks 
Espada Fish: checks 
alextony1: checks 
*** TURN *** [8c As Qc] [9h]
Dofredyon: bets $4.18
Seavus10: folds 
Espada Fish: folds 
alextony1: calls $4.18
*** RIVER *** [8c As Qc 9h] [5h]
Dofredyon: bets $8.15
alextony1: raises $8.15 to $16.30
Dofredyon: raises $53.16 to $69.46 and is all-in
alextony1: calls $53.16
*** SHOW DOWN ***
Dofredyon: shows [Js Ts] (a straight, Eight to Queen)
alextony1: shows [Tc Jd] (a straight, Eight to Queen)
Dofredyon collected $76.79 from pot
alextony1 collected $76.79 from pot
*** SUMMARY ***
Total pot $156.08 | Rake $2.50 
Board [8c As Qc 9h 5h]
Seat 1: Dofredyon (small blind) showed [Js Ts] and won ($76.79) with a straight, Eight to Queen
Seat 2: Seavus10 (big blind) folded on the Turn
Seat 3: Espada Fish folded on the Turn
Seat 4: Joe_Carlos folded before Flop (didn't bet)
Seat 5: Xenicide folded before Flop (didn't bet)
Seat 6: alextony1 (button) showed [Tc Jd] and won ($76.79) with a straight, Eight to Queen



PokerStars Hand #254728828533:  Hold'em No Limit ($0.50/$1.00 USD) - 2025/02/05 2:02:13 WET [2025/02/05 21:02:13 ET]
Table 'Sabauda' 6-max Seat #1 is the button
Seat 1: Dofredyon ($76.79 in chips) 
Seat 2: Seavus10 ($113.60 in chips) 
Seat 3: Espada Fish ($274.33 in chips) 
Seat 4: Joe_Carlos ($52.50 in chips) 
Seat 5: Xenicide ($104 in chips) 
Seat 6: alextony1 ($117.71 in chips) 
Seavus10: posts small blind $0.50
Espada Fish: posts big blind $1
*** HOLE CARDS ***
Joe_Carlos: folds 
Xenicide: folds 
alextony1: raises $1 to $2
Dofredyon: folds 
Seavus10: folds 
Espada Fish: folds 
Uncalled bet ($1) returned to alextony1
alextony1 collected $2.50 from pot
*** SUMMARY ***
Total pot $2.50 | Rake $0 
Seat 1: Dofredyon (button) folded before Flop (didn't bet)
Seat 2: Seavus10 (small blind) folded before Flop
Seat 3: Espada Fish (big blind) folded before Flop
Seat 4: Joe_Carlos folded before Flop (didn't bet)
Seat 5: Xenicide folded before Flop (didn't bet)
Seat 6: alextony1 collected ($2.50)



PokerStars Hand #254728831894:  Hold'em No Limit ($0.50/$1.00 USD) - 2025/02/05 2:02:34 WET [2025/02/05 21:02:34 ET]
Table 'Sabauda' 6-max Seat #2 is the button
Seat 1: Dofredyon ($76.79 in chips) 
Seat 2: Seavus10 ($113.10 in chips) 
Seat 3: Espada Fish ($273.33 in chips) 
Seat 4: Joe_Carlos ($52.50 in chips) 
Seat 5: Xenicide ($104 in chips) 
Seat 6: alextony1 ($119.21 in chips) 
Espada Fish: posts small blind $0.50
Joe_Carlos: posts big blind $1
*** HOLE CARDS ***
Xenicide: folds 
alextony1: raises $1 to $2
Dofredyon: folds 
Seavus10: folds 
Espada Fish: folds 
Joe_Carlos: folds 
Uncalled bet ($1) returned to alextony1
alextony1 collected $2.50 from pot
*** SUMMARY ***
Total pot $2.50 | Rake $0 
Seat 1: Dofredyon folded before Flop (didn't bet)
Seat 2: Seavus10 (button) folded before Flop (didn't bet)
Seat 3: Espada Fish (small blind) folded before Flop
Seat 4: Joe_Carlos (big blind) folded before Flop
Seat 5: Xenicide folded before Flop (didn't bet)
Seat 6: alextony1 collected ($2.50)



PokerStars Hand #254728834544:  Hold'em No Limit ($0.50/$1.00 USD) - 2025/02/05 2:02:50 WET [2025/02/05 21:02:50 ET]
Table 'Sabauda' 6-max Seat #3 is the button
Seat 1: Dofredyon ($76.79 in chips) 
Seat 2: Seavus10 ($113.10 in chips) 
Seat 3: Espada Fish ($272.83 in chips) 
Seat 4: Joe_Carlos ($51.50 in chips) 
Seat 5: Xenicide ($104 in chips) 
Seat 6: alextony1 ($120.71 in chips) 
Joe_Carlos: posts small blind $0.50
Xenicide: posts big blind $1
*** HOLE CARDS ***
alextony1: folds 
Dofredyon: raises $1 to $2
Seavus10: raises $5 to $7
Espada Fish: folds 
Joe_Carlos: folds 
Xenicide: folds 
Dofredyon: folds 
Uncalled bet ($5) returned to Seavus10
Seavus10 collected $5.50 from pot
Seavus10: doesn't show hand 
*** SUMMARY ***
Total pot $5.50 | Rake $0 
Seat 1: Dofredyon folded before Flop
Seat 2: Seavus10 collected ($5.50)
Seat 3: Espada Fish (button) folded before Flop (didn't bet)
Seat 4: Joe_Carlos (small blind) folded before Flop
Seat 5: Xenicide (big blind) folded before Flop
Seat 6: alextony1 folded before Flop (didn't bet)



PokerStars Hand #254728837183:  Hold'em No Limit ($0.50/$1.00 USD) - 2025/02/05 2:03:07 WET [2025/02/05 21:03:07 ET]
Table 'Sabauda' 6-max Seat #4 is the button
Seat 1: Dofredyon ($74.79 in chips) 
Seat 2: Seavus10 ($116.60 in chips) 
Seat 3: Espada Fish ($272.83 in chips) 
Seat 4: Joe_Carlos ($51 in chips) 
Seat 5: Xenicide ($103 in chips) 
Seat 6: alextony1 ($120.71 in chips) 
Xenicide: posts small blind $0.50
alextony1: posts big blind $1
*** HOLE CARDS ***
Dofredyon: raises $2.50 to $3.50
Seavus10: folds 
Espada Fish: folds 
Joe_Carlos: folds 
Xenicide: folds 
alextony1: calls $2.50
*** FLOP *** [7c 3c 5h]
alextony1: checks 
Dofredyon: checks 
*** TURN *** [7c 3c 5h] [Jh]
alextony1: checks 
Dofredyon: checks 
*** RIVER *** [7c 3c 5h Jh] [Jc]
alextony1: bets $1
Dofredyon: calls $1
*** SHOW DOWN ***
alextony1: shows [Kd As] (a pair of Jacks)
Dofredyon: mucks hand 
alextony1 collected $9.02 from pot
*** SUMMARY ***
Total pot $9.50 | Rake $0.48 
Board [7c 3c 5h Jh Jc]
Seat 1: Dofredyon mucked
Seat 2: Seavus10 folded before Flop (didn't bet)
Seat 3: Espada Fish folded before Flop (didn't bet)
Seat 4: Joe_Carlos (button) folded before Flop (didn't bet)
Seat 5: Xenicide (small blind) folded before Flop
Seat 6: alextony1 (big blind) showed [Kd As] and won ($9.02) with a pair of Jacks



PokerStars Hand #254728842550:  Hold'em No Limit ($0.50/$1.00 USD) - 2025/02/05 2:03:41 WET [2025/02/05 21:03:41 ET]
Table 'Sabauda' 6-max Seat #5 is the button
Seat 1: Dofredyon ($70.29 in chips) 
Seat 2: Seavus10 ($116.60 in chips) 
Seat 3: Espada Fish ($272.83 in chips) 
Seat 4: Joe_Carlos ($51 in chips) 
Seat 5: Xenicide ($102.50 in chips) 
Seat 6: alextony1 ($125.23 in chips) 
alextony1: posts small blind $0.50
Dofredyon: posts big blind $1
*** HOLE CARDS ***
Seavus10: folds 
Espada Fish: folds 
Joe_Carlos: folds 
Xenicide: folds 
alextony1: raises $1 to $2
Dofredyon: folds 
Uncalled bet ($1) returned to alextony1
alextony1 collected $2 from pot
*** SUMMARY ***
Total pot $2 | Rake $0 
Seat 1: Dofredyon (big blind) folded before Flop
Seat 2: Seavus10 folded before Flop (didn't bet)
Seat 3: Espada Fish folded before Flop (didn't bet)
Seat 4: Joe_Carlos folded before Flop (didn't bet)
Seat 5: Xenicide (button) folded before Flop (didn't bet)
Seat 6: alextony1 (small blind) collected ($2)



PokerStars Hand #254728845671:  Hold'em No Limit ($0.50/$1.00 USD) - 2025/02/05 2:04:00 WET [2025/02/05 21:04:00 ET]
Table 'Sabauda' 6-max Seat #6 is the button
Seat 1: Dofredyon ($69.29 in chips) 
Seat 2: Seavus10 ($116.60 in chips) 
Seat 3: Espada Fish ($272.83 in chips) 
Seat 4: Joe_Carlos ($51 in chips) 
Seat 5: Xenicide ($102.50 in chips) 
Seat 6: alextony1 ($126.23 in chips) 
Dofredyon: posts small blind $0.50
Seavus10: posts big blind $1
*** HOLE CARDS ***
Espada Fish: folds 
Joe_Carlos: folds 
Xenicide: folds 
alextony1: folds 
Dofredyon: folds 
Uncalled bet ($0.50) returned to Seavus10
Seavus10 collected $1 from pot
Seavus10: doesn't show hand 
*** SUMMARY ***
Total pot $1 | Rake $0 
Seat 1: Dofredyon (small blind) folded before Flop
Seat 2: Seavus10 (big blind) collected ($1)
Seat 3: Espada Fish folded before Flop (didn't bet)
Seat 4: Joe_Carlos folded before Flop (didn't bet)
Seat 5: Xenicide folded before Flop (didn't bet)
Seat 6: alextony1 (button) folded before Flop (didn't bet)



PokerStars Hand #254728848873:  Hold'em No Limit ($0.50/$1.00 USD) - 2025/02/05 2:04:21 WET [2025/02/05 21:04:21 ET]
Table 'Sabauda' 6-max Seat #1 is the button
Seat 1: Dofredyon ($68.79 in chips) 
Seat 2: Seavus10 ($117.10 in chips) 
Seat 3: Espada Fish ($272.83 in chips) 
Seat 4: Joe_Carlos ($51 in chips) 
Seat 5: Xenicide ($102.50 in chips) 
Seat 6: alextony1 ($126.23 in chips) 
Seavus10: posts small blind $0.50
Espada Fish: posts big blind $1
*** HOLE CARDS ***
Joe_Carlos: folds 
Xenicide: folds 
alextony1: raises $1 to $2
Dofredyon: folds 
Seavus10: folds 
Espada Fish: folds 
Uncalled bet ($1) returned to alextony1
alextony1 collected $2.50 from pot
*** SUMMARY ***
Total pot $2.50 | Rake $0 
Seat 1: Dofredyon (button) folded before Flop (didn't bet)
Seat 2: Seavus10 (small blind) folded before Flop
Seat 3: Espada Fish (big blind) folded before Flop
Seat 4: Joe_Carlos folded before Flop (didn't bet)
Seat 5: Xenicide folded before Flop (didn't bet)
Seat 6: alextony1 collected ($2.50)



PokerStars Hand #254728851693:  Hold'em No Limit ($0.50/$1.00 USD) - 2025/02/05 2:04:39 WET [2025/02/05 21:04:39 ET]
Table 'Sabauda' 6-max Seat #2 is the button
Seat 1: Dofredyon ($68.79 in chips) 
Seat 2: Seavus10 ($116.60 in chips) 
Seat 3: Espada Fish ($271.83 in chips) 
Seat 4: Joe_Carlos ($51 in chips) 
Seat 5: Xenicide ($102.50 in chips) 
Seat 6: alextony1 ($127.73 in chips) 
Espada Fish: posts small blind $0.50
Joe_Carlos: posts big blind $1
*** HOLE CARDS ***
Xenicide: folds 
alextony1: folds 
Dofredyon: folds 
Seavus10: raises $1.50 to $2.50
Espada Fish: raises $8.50 to $11
Joe_Carlos: folds 
Seavus10: folds 
Uncalled bet ($8.50) returned to Espada Fish
Espada Fish collected $6 from pot
Espada Fish: doesn't show hand 
*** SUMMARY ***
Total pot $6 | Rake $0 
Seat 1: Dofredyon folded before Flop (didn't bet)
Seat 2: Seavus10 (button) folded before Flop
Seat 3: Espada Fish (small blind) collected ($6)
Seat 4: Joe_Carlos (big blind) folded before Flop
Seat 5: Xenicide folded before Flop (didn't bet)
Seat 6: alextony1 folded before Flop (didn't bet)



PokerStars Hand #254728857161:  Hold'em No Limit ($0.50/$1.00 USD) - 2025/02/05 2:05:13 WET [2025/02/05 21:05:13 ET]
Table 'Sabauda' 6-max Seat #3 is the button
Seat 1: Dofredyon ($68.79 in chips) 
Seat 2: Seavus10 ($114.10 in chips) 
Seat 3: Espada Fish ($275.33 in chips) 
Seat 4: Joe_Carlos ($50 in chips) 
Seat 5: Xenicide ($102.50 in chips) 
Seat 6: alextony1 ($127.73 in chips) 
Joe_Carlos: posts small blind $0.50
Xenicide: posts big blind $1
*** HOLE CARDS ***
alextony1: folds 
Dofredyon: folds 
Seavus10: folds 
Espada Fish: raises $1.50 to $2.50
Joe_Carlos: folds 
Xenicide: folds 
Uncalled bet ($1.50) returned to Espada Fish
Espada Fish collected $2.50 from pot
Espada Fish: doesn't show hand 
*** SUMMARY ***
Total pot $2.50 | Rake $0 
Seat 1: Dofredyon folded before Flop (didn't bet)
Seat 2: Seavus10 folded before Flop (didn't bet)
Seat 3: Espada Fish (button) collected ($2.50)
Seat 4: Joe_Carlos (small blind) folded before Flop
Seat 5: Xenicide (big blind) folded before Flop
Seat 6: alextony1 folded before Flop (didn't bet)



PokerStars Hand #254728863451:  Hold'em No Limit ($0.50/$1.00 USD) - 2025/02/05 2:05:53 WET [2025/02/05 21:05:53 ET]
Table 'Sabauda' 6-max Seat #4 is the button
Seat 1: Dofredyon ($68.79 in chips) 
Seat 2: Seavus10 ($114.10 in chips) 
Seat 3: Espada Fish ($276.83 in chips) 
Seat 4: Joe_Carlos ($49.50 in chips) 
Seat 5: Xenicide ($101.50 in chips) 
Seat 6: alextony1 ($127.73 in chips) 
Xenicide: posts small blind $0.50
alextony1: posts big blind $1
*** HOLE CARDS ***
Dofredyon: raises $2.50 to $3.50
Seavus10: folds 
Espada Fish: folds 
Joe_Carlos: folds 
Xenicide: folds 
alextony1: calls $2.50
*** FLOP *** [5c Kd Ad]
alextony1: checks 
Dofredyon: bets $3.56
alextony1: folds 
Uncalled bet ($3.56) returned to Dofredyon
Dofredyon collected $7.12 from pot
Dofredyon: doesn't show hand 
*** SUMMARY ***
Total pot $7.50 | Rake $0.38 
Board [5c Kd Ad]
Seat 1: Dofredyon collected ($7.12)
Seat 2: Seavus10 folded before Flop (didn't bet)
Seat 3: Espada Fish folded before Flop (didn't bet)
Seat 4: Joe_Carlos (button) folded before Flop (didn't bet)
Seat 5: Xenicide (small blind) folded before Flop
Seat 6: alextony1 (big blind) folded on the Flop



PokerStars Hand #254728867382:  Hold'em No Limit ($0.50/$1.00 USD) - 2025/02/05 2:06:18 WET [2025/02/05 21:06:18 ET]
Table 'Sabauda' 6-max Seat #5 is the button
Seat 1: Dofredyon ($72.41 in chips) 
Seat 2: Seavus10 ($114.10 in chips) 
Seat 3: Espada Fish ($276.83 in chips) 
Seat 4: Joe_Carlos ($49.50 in chips) 
Seat 5: Xenicide ($101 in chips) 
Seat 6: alextony1 ($124.23 in chips) 
alextony1: posts small blind $0.50
Dofredyon: posts big blind $1
*** HOLE CARDS ***
Seavus10: folds 
Espada Fish: folds 
Joe_Carlos: folds 
Xenicide: folds 
alextony1: folds 
Uncalled bet ($0.50) returned to Dofredyon
Dofredyon collected $1 from pot
Dofredyon: doesn't show hand 
*** SUMMARY ***
Total pot $1 | Rake $0 
Seat 1: Dofredyon (big blind) collected ($1)
Seat 2: Seavus10 folded before Flop (didn't bet)
Seat 3: Espada Fish folded before Flop (didn't bet)
Seat 4: Joe_Carlos folded before Flop (didn't bet)
Seat 5: Xenicide (button) folded before Flop (didn't bet)
Seat 6: alextony1 (small blind) folded before Flop



PokerStars Hand #254728870954:  Hold'em No Limit ($0.50/$1.00 USD) - 2025/02/05 2:06:41 WET [2025/02/05 21:06:41 ET]
Table 'Sabauda' 6-max Seat #6 is the button
Seat 1: Dofredyon ($72.91 in chips) 
Seat 2: Seavus10 ($114.10 in chips) 
Seat 3: Espada Fish ($276.83 in chips) 
Seat 4: Joe_Carlos ($49.50 in chips) 
Seat 5: Xenicide ($101 in chips) 
Seat 6: alextony1 ($123.73 in chips) 
Dofredyon: posts small blind $0.50
Seavus10: posts big blind $1
*** HOLE CARDS ***
Espada Fish: folds 
Joe_Carlos: folds 
Xenicide: folds 
alextony1: folds 
Dofredyon: calls $0.50
Seavus10: raises $3.50 to $4.50
Dofredyon: calls $3.50
*** FLOP *** [2h 8s 7s]
Dofredyon: bets $4.28
Seavus10: calls $4.28
*** TURN *** [2h 8s 7s] [5h]
Dofredyon: bets $8.34
Seavus10: calls $8.34
*** RIVER *** [2h 8s 7s 5h] [4s]
Dofredyon: bets $16.27
Seavus10: folds 
Uncalled bet ($16.27) returned to Dofredyon
Dofredyon collected $32.53 from pot
Dofredyon: doesn't show hand 
*** SUMMARY ***
Total pot $34.24 | Rake $1.71 
Board [2h 8s 7s 5h 4s]
Seat 1: Dofredyon (small blind) collected ($32.53)
Seat 2: Seavus10 (big blind) folded on the River
Seat 3: Espada Fish folded before Flop (didn't bet)
Seat 4: Joe_Carlos folded before Flop (didn't bet)
Seat 5: Xenicide folded before Flop (didn't bet)
Seat 6: alextony1 (button) folded before Flop (didn't bet)



PokerStars Hand #254728883429:  Hold'em No Limit ($0.50/$1.00 USD) - 2025/02/05 2:08:01 WET [2025/02/05 21:08:01 ET]
Table 'Sabauda' 6-max Seat #1 is the button
Seat 1: Dofredyon ($88.32 in chips) 
Seat 2: Seavus10 ($100 in chips) 
Seat 3: Espada Fish ($276.83 in chips) 
Seat 4: Joe_Carlos ($49.50 in chips) 
Seat 5: Xenicide ($101 in chips) 
Seat 6: alextony1 ($123.73 in chips) 
Seavus10: posts small blind $0.50
Espada Fish: posts big blind $1
*** HOLE CARDS ***
Joe_Carlos: folds 
Xenicide: folds 
alextony1: folds 
Dofredyon: calls $1
Seavus10: folds 
Espada Fish: raises $3 to $4
Dofredyon: calls $3
*** FLOP *** [2h Jc 7h]
Espada Fish: bets $2.67
Dofredyon: folds 
Uncalled bet ($2.67) returned to Espada Fish
Espada Fish collected $8.08 from pot
Espada Fish: doesn't show hand 
*** SUMMARY ***
Total pot $8.50 | Rake $0.42 
Board [2h Jc 7h]
Seat 1: Dofredyon (button) folded on the Flop
Seat 2: Seavus10 (small blind) folded before Flop
Seat 3: Espada Fish (big blind) collected ($8.08)
Seat 4: Joe_Carlos folded before Flop (didn't bet)
Seat 5: Xenicide folded before Flop (didn't bet)
Seat 6: alextony1 folded before Flop (didn't bet)



PokerStars Hand #254728890409:  Hold'em No Limit ($0.50/$1.00 USD) - 2025/02/05 2:08:46 WET [2025/02/05 21:08:46 ET]
Table 'Sabauda' 6-max Seat #2 is the button
Seat 1: Dofredyon ($84.32 in chips) 
Seat 2: Seavus10 ($100 in chips) 
Seat 3: Espada Fish ($280.91 in chips) 
Seat 4: Joe_Carlos ($49.50 in chips) 
Seat 5: Xenicide ($101 in chips) 
Seat 6: alextony1 ($123.73 in chips) 
Espada Fish: posts small blind $0.50
Joe_Carlos: posts big blind $1
*** HOLE CARDS ***
Xenicide: folds 
alextony1: raises $1 to $2
Dofredyon: calls $2
Seavus10: raises $8 to $10
Espada Fish: folds 
Joe_Carlos: folds 
alextony1: folds 
Dofredyon: folds 
Uncalled bet ($8) returned to Seavus10
Seavus10 collected $7.50 from pot
Seavus10: doesn't show hand 
*** SUMMARY ***
Total pot $7.50 | Rake $0 
Seat 1: Dofredyon folded before Flop
Seat 2: Seavus10 (button) collected ($7.50)
Seat 3: Espada Fish (small blind) folded before Flop
Seat 4: Joe_Carlos (big blind) folded before Flop
Seat 5: Xenicide folded before Flop (didn't bet)
Seat 6: alextony1 folded before Flop



PokerStars Hand #254728896551:  Hold'em No Limit ($0.50/$1.00 USD) - 2025/02/05 2:09:26 WET [2025/02/05 21:09:26 ET]
Table 'Sabauda' 6-max Seat #3 is the button
Seat 1: Dofredyon ($82.32 in chips) 
Seat 2: Seavus10 ($105.50 in chips) 
Seat 3: Espada Fish ($280.41 in chips) 
Seat 4: Joe_Carlos ($48.50 in chips) 
Seat 5: Xenicide ($101 in chips) 
Seat 6: alextony1 ($121.73 in chips) 
Joe_Carlos: posts small blind $0.50
Xenicide: posts big blind $1
*** HOLE CARDS ***
alextony1: raises $1 to $2
Dofredyon: folds 
Seavus10: folds 
Espada Fish: folds 
Joe_Carlos: folds 
Xenicide: calls $1
*** FLOP *** [3c 4c 4s]
Xenicide: checks 
alextony1: bets $2
Xenicide: raises $4.55 to $6.55
alextony1: folds 
Uncalled bet ($4.55) returned to Xenicide
Xenicide collected $8.08 from pot
*** SUMMARY ***
Total pot $8.50 | Rake $0.42 
Board [3c 4c 4s]
Seat 1: Dofredyon folded before Flop (didn't bet)
Seat 2: Seavus10 folded before Flop (didn't bet)
Seat 3: Espada Fish (button) folded before Flop (didn't bet)
Seat 4: Joe_Carlos (small blind) folded before Flop
Seat 5: Xenicide (big blind) collected ($8.08)
Seat 6: alextony1 folded on the Flop



PokerStars Hand #254728908921:  Hold'em No Limit ($0.50/$1.00 USD) - 2025/02/05 2:10:47 WET [2025/02/05 21:10:47 ET]
Table 'Sabauda' 6-max Seat #4 is the button
Seat 1: Dofredyon ($82.32 in chips) 
Seat 2: Seavus10 ($105.50 in chips) 
Seat 3: Espada Fish ($280.41 in chips) 
Seat 4: Joe_Carlos ($48 in chips) 
Seat 5: Xenicide ($105.08 in chips) 
Seat 6: alextony1 ($117.73 in chips) 
Xenicide: posts small blind $0.50
alextony1: posts big blind $1
*** HOLE CARDS ***
Dofredyon: calls $1
Seavus10: folds 
Espada Fish: folds 
Joe_Carlos: folds 
Xenicide: folds 
alextony1: checks 
*** FLOP *** [7c Qs 7s]
alextony1: checks 
Dofredyon: checks 
*** TURN *** [7c Qs 7s] [As]
alextony1: checks 
Dofredyon: bets $1
alextony1: folds 
Uncalled bet ($1) returned to Dofredyon
Dofredyon collected $2.38 from pot
Dofredyon: doesn't show hand 
*** SUMMARY ***
Total pot $2.50 | Rake $0.12 
Board [7c Qs 7s As]
Seat 1: Dofredyon collected ($2.38)
Seat 2: Seavus10 folded before Flop (didn't bet)
Seat 3: Espada Fish folded before Flop (didn't bet)
Seat 4: Joe_Carlos (button) folded before Flop (didn't bet)
Seat 5: Xenicide (small blind) folded before Flop
Seat 6: alextony1 (big blind) folded on the Turn



PokerStars Hand #254728914685:  Hold'em No Limit ($0.50/$1.00 USD) - 2025/02/05 2:11:25 WET [2025/02/05 21:11:25 ET]
Table 'Sabauda' 6-max Seat #5 is the button
Seat 1: Dofredyon ($83.70 in chips) 
Seat 2: Seavus10 ($105.50 in chips) 
Seat 3: Espada Fish ($280.41 in chips) 
Seat 4: Joe_Carlos ($48 in chips) 
Seat 5: Xenicide ($104.58 in chips) 
Seat 6: alextony1 ($116.73 in chips) 
alextony1: posts small blind $0.50
Dofredyon: posts big blind $1
*** HOLE CARDS ***
Seavus10: folds 
Espada Fish: folds 
Joe_Carlos: folds 
Xenicide: raises $1.25 to $2.25
alextony1: folds 
Dofredyon: folds 
Uncalled bet ($1.25) returned to Xenicide
Xenicide collected $2.50 from pot
*** SUMMARY ***
Total pot $2.50 | Rake $0 
Seat 1: Dofredyon (big blind) folded before Flop
Seat 2: Seavus10 folded before Flop (didn't bet)
Seat 3: Espada Fish folded before Flop (didn't bet)
Seat 4: Joe_Carlos folded before Flop (didn't bet)
Seat 5: Xenicide (button) collected ($2.50)
Seat 6: alextony1 (small blind) folded before Flop



PokerStars Hand #254728918251:  Hold'em No Limit ($0.50/$1.00 USD) - 2025/02/05 2:11:48 WET [2025/02/05 21:11:48 ET]
Table 'Sabauda' 6-max Seat #6 is the button
Seat 1: Dofredyon ($82.70 in chips) 
Seat 2: Seavus10 ($105.50 in chips) 
Seat 3: Espada Fish ($280.41 in chips) 
Seat 4: Joe_Carlos ($48 in chips) 
Seat 5: Xenicide ($106.08 in chips) 
Seat 6: alextony1 ($116.23 in chips) 
Dofredyon: posts small blind $0.50
Seavus10: posts big blind $1
*** HOLE CARDS ***
Espada Fish: folds 
Joe_Carlos: folds 
Xenicide: folds 
alextony1: folds 
Dofredyon: calls $0.50
Seavus10: checks 
*** FLOP *** [3c 3d 2d]
Dofredyon: checks 
Seavus10: checks 
*** TURN *** [3c 3d 2d] [Ad]
Dofredyon: bets $1.90
Seavus10: folds 
Uncalled bet ($1.90) returned to Dofredyon
Dofredyon collected $1.90 from pot
Dofredyon: doesn't show hand 
*** SUMMARY ***
Total pot $2 | Rake $0.10 
Board [3c 3d 2d Ad]
Seat 1: Dofredyon (small blind) collected ($1.90)
Seat 2: Seavus10 (big blind) folded on the Turn
Seat 3: Espada Fish folded before Flop (didn't bet)
Seat 4: Joe_Carlos folded before Flop (didn't bet)
Seat 5: Xenicide folded before Flop (didn't bet)
Seat 6: alextony1 (button) folded before Flop (didn't bet)



PokerStars Hand #254728923553:  Hold'em No Limit ($0.50/$1.00 USD) - 2025/02/05 2:12:22 WET [2025/02/05 21:12:22 ET]
Table 'Sabauda' 6-max Seat #1 is the button
Seat 1: Dofredyon ($83.60 in chips) 
Seat 2: Seavus10 ($104.50 in chips) 
Seat 3: Espada Fish ($280.41 in chips) 
Seat 4: Joe_Carlos ($48 in chips) 
Seat 5: Xenicide ($106.08 in chips) 
Seat 6: alextony1 ($116.23 in chips) 
Seavus10: posts small blind $0.50
Espada Fish: posts big blind $1
*** HOLE CARDS ***
Joe_Carlos: folds 
Xenicide: raises $1 to $2
alextony1: calls $2
Dofredyon: folds 
Seavus10: folds 
Espada Fish: folds 
*** FLOP *** [9s 2d 3s]
Xenicide: checks 
alextony1: checks 
*** TURN *** [9s 2d 3s] [Jd]
Xenicide: bets $10.50
alextony1: folds 
Uncalled bet ($10.50) returned to Xenicide
Xenicide collected $5.22 from pot
*** SUMMARY ***
Total pot $5.50 | Rake $0.28 
Board [9s 2d 3s Jd]
Seat 1: Dofredyon (button) folded before Flop (didn't bet)
Seat 2: Seavus10 (small blind) folded before Flop
Seat 3: Espada Fish (big blind) folded before Flop
Seat 4: Joe_Carlos folded before Flop (didn't bet)
Seat 5: Xenicide collected ($5.22)
Seat 6: alextony1 folded on the Turn



PokerStars Hand #254728932245:  Hold'em No Limit ($0.50/$1.00 USD) - 2025/02/05 2:13:19 WET [2025/02/05 21:13:19 ET]
Table 'Sabauda' 6-max Seat #2 is the button
Seat 1: Dofredyon ($83.60 in chips) 
Seat 2: Seavus10 ($104 in chips) 
Seat 3: Espada Fish ($279.41 in chips) 
Seat 4: Joe_Carlos ($48 in chips) 
Seat 5: Xenicide ($109.30 in chips) 
Seat 6: alextony1 ($114.23 in chips) 
Espada Fish: posts small blind $0.50
Joe_Carlos: posts big blind $1
*** HOLE CARDS ***
Xenicide: raises $1 to $2
alextony1: calls $2
Dofredyon: folds 
Seavus10: folds 
Espada Fish: raises $12 to $14
Joe_Carlos: folds 
Xenicide: calls $12
alextony1: folds 
*** FLOP *** [7h 4c 9h]
Espada Fish: bets $22.09
Xenicide: folds 
Uncalled bet ($22.09) returned to Espada Fish
Espada Fish collected $29.45 from pot
Espada Fish: doesn't show hand 
*** SUMMARY ***
Total pot $31 | Rake $1.55 
Board [7h 4c 9h]
Seat 1: Dofredyon folded before Flop (didn't bet)
Seat 2: Seavus10 (button) folded before Flop (didn't bet)
Seat 3: Espada Fish (small blind) collected ($29.45)
Seat 4: Joe_Carlos (big blind) folded before Flop
Seat 5: Xenicide folded on the Flop
Seat 6: alextony1 folded before Flop



PokerStars Hand #254728943177:  Hold'em No Limit ($0.50/$1.00 USD) - 2025/02/05 2:14:31 WET [2025/02/05 21:14:31 ET]
Table 'Sabauda' 6-max Seat #3 is the button
Seat 1: Dofredyon ($83.60 in chips) 
Seat 2: Seavus10 ($104 in chips) 
Seat 3: Espada Fish ($294.86 in chips) 
Seat 4: Joe_Carlos ($47 in chips) 
Seat 5: Xenicide ($100 in chips) 
Seat 6: alextony1 ($112.23 in chips) 
Joe_Carlos: posts small blind $0.50
Xenicide: posts big blind $1
*** HOLE CARDS ***
alextony1: folds 
Dofredyon: folds 
Seavus10: folds 
Espada Fish: raises $1.50 to $2.50
Joe_Carlos: folds 
Xenicide: calls $1.50
*** FLOP *** [6d 5d 5h]
Xenicide: checks 
Espada Fish: checks 
*** TURN *** [6d 5d 5h] [Kd]
Xenicide: checks 
Espada Fish: bets $1.72
Xenicide: calls $1.72
*** RIVER *** [6d 5d 5h Kd] [9d]
Xenicide: checks 
Espada Fish: bets $6.37
Xenicide: folds 
Uncalled bet ($6.37) returned to Espada Fish
Espada Fish collected $8.49 from pot
Espada Fish: doesn't show hand 
*** SUMMARY ***
Total pot $8.94 | Rake $0.45 
Board [6d 5d 5h Kd 9d]
Seat 1: Dofredyon folded before Flop (didn't bet)
Seat 2: Seavus10 folded before Flop (didn't bet)
Seat 3: Espada Fish (button) collected ($8.49)
Seat 4: Joe_Carlos (small blind) folded before Flop
Seat 5: Xenicide (big blind) folded on the River
Seat 6: alextony1 folded before Flop (didn't bet)



PokerStars Hand #254728957572:  Hold'em No Limit ($0.50/$1.00 USD) - 2025/02/05 2:16:05 WET [2025/02/05 21:16:05 ET]
Table 'Sabauda' 6-max Seat #4 is the button
Seat 1: Dofredyon ($83.60 in chips) 
Seat 2: Seavus10 ($104 in chips) 
Seat 3: Espada Fish ($299.13 in chips) 
Seat 4: Joe_Carlos ($46.50 in chips) 
Seat 5: Xenicide ($100 in chips) 
Seat 6: alextony1 ($112.23 in chips) 
Xenicide: posts small blind $0.50
alextony1: posts big blind $1
*** HOLE CARDS ***
Dofredyon: folds 
Seavus10: folds 
Espada Fish: folds 
Joe_Carlos has timed out
Joe_Carlos: folds 
Xenicide: raises $2.50 to $3.50
alextony1: calls $2.50
*** FLOP *** [9c 4s 6s]
Xenicide: checks 
alextony1: checks 
*** TURN *** [9c 4s 6s] [Qh]
Xenicide: checks 
alextony1: bets $1
Xenicide: raises $3.03 to $4.03
alextony1: calls $3.03
*** RIVER *** [9c 4s 6s Qh] [As]
Xenicide: checks 
alextony1: bets $7.16
Xenicide: folds 
Uncalled bet ($7.16) returned to alextony1
alextony1 collected $14.31 from pot
*** SUMMARY ***
Total pot $15.06 | Rake $0.75 
Board [9c 4s 6s Qh As]
Seat 1: Dofredyon folded before Flop (didn't bet)
Seat 2: Seavus10 folded before Flop (didn't bet)
Seat 3: Espada Fish folded before Flop (didn't bet)
Seat 4: Joe_Carlos (button) folded before Flop (didn't bet)
Seat 5: Xenicide (small blind) folded on the River
Seat 6: alextony1 (big blind) collected ($14.31)



PokerStars Hand #254728972199:  Hold'em No Limit ($0.50/$1.00 USD) - 2025/02/05 2:17:42 WET [2025/02/05 21:17:42 ET]
Table 'Sabauda' 6-max Seat #5 is the button
Seat 1: Dofredyon ($83.60 in chips) 
Seat 2: Seavus10 ($104 in chips) 
Seat 3: Espada Fish ($299.13 in chips) 
Seat 4: Joe_Carlos ($46.50 in chips) 
Seat 5: Xenicide ($100 in chips) 
Seat 6: alextony1 ($119.01 in chips) 
alextony1: posts small blind $0.50
Dofredyon: posts big blind $1
*** HOLE CARDS ***
Seavus10: folds 
Espada Fish: folds 
Joe_Carlos: folds 
Xenicide: raises $1.25 to $2.25
alextony1: folds 
Dofredyon: calls $1.25
*** FLOP *** [Td 3s Js]
Dofredyon: checks 
Xenicide: bets $1.19
Dofredyon: raises $1.19 to $2.38
Xenicide: calls $1.19
*** TURN *** [Td 3s Js] [6s]
Dofredyon: bets $5
Xenicide: folds 
Uncalled bet ($5) returned to Dofredyon
Dofredyon collected $9.27 from pot
Dofredyon: doesn't show hand 
*** SUMMARY ***
Total pot $9.76 | Rake $0.49 
Board [Td 3s Js 6s]
Seat 1: Dofredyon (big blind) collected ($9.27)
Seat 2: Seavus10 folded before Flop (didn't bet)
Seat 3: Espada Fish folded before Flop (didn't bet)
Seat 4: Joe_Carlos folded before Flop (didn't bet)
Seat 5: Xenicide (button) folded on the Turn
Seat 6: alextony1 (small blind) folded before Flop



PokerStars Hand #254728984970:  Hold'em No Limit ($0.50/$1.00 USD) - 2025/02/05 2:19:06 WET [2025/02/05 21:19:06 ET]
Table 'Sabauda' 6-max Seat #6 is the button
Seat 1: Dofredyon ($88.24 in chips) 
Seat 2: Seavus10 ($104 in chips) 
Seat 3: Espada Fish ($299.13 in chips) 
Seat 4: Joe_Carlos ($46.50 in chips) 
Seat 5: Xenicide ($100 in chips) 
Seat 6: alextony1 ($118.51 in chips) 
Dofredyon: posts small blind $0.50
Seavus10: posts big blind $1
*** HOLE CARDS ***
Espada Fish: folds 
Joe_Carlos: raises $1.50 to $2.50
Xenicide: folds 
alextony1: calls $2.50
Dofredyon: folds 
Seavus10: calls $1.50
*** FLOP *** [Jc Qd Ac]
Seavus10: checks 
Joe_Carlos: bets $2.51
alextony1: calls $2.51
Seavus10: folds 
*** TURN *** [Jc Qd Ac] [Qs]
Joe_Carlos: bets $6.20
alextony1: calls $6.20
*** RIVER *** [Jc Qd Ac Qs] [5c]
Joe_Carlos: checks 
alextony1: checks 
*** SHOW DOWN ***
Joe_Carlos: shows [Ah Td] (two pair, Aces and Queens)
alextony1: mucks hand 
Joe_Carlos collected $24.15 from pot
*** SUMMARY ***
Total pot $25.42 | Rake $1.27 
Board [Jc Qd Ac Qs 5c]
Seat 1: Dofredyon (small blind) folded before Flop
Seat 2: Seavus10 (big blind) folded on the Flop
Seat 3: Espada Fish folded before Flop (didn't bet)
Seat 4: Joe_Carlos showed [Ah Td] and won ($24.15) with two pair, Aces and Queens
Seat 5: Xenicide folded before Flop (didn't bet)
Seat 6: alextony1 (button) mucked



PokerStars Hand #254728995495:  Hold'em No Limit ($0.50/$1.00 USD) - 2025/02/05 2:20:16 WET [2025/02/05 21:20:16 ET]
Table 'Sabauda' 6-max Seat #1 is the button
Seat 1: Dofredyon ($87.74 in chips) 
Seat 2: Seavus10 ($101.50 in chips) 
Seat 3: Espada Fish ($299.13 in chips) 
Seat 4: Joe_Carlos ($59.44 in chips) 
Seat 5: Xenicide ($100 in chips) 
Seat 6: alextony1 ($107.30 in chips) 
Seavus10: posts small blind $0.50
Espada Fish: posts big blind $1
*** HOLE CARDS ***
Joe_Carlos: raises $1.50 to $2.50
Xenicide: folds 
alextony1: calls $2.50
Dofredyon: folds 
Seavus10: folds 
Espada Fish: folds 
*** FLOP *** [Kc 5c Tc]
Joe_Carlos: bets $2.04
alextony1: folds 
Uncalled bet ($2.04) returned to Joe_Carlos
Joe_Carlos collected $6.18 from pot
Joe_Carlos: doesn't show hand 
*** SUMMARY ***
Total pot $6.50 | Rake $0.32 
Board [Kc 5c Tc]
Seat 1: Dofredyon (button) folded before Flop (didn't bet)
Seat 2: Seavus10 (small blind) folded before Flop
Seat 3: Espada Fish (big blind) folded before Flop
Seat 4: Joe_Carlos collected ($6.18)
Seat 5: Xenicide folded before Flop (didn't bet)
Seat 6: alextony1 folded on the Flop



PokerStars Hand #254729001486:  Hold'em No Limit ($0.50/$1.00 USD) - 2025/02/05 2:20:56 WET [2025/02/05 21:20:56 ET]
Table 'Sabauda' 6-max Seat #2 is the button
Seat 1: Dofredyon ($87.74 in chips) 
Seat 2: Seavus10 ($101 in chips) 
Seat 3: Espada Fish ($298.13 in chips) 
Seat 4: Joe_Carlos ($63.12 in chips) 
Seat 5: Xenicide ($100 in chips) 
Seat 6: alextony1 ($104.80 in chips) 
Espada Fish: posts small blind $0.50
Joe_Carlos: posts big blind $1
*** HOLE CARDS ***
Xenicide: folds 
alextony1: folds 
Dofredyon: folds 
Seavus10: folds 
Espada Fish: raises $2 to $3
Joe_Carlos: folds 
Uncalled bet ($2) returned to Espada Fish
Espada Fish collected $2 from pot
Espada Fish: doesn't show hand 
*** SUMMARY ***
Total pot $2 | Rake $0 
Seat 1: Dofredyon folded before Flop (didn't bet)
Seat 2: Seavus10 (button) folded before Flop (didn't bet)
Seat 3: Espada Fish (small blind) collected ($2)
Seat 4: Joe_Carlos (big blind) folded before Flop
Seat 5: Xenicide folded before Flop (didn't bet)
Seat 6: alextony1 folded before Flop (didn't bet)



PokerStars Hand #254729003690:  Hold'em No Limit ($0.50/$1.00 USD) - 2025/02/05 2:21:10 WET [2025/02/05 21:21:10 ET]
Table 'Sabauda' 6-max Seat #3 is the button
Seat 1: Dofredyon ($87.74 in chips) 
Seat 2: Seavus10 ($101 in chips) 
Seat 3: Espada Fish ($299.13 in chips) 
Seat 4: Joe_Carlos ($62.12 in chips) 
Seat 5: Xenicide ($100 in chips) 
Seat 6: alextony1 ($104.80 in chips) 
Joe_Carlos: posts small blind $0.50
Xenicide: posts big blind $1
*** HOLE CARDS ***
alextony1: folds 
Dofredyon: folds 
Seavus10: folds 
Espada Fish: raises $1.50 to $2.50
Joe_Carlos: folds 
Xenicide: folds 
Uncalled bet ($1.50) returned to Espada Fish
Espada Fish collected $2.50 from pot
Espada Fish: doesn't show hand 
*** SUMMARY ***
Total pot $2.50 | Rake $0 
Seat 1: Dofredyon folded before Flop (didn't bet)
Seat 2: Seavus10 folded before Flop (didn't bet)
Seat 3: Espada Fish (button) collected ($2.50)
Seat 4: Joe_Carlos (small blind) folded before Flop
Seat 5: Xenicide (big blind) folded before Flop
Seat 6: alextony1 folded before Flop (didn't bet)



PokerStars Hand #254729008797:  Hold'em No Limit ($0.50/$1.00 USD) - 2025/02/05 2:21:45 WET [2025/02/05 21:21:45 ET]
Table 'Sabauda' 6-max Seat #4 is the button
Seat 1: Dofredyon ($87.74 in chips) 
Seat 2: Seavus10 ($101 in chips) 
Seat 3: Espada Fish ($300.63 in chips) 
Seat 4: Joe_Carlos ($61.62 in chips) 
Seat 5: Xenicide ($100 in chips) 
Seat 6: alextony1 ($104.80 in chips) 
Xenicide: posts small blind $0.50
alextony1: posts big blind $1
*** HOLE CARDS ***
Dofredyon has timed out
Dofredyon: folds 
Seavus10: folds 
Espada Fish: folds 
Joe_Carlos: folds 
Xenicide: folds 
Uncalled bet ($0.50) returned to alextony1
alextony1 collected $1 from pot
*** SUMMARY ***
Total pot $1 | Rake $0 
Seat 1: Dofredyon folded before Flop (didn't bet)
Seat 2: Seavus10 folded before Flop (didn't bet)
Seat 3: Espada Fish folded before Flop (didn't bet)
Seat 4: Joe_Carlos (button) folded before Flop (didn't bet)
Seat 5: Xenicide (small blind) folded before Flop
Seat 6: alextony1 (big blind) collected ($1)



PokerStars Hand #254729012488:  Hold'em No Limit ($0.50/$1.00 USD) - 2025/02/05 2:22:10 WET [2025/02/05 21:22:10 ET]
Table 'Sabauda' 6-max Seat #5 is the button
Seat 1: Dofredyon ($87.74 in chips) is sitting out
Seat 2: Seavus10 ($101 in chips) 
Seat 3: Espada Fish ($300.63 in chips) 
Seat 4: Joe_Carlos ($61.62 in chips) 
Seat 5: Xenicide ($100 in chips) 
Seat 6: alextony1 ($105.30 in chips) 
alextony1: posts small blind $0.50
Seavus10: posts big blind $1
*** HOLE CARDS ***
Espada Fish: folds 
Joe_Carlos: folds 
Xenicide: folds 
alextony1: folds 
Uncalled bet ($0.50) returned to Seavus10
Seavus10 collected $1 from pot
Seavus10: doesn't show hand 
*** SUMMARY ***
Total pot $1 | Rake $0 
Seat 1: Dofredyon
Seat 2: Seavus10 (big blind) collected ($1)
Seat 3: Espada Fish folded before Flop (didn't bet)
Seat 4: Joe_Carlos folded before Flop (didn't bet)
Seat 5: Xenicide (button) folded before Flop (didn't bet)
Seat 6: alextony1 (small blind) folded before Flop



PokerStars Hand #254729014423:  Hold'em No Limit ($0.50/$1.00 USD) - 2025/02/05 2:22:23 WET [2025/02/05 21:22:23 ET]
Table 'Sabauda' 6-max Seat #6 is the button
Seat 1: Dofredyon ($87.74 in chips) is sitting out
Seat 2: Seavus10 ($101.50 in chips) 
Seat 3: Espada Fish ($300.63 in chips) 
Seat 4: Joe_Carlos ($61.62 in chips) 
Seat 5: Xenicide ($100 in chips) 
Seat 6: alextony1 ($104.80 in chips) 
Seavus10: posts small blind $0.50
Espada Fish: posts big blind $1
*** HOLE CARDS ***
Joe_Carlos: folds 
Xenicide: folds 
alextony1: folds 
Seavus10: folds 
Uncalled bet ($0.50) returned to Espada Fish
Espada Fish collected $1 from pot
Espada Fish: doesn't show hand 
*** SUMMARY ***
Total pot $1 | Rake $0 
Seat 1: Dofredyon
Seat 2: Seavus10 (small blind) folded before Flop
Seat 3: Espada Fish (big blind) collected ($1)
Seat 4: Joe_Carlos folded before Flop (didn't bet)
Seat 5: Xenicide folded before Flop (didn't bet)
Seat 6: alextony1 (button) folded before Flop (didn't bet)



PokerStars Hand #254729016984:  Hold'em No Limit ($0.50/$1.00 USD) - 2025/02/05 2:22:40 WET [2025/02/05 21:22:40 ET]
Table 'Sabauda' 6-max Seat #2 is the button
Seat 1: Dofredyon ($87.74 in chips) 
Seat 2: Seavus10 ($101 in chips) 
Seat 3: Espada Fish ($301.13 in chips) 
Seat 4: Joe_Carlos ($61.62 in chips) 
Seat 5: Xenicide ($100 in chips) 
Seat 6: alextony1 ($104.80 in chips) 
Espada Fish: posts small blind $0.50
Joe_Carlos: posts big blind $1
Dofredyon: posts small & big blinds $1.50
*** HOLE CARDS ***
Xenicide: folds 
alextony1: raises $1 to $2
Dofredyon: folds 
Seavus10: folds 
Espada Fish: folds 
Joe_Carlos: folds 
Uncalled bet ($1) returned to alextony1
alextony1 collected $4 from pot
*** SUMMARY ***
Total pot $4 | Rake $0 
Seat 1: Dofredyon folded before Flop (didn't bet)
Seat 2: Seavus10 (button) folded before Flop (didn't bet)
Seat 3: Espada Fish (small blind) folded before Flop
Seat 4: Joe_Carlos (big blind) folded before Flop
Seat 5: Xenicide folded before Flop (didn't bet)
Seat 6: alextony1 collected ($4)



PokerStars Hand #254729022412:  Hold'em No Limit ($0.50/$1.00 USD) - 2025/02/05 2:23:17 WET [2025/02/05 21:23:17 ET]
Table 'Sabauda' 6-max Seat #3 is the button
Seat 1: Dofredyon ($86.24 in chips) 
Seat 2: Seavus10 ($101 in chips) 
Seat 3: Espada Fish ($300.63 in chips) 
Seat 4: Joe_Carlos ($60.62 in chips) 
Seat 5: Xenicide ($100 in chips) 
Seat 6: alextony1 ($107.80 in chips) 
Joe_Carlos: posts small blind $0.50
Xenicide: posts big blind $1
*** HOLE CARDS ***
alextony1: calls $1
Dofredyon: folds 
Seavus10: folds 
Espada Fish: folds 
Joe_Carlos: folds 
Xenicide: raises $8 to $9
alextony1: folds 
Uncalled bet ($8) returned to Xenicide
Xenicide collected $2.50 from pot
*** SUMMARY ***
Total pot $2.50 | Rake $0 
Seat 1: Dofredyon folded before Flop (didn't bet)
Seat 2: Seavus10 folded before Flop (didn't bet)
Seat 3: Espada Fish (button) folded before Flop (didn't bet)
Seat 4: Joe_Carlos (small blind) folded before Flop
Seat 5: Xenicide (big blind) collected ($2.50)
Seat 6: alextony1 folded before Flop



PokerStars Hand #254729025143:  Hold'em No Limit ($0.50/$1.00 USD) - 2025/02/05 2:23:36 WET [2025/02/05 21:23:36 ET]
Table 'Sabauda' 6-max Seat #4 is the button
Seat 1: Dofredyon ($86.24 in chips) 
Seat 2: Seavus10 ($101 in chips) 
Seat 3: Espada Fish ($300.63 in chips) 
Seat 4: Joe_Carlos ($60.12 in chips) 
Seat 5: Xenicide ($101.50 in chips) 
Seat 6: alextony1 ($106.80 in chips) 
Xenicide: posts small blind $0.50
alextony1: posts big blind $1
*** HOLE CARDS ***
Dofredyon: folds 
Seavus10: folds 
Espada Fish: folds 
Joe_Carlos: folds 
Xenicide: raises $2.50 to $3.50
alextony1: folds 
Uncalled bet ($2.50) returned to Xenicide
Xenicide collected $2 from pot
*** SUMMARY ***
Total pot $2 | Rake $0 
Seat 1: Dofredyon folded before Flop (didn't bet)
Seat 2: Seavus10 folded before Flop (didn't bet)
Seat 3: Espada Fish folded before Flop (didn't bet)
Seat 4: Joe_Carlos (button) folded before Flop (didn't bet)
Seat 5: Xenicide (small blind) collected ($2)
Seat 6: alextony1 (big blind) folded before Flop



PokerStars Hand #254729028256:  Hold'em No Limit ($0.50/$1.00 USD) - 2025/02/05 2:23:58 WET [2025/02/05 21:23:58 ET]
Table 'Sabauda' 6-max Seat #5 is the button
Seat 1: Dofredyon ($86.24 in chips) 
Seat 2: Seavus10 ($101 in chips) 
Seat 3: Espada Fish ($300.63 in chips) 
Seat 4: Joe_Carlos ($60.12 in chips) 
Seat 5: Xenicide ($102.50 in chips) 
Seat 6: alextony1 ($105.80 in chips) 
alextony1: posts small blind $0.50
Dofredyon: posts big blind $1
*** HOLE CARDS ***
Seavus10: folds 
Espada Fish: folds 
Joe_Carlos: folds 
Xenicide: raises $1.25 to $2.25
alextony1: folds 
Dofredyon: calls $1.25
*** FLOP *** [2s Ad 4d]
Dofredyon: checks 
Xenicide: bets $1.19
Dofredyon: calls $1.19
*** TURN *** [2s Ad 4d] [Ts]
Dofredyon: checks 
Xenicide: checks 
*** RIVER *** [2s Ad 4d Ts] [2h]
Dofredyon: bets $7.01
Xenicide: calls $7.01
*** SHOW DOWN ***
Dofredyon: shows [Qd Ac] (two pair, Aces and Deuces)
Xenicide: mucks hand 
Dofredyon collected $20.33 from pot
*** SUMMARY ***
Total pot $21.40 | Rake $1.07 
Board [2s Ad 4d Ts 2h]
Seat 1: Dofredyon (big blind) showed [Qd Ac] and won ($20.33) with two pair, Aces and Deuces
Seat 2: Seavus10 folded before Flop (didn't bet)
Seat 3: Espada Fish folded before Flop (didn't bet)
Seat 4: Joe_Carlos folded before Flop (didn't bet)
Seat 5: Xenicide (button) mucked
Seat 6: alextony1 (small blind) folded before Flop



PokerStars Hand #254729036923:  Hold'em No Limit ($0.50/$1.00 USD) - 2025/02/05 2:24:57 WET [2025/02/05 21:24:57 ET]
Table 'Sabauda' 6-max Seat #6 is the button
Seat 1: Dofredyon ($96.12 in chips) 
Seat 2: Seavus10 ($101 in chips) 
Seat 3: Espada Fish ($300.63 in chips) 
Seat 4: Joe_Carlos ($60.12 in chips) 
Seat 5: Xenicide ($100 in chips) 
Seat 6: alextony1 ($105.30 in chips) 
Dofredyon: posts small blind $0.50
Seavus10: posts big blind $1
*** HOLE CARDS ***
Espada Fish: folds 
Joe_Carlos: folds 
Xenicide: folds 
alextony1: folds 
Dofredyon: calls $0.50
Seavus10: checks 
*** FLOP *** [2s 7s 8h]
Dofredyon: checks 
Seavus10: checks 
*** TURN *** [2s 7s 8h] [2h]
Dofredyon: checks 
Seavus10: checks 
*** RIVER *** [2s 7s 8h 2h] [8s]
Dofredyon: bets $95.12 and is all-in
Seavus10: folds 
Uncalled bet ($95.12) returned to Dofredyon
Dofredyon collected $1.90 from pot
Dofredyon: doesn't show hand 
*** SUMMARY ***
Total pot $2 | Rake $0.10 
Board [2s 7s 8h 2h 8s]
Seat 1: Dofredyon (small blind) collected ($1.90)
Seat 2: Seavus10 (big blind) folded on the River
Seat 3: Espada Fish folded before Flop (didn't bet)
Seat 4: Joe_Carlos folded before Flop (didn't bet)
Seat 5: Xenicide folded before Flop (didn't bet)
Seat 6: alextony1 (button) folded before Flop (didn't bet)



PokerStars Hand #254729043063:  Hold'em No Limit ($0.50/$1.00 USD) - 2025/02/05 2:25:40 WET [2025/02/05 21:25:40 ET]
Table 'Sabauda' 6-max Seat #1 is the button
Seat 3: Espada Fish ($300.63 in chips) is sitting out
Seat 1: Dofredyon ($97.02 in chips) 
Seat 2: Seavus10 ($100 in chips) 
Seat 4: Joe_Carlos ($60.12 in chips) 
Seat 5: Xenicide ($100 in chips) 
Seat 6: alextony1 ($105.30 in chips) 
Seavus10: posts small blind $0.50
Espada Fish: is sitting out 
Joe_Carlos: posts big blind $1
*** HOLE CARDS ***
Espada Fish leaves the table
shootingGRID joins the table at seat #3 
Xenicide: folds 
alextony1: folds 
Dofredyon: calls $1
Seavus10: folds 
Joe_Carlos: checks 
*** FLOP *** [Js 5d Jc]
Joe_Carlos: checks 
Dofredyon: checks 
*** TURN *** [Js 5d Jc] [9s]
Joe_Carlos: checks 
Dofredyon: checks 
*** RIVER *** [Js 5d Jc 9s] [6d]
Joe_Carlos: checks 
Dofredyon: checks 
*** SHOW DOWN ***
Joe_Carlos: shows [2h Qd] (a pair of Jacks)
Dofredyon: shows [Qc Ac] (a pair of Jacks - Ace kicker)
Dofredyon collected $2.38 from pot
*** SUMMARY ***
Total pot $2.50 | Rake $0.12 
Board [Js 5d Jc 9s 6d]
Seat 3: Espada Fish
Seat 1: Dofredyon (button) showed [Qc Ac] and won ($2.38) with a pair of Jacks
Seat 2: Seavus10 (small blind) folded before Flop
Seat 4: Joe_Carlos (big blind) showed [2h Qd] and lost with a pair of Jacks
Seat 5: Xenicide folded before Flop (didn't bet)
Seat 6: alextony1 folded before Flop (didn't bet)



PokerStars Hand #254729054152:  Hold'em No Limit ($0.50/$1.00 USD) - 2025/02/05 2:26:56 WET [2025/02/05 21:26:56 ET]
Table 'Sabauda' 6-max Seat #2 is the button
Seat 3: shootingGRID ($100 in chips) is sitting out
Seat 1: Dofredyon ($98.40 in chips) 
Seat 2: Seavus10 ($100 in chips) 
Seat 4: Joe_Carlos ($59.12 in chips) 
Seat 5: Xenicide ($100 in chips) 
Seat 6: alextony1 ($105.30 in chips) 
Joe_Carlos: posts small blind $0.50
Xenicide: posts big blind $1
*** HOLE CARDS ***
alextony1: folds 
Dofredyon: folds 
Seavus10: raises $1.50 to $2.50
Joe_Carlos: calls $2
Xenicide: folds 
*** FLOP *** [Td 8h 6s]
Joe_Carlos: checks 
Seavus10: bets $1.90
Joe_Carlos: calls $1.90
*** TURN *** [Td 8h 6s] [6h]
Joe_Carlos: checks 
Seavus10: bets $6.98
Joe_Carlos: folds 
Uncalled bet ($6.98) returned to Seavus10
Seavus10 collected $9.31 from pot
Seavus10: doesn't show hand 
*** SUMMARY ***
Total pot $9.80 | Rake $0.49 
Board [Td 8h 6s 6h]
Seat 3: shootingGRID
Seat 1: Dofredyon folded before Flop (didn't bet)
Seat 2: Seavus10 (button) collected ($9.31)
Seat 4: Joe_Carlos (small blind) folded on the Turn
Seat 5: Xenicide (big blind) folded before Flop
Seat 6: alextony1 folded before Flop (didn't bet)



PokerStars Hand #254729062283:  Hold'em No Limit ($0.50/$1.00 USD) - 2025/02/05 2:27:53 WET [2025/02/05 21:27:53 ET]
Table 'Sabauda' 6-max Seat #4 is the button
Seat 3: shootingGRID ($100 in chips) is sitting out
Seat 1: Dofredyon ($98.40 in chips) 
Seat 2: Seavus10 ($104.91 in chips) 
Seat 4: Joe_Carlos ($54.72 in chips) 
Seat 5: Xenicide ($100 in chips) 
Seat 6: alextony1 ($105.30 in chips) 
Xenicide: posts small blind $0.50
alextony1: posts big blind $1
shootingGRID: sits out 
*** HOLE CARDS ***
Dofredyon: calls $1
Seavus10: folds 
Joe_Carlos: folds 
Xenicide: folds 
alextony1: checks 
*** FLOP *** [5d Th 5h]
alextony1: checks 
Dofredyon: checks 
*** TURN *** [5d Th 5h] [9s]
alextony1: checks 
Dofredyon: checks 
*** RIVER *** [5d Th 5h 9s] [Ks]
alextony1: bets $1
Dofredyon: folds 
Uncalled bet ($1) returned to alextony1
alextony1 collected $2.38 from pot
*** SUMMARY ***
Total pot $2.50 | Rake $0.12 
Board [5d Th 5h 9s Ks]
Seat 3: shootingGRID
Seat 1: Dofredyon folded on the River
Seat 2: Seavus10 folded before Flop (didn't bet)
Seat 4: Joe_Carlos (button) folded before Flop (didn't bet)
Seat 5: Xenicide (small blind) folded before Flop
Seat 6: alextony1 (big blind) collected ($2.38)



PokerStars Hand #254729066551:  Hold'em No Limit ($0.50/$1.00 USD) - 2025/02/05 2:28:23 WET [2025/02/05 21:28:23 ET]
Table 'Sabauda' 6-max Seat #5 is the button
Seat 3: shootingGRID ($100 in chips) is sitting out
Seat 1: Dofredyon ($97.40 in chips) 
Seat 2: Seavus10 ($104.91 in chips) 
Seat 4: Joe_Carlos ($54.72 in chips) 
Seat 5: Xenicide ($100 in chips) 
Seat 6: alextony1 ($106.68 in chips) 
alextony1: posts small blind $0.50
Dofredyon: posts big blind $1
shootingGRID: sits out 
*** HOLE CARDS ***
Seavus10: folds 
Joe_Carlos has timed out
Joe_Carlos: folds 
Xenicide: folds 
alextony1: folds 
Uncalled bet ($0.50) returned to Dofredyon
Dofredyon collected $1 from pot
Dofredyon: doesn't show hand 
*** SUMMARY ***
Total pot $1 | Rake $0 
Seat 3: shootingGRID
Seat 1: Dofredyon (big blind) collected ($1)
Seat 2: Seavus10 folded before Flop (didn't bet)
Seat 4: Joe_Carlos folded before Flop (didn't bet)
Seat 5: Xenicide (button) folded before Flop (didn't bet)
Seat 6: alextony1 (small blind) folded before Flop



PokerStars Hand #254729069109:  Hold'em No Limit ($0.50/$1.00 USD) - 2025/02/05 2:28:41 WET [2025/02/05 21:28:41 ET]
Table 'Sabauda' 6-max Seat #6 is the button
Seat 3: shootingGRID ($100 in chips) is sitting out
Seat 4: Joe_Carlos ($54.72 in chips) is sitting out
Seat 1: Dofredyon ($97.90 in chips) 
Seat 2: Seavus10 ($104.91 in chips) 
Seat 5: Xenicide ($100 in chips) 
Seat 6: alextony1 ($106.18 in chips) 
Dofredyon: posts small blind $0.50
Seavus10: posts big blind $1
shootingGRID: sits out 
*** HOLE CARDS ***
Xenicide: raises $1 to $2
alextony1: folds 
Dofredyon: folds 
Seavus10: calls $1
*** FLOP *** [9h Kh Ad]
Seavus10: checks 
Xenicide: bets $1.33
Seavus10: calls $1.33
*** TURN *** [9h Kh Ad] [2h]
Seavus10: checks 
Xenicide: bets $2.11
Seavus10: calls $2.11
*** RIVER *** [9h Kh Ad 2h] [Ks]
Seavus10: checks 
Xenicide: checks 
*** SHOW DOWN ***
Seavus10: shows [Jh Kd] (three of a kind, Kings)
Xenicide: mucks hand 
Seavus10 collected $10.81 from pot
*** SUMMARY ***
Total pot $11.38 | Rake $0.57 
Board [9h Kh Ad 2h Ks]
Seat 3: shootingGRID
Seat 4: Joe_Carlos
Seat 1: Dofredyon (small blind) folded before Flop
Seat 2: Seavus10 (big blind) showed [Jh Kd] and won ($10.81) with three of a kind, Kings
Seat 5: Xenicide mucked
Seat 6: alextony1 (button) folded before Flop (didn't bet)



PokerStars Hand #254729084189:  Hold'em No Limit ($0.50/$1.00 USD) - 2025/02/05 2:30:28 WET [2025/02/05 21:30:28 ET]
Table 'Sabauda' 6-max Seat #1 is the button
Seat 4: Joe_Carlos ($54.72 in chips) is sitting out
Seat 1: Dofredyon ($97.40 in chips) 
Seat 2: Seavus10 ($110.28 in chips) 
Seat 3: shootingGRID ($100 in chips) 
Seat 5: Xenicide ($100 in chips) 
Seat 6: alextony1 ($106.18 in chips) 
Seavus10: posts small blind $0.50
shootingGRID: posts big blind $1
*** HOLE CARDS ***
Xenicide: folds 
alextony1: folds 
Dofredyon: folds 
Seavus10: folds 
Uncalled bet ($0.50) returned to shootingGRID
shootingGRID collected $1 from pot
*** SUMMARY ***
Total pot $1 | Rake $0 
Seat 4: Joe_Carlos
Seat 1: Dofredyon (button) folded before Flop (didn't bet)
Seat 2: Seavus10 (small blind) folded before Flop
Seat 3: shootingGRID (big blind) collected ($1)
Seat 5: Xenicide folded before Flop (didn't bet)
Seat 6: alextony1 folded before Flop (didn't bet)



PokerStars Hand #254729086500:  Hold'em No Limit ($0.50/$1.00 USD) - 2025/02/05 2:30:44 WET [2025/02/05 21:30:44 ET]
Table 'Sabauda' 6-max Seat #2 is the button
Seat 4: Joe_Carlos ($54.72 in chips) is sitting out
Seat 1: Dofredyon ($97.40 in chips) 
Seat 2: Seavus10 ($109.78 in chips) 
Seat 3: shootingGRID ($100.50 in chips) 
Seat 5: Xenicide ($100 in chips) 
Seat 6: alextony1 ($106.18 in chips) 
shootingGRID: posts small blind $0.50
Xenicide: posts big blind $1
*** HOLE CARDS ***
alextony1: raises $1 to $2
Dofredyon: folds 
Seavus10: folds 
shootingGRID: folds 
Xenicide: calls $1
*** FLOP *** [7s As 6d]
Xenicide: checks 
alextony1: checks 
*** TURN *** [7s As 6d] [Ah]
Xenicide: checks 
alextony1: checks 
*** RIVER *** [7s As 6d Ah] [2c]
Xenicide: bets $1
alextony1: folds 
Uncalled bet ($1) returned to Xenicide
Xenicide collected $4.28 from pot
*** SUMMARY ***
Total pot $4.50 | Rake $0.22 
Board [7s As 6d Ah 2c]
Seat 4: Joe_Carlos
Seat 1: Dofredyon folded before Flop (didn't bet)
Seat 2: Seavus10 (button) folded before Flop (didn't bet)
Seat 3: shootingGRID (small blind) folded before Flop
Seat 5: Xenicide (big blind) collected ($4.28)
Seat 6: alextony1 folded on the River



PokerStars Hand #254729093029:  Hold'em No Limit ($0.50/$1.00 USD) - 2025/02/05 2:31:30 WET [2025/02/05 21:31:30 ET]
Table 'Sabauda' 6-max Seat #3 is the button
Seat 4: Joe_Carlos ($54.72 in chips) is sitting out
Seat 1: Dofredyon ($97.40 in chips) 
Seat 2: Seavus10 ($109.78 in chips) 
Seat 3: shootingGRID ($100 in chips) 
Seat 5: Xenicide ($102.28 in chips) 
Seat 6: alextony1 ($104.18 in chips) 
Xenicide: posts small blind $0.50
alextony1: posts big blind $1
*** HOLE CARDS ***
Dofredyon has timed out
Dofredyon: folds 
Seavus10: raises $1.20 to $2.20
shootingGRID: folds 
Xenicide: raises $7.30 to $9.50
alextony1: folds 
Seavus10: folds 
Uncalled bet ($7.30) returned to Xenicide
Xenicide collected $5.40 from pot
*** SUMMARY ***
Total pot $5.40 | Rake $0 
Seat 4: Joe_Carlos
Seat 1: Dofredyon folded before Flop (didn't bet)
Seat 2: Seavus10 folded before Flop
Seat 3: shootingGRID (button) folded before Flop (didn't bet)
Seat 5: Xenicide (small blind) collected ($5.40)
Seat 6: alextony1 (big blind) folded before Flop



PokerStars Hand #254729098068:  Hold'em No Limit ($0.50/$1.00 USD) - 2025/02/05 2:32:06 WET [2025/02/05 21:32:06 ET]
Table 'Sabauda' 6-max Seat #5 is the button
Seat 4: Joe_Carlos ($54.72 in chips) is sitting out
Seat 1: Dofredyon ($97.40 in chips) 
Seat 2: Seavus10 ($107.58 in chips) 
Seat 3: shootingGRID ($100 in chips) 
Seat 5: Xenicide ($105.48 in chips) 
Seat 6: alextony1 ($103.18 in chips) 
alextony1: posts small blind $0.50
Dofredyon: posts big blind $1
Joe_Carlos: sits out 
*** HOLE CARDS ***
Seavus10: folds 
shootingGRID: folds 
Xenicide: raises $1.25 to $2.25
alextony1: folds 
Dofredyon: calls $1.25
*** FLOP *** [2c Qd 3d]
Dofredyon: checks 
Xenicide: bets $1.47
Dofredyon: folds 
Uncalled bet ($1.47) returned to Xenicide
Xenicide collected $4.75 from pot
*** SUMMARY ***
Total pot $5 | Rake $0.25 
Board [2c Qd 3d]
Seat 4: Joe_Carlos
Seat 1: Dofredyon (big blind) folded on the Flop
Seat 2: Seavus10 folded before Flop (didn't bet)
Seat 3: shootingGRID folded before Flop (didn't bet)
Seat 5: Xenicide (button) collected ($4.75)
Seat 6: alextony1 (small blind) folded before Flop



PokerStars Hand #254729103053:  Hold'em No Limit ($0.50/$1.00 USD) - 2025/02/05 2:32:42 WET [2025/02/05 21:32:42 ET]
Table 'Sabauda' 6-max Seat #6 is the button
Seat 4: Joe_Carlos ($54.72 in chips) is sitting out
Seat 1: Dofredyon ($95.15 in chips) 
Seat 2: Seavus10 ($107.58 in chips) 
Seat 3: shootingGRID ($100 in chips) 
Seat 5: Xenicide ($107.98 in chips) 
Seat 6: alextony1 ($102.68 in chips) 
Dofredyon: posts small blind $0.50
Seavus10: posts big blind $1
Joe_Carlos: sits out 
*** HOLE CARDS ***
shootingGRID: raises $1.25 to $2.25
Xenicide: folds 
alextony1: folds 
Dofredyon: calls $1.75
Seavus10: folds 
*** FLOP *** [8h 8s 3s]
Dofredyon: bets $2.61
shootingGRID: calls $2.61
*** TURN *** [8h 8s 3s] [As]
Dofredyon: checks 
shootingGRID: checks 
*** RIVER *** [8h 8s 3s As] [2d]
Dofredyon: checks 
shootingGRID: bets $3.86
Dofredyon: calls $3.86
*** SHOW DOWN ***
shootingGRID: shows [Jc Ah] (two pair, Aces and Eights)
Dofredyon: mucks hand 
shootingGRID collected $17.52 from pot
*** SUMMARY ***
Total pot $18.44 | Rake $0.92 
Board [8h 8s 3s As 2d]
Seat 4: Joe_Carlos
Seat 1: Dofredyon (small blind) mucked
Seat 2: Seavus10 (big blind) folded before Flop
Seat 3: shootingGRID showed [Jc Ah] and won ($17.52) with two pair, Aces and Eights
Seat 5: Xenicide folded before Flop (didn't bet)
Seat 6: alextony1 (button) folded before Flop (didn't bet)



PokerStars Hand #254729109775:  Hold'em No Limit ($0.50/$1.00 USD) - 2025/02/05 2:33:30 WET [2025/02/05 21:33:30 ET]
Table 'Sabauda' 6-max Seat #1 is the button
Seat 4: Joe_Carlos ($54.72 in chips) is sitting out
Seat 1: Dofredyon ($86.43 in chips) 
Seat 2: Seavus10 ($106.58 in chips) 
Seat 3: shootingGRID ($108.80 in chips) 
Seat 5: Xenicide ($107.98 in chips) 
Seat 6: alextony1 ($102.68 in chips) 
Seavus10: posts small blind $0.50
shootingGRID: posts big blind $1
Joe_Carlos: sits out 
*** HOLE CARDS ***
Xenicide: raises $1 to $2
alextony1: raises $1 to $3
Dofredyon: folds 
Seavus10: folds 
shootingGRID: folds 
Xenicide: calls $1
*** FLOP *** [9h Ks 2c]
Xenicide: checks 
alextony1: bets $3.56
Xenicide: folds 
Uncalled bet ($3.56) returned to alextony1
alextony1 collected $7.12 from pot
*** SUMMARY ***
Total pot $7.50 | Rake $0.38 
Board [9h Ks 2c]
Seat 4: Joe_Carlos
Seat 1: Dofredyon (button) folded before Flop (didn't bet)
Seat 2: Seavus10 (small blind) folded before Flop
Seat 3: shootingGRID (big blind) folded before Flop
Seat 5: Xenicide folded on the Flop
Seat 6: alextony1 collected ($7.12)



PokerStars Hand #254729114469:  Hold'em No Limit ($0.50/$1.00 USD) - 2025/02/05 2:34:04 WET [2025/02/05 21:34:04 ET]
Table 'Sabauda' 6-max Seat #2 is the button
Seat 1: Dofredyon ($86.43 in chips) 
Seat 2: Seavus10 ($106.08 in chips) 
Seat 3: shootingGRID ($107.80 in chips) 
Seat 4: Joe_Carlos ($54.72 in chips) 
Seat 5: Xenicide ($104.98 in chips) 
Seat 6: alextony1 ($106.80 in chips) 
shootingGRID: posts small blind $0.50
Joe_Carlos: posts big blind $1
*** HOLE CARDS ***
Xenicide: folds 
alextony1: folds 
Dofredyon: raises $2.50 to $3.50
Seavus10: folds 
shootingGRID: folds 
Joe_Carlos: folds 
Uncalled bet ($2.50) returned to Dofredyon
Dofredyon collected $2.50 from pot
Dofredyon: doesn't show hand 
*** SUMMARY ***
Total pot $2.50 | Rake $0 
Seat 1: Dofredyon collected ($2.50)
Seat 2: Seavus10 (button) folded before Flop (didn't bet)
Seat 3: shootingGRID (small blind) folded before Flop
Seat 4: Joe_Carlos (big blind) folded before Flop
Seat 5: Xenicide folded before Flop (didn't bet)
Seat 6: alextony1 folded before Flop (didn't bet)



PokerStars Hand #254729117021:  Hold'em No Limit ($0.50/$1.00 USD) - 2025/02/05 2:34:23 WET [2025/02/05 21:34:23 ET]
Table 'Sabauda' 6-max Seat #3 is the button
Seat 1: Dofredyon ($87.93 in chips) 
Seat 2: Seavus10 ($106.08 in chips) 
Seat 3: shootingGRID ($107.30 in chips) 
Seat 4: Joe_Carlos ($53.72 in chips) 
Seat 5: Xenicide ($104.98 in chips) 
Seat 6: alextony1 ($106.80 in chips) 
Joe_Carlos: posts small blind $0.50
Xenicide: posts big blind $1
*** HOLE CARDS ***
alextony1: folds 
Dofredyon: calls $1
Seavus10: folds 
shootingGRID: raises $3.50 to $4.50
Joe_Carlos: folds 
Xenicide: folds 
Dofredyon: calls $3.50
*** FLOP *** [4s 9c Ah]
Dofredyon: checks 
shootingGRID: bets $3.29
Dofredyon: folds 
Uncalled bet ($3.29) returned to shootingGRID
shootingGRID collected $9.98 from pot
*** SUMMARY ***
Total pot $10.50 | Rake $0.52 
Board [4s 9c Ah]
Seat 1: Dofredyon folded on the Flop
Seat 2: Seavus10 folded before Flop (didn't bet)
Seat 3: shootingGRID (button) collected ($9.98)
Seat 4: Joe_Carlos (small blind) folded before Flop
Seat 5: Xenicide (big blind) folded before Flop
Seat 6: alextony1 folded before Flop (didn't bet)



PokerStars Hand #254729122692:  Hold'em No Limit ($0.50/$1.00 USD) - 2025/02/05 2:35:03 WET [2025/02/05 21:35:03 ET]
Table 'Sabauda' 6-max Seat #4 is the button
Seat 1: Dofredyon ($83.43 in chips) 
Seat 2: Seavus10 ($106.08 in chips) 
Seat 3: shootingGRID ($112.78 in chips) 
Seat 4: Joe_Carlos ($53.22 in chips) 
Seat 5: Xenicide ($103.98 in chips) 
Seat 6: alextony1 ($106.80 in chips) 
Xenicide: posts small blind $0.50
alextony1: posts big blind $1
*** HOLE CARDS ***
Dofredyon: folds 
Seavus10: folds 
shootingGRID: folds 
Joe_Carlos has timed out
Joe_Carlos: folds 
Xenicide: raises $2.50 to $3.50
alextony1: folds 
Uncalled bet ($2.50) returned to Xenicide
Xenicide collected $2 from pot
Xenicide: doesn't show hand 
*** SUMMARY ***
Total pot $2 | Rake $0 
Seat 1: Dofredyon folded before Flop (didn't bet)
Seat 2: Seavus10 folded before Flop (didn't bet)
Seat 3: shootingGRID folded before Flop (didn't bet)
Seat 4: Joe_Carlos (button) folded before Flop (didn't bet)
Seat 5: Xenicide (small blind) collected ($2)
Seat 6: alextony1 (big blind) folded before Flop



PokerStars Hand #254729129306:  Hold'em No Limit ($0.50/$1.00 USD) - 2025/02/05 2:35:51 WET [2025/02/05 21:35:51 ET]
Table 'Sabauda' 6-max Seat #5 is the button
Seat 1: Dofredyon ($83.43 in chips) 
Seat 2: Seavus10 ($106.08 in chips) 
Seat 3: shootingGRID ($112.78 in chips) 
Seat 4: Joe_Carlos ($53.22 in chips) 
Seat 5: Xenicide ($104.98 in chips) 
Seat 6: alextony1 ($105.80 in chips) 
alextony1: posts small blind $0.50
Dofredyon: posts big blind $1
*** HOLE CARDS ***
Seavus10: folds 
shootingGRID: raises $1.25 to $2.25
Joe_Carlos: folds 
Xenicide: calls $2.25
alextony1: calls $1.75
Dofredyon: calls $1.25
*** FLOP *** [3h 4d Ah]
alextony1: bets $2
Dofredyon: raises $2 to $4
shootingGRID: calls $4
Xenicide: raises $12.40 to $16.40
alextony1: calls $14.40
Dofredyon: folds 
shootingGRID: calls $12.40
*** TURN *** [3h 4d Ah] [3c]
alextony1: checks 
shootingGRID: checks 
Xenicide: bets $86.33 and is all-in
alextony1: folds 
shootingGRID: folds 
Uncalled bet ($86.33) returned to Xenicide
Xenicide collected $59.70 from pot
Xenicide: doesn't show hand 
*** SUMMARY ***
Total pot $62.20 | Rake $2.50 
Board [3h 4d Ah 3c]
Seat 1: Dofredyon (big blind) folded on the Flop
Seat 2: Seavus10 folded before Flop (didn't bet)
Seat 3: shootingGRID folded on the Turn
Seat 4: Joe_Carlos folded before Flop (didn't bet)
Seat 5: Xenicide (button) collected ($59.70)
Seat 6: alextony1 (small blind) folded on the Turn



PokerStars Hand #254729145256:  Hold'em No Limit ($0.50/$1.00 USD) - 2025/02/05 2:37:43 WET [2025/02/05 21:37:43 ET]
Table 'Sabauda' 6-max Seat #6 is the button
Seat 1: Dofredyon ($77.18 in chips) 
Seat 2: Seavus10 ($106.08 in chips) 
Seat 3: shootingGRID ($100 in chips) 
Seat 4: Joe_Carlos ($53.22 in chips) 
Seat 5: Xenicide ($146.03 in chips) 
Seat 6: alextony1 ($87.15 in chips) 
Dofredyon: posts small blind $0.50
Seavus10: posts big blind $1
*** HOLE CARDS ***
shootingGRID: folds 
Joe_Carlos: folds 
Xenicide: folds 
alextony1: folds 
Dofredyon: folds 
Uncalled bet ($0.50) returned to Seavus10
Seavus10 collected $1 from pot
Seavus10: doesn't show hand 
*** SUMMARY ***
Total pot $1 | Rake $0 
Seat 1: Dofredyon (small blind) folded before Flop
Seat 2: Seavus10 (big blind) collected ($1)
Seat 3: shootingGRID folded before Flop (didn't bet)
Seat 4: Joe_Carlos folded before Flop (didn't bet)
Seat 5: Xenicide folded before Flop (didn't bet)
Seat 6: alextony1 (button) folded before Flop (didn't bet)



PokerStars Hand #254729147294:  Hold'em No Limit ($0.50/$1.00 USD) - 2025/02/05 2:37:58 WET [2025/02/05 21:37:58 ET]
Table 'Sabauda' 6-max Seat #1 is the button
Seat 1: Dofredyon ($76.68 in chips) 
Seat 2: Seavus10 ($106.58 in chips) 
Seat 3: shootingGRID ($100 in chips) 
Seat 4: Joe_Carlos ($53.22 in chips) 
Seat 5: Xenicide ($146.03 in chips) 
Seat 6: alextony1 ($87.15 in chips) 
Seavus10: posts small blind $0.50
shootingGRID: posts big blind $1
*** HOLE CARDS ***
Joe_Carlos: folds 
Xenicide: folds 
alextony1: folds 
Dofredyon: calls $1
Seavus10: folds 
shootingGRID: checks 
*** FLOP *** [3c 7s Kd]
shootingGRID: checks 
Dofredyon: bets $2.38
shootingGRID: folds 
Uncalled bet ($2.38) returned to Dofredyon
Dofredyon collected $2.38 from pot
Dofredyon: doesn't show hand 
*** SUMMARY ***
Total pot $2.50 | Rake $0.12 
Board [3c 7s Kd]
Seat 1: Dofredyon (button) collected ($2.38)
Seat 2: Seavus10 (small blind) folded before Flop
Seat 3: shootingGRID (big blind) folded on the Flop
Seat 4: Joe_Carlos folded before Flop (didn't bet)
Seat 5: Xenicide folded before Flop (didn't bet)
Seat 6: alextony1 folded before Flop (didn't bet)



PokerStars Hand #254729175093:  Hold'em No Limit ($0.50/$1.00 USD) - 2025/02/05 2:41:17 WET [2025/02/05 21:41:17 ET]
Table 'Sabauda' 6-max Seat #6 is the button
Seat 1: Dofredyon ($68.03 in chips) 
Seat 2: Seavus10 ($106.08 in chips) 
Seat 3: shootingGRID ($102.50 in chips) 
Seat 4: Joe_Carlos ($51.72 in chips) 
Seat 5: Xenicide ($144.53 in chips) 
Seat 6: alextony1 ($96.67 in chips) 
Dofredyon: posts small blind $0.50
Seavus10: posts big blind $1
*** HOLE CARDS ***
shootingGRID: folds 
Joe_Carlos: raises $1.50 to $2.50
Xenicide: folds 
alextony1: folds 
Dofredyon: folds 
Seavus10: raises $8.50 to $11
Joe_Carlos: calls $8.50
*** FLOP *** [Ad 7h Qc]
Seavus10: bets $4.85
Joe_Carlos: calls $4.85
*** TURN *** [Ad 7h Qc] [3h]
Seavus10: bets $15.29
Joe_Carlos: raises $20.58 to $35.87 and is all-in
Seavus10: calls $20.58
*** RIVER *** [Ad 7h Qc 3h] [6d]
*** SHOW DOWN ***
Seavus10: shows [Qh Qs] (three of a kind, Queens)
Joe_Carlos: shows [Jc As] (a pair of Aces)
Seavus10 collected $101.44 from pot
*** SUMMARY ***
Total pot $103.94 | Rake $2.50 
Board [Ad 7h Qc 3h 6d]
Seat 1: Dofredyon (small blind) folded before Flop
Seat 2: Seavus10 (big blind) showed [Qh Qs] and won ($101.44) with three of a kind, Queens
Seat 3: shootingGRID folded before Flop (didn't bet)
Seat 4: Joe_Carlos showed [Jc As] and lost with a pair of Aces
Seat 5: Xenicide folded before Flop (didn't bet)
Seat 6: alextony1 (button) folded before Flop (didn't bet)



PokerStars Hand #254729191859:  Hold'em No Limit ($0.50/$1.00 USD) - 2025/02/05 2:43:18 WET [2025/02/05 21:43:18 ET]
Table 'Sabauda' 6-max Seat #1 is the button
Seat 4: Joe_Carlos ($0 in chips) is sitting out
Seat 1: Dofredyon ($67.53 in chips) 
Seat 2: Seavus10 ($155.80 in chips) 
Seat 3: shootingGRID ($102.50 in chips) 
Seat 5: Xenicide ($144.53 in chips) 
Seat 6: alextony1 ($96.67 in chips) 
Seavus10: posts small blind $0.50
shootingGRID: posts big blind $1
*** HOLE CARDS ***
Xenicide: folds 
alextony1: folds 
Dofredyon: calls $1
Seavus10: calls $0.50
shootingGRID: checks 
*** FLOP *** [6c 2d 7d]
Joe_Carlos leaves the table
Seavus10: bets $1.95
shootingGRID: folds 
Dofredyon: calls $1.95
*** TURN *** [6c 2d 7d] [5h]
Seavus10: bets $6.56
Dofredyon: calls $6.56
*** RIVER *** [6c 2d 7d 5h] [3d]
50CandyJoe joins the table at seat #4 
Seavus10: checks 
Dofredyon: bets $9.51
Seavus10: calls $9.51
*** SHOW DOWN ***
Dofredyon: shows [Ad Qd] (a flush, Ace high)
Seavus10: mucks hand 
Dofredyon collected $37.09 from pot
*** SUMMARY ***
Total pot $39.04 | Rake $1.95 
Board [6c 2d 7d 5h 3d]
Seat 4: Joe_Carlos
Seat 1: Dofredyon (button) showed [Ad Qd] and won ($37.09) with a flush, Ace high
Seat 2: Seavus10 (small blind) mucked
Seat 3: shootingGRID (big blind) folded on the Flop
Seat 5: Xenicide folded before Flop (didn't bet)
Seat 6: alextony1 folded before Flop (didn't bet)



PokerStars Hand #254729206755:  Hold'em No Limit ($0.50/$1.00 USD) - 2025/02/05 2:45:05 WET [2025/02/05 21:45:05 ET]
Table 'Sabauda' 6-max Seat #2 is the button
Seat 1: Dofredyon ($85.60 in chips) 
Seat 2: Seavus10 ($136.78 in chips) 
Seat 3: shootingGRID ($101.50 in chips) 
Seat 4: 50CandyJoe ($100 in chips) 
Seat 5: Xenicide ($144.53 in chips) 
Seat 6: alextony1 ($96.67 in chips) 
shootingGRID: posts small blind $0.50
50CandyJoe: posts big blind $1
*** HOLE CARDS ***
Xenicide: folds 
alextony1: raises $1 to $2
Dofredyon: folds 
Seavus10: raises $5 to $7
shootingGRID: folds 
50CandyJoe: folds 
alextony1: folds 
Uncalled bet ($5) returned to Seavus10
Seavus10 collected $5.50 from pot
Seavus10: doesn't show hand 
*** SUMMARY ***
Total pot $5.50 | Rake $0 
Seat 1: Dofredyon folded before Flop (didn't bet)
Seat 2: Seavus10 (button) collected ($5.50)
Seat 3: shootingGRID (small blind) folded before Flop
Seat 4: 50CandyJoe (big blind) folded before Flop
Seat 5: Xenicide folded before Flop (didn't bet)
Seat 6: alextony1 folded before Flop



PokerStars Hand #254729210766:  Hold'em No Limit ($0.50/$1.00 USD) - 2025/02/05 2:45:34 WET [2025/02/05 21:45:34 ET]
Table 'Sabauda' 6-max Seat #3 is the button
Seat 1: Dofredyon ($85.60 in chips) 
Seat 2: Seavus10 ($140.28 in chips) 
Seat 3: shootingGRID ($101 in chips) 
Seat 4: 50CandyJoe ($100 in chips) 
Seat 5: Xenicide ($144.53 in chips) 
Seat 6: alextony1 ($94.67 in chips) 
50CandyJoe: posts small blind $0.50
Xenicide: posts big blind $1
*** HOLE CARDS ***
alextony1: folds 
Dofredyon: folds 
Seavus10: folds 
shootingGRID: folds 
50CandyJoe: folds 
Uncalled bet ($0.50) returned to Xenicide
Xenicide collected $1 from pot
*** SUMMARY ***
Total pot $1 | Rake $0 
Seat 1: Dofredyon folded before Flop (didn't bet)
Seat 2: Seavus10 folded before Flop (didn't bet)
Seat 3: shootingGRID (button) folded before Flop (didn't bet)
Seat 4: 50CandyJoe (small blind) folded before Flop
Seat 5: Xenicide (big blind) collected ($1)
Seat 6: alextony1 folded before Flop (didn't bet)



PokerStars Hand #254729213485:  Hold'em No Limit ($0.50/$1.00 USD) - 2025/02/05 2:45:54 WET [2025/02/05 21:45:54 ET]
Table 'Sabauda' 6-max Seat #4 is the button
Seat 1: Dofredyon ($85.60 in chips) 
Seat 2: Seavus10 ($140.28 in chips) 
Seat 3: shootingGRID ($101 in chips) 
Seat 4: 50CandyJoe ($100 in chips) 
Seat 5: Xenicide ($145.03 in chips) 
Seat 6: alextony1 ($94.67 in chips) 
Xenicide: posts small blind $0.50
alextony1: posts big blind $1
*** HOLE CARDS ***
Dofredyon: folds 
Seavus10: folds 
shootingGRID: folds 
50CandyJoe: folds 
Xenicide: folds 
Uncalled bet ($0.50) returned to alextony1
alextony1 collected $1 from pot
*** SUMMARY ***
Total pot $1 | Rake $0 
Seat 1: Dofredyon folded before Flop (didn't bet)
Seat 2: Seavus10 folded before Flop (didn't bet)
Seat 3: shootingGRID folded before Flop (didn't bet)
Seat 4: 50CandyJoe (button) folded before Flop (didn't bet)
Seat 5: Xenicide (small blind) folded before Flop
Seat 6: alextony1 (big blind) collected ($1)



PokerStars Hand #254729217147:  Hold'em No Limit ($0.50/$1.00 USD) - 2025/02/05 2:46:20 WET [2025/02/05 21:46:20 ET]
Table 'Sabauda' 6-max Seat #5 is the button
Seat 1: Dofredyon ($85.60 in chips) 
Seat 2: Seavus10 ($140.28 in chips) 
Seat 3: shootingGRID ($101 in chips) 
Seat 4: 50CandyJoe ($100 in chips) 
Seat 5: Xenicide ($144.53 in chips) 
Seat 6: alextony1 ($95.17 in chips) 
alextony1: posts small blind $0.50
Dofredyon: posts big blind $1
*** HOLE CARDS ***
Seavus10: folds 
shootingGRID: folds 
50CandyJoe: raises $1.20 to $2.20
Xenicide: folds 
alextony1: calls $1.70
Dofredyon: calls $1.20
*** FLOP *** [4s 3d 7c]
alextony1: checks 
Dofredyon: checks 
50CandyJoe: checks 
*** TURN *** [4s 3d 7c] [4c]
alextony1: checks 
Dofredyon: bets $3.14
50CandyJoe: calls $3.14
alextony1: calls $3.14
*** RIVER *** [4s 3d 7c 4c] [7d]
alextony1: checks 
Dofredyon: checks 
50CandyJoe: checks 
*** SHOW DOWN ***
alextony1: shows [8c 9c] (two pair, Sevens and Fours)
Dofredyon: shows [6c Js] (two pair, Sevens and Fours - Jack kicker)
50CandyJoe: mucks hand 
Dofredyon collected $15.22 from pot
*** SUMMARY ***
Total pot $16.02 | Rake $0.80 
Board [4s 3d 7c 4c 7d]
Seat 1: Dofredyon (big blind) showed [6c Js] and won ($15.22) with two pair, Sevens and Fours
Seat 2: Seavus10 folded before Flop (didn't bet)
Seat 3: shootingGRID folded before Flop (didn't bet)
Seat 4: 50CandyJoe mucked
Seat 5: Xenicide (button) folded before Flop (didn't bet)
Seat 6: alextony1 (small blind) showed [8c 9c] and lost with two pair, Sevens and Fours



PokerStars Hand #254729226225:  Hold'em No Limit ($0.50/$1.00 USD) - 2025/02/05 2:47:26 WET [2025/02/05 21:47:26 ET]
Table 'Sabauda' 6-max Seat #6 is the button
Seat 1: Dofredyon ($95.48 in chips) 
Seat 2: Seavus10 ($140.28 in chips) 
Seat 3: shootingGRID ($101 in chips) 
Seat 4: 50CandyJoe ($100 in chips) 
Seat 5: Xenicide ($144.53 in chips) 
Seat 6: alextony1 ($89.83 in chips) 
Dofredyon: posts small blind $0.50
Seavus10: posts big blind $1
*** HOLE CARDS ***
shootingGRID: folds 
50CandyJoe: raises $1.20 to $2.20
Xenicide: folds 
alextony1: folds 
Dofredyon: folds 
Seavus10: folds 
Uncalled bet ($1.20) returned to 50CandyJoe
50CandyJoe collected $2.50 from pot
50CandyJoe: doesn't show hand 
*** SUMMARY ***
Total pot $2.50 | Rake $0 
Seat 1: Dofredyon (small blind) folded before Flop
Seat 2: Seavus10 (big blind) folded before Flop
Seat 3: shootingGRID folded before Flop (didn't bet)
Seat 4: 50CandyJoe collected ($2.50)
Seat 5: Xenicide folded before Flop (didn't bet)
Seat 6: alextony1 (button) folded before Flop (didn't bet)



PokerStars Hand #254729231654:  Hold'em No Limit ($0.50/$1.00 USD) - 2025/02/05 2:48:06 WET [2025/02/05 21:48:06 ET]
Table 'Sabauda' 6-max Seat #1 is the button
Seat 1: Dofredyon ($94.98 in chips) 
Seat 2: Seavus10 ($139.28 in chips) 
Seat 3: shootingGRID ($101 in chips) 
Seat 4: 50CandyJoe ($101.50 in chips) 
Seat 5: Xenicide ($144.53 in chips) 
Seat 6: alextony1 ($89.83 in chips) 
Seavus10: posts small blind $0.50
shootingGRID: posts big blind $1
*** HOLE CARDS ***
50CandyJoe: folds 
Xenicide: folds 
alextony1: folds 
Dofredyon: calls $1
Seavus10: folds 
shootingGRID: checks 
*** FLOP *** [3d 7h Qc]
shootingGRID: checks 
Dofredyon: checks 
*** TURN *** [3d 7h Qc] [Qd]
shootingGRID: checks 
Dofredyon: bets $1.19
shootingGRID: folds 
Uncalled bet ($1.19) returned to Dofredyon
Dofredyon collected $2.38 from pot
Dofredyon: doesn't show hand 
*** SUMMARY ***
Total pot $2.50 | Rake $0.12 
Board [3d 7h Qc Qd]
Seat 1: Dofredyon (button) collected ($2.38)
Seat 2: Seavus10 (small blind) folded before Flop
Seat 3: shootingGRID (big blind) folded on the Turn
Seat 4: 50CandyJoe folded before Flop (didn't bet)
Seat 5: Xenicide folded before Flop (didn't bet)
Seat 6: alextony1 folded before Flop (didn't bet)



PokerStars Hand #254729235515:  Hold'em No Limit ($0.50/$1.00 USD) - 2025/02/05 2:48:34 WET [2025/02/05 21:48:34 ET]
Table 'Sabauda' 6-max Seat #2 is the button
Seat 1: Dofredyon ($96.36 in chips) 
Seat 2: Seavus10 ($138.78 in chips) 
Seat 3: shootingGRID ($100 in chips) 
Seat 4: 50CandyJoe ($101.50 in chips) 
Seat 5: Xenicide ($144.53 in chips) 
Seat 6: alextony1 ($89.83 in chips) 
shootingGRID: posts small blind $0.50
50CandyJoe: posts big blind $1
*** HOLE CARDS ***
Xenicide: folds 
alextony1: calls $1
Dofredyon: folds 
Seavus10: raises $3.50 to $4.50
shootingGRID: folds 
50CandyJoe: folds 
alextony1: folds 
Uncalled bet ($3.50) returned to Seavus10
Seavus10 collected $3.50 from pot
Seavus10: doesn't show hand 
*** SUMMARY ***
Total pot $3.50 | Rake $0 
Seat 1: Dofredyon folded before Flop (didn't bet)
Seat 2: Seavus10 (button) collected ($3.50)
Seat 3: shootingGRID (small blind) folded before Flop
Seat 4: 50CandyJoe (big blind) folded before Flop
Seat 5: Xenicide folded before Flop (didn't bet)
Seat 6: alextony1 folded before Flop



PokerStars Hand #254729239742:  Hold'em No Limit ($0.50/$1.00 USD) - 2025/02/05 2:49:05 WET [2025/02/05 21:49:05 ET]
Table 'Sabauda' 6-max Seat #3 is the button
Seat 1: Dofredyon ($96.36 in chips) 
Seat 2: Seavus10 ($141.28 in chips) 
Seat 3: shootingGRID ($100 in chips) 
Seat 4: 50CandyJoe ($100.50 in chips) 
Seat 5: Xenicide ($144.53 in chips) 
Seat 6: alextony1 ($88.83 in chips) 
50CandyJoe: posts small blind $0.50
Xenicide: posts big blind $1
*** HOLE CARDS ***
alextony1: folds 
Dofredyon: folds 
Seavus10: folds 
shootingGRID: folds 
50CandyJoe: raises $2 to $3
Xenicide: calls $2
*** FLOP *** [Jh 5h 4h]
50CandyJoe: checks 
Xenicide: checks 
*** TURN *** [Jh 5h 4h] [Ks]
50CandyJoe: bets $3.76
Xenicide: folds 
Uncalled bet ($3.76) returned to 50CandyJoe
50CandyJoe collected $5.70 from pot
50CandyJoe: doesn't show hand 
*** SUMMARY ***
Total pot $6 | Rake $0.30 
Board [Jh 5h 4h Ks]
Seat 1: Dofredyon folded before Flop (didn't bet)
Seat 2: Seavus10 folded before Flop (didn't bet)
Seat 3: shootingGRID (button) folded before Flop (didn't bet)
Seat 4: 50CandyJoe (small blind) collected ($5.70)
Seat 5: Xenicide (big blind) folded on the Turn
Seat 6: alextony1 folded before Flop (didn't bet)



PokerStars Hand #254729247539:  Hold'em No Limit ($0.50/$1.00 USD) - 2025/02/05 2:50:01 WET [2025/02/05 21:50:01 ET]
Table 'Sabauda' 6-max Seat #4 is the button
Seat 1: Dofredyon ($96.36 in chips) 
Seat 2: Seavus10 ($141.28 in chips) 
Seat 3: shootingGRID ($100 in chips) 
Seat 4: 50CandyJoe ($103.20 in chips) 
Seat 5: Xenicide ($141.53 in chips) 
Seat 6: alextony1 ($88.83 in chips) 
Xenicide: posts small blind $0.50
alextony1: posts big blind $1
*** HOLE CARDS ***
Dofredyon: calls $1
Seavus10: raises $3.50 to $4.50
shootingGRID: folds 
50CandyJoe: folds 
Xenicide: folds 
alextony1: folds 
Dofredyon: calls $3.50
*** FLOP *** [Kd 3h Ac]
Dofredyon: checks 
Seavus10: bets $3.32
Dofredyon: folds 
Uncalled bet ($3.32) returned to Seavus10
Seavus10 collected $9.98 from pot
Seavus10: doesn't show hand 
*** SUMMARY ***
Total pot $10.50 | Rake $0.52 
Board [Kd 3h Ac]
Seat 1: Dofredyon folded on the Flop
Seat 2: Seavus10 collected ($9.98)
Seat 3: shootingGRID folded before Flop (didn't bet)
Seat 4: 50CandyJoe (button) folded before Flop (didn't bet)
Seat 5: Xenicide (small blind) folded before Flop
Seat 6: alextony1 (big blind) folded before Flop



PokerStars Hand #254729255760:  Hold'em No Limit ($0.50/$1.00 USD) - 2025/02/05 2:51:01 WET [2025/02/05 21:51:01 ET]
Table 'Sabauda' 6-max Seat #5 is the button
Seat 1: Dofredyon ($91.86 in chips) 
Seat 2: Seavus10 ($146.76 in chips) 
Seat 3: shootingGRID ($100 in chips) 
Seat 4: 50CandyJoe ($103.20 in chips) 
Seat 5: Xenicide ($141.03 in chips) 
Seat 6: alextony1 ($87.83 in chips) 
alextony1: posts small blind $0.50
Dofredyon: posts big blind $1
*** HOLE CARDS ***
Seavus10: folds 
shootingGRID: folds 
50CandyJoe: folds 
Xenicide: raises $1.25 to $2.25
alextony1: folds 
Dofredyon: folds 
Uncalled bet ($1.25) returned to Xenicide
Xenicide collected $2.50 from pot
*** SUMMARY ***
Total pot $2.50 | Rake $0 
Seat 1: Dofredyon (big blind) folded before Flop
Seat 2: Seavus10 folded before Flop (didn't bet)
Seat 3: shootingGRID folded before Flop (didn't bet)
Seat 4: 50CandyJoe folded before Flop (didn't bet)
Seat 5: Xenicide (button) collected ($2.50)
Seat 6: alextony1 (small blind) folded before Flop



PokerStars Hand #254729259369:  Hold'em No Limit ($0.50/$1.00 USD) - 2025/02/05 2:51:26 WET [2025/02/05 21:51:26 ET]
Table 'Sabauda' 6-max Seat #6 is the button
Seat 1: Dofredyon ($90.86 in chips) 
Seat 2: Seavus10 ($146.76 in chips) 
Seat 3: shootingGRID ($100 in chips) 
Seat 4: 50CandyJoe ($103.20 in chips) 
Seat 5: Xenicide ($142.53 in chips) 
Seat 6: alextony1 ($87.33 in chips) 
Dofredyon: posts small blind $0.50
Seavus10: posts big blind $1
*** HOLE CARDS ***
shootingGRID: folds 
50CandyJoe: raises $1.20 to $2.20
Xenicide: folds 
alextony1: folds 
Dofredyon: folds 
alextony1 leaves the table
Seavus10: raises $9.80 to $12
50CandyJoe: folds 
Uncalled bet ($9.80) returned to Seavus10
Seavus10 collected $4.90 from pot
Seavus10: doesn't show hand 
*** SUMMARY ***
Total pot $4.90 | Rake $0 
Seat 1: Dofredyon (small blind) folded before Flop
Seat 2: Seavus10 (big blind) collected ($4.90)
Seat 3: shootingGRID folded before Flop (didn't bet)
Seat 4: 50CandyJoe folded before Flop
Seat 5: Xenicide folded before Flop (didn't bet)
Seat 6: alextony1 (button) folded before Flop (didn't bet)



PokerStars Hand #254729261708:  Hold'em No Limit ($0.50/$1.00 USD) - 2025/02/05 2:51:44 WET [2025/02/05 21:51:44 ET]
Table 'Sabauda' 6-max Seat #1 is the button
Seat 1: Dofredyon ($90.36 in chips) 
Seat 2: Seavus10 ($149.46 in chips) 
Seat 3: shootingGRID ($100 in chips) 
Seat 4: 50CandyJoe ($101 in chips) 
Seat 5: Xenicide ($142.53 in chips) 
Seavus10: posts small blind $0.50
shootingGRID: posts big blind $1
*** HOLE CARDS ***
50CandyJoe: folds 
Xenicide: folds 
Dofredyon: folds 
Seavus10: folds 
Uncalled bet ($0.50) returned to shootingGRID
shootingGRID collected $1 from pot
*** SUMMARY ***
Total pot $1 | Rake $0 
Seat 1: Dofredyon (button) folded before Flop (didn't bet)
Seat 2: Seavus10 (small blind) folded before Flop
Seat 3: shootingGRID (big blind) collected ($1)
Seat 4: 50CandyJoe folded before Flop (didn't bet)
Seat 5: Xenicide folded before Flop (didn't bet)



PokerStars Hand #254729263279:  Hold'em No Limit ($0.50/$1.00 USD) - 2025/02/05 2:51:55 WET [2025/02/05 21:51:55 ET]
Table 'Sabauda' 6-max Seat #2 is the button
Seat 1: Dofredyon ($90.36 in chips) 
Seat 2: Seavus10 ($148.96 in chips) 
Seat 3: shootingGRID ($100.50 in chips) 
Seat 4: 50CandyJoe ($101 in chips) 
Seat 5: Xenicide ($142.53 in chips) 
shootingGRID: posts small blind $0.50
50CandyJoe: posts big blind $1
*** HOLE CARDS ***
MaRKiToScoK joins the table at seat #6 
Xenicide: folds 
Dofredyon: raises $2.50 to $3.50
Seavus10: folds 
shootingGRID: folds 
50CandyJoe: folds 
Uncalled bet ($2.50) returned to Dofredyon
Dofredyon collected $2.50 from pot
Dofredyon: doesn't show hand 
*** SUMMARY ***
Total pot $2.50 | Rake $0 
Seat 1: Dofredyon collected ($2.50)
Seat 2: Seavus10 (button) folded before Flop (didn't bet)
Seat 3: shootingGRID (small blind) folded before Flop
Seat 4: 50CandyJoe (big blind) folded before Flop
Seat 5: Xenicide folded before Flop (didn't bet)



PokerStars Hand #254729266443:  Hold'em No Limit ($0.50/$1.00 USD) - 2025/02/05 2:52:17 WET [2025/02/05 21:52:17 ET]
Table 'Sabauda' 6-max Seat #3 is the button
Seat 6: MaRKiToScoK ($100 in chips) is sitting out
Seat 1: Dofredyon ($91.86 in chips) 
Seat 2: Seavus10 ($148.96 in chips) 
Seat 3: shootingGRID ($100 in chips) 
Seat 4: 50CandyJoe ($100 in chips) 
Seat 5: Xenicide ($142.53 in chips) 
50CandyJoe: posts small blind $0.50
Xenicide: posts big blind $1
MaRKiToScoK: sits out 
*** HOLE CARDS ***
Dofredyon: folds 
Seavus10: folds 
shootingGRID: folds 
50CandyJoe: folds 
Uncalled bet ($0.50) returned to Xenicide
Xenicide collected $1 from pot
*** SUMMARY ***
Total pot $1 | Rake $0 
Seat 6: MaRKiToScoK
Seat 1: Dofredyon folded before Flop (didn't bet)
Seat 2: Seavus10 folded before Flop (didn't bet)
Seat 3: shootingGRID (button) folded before Flop (didn't bet)
Seat 4: 50CandyJoe (small blind) folded before Flop
Seat 5: Xenicide (big blind) collected ($1)



PokerStars Hand #254729269294:  Hold'em No Limit ($0.50/$1.00 USD) - 2025/02/05 2:52:39 WET [2025/02/05 21:52:39 ET]
Table 'Sabauda' 6-max Seat #4 is the button
Seat 1: Dofredyon ($91.86 in chips) 
Seat 2: Seavus10 ($148.96 in chips) 
Seat 3: shootingGRID ($100 in chips) 
Seat 4: 50CandyJoe ($100 in chips) 
Seat 5: Xenicide ($143.03 in chips) 
Seat 6: MaRKiToScoK ($100 in chips) 
Xenicide: posts small blind $0.50
MaRKiToScoK: posts big blind $1
*** HOLE CARDS ***
Dofredyon: folds 
Seavus10: folds 
shootingGRID: raises $1.25 to $2.25
50CandyJoe: raises $5.25 to $7.50
Xenicide: folds 
MaRKiToScoK: folds 
shootingGRID: raises $15 to $22.50
50CandyJoe: calls $15
*** FLOP *** [Ts 4d Jh]
shootingGRID: checks 
50CandyJoe: bets $14.58
shootingGRID: calls $14.58
*** TURN *** [Ts 4d Jh] [Qh]
shootingGRID: bets $18.29
50CandyJoe: raises $44.63 to $62.92 and is all-in
shootingGRID: folds 
Uncalled bet ($44.63) returned to 50CandyJoe
50CandyJoe collected $109.74 from pot
50CandyJoe: doesn't show hand 
*** SUMMARY ***
Total pot $112.24 | Rake $2.50 
Board [Ts 4d Jh Qh]
Seat 1: Dofredyon folded before Flop (didn't bet)
Seat 2: Seavus10 folded before Flop (didn't bet)
Seat 3: shootingGRID folded on the Turn
Seat 4: 50CandyJoe (button) collected ($109.74)
Seat 5: Xenicide (small blind) folded before Flop
Seat 6: MaRKiToScoK (big blind) folded before Flop



PokerStars Hand #254729283534:  Hold'em No Limit ($0.50/$1.00 USD) - 2025/02/05 2:54:24 WET [2025/02/05 21:54:24 ET]
Table 'Sabauda' 6-max Seat #5 is the button
Seat 1: Dofredyon ($91.86 in chips) 
Seat 2: Seavus10 ($148.96 in chips) 
Seat 3: shootingGRID ($100 in chips) 
Seat 4: 50CandyJoe ($154.37 in chips) 
Seat 5: Xenicide ($142.53 in chips) 
Seat 6: MaRKiToScoK ($100 in chips) 
MaRKiToScoK: posts small blind $0.50
Dofredyon: posts big blind $1
*** HOLE CARDS ***
Seavus10: folds 
shootingGRID: folds 
50CandyJoe: folds 
Xenicide: raises $1.25 to $2.25
MaRKiToScoK: folds 
Dofredyon: folds 
Uncalled bet ($1.25) returned to Xenicide
Xenicide collected $2.50 from pot
*** SUMMARY ***
Total pot $2.50 | Rake $0 
Seat 1: Dofredyon (big blind) folded before Flop
Seat 2: Seavus10 folded before Flop (didn't bet)
Seat 3: shootingGRID folded before Flop (didn't bet)
Seat 4: 50CandyJoe folded before Flop (didn't bet)
Seat 5: Xenicide (button) collected ($2.50)
Seat 6: MaRKiToScoK (small blind) folded before Flop



PokerStars Hand #254729287531:  Hold'em No Limit ($0.50/$1.00 USD) - 2025/02/05 2:54:53 WET [2025/02/05 21:54:53 ET]
Table 'Sabauda' 6-max Seat #6 is the button
Seat 1: Dofredyon ($90.86 in chips) 
Seat 2: Seavus10 ($148.96 in chips) 
Seat 3: shootingGRID ($100 in chips) 
Seat 4: 50CandyJoe ($154.37 in chips) 
Seat 5: Xenicide ($144.03 in chips) 
Seat 6: MaRKiToScoK ($100 in chips) 
Dofredyon: posts small blind $0.50
Seavus10: posts big blind $1
*** HOLE CARDS ***
shootingGRID: folds 
50CandyJoe: folds 
Xenicide: raises $1 to $2
MaRKiToScoK: folds 
Dofredyon: folds 
Seavus10: folds 
Uncalled bet ($1) returned to Xenicide
Xenicide collected $2.50 from pot
*** SUMMARY ***
Total pot $2.50 | Rake $0 
Seat 1: Dofredyon (small blind) folded before Flop
Seat 2: Seavus10 (big blind) folded before Flop
Seat 3: shootingGRID folded before Flop (didn't bet)
Seat 4: 50CandyJoe folded before Flop (didn't bet)
Seat 5: Xenicide collected ($2.50)
Seat 6: MaRKiToScoK (button) folded before Flop (didn't bet)



PokerStars Hand #254729290779:  Hold'em No Limit ($0.50/$1.00 USD) - 2025/02/05 2:55:20 WET [2025/02/05 21:55:20 ET]
Table 'Sabauda' 6-max Seat #1 is the button
Seat 1: Dofredyon ($90.36 in chips) 
Seat 2: Seavus10 ($147.96 in chips) 
Seat 3: shootingGRID ($100 in chips) 
Seat 4: 50CandyJoe ($154.37 in chips) 
Seat 5: Xenicide ($145.53 in chips) 
Seat 6: MaRKiToScoK ($100 in chips) 
Seavus10: posts small blind $0.50
shootingGRID: posts big blind $1
*** HOLE CARDS ***
50CandyJoe: folds 
Xenicide: folds 
MaRKiToScoK: raises $1.20 to $2.20
Dofredyon: folds 
Seavus10: folds 
shootingGRID: folds 
Uncalled bet ($1.20) returned to MaRKiToScoK
MaRKiToScoK collected $2.50 from pot
*** SUMMARY ***
Total pot $2.50 | Rake $0 
Seat 1: Dofredyon (button) folded before Flop (didn't bet)
Seat 2: Seavus10 (small blind) folded before Flop
Seat 3: shootingGRID (big blind) folded before Flop
Seat 4: 50CandyJoe folded before Flop (didn't bet)
Seat 5: Xenicide folded before Flop (didn't bet)
Seat 6: MaRKiToScoK collected ($2.50)



PokerStars Hand #254729292458:  Hold'em No Limit ($0.50/$1.00 USD) - 2025/02/05 2:55:36 WET [2025/02/05 21:55:36 ET]
Table 'Sabauda' 6-max Seat #2 is the button
Seat 1: Dofredyon ($90.36 in chips) 
Seat 2: Seavus10 ($147.46 in chips) 
Seat 3: shootingGRID ($100 in chips) 
Seat 4: 50CandyJoe ($154.37 in chips) 
Seat 5: Xenicide ($145.53 in chips) 
Seat 6: MaRKiToScoK ($101.50 in chips) 
shootingGRID: posts small blind $0.50
50CandyJoe: posts big blind $1
*** HOLE CARDS ***
Xenicide: folds 
MaRKiToScoK: folds 
Dofredyon: folds 
Seavus10: raises $1.50 to $2.50
shootingGRID: folds 
50CandyJoe: calls $1.50
*** FLOP *** [8d 8h Js]
50CandyJoe: checks 
Seavus10: bets $1.74
50CandyJoe: calls $1.74
*** TURN *** [8d 8h Js] [7s]
50CandyJoe: checks 
Seavus10: checks 
*** RIVER *** [8d 8h Js 7s] [8c]
50CandyJoe: bets $2.13
Seavus10: folds 
Uncalled bet ($2.13) returned to 50CandyJoe
50CandyJoe collected $8.53 from pot
50CandyJoe: doesn't show hand 
*** SUMMARY ***
Total pot $8.98 | Rake $0.45 
Board [8d 8h Js 7s 8c]
Seat 1: Dofredyon folded before Flop (didn't bet)
Seat 2: Seavus10 (button) folded on the River
Seat 3: shootingGRID (small blind) folded before Flop
Seat 4: 50CandyJoe (big blind) collected ($8.53)
Seat 5: Xenicide folded before Flop (didn't bet)
Seat 6: MaRKiToScoK folded before Flop (didn't bet)



PokerStars Hand #254729299374:  Hold'em No Limit ($0.50/$1.00 USD) - 2025/02/05 2:56:41 WET [2025/02/05 21:56:41 ET]
Table 'Sabauda' 6-max Seat #3 is the button
Seat 1: Dofredyon ($90.36 in chips) 
Seat 2: Seavus10 ($143.22 in chips) 
Seat 3: shootingGRID ($100 in chips) 
Seat 4: 50CandyJoe ($158.66 in chips) 
Seat 5: Xenicide ($145.53 in chips) 
Seat 6: MaRKiToScoK ($101.50 in chips) 
50CandyJoe: posts small blind $0.50
Xenicide: posts big blind $1
*** HOLE CARDS ***
MaRKiToScoK: raises $1 to $2
Dofredyon: folds 
Seavus10: folds 
shootingGRID: folds 
50CandyJoe: raises $8 to $10
Xenicide: folds 
MaRKiToScoK: folds 
Uncalled bet ($8) returned to 50CandyJoe
50CandyJoe collected $5 from pot
50CandyJoe: doesn't show hand 
*** SUMMARY ***
Total pot $5 | Rake $0 
Seat 1: Dofredyon folded before Flop (didn't bet)
Seat 2: Seavus10 folded before Flop (didn't bet)
Seat 3: shootingGRID (button) folded before Flop (didn't bet)
Seat 4: 50CandyJoe (small blind) collected ($5)
Seat 5: Xenicide (big blind) folded before Flop
Seat 6: MaRKiToScoK folded before Flop



PokerStars Hand #254729302924:  Hold'em No Limit ($0.50/$1.00 USD) - 2025/02/05 2:57:15 WET [2025/02/05 21:57:15 ET]
Table 'Sabauda' 6-max Seat #4 is the button
Seat 1: Dofredyon ($90.36 in chips) 
Seat 2: Seavus10 ($143.22 in chips) 
Seat 3: shootingGRID ($100 in chips) 
Seat 4: 50CandyJoe ($161.66 in chips) 
Seat 5: Xenicide ($144.53 in chips) 
Seat 6: MaRKiToScoK ($100 in chips) 
Xenicide: posts small blind $0.50
MaRKiToScoK: posts big blind $1
*** HOLE CARDS ***
Dofredyon: calls $1
Seavus10: raises $3.50 to $4.50
shootingGRID: folds 
50CandyJoe: folds 
Xenicide: folds 
MaRKiToScoK: calls $3.50
Dofredyon: calls $3.50
*** FLOP *** [Jh 5c Qd]
MaRKiToScoK: checks 
Dofredyon: checks 
Seavus10: bets $4.43
MaRKiToScoK: folds 
Dofredyon: raises $4.43 to $8.86
Seavus10: folds 
Uncalled bet ($4.43) returned to Dofredyon
Dofredyon collected $21.72 from pot
Dofredyon: doesn't show hand 
*** SUMMARY ***
Total pot $22.86 | Rake $1.14 
Board [Jh 5c Qd]
Seat 1: Dofredyon collected ($21.72)
Seat 2: Seavus10 folded on the Flop
Seat 3: shootingGRID folded before Flop (didn't bet)
Seat 4: 50CandyJoe (button) folded before Flop (didn't bet)
Seat 5: Xenicide (small blind) folded before Flop
Seat 6: MaRKiToScoK (big blind) folded on the Flop



PokerStars Hand #254729308660:  Hold'em No Limit ($0.50/$1.00 USD) - 2025/02/05 2:58:09 WET [2025/02/05 21:58:09 ET]
Table 'Sabauda' 6-max Seat #5 is the button
Seat 1: Dofredyon ($103.15 in chips) 
Seat 2: Seavus10 ($134.29 in chips) 
Seat 3: shootingGRID ($100 in chips) 
Seat 4: 50CandyJoe ($161.66 in chips) 
Seat 5: Xenicide ($144.03 in chips) 
Seat 6: MaRKiToScoK ($100 in chips) 
MaRKiToScoK: posts small blind $0.50
Dofredyon: posts big blind $1
*** HOLE CARDS ***
Seavus10: folds 
shootingGRID: folds 
50CandyJoe: folds 
Xenicide: raises $1.25 to $2.25
MaRKiToScoK: calls $1.75
Dofredyon: folds 
*** FLOP *** [4s Ks Ac]
MaRKiToScoK: checks 
Xenicide: bets $1.30
MaRKiToScoK: calls $1.30
*** TURN *** [4s Ks Ac] [6c]
MaRKiToScoK: checks 
Xenicide: checks 
*** RIVER *** [4s Ks Ac 6c] [6s]
MaRKiToScoK: checks 
Xenicide: checks 
*** SHOW DOWN ***
MaRKiToScoK: shows [As Jc] (two pair, Aces and Sixes)
Xenicide: mucks hand 
MaRKiToScoK collected $7.70 from pot
*** SUMMARY ***
Total pot $8.10 | Rake $0.40 
Board [4s Ks Ac 6c 6s]
Seat 1: Dofredyon (big blind) folded before Flop
Seat 2: Seavus10 folded before Flop (didn't bet)
Seat 3: shootingGRID folded before Flop (didn't bet)
Seat 4: 50CandyJoe folded before Flop (didn't bet)
Seat 5: Xenicide (button) mucked
Seat 6: MaRKiToScoK (small blind) showed [As Jc] and won ($7.70) with two pair, Aces and Sixes



PokerStars Hand #254729312651:  Hold'em No Limit ($0.50/$1.00 USD) - 2025/02/05 2:58:47 WET [2025/02/05 21:58:47 ET]
Table 'Sabauda' 6-max Seat #6 is the button
Seat 1: Dofredyon ($102.15 in chips) is sitting out
Seat 2: Seavus10 ($134.29 in chips) 
Seat 3: shootingGRID ($100 in chips) 
Seat 4: 50CandyJoe ($161.66 in chips) 
Seat 5: Xenicide ($140.48 in chips) 
Seat 6: MaRKiToScoK ($104.15 in chips) 
Seavus10: posts small blind $0.50
shootingGRID: posts big blind $1
*** HOLE CARDS ***
50CandyJoe: folds 
Xenicide: folds 
MaRKiToScoK: folds 
Seavus10: raises $2 to $3
shootingGRID: calls $2
*** FLOP *** [Qs 6h 5c]
Seavus10: checks 
shootingGRID: checks 
*** TURN *** [Qs 6h 5c] [As]
Seavus10: checks 
shootingGRID: checks 
*** RIVER *** [Qs 6h 5c As] [2d]
Seavus10: checks 
shootingGRID: checks 
*** SHOW DOWN ***
Seavus10: shows [6c Tc] (a pair of Sixes)
shootingGRID: mucks hand 
Seavus10 collected $5.70 from pot
*** SUMMARY ***
Total pot $6 | Rake $0.30 
Board [Qs 6h 5c As 2d]
Seat 1: Dofredyon
Seat 2: Seavus10 (small blind) showed [6c Tc] and won ($5.70) with a pair of Sixes
Seat 3: shootingGRID (big blind) mucked
Seat 4: 50CandyJoe folded before Flop (didn't bet)
Seat 5: Xenicide folded before Flop (didn't bet)
Seat 6: MaRKiToScoK (button) folded before Flop (didn't bet)



PokerStars Hand #254729321157:  Hold'em No Limit ($0.50/$1.00 USD) - 2025/02/05 3:00:06 WET [2025/02/05 22:00:06 ET]
Table 'Sabauda' 6-max Seat #2 is the button
Seat 1: Dofredyon ($102.15 in chips) 
Seat 2: Seavus10 ($136.99 in chips) 
Seat 3: shootingGRID ($100 in chips) 
Seat 4: 50CandyJoe ($161.66 in chips) 
Seat 5: Xenicide ($140.48 in chips) 
Seat 6: MaRKiToScoK ($104.15 in chips) 
shootingGRID: posts small blind $0.50
50CandyJoe: posts big blind $1
Dofredyon: posts small blind $0.50
*** HOLE CARDS ***
Xenicide: raises $1 to $2
MaRKiToScoK: folds 
Dofredyon: calls $2
Seavus10: folds 
shootingGRID: raises $12 to $14
50CandyJoe: folds 
Xenicide: raises $126.48 to $140.48 and is all-in
Dofredyon: folds 
shootingGRID: folds 
Uncalled bet ($126.48) returned to Xenicide
Xenicide collected $31.50 from pot
*** SUMMARY ***
Total pot $31.50 | Rake $0 
Seat 1: Dofredyon folded before Flop
Seat 2: Seavus10 (button) folded before Flop (didn't bet)
Seat 3: shootingGRID (small blind) folded before Flop
Seat 4: 50CandyJoe (big blind) folded before Flop
Seat 5: Xenicide collected ($31.50)
Seat 6: MaRKiToScoK folded before Flop (didn't bet)



PokerStars Hand #254729332669:  Hold'em No Limit ($0.50/$1.00 USD) - 2025/02/05 3:01:40 WET [2025/02/05 22:01:40 ET]
Table 'Sabauda' 6-max Seat #3 is the button
Seat 1: Dofredyon ($99.65 in chips) is sitting out
Seat 2: Seavus10 ($136.99 in chips) 
Seat 3: shootingGRID ($100 in chips) 
Seat 4: 50CandyJoe ($160.66 in chips) 
Seat 5: Xenicide ($157.98 in chips) 
Seat 6: MaRKiToScoK ($104.15 in chips) 
50CandyJoe: posts small blind $0.50
Xenicide: posts big blind $1
*** HOLE CARDS ***
MaRKiToScoK: folds 
Seavus10: folds 
shootingGRID: raises $1.50 to $2.50
50CandyJoe: raises $7.50 to $10
Xenicide: folds 
shootingGRID has timed out
shootingGRID: folds 
Uncalled bet ($7.50) returned to 50CandyJoe
50CandyJoe collected $6 from pot
50CandyJoe: doesn't show hand 
*** SUMMARY ***
Total pot $6 | Rake $0 
Seat 1: Dofredyon
Seat 2: Seavus10 folded before Flop (didn't bet)
Seat 3: shootingGRID (button) folded before Flop
Seat 4: 50CandyJoe (small blind) collected ($6)
Seat 5: Xenicide (big blind) folded before Flop
Seat 6: MaRKiToScoK folded before Flop (didn't bet)



PokerStars Hand #254729338435:  Hold'em No Limit ($0.50/$1.00 USD) - 2025/02/05 3:02:24 WET [2025/02/05 22:02:24 ET]
Table 'Sabauda' 6-max Seat #4 is the button
Seat 1: Dofredyon ($99.65 in chips) is sitting out
Seat 2: Seavus10 ($136.99 in chips) 
Seat 3: shootingGRID ($100 in chips) 
Seat 4: 50CandyJoe ($164.16 in chips) 
Seat 5: Xenicide ($156.98 in chips) 
Seat 6: MaRKiToScoK ($104.15 in chips) 
Xenicide: posts small blind $0.50
MaRKiToScoK: posts big blind $1
*** HOLE CARDS ***
Seavus10: folds 
shootingGRID: folds 
50CandyJoe: raises $1.50 to $2.50
Xenicide: folds 
MaRKiToScoK: calls $1.50
*** FLOP *** [9d 3h 2d]
MaRKiToScoK: checks 
50CandyJoe: checks 
*** TURN *** [9d 3h 2d] [6s]
MaRKiToScoK: bets $7.83
50CandyJoe: folds 
Uncalled bet ($7.83) returned to MaRKiToScoK
MaRKiToScoK collected $5.22 from pot
*** SUMMARY ***
Total pot $5.50 | Rake $0.28 
Board [9d 3h 2d 6s]
Seat 1: Dofredyon
Seat 2: Seavus10 folded before Flop (didn't bet)
Seat 3: shootingGRID folded before Flop (didn't bet)
Seat 4: 50CandyJoe (button) folded on the Turn
Seat 5: Xenicide (small blind) folded before Flop
Seat 6: MaRKiToScoK (big blind) collected ($5.22)



PokerStars Hand #254729344025:  Hold'em No Limit ($0.50/$1.00 USD) - 2025/02/05 3:03:05 WET [2025/02/05 22:03:05 ET]
Table 'Sabauda' 6-max Seat #5 is the button
Seat 1: Dofredyon ($99.65 in chips) is sitting out
Seat 2: Seavus10 ($136.99 in chips) 
Seat 3: shootingGRID ($100 in chips) 
Seat 4: 50CandyJoe ($161.66 in chips) 
Seat 5: Xenicide ($156.48 in chips) 
Seat 6: MaRKiToScoK ($106.87 in chips) 
MaRKiToScoK: posts small blind $0.50
Seavus10: posts big blind $1
*** HOLE CARDS ***
shootingGRID: folds 
50CandyJoe: raises $1.20 to $2.20
Xenicide: folds 
MaRKiToScoK: folds 
Seavus10: folds 
Uncalled bet ($1.20) returned to 50CandyJoe
50CandyJoe collected $2.50 from pot
50CandyJoe: doesn't show hand 
*** SUMMARY ***
Total pot $2.50 | Rake $0 
Seat 1: Dofredyon
Seat 2: Seavus10 (big blind) folded before Flop
Seat 3: shootingGRID folded before Flop (didn't bet)
Seat 4: 50CandyJoe collected ($2.50)
Seat 5: Xenicide (button) folded before Flop (didn't bet)
Seat 6: MaRKiToScoK (small blind) folded before Flop



PokerStars Hand #254729346077:  Hold'em No Limit ($0.50/$1.00 USD) - 2025/02/05 3:03:21 WET [2025/02/05 22:03:21 ET]
Table 'Sabauda' 6-max Seat #6 is the button
Seat 1: Dofredyon ($99.65 in chips) is sitting out
Seat 2: Seavus10 ($135.99 in chips) 
Seat 3: shootingGRID ($100 in chips) 
Seat 4: 50CandyJoe ($163.16 in chips) 
Seat 5: Xenicide ($156.48 in chips) 
Seat 6: MaRKiToScoK ($106.37 in chips) 
Seavus10: posts small blind $0.50
shootingGRID: posts big blind $1
*** HOLE CARDS ***
50CandyJoe: folds 
Xenicide: raises $1 to $2
MaRKiToScoK: folds 
Seavus10: folds 
shootingGRID: folds 
Uncalled bet ($1) returned to Xenicide
Xenicide collected $2.50 from pot
*** SUMMARY ***
Total pot $2.50 | Rake $0 
Seat 1: Dofredyon
Seat 2: Seavus10 (small blind) folded before Flop
Seat 3: shootingGRID (big blind) folded before Flop
Seat 4: 50CandyJoe folded before Flop (didn't bet)
Seat 5: Xenicide collected ($2.50)
Seat 6: MaRKiToScoK (button) folded before Flop (didn't bet)



PokerStars Hand #254729348436:  Hold'em No Limit ($0.50/$1.00 USD) - 2025/02/05 3:03:38 WET [2025/02/05 22:03:38 ET]
Table 'Sabauda' 6-max Seat #2 is the button
Seat 1: Dofredyon ($99.65 in chips) is sitting out
Seat 2: Seavus10 ($135.49 in chips) 
Seat 3: shootingGRID ($100 in chips) 
Seat 4: 50CandyJoe ($163.16 in chips) 
Seat 5: Xenicide ($157.98 in chips) 
Seat 6: MaRKiToScoK ($106.37 in chips) 
shootingGRID: posts small blind $0.50
50CandyJoe: posts big blind $1
*** HOLE CARDS ***
Xenicide: folds 
MaRKiToScoK: raises $1.20 to $2.20
Seavus10: folds 
shootingGRID: folds 
50CandyJoe: calls $1.20
*** FLOP *** [Ks 3h 9h]
50CandyJoe: checks 
MaRKiToScoK: bets $1.54
50CandyJoe: calls $1.54
*** TURN *** [Ks 3h 9h] [Kh]
50CandyJoe: checks 
MaRKiToScoK: checks 
*** RIVER *** [Ks 3h 9h Kh] [5s]
50CandyJoe: bets $11.37
MaRKiToScoK: folds 
Uncalled bet ($11.37) returned to 50CandyJoe
50CandyJoe collected $7.58 from pot
50CandyJoe: doesn't show hand 
*** SUMMARY ***
Total pot $7.98 | Rake $0.40 
Board [Ks 3h 9h Kh 5s]
Seat 1: Dofredyon
Seat 2: Seavus10 (button) folded before Flop (didn't bet)
Seat 3: shootingGRID (small blind) folded before Flop
Seat 4: 50CandyJoe (big blind) collected ($7.58)
Seat 5: Xenicide folded before Flop (didn't bet)
Seat 6: MaRKiToScoK folded on the River



PokerStars Hand #254729356884:  Hold'em No Limit ($0.50/$1.00 USD) - 2025/02/05 3:04:41 WET [2025/02/05 22:04:41 ET]
Table 'Sabauda' 6-max Seat #3 is the button
Seat 1: Dofredyon ($99.65 in chips) is sitting out
Seat 2: Seavus10 ($135.49 in chips) 
Seat 3: shootingGRID ($100 in chips) 
Seat 4: 50CandyJoe ($167 in chips) 
Seat 5: Xenicide ($157.98 in chips) 
Seat 6: MaRKiToScoK ($102.63 in chips) 
50CandyJoe: posts small blind $0.50
Xenicide: posts big blind $1
*** HOLE CARDS ***
MaRKiToScoK: folds 
Seavus10: folds 
shootingGRID: raises $1.50 to $2.50
50CandyJoe: folds 
Xenicide: folds 
Uncalled bet ($1.50) returned to shootingGRID
shootingGRID collected $2.50 from pot
*** SUMMARY ***
Total pot $2.50 | Rake $0 
Seat 1: Dofredyon
Seat 2: Seavus10 folded before Flop (didn't bet)
Seat 3: shootingGRID (button) collected ($2.50)
Seat 4: 50CandyJoe (small blind) folded before Flop
Seat 5: Xenicide (big blind) folded before Flop
Seat 6: MaRKiToScoK folded before Flop (didn't bet)



PokerStars Hand #254729363157:  Hold'em No Limit ($0.50/$1.00 USD) - 2025/02/05 3:05:28 WET [2025/02/05 22:05:28 ET]
Table 'Sabauda' 6-max Seat #4 is the button
Seat 1: Dofredyon ($99.65 in chips) is sitting out
Seat 2: Seavus10 ($135.49 in chips) 
Seat 3: shootingGRID ($101.50 in chips) 
Seat 4: 50CandyJoe ($166.50 in chips) 
Seat 5: Xenicide ($156.98 in chips) 
Seat 6: MaRKiToScoK ($102.63 in chips) 
Xenicide: posts small blind $0.50
MaRKiToScoK: posts big blind $1
*** HOLE CARDS ***
Seavus10: folds 
shootingGRID: folds 
50CandyJoe: folds 
Xenicide: raises $2.50 to $3.50
MaRKiToScoK: raises $7.50 to $11
Xenicide: calls $7.50
*** FLOP *** [Kh 6c Ts]
Xenicide: checks 
MaRKiToScoK: bets $6.90
Xenicide: calls $6.90
*** TURN *** [Kh 6c Ts] [4d]
Xenicide: checks 
MaRKiToScoK: checks 
*** RIVER *** [Kh 6c Ts 4d] [Td]
Xenicide: checks 
MaRKiToScoK: checks 
*** SHOW DOWN ***
Xenicide: shows [Ah Jh] (a pair of Tens)
MaRKiToScoK: shows [Qd Qs] (two pair, Queens and Tens)
MaRKiToScoK collected $34.01 from pot
*** SUMMARY ***
Total pot $35.80 | Rake $1.79 
Board [Kh 6c Ts 4d Td]
Seat 1: Dofredyon
Seat 2: Seavus10 folded before Flop (didn't bet)
Seat 3: shootingGRID folded before Flop (didn't bet)
Seat 4: 50CandyJoe (button) folded before Flop (didn't bet)
Seat 5: Xenicide (small blind) showed [Ah Jh] and lost with a pair of Tens
Seat 6: MaRKiToScoK (big blind) showed [Qd Qs] and won ($34.01) with two pair, Queens and Tens



PokerStars Hand #254729376208:  Hold'em No Limit ($0.50/$1.00 USD) - 2025/02/05 3:07:06 WET [2025/02/05 22:07:06 ET]
Table 'Sabauda' 6-max Seat #5 is the button
Seat 1: Dofredyon ($99.65 in chips) 
Seat 2: Seavus10 ($135.49 in chips) 
Seat 3: shootingGRID ($101.50 in chips) 
Seat 4: 50CandyJoe ($166.50 in chips) 
Seat 5: Xenicide ($139.08 in chips) 
Seat 6: MaRKiToScoK ($118.74 in chips) 
MaRKiToScoK: posts small blind $0.50
Dofredyon: posts big blind $1
*** HOLE CARDS ***
Seavus10: folds 
shootingGRID: folds 
50CandyJoe: folds 
Xenicide: raises $1.25 to $2.25
MaRKiToScoK: calls $1.75
Dofredyon: folds 
*** FLOP *** [Ts Js Qh]
MaRKiToScoK: checks 
Xenicide: bets $3.92
MaRKiToScoK: folds 
Uncalled bet ($3.92) returned to Xenicide
Xenicide collected $5.22 from pot
*** SUMMARY ***
Total pot $5.50 | Rake $0.28 
Board [Ts Js Qh]
Seat 1: Dofredyon (big blind) folded before Flop
Seat 2: Seavus10 folded before Flop (didn't bet)
Seat 3: shootingGRID folded before Flop (didn't bet)
Seat 4: 50CandyJoe folded before Flop (didn't bet)
Seat 5: Xenicide (button) collected ($5.22)
Seat 6: MaRKiToScoK (small blind) folded on the Flop



PokerStars Hand #254729380907:  Hold'em No Limit ($0.50/$1.00 USD) - 2025/02/05 3:07:42 WET [2025/02/05 22:07:42 ET]
Table 'Sabauda' 6-max Seat #6 is the button
Seat 1: Dofredyon ($98.65 in chips) 
Seat 2: Seavus10 ($135.49 in chips) 
Seat 3: shootingGRID ($101.50 in chips) 
Seat 4: 50CandyJoe ($166.50 in chips) 
Seat 5: Xenicide ($142.05 in chips) 
Seat 6: MaRKiToScoK ($116.49 in chips) 
Dofredyon: posts small blind $0.50
Seavus10: posts big blind $1
*** HOLE CARDS ***
shootingGRID: folds 
50CandyJoe: folds 
Xenicide: raises $1 to $2
MaRKiToScoK: calls $2
Dofredyon: calls $1.50
Seavus10: raises $12.50 to $14.50
Xenicide: folds 
MaRKiToScoK: folds 
Dofredyon: folds 
Uncalled bet ($12.50) returned to Seavus10
Seavus10 collected $8 from pot
Seavus10: doesn't show hand 
*** SUMMARY ***
Total pot $8 | Rake $0 
Seat 1: Dofredyon (small blind) folded before Flop
Seat 2: Seavus10 (big blind) collected ($8)
Seat 3: shootingGRID folded before Flop (didn't bet)
Seat 4: 50CandyJoe folded before Flop (didn't bet)
Seat 5: Xenicide folded before Flop
Seat 6: MaRKiToScoK (button) folded before Flop



PokerStars Hand #254729388795:  Hold'em No Limit ($0.50/$1.00 USD) - 2025/02/05 3:08:42 WET [2025/02/05 22:08:42 ET]
Table 'Sabauda' 6-max Seat #1 is the button
Seat 1: Dofredyon ($96.65 in chips) 
Seat 2: Seavus10 ($141.49 in chips) 
Seat 3: shootingGRID ($101.50 in chips) 
Seat 4: 50CandyJoe ($166.50 in chips) 
Seat 5: Xenicide ($140.05 in chips) 
Seat 6: MaRKiToScoK ($114.49 in chips) 
Seavus10: posts small blind $0.50
shootingGRID: posts big blind $1
*** HOLE CARDS ***
50CandyJoe: folds 
Xenicide: raises $1 to $2
MaRKiToScoK: folds 
Dofredyon: calls $2
Seavus10: raises $11.55 to $13.55
shootingGRID: folds 
Xenicide: folds 
Dofredyon: folds 
Uncalled bet ($11.55) returned to Seavus10
Seavus10 collected $7 from pot
Seavus10: doesn't show hand 
*** SUMMARY ***
Total pot $7 | Rake $0 
Seat 1: Dofredyon (button) folded before Flop
Seat 2: Seavus10 (small blind) collected ($7)
Seat 3: shootingGRID (big blind) folded before Flop
Seat 4: 50CandyJoe folded before Flop (didn't bet)
Seat 5: Xenicide folded before Flop
Seat 6: MaRKiToScoK folded before Flop (didn't bet)



PokerStars Hand #254729394273:  Hold'em No Limit ($0.50/$1.00 USD) - 2025/02/05 3:09:24 WET [2025/02/05 22:09:24 ET]
Table 'Sabauda' 6-max Seat #2 is the button
Seat 1: Dofredyon ($94.65 in chips) 
Seat 2: Seavus10 ($146.49 in chips) 
Seat 3: shootingGRID ($100.50 in chips) 
Seat 4: 50CandyJoe ($166.50 in chips) 
Seat 5: Xenicide ($138.05 in chips) 
Seat 6: MaRKiToScoK ($114.49 in chips) 
shootingGRID: posts small blind $0.50
50CandyJoe: posts big blind $1
*** HOLE CARDS ***
Xenicide: folds 
MaRKiToScoK: raises $1 to $2
Dofredyon: calls $2
Seavus10: folds 
shootingGRID: folds 
50CandyJoe: calls $1
*** FLOP *** [Ad Th 8s]
50CandyJoe: checks 
MaRKiToScoK: checks 
Dofredyon: checks 
*** TURN *** [Ad Th 8s] [2h]
50CandyJoe: checks 
MaRKiToScoK: checks 
Dofredyon: checks 
*** RIVER *** [Ad Th 8s 2h] [6h]
50CandyJoe: bets $6.18
MaRKiToScoK: folds 
Dofredyon: folds 
Uncalled bet ($6.18) returned to 50CandyJoe
50CandyJoe collected $6.18 from pot
50CandyJoe: doesn't show hand 
*** SUMMARY ***
Total pot $6.50 | Rake $0.32 
Board [Ad Th 8s 2h 6h]
Seat 1: Dofredyon folded on the River
Seat 2: Seavus10 (button) folded before Flop (didn't bet)
Seat 3: shootingGRID (small blind) folded before Flop
Seat 4: 50CandyJoe (big blind) collected ($6.18)
Seat 5: Xenicide folded before Flop (didn't bet)
Seat 6: MaRKiToScoK folded on the River



PokerStars Hand #254729404495:  Hold'em No Limit ($0.50/$1.00 USD) - 2025/02/05 3:10:43 WET [2025/02/05 22:10:43 ET]
Table 'Sabauda' 6-max Seat #3 is the button
Seat 1: Dofredyon ($92.65 in chips) 
Seat 2: Seavus10 ($146.49 in chips) 
Seat 3: shootingGRID ($100 in chips) 
Seat 4: 50CandyJoe ($170.68 in chips) 
Seat 5: Xenicide ($138.05 in chips) 
Seat 6: MaRKiToScoK ($112.49 in chips) 
50CandyJoe: posts small blind $0.50
Xenicide: posts big blind $1
*** HOLE CARDS ***
MaRKiToScoK: folds 
Dofredyon: raises $2.50 to $3.50
Seavus10: raises $6 to $9.50
shootingGRID: folds 
50CandyJoe: folds 
Xenicide: folds 
Dofredyon: calls $6
*** FLOP *** [As Ts 6c]
Dofredyon: bets $9.74
Seavus10: raises $19.48 to $29.22
Dofredyon: folds 
Uncalled bet ($19.48) returned to Seavus10
Seavus10 collected $37.98 from pot
Seavus10: doesn't show hand 
*** SUMMARY ***
Total pot $39.98 | Rake $2 
Board [As Ts 6c]
Seat 1: Dofredyon folded on the Flop
Seat 2: Seavus10 collected ($37.98)
Seat 3: shootingGRID (button) folded before Flop (didn't bet)
Seat 4: 50CandyJoe (small blind) folded before Flop
Seat 5: Xenicide (big blind) folded before Flop
Seat 6: MaRKiToScoK folded before Flop (didn't bet)



PokerStars Hand #254729413336:  Hold'em No Limit ($0.50/$1.00 USD) - 2025/02/05 3:11:50 WET [2025/02/05 22:11:50 ET]
Table 'Sabauda' 6-max Seat #4 is the button
Seat 1: Dofredyon ($73.41 in chips) 
Seat 2: Seavus10 ($165.23 in chips) 
Seat 3: shootingGRID ($100 in chips) 
Seat 4: 50CandyJoe ($170.18 in chips) 
Seat 5: Xenicide ($137.05 in chips) 
Seat 6: MaRKiToScoK ($112.49 in chips) 
Xenicide: posts small blind $0.50
MaRKiToScoK: posts big blind $1
*** HOLE CARDS ***
Dofredyon: calls $1
Seavus10: raises $3.50 to $4.50
shootingGRID: folds 
50CandyJoe: folds 
Xenicide: folds 
MaRKiToScoK: folds 
Dofredyon: folds 
Uncalled bet ($3.50) returned to Seavus10
Seavus10 collected $3.50 from pot
Seavus10: doesn't show hand 
*** SUMMARY ***
Total pot $3.50 | Rake $0 
Seat 1: Dofredyon folded before Flop
Seat 2: Seavus10 collected ($3.50)
Seat 3: shootingGRID folded before Flop (didn't bet)
Seat 4: 50CandyJoe (button) folded before Flop (didn't bet)
Seat 5: Xenicide (small blind) folded before Flop
Seat 6: MaRKiToScoK (big blind) folded before Flop



PokerStars Hand #254729416178:  Hold'em No Limit ($0.50/$1.00 USD) - 2025/02/05 3:12:12 WET [2025/02/05 22:12:12 ET]
Table 'Sabauda' 6-max Seat #5 is the button
Seat 1: Dofredyon ($72.41 in chips) 
Seat 2: Seavus10 ($167.73 in chips) 
Seat 3: shootingGRID ($100 in chips) 
Seat 4: 50CandyJoe ($170.18 in chips) 
Seat 5: Xenicide ($136.55 in chips) 
Seat 6: MaRKiToScoK ($111.49 in chips) 
MaRKiToScoK: posts small blind $0.50
Dofredyon: posts big blind $1
*** HOLE CARDS ***
Seavus10: raises $1 to $2
shootingGRID: folds 
50CandyJoe: folds 
Xenicide: folds 
MaRKiToScoK: folds 
Dofredyon: folds 
Uncalled bet ($1) returned to Seavus10
Seavus10 collected $2.50 from pot
Seavus10: doesn't show hand 
*** SUMMARY ***
Total pot $2.50 | Rake $0 
Seat 1: Dofredyon (big blind) folded before Flop
Seat 2: Seavus10 collected ($2.50)
Seat 3: shootingGRID folded before Flop (didn't bet)
Seat 4: 50CandyJoe folded before Flop (didn't bet)
Seat 5: Xenicide (button) folded before Flop (didn't bet)
Seat 6: MaRKiToScoK (small blind) folded before Flop



PokerStars Hand #254729420096:  Hold'em No Limit ($0.50/$1.00 USD) - 2025/02/05 3:12:42 WET [2025/02/05 22:12:42 ET]
Table 'Sabauda' 6-max Seat #6 is the button
Seat 1: Dofredyon ($71.41 in chips) 
Seat 2: Seavus10 ($169.23 in chips) 
Seat 3: shootingGRID ($100 in chips) 
Seat 4: 50CandyJoe ($170.18 in chips) 
Seat 5: Xenicide ($136.55 in chips) 
Seat 6: MaRKiToScoK ($110.99 in chips) 
Dofredyon: posts small blind $0.50
Seavus10: posts big blind $1
*** HOLE CARDS ***
shootingGRID has timed out
shootingGRID: folds 
50CandyJoe: raises $1.20 to $2.20
Xenicide: folds 
MaRKiToScoK: calls $2.20
Dofredyon: calls $1.70
Seavus10: folds 
*** FLOP *** [4c Qs 5c]
Dofredyon: bets $3.61
50CandyJoe: folds 
MaRKiToScoK: folds 
Uncalled bet ($3.61) returned to Dofredyon
Dofredyon collected $7.22 from pot
Dofredyon: doesn't show hand 
*** SUMMARY ***
Total pot $7.60 | Rake $0.38 
Board [4c Qs 5c]
Seat 1: Dofredyon (small blind) collected ($7.22)
Seat 2: Seavus10 (big blind) folded before Flop
Seat 3: shootingGRID folded before Flop (didn't bet)
Seat 4: 50CandyJoe folded on the Flop
Seat 5: Xenicide folded before Flop (didn't bet)
Seat 6: MaRKiToScoK (button) folded on the Flop



PokerStars Hand #254729427065:  Hold'em No Limit ($0.50/$1.00 USD) - 2025/02/05 3:13:36 WET [2025/02/05 22:13:36 ET]
Table 'Sabauda' 6-max Seat #1 is the button
Seat 1: Dofredyon ($76.43 in chips) 
Seat 2: Seavus10 ($168.23 in chips) 
Seat 3: shootingGRID ($100 in chips) 
Seat 4: 50CandyJoe ($167.98 in chips) 
Seat 5: Xenicide ($136.55 in chips) 
Seat 6: MaRKiToScoK ($108.79 in chips) 
Seavus10: posts small blind $0.50
shootingGRID: posts big blind $1
*** HOLE CARDS ***
50CandyJoe: folds 
Xenicide: folds 
MaRKiToScoK: folds 
Dofredyon: calls $1
Seavus10: calls $0.50
shootingGRID: checks 
*** FLOP *** [4h Jh 9h]
Seavus10: checks 
shootingGRID: checks 
Dofredyon: bets $1.43
Seavus10: folds 
shootingGRID: folds 
Uncalled bet ($1.43) returned to Dofredyon
Dofredyon collected $2.85 from pot
Dofredyon: doesn't show hand 
*** SUMMARY ***
Total pot $3 | Rake $0.15 
Board [4h Jh 9h]
Seat 1: Dofredyon (button) collected ($2.85)
Seat 2: Seavus10 (small blind) folded on the Flop
Seat 3: shootingGRID (big blind) folded on the Flop
Seat 4: 50CandyJoe folded before Flop (didn't bet)
Seat 5: Xenicide folded before Flop (didn't bet)
Seat 6: MaRKiToScoK folded before Flop (didn't bet)



PokerStars Hand #254729433580:  Hold'em No Limit ($0.50/$1.00 USD) - 2025/02/05 3:14:27 WET [2025/02/05 22:14:27 ET]
Table 'Sabauda' 6-max Seat #2 is the button
Seat 1: Dofredyon ($78.28 in chips) 
Seat 2: Seavus10 ($167.23 in chips) 
Seat 3: shootingGRID ($100 in chips) 
Seat 4: 50CandyJoe ($167.98 in chips) 
Seat 5: Xenicide ($136.55 in chips) 
Seat 6: MaRKiToScoK ($108.79 in chips) 
shootingGRID: posts small blind $0.50
50CandyJoe: posts big blind $1
*** HOLE CARDS ***
Xenicide: folds 
MaRKiToScoK: folds 
Dofredyon: folds 
Seavus10: raises $1.50 to $2.50
shootingGRID: folds 
50CandyJoe: folds 
Uncalled bet ($1.50) returned to Seavus10
Seavus10 collected $2.50 from pot
Seavus10: doesn't show hand 
*** SUMMARY ***
Total pot $2.50 | Rake $0 
Seat 1: Dofredyon folded before Flop (didn't bet)
Seat 2: Seavus10 (button) collected ($2.50)
Seat 3: shootingGRID (small blind) folded before Flop
Seat 4: 50CandyJoe (big blind) folded before Flop
Seat 5: Xenicide folded before Flop (didn't bet)
Seat 6: MaRKiToScoK folded before Flop (didn't bet)



PokerStars Hand #254729438201:  Hold'em No Limit ($0.50/$1.00 USD) - 2025/02/05 3:15:02 WET [2025/02/05 22:15:02 ET]
Table 'Sabauda' 6-max Seat #3 is the button
Seat 1: Dofredyon ($78.28 in chips) 
Seat 2: Seavus10 ($168.73 in chips) 
Seat 3: shootingGRID ($100 in chips) 
Seat 4: 50CandyJoe ($166.98 in chips) 
Seat 5: Xenicide ($136.55 in chips) 
Seat 6: MaRKiToScoK ($108.79 in chips) 
50CandyJoe: posts small blind $0.50
Xenicide: posts big blind $1
*** HOLE CARDS ***
MaRKiToScoK: folds 
Dofredyon: folds 
Seavus10: folds 
shootingGRID: raises $1.50 to $2.50
50CandyJoe: folds 
Xenicide: folds 
Uncalled bet ($1.50) returned to shootingGRID
shootingGRID collected $2.50 from pot
*** SUMMARY ***
Total pot $2.50 | Rake $0 
Seat 1: Dofredyon folded before Flop (didn't bet)
Seat 2: Seavus10 folded before Flop (didn't bet)
Seat 3: shootingGRID (button) collected ($2.50)
Seat 4: 50CandyJoe (small blind) folded before Flop
Seat 5: Xenicide (big blind) folded before Flop
Seat 6: MaRKiToScoK folded before Flop (didn't bet)



PokerStars Hand #254729441198:  Hold'em No Limit ($0.50/$1.00 USD) - 2025/02/05 3:15:26 WET [2025/02/05 22:15:26 ET]
Table 'Sabauda' 6-max Seat #4 is the button
Seat 1: Dofredyon ($78.28 in chips) 
Seat 2: Seavus10 ($168.73 in chips) 
Seat 3: shootingGRID ($101.50 in chips) 
Seat 4: 50CandyJoe ($166.48 in chips) 
Seat 5: Xenicide ($135.55 in chips) 
Seat 6: MaRKiToScoK ($108.79 in chips) 
Xenicide: posts small blind $0.50
MaRKiToScoK: posts big blind $1
*** HOLE CARDS ***
Dofredyon: raises $2.50 to $3.50
Seavus10: folds 
shootingGRID: folds 
50CandyJoe: folds 
Xenicide: folds 
MaRKiToScoK: folds 
Uncalled bet ($2.50) returned to Dofredyon
Dofredyon collected $2.50 from pot
Dofredyon: doesn't show hand 
*** SUMMARY ***
Total pot $2.50 | Rake $0 
Seat 1: Dofredyon collected ($2.50)
Seat 2: Seavus10 folded before Flop (didn't bet)
Seat 3: shootingGRID folded before Flop (didn't bet)
Seat 4: 50CandyJoe (button) folded before Flop (didn't bet)
Seat 5: Xenicide (small blind) folded before Flop
Seat 6: MaRKiToScoK (big blind) folded before Flop



PokerStars Hand #254729443280:  Hold'em No Limit ($0.50/$1.00 USD) - 2025/02/05 3:15:41 WET [2025/02/05 22:15:41 ET]
Table 'Sabauda' 6-max Seat #5 is the button
Seat 1: Dofredyon ($79.78 in chips) 
Seat 2: Seavus10 ($168.73 in chips) 
Seat 3: shootingGRID ($101.50 in chips) 
Seat 4: 50CandyJoe ($166.48 in chips) 
Seat 5: Xenicide ($135.05 in chips) 
Seat 6: MaRKiToScoK ($107.79 in chips) 
MaRKiToScoK: posts small blind $0.50
Dofredyon: posts big blind $1
*** HOLE CARDS ***
Seavus10: folds 
shootingGRID: folds 
50CandyJoe: folds 
Xenicide: raises $1.25 to $2.25
MaRKiToScoK: folds 
Dofredyon: calls $1.25
*** FLOP *** [2d Kc 5d]
Dofredyon: bets $2.38
Xenicide: folds 
Uncalled bet ($2.38) returned to Dofredyon
Dofredyon collected $4.75 from pot
Dofredyon: doesn't show hand 
*** SUMMARY ***
Total pot $5 | Rake $0.25 
Board [2d Kc 5d]
Seat 1: Dofredyon (big blind) collected ($4.75)
Seat 2: Seavus10 folded before Flop (didn't bet)
Seat 3: shootingGRID folded before Flop (didn't bet)
Seat 4: 50CandyJoe folded before Flop (didn't bet)
Seat 5: Xenicide (button) folded on the Flop
Seat 6: MaRKiToScoK (small blind) folded before Flop



PokerStars Hand #254729448383:  Hold'em No Limit ($0.50/$1.00 USD) - 2025/02/05 3:16:21 WET [2025/02/05 22:16:21 ET]
Table 'Sabauda' 6-max Seat #6 is the button
Seat 1: Dofredyon ($82.28 in chips) 
Seat 2: Seavus10 ($168.73 in chips) 
Seat 3: shootingGRID ($101.50 in chips) 
Seat 4: 50CandyJoe ($166.48 in chips) 
Seat 5: Xenicide ($132.80 in chips) 
Seat 6: MaRKiToScoK ($107.29 in chips) 
Dofredyon: posts small blind $0.50
Seavus10: posts big blind $1
*** HOLE CARDS ***
shootingGRID: folds 
50CandyJoe: folds 
Xenicide: raises $1 to $2
MaRKiToScoK: raises $5 to $7
Dofredyon: folds 
Seavus10: folds 
Xenicide: folds 
Uncalled bet ($5) returned to MaRKiToScoK
MaRKiToScoK collected $5.50 from pot
*** SUMMARY ***
Total pot $5.50 | Rake $0 
Seat 1: Dofredyon (small blind) folded before Flop
Seat 2: Seavus10 (big blind) folded before Flop
Seat 3: shootingGRID folded before Flop (didn't bet)
Seat 4: 50CandyJoe folded before Flop (didn't bet)
Seat 5: Xenicide folded before Flop
Seat 6: MaRKiToScoK (button) collected ($5.50)



PokerStars Hand #254729453959:  Hold'em No Limit ($0.50/$1.00 USD) - 2025/02/05 3:17:05 WET [2025/02/05 22:17:05 ET]
Table 'Sabauda' 6-max Seat #1 is the button
Seat 1: Dofredyon ($81.78 in chips) 
Seat 2: Seavus10 ($167.73 in chips) 
Seat 3: shootingGRID ($101.50 in chips) 
Seat 4: 50CandyJoe ($166.48 in chips) 
Seat 5: Xenicide ($130.80 in chips) 
Seat 6: MaRKiToScoK ($110.79 in chips) 
Seavus10: posts small blind $0.50
shootingGRID: posts big blind $1
*** HOLE CARDS ***
50CandyJoe: folds 
Xenicide: folds 
MaRKiToScoK: raises $1.20 to $2.20
Dofredyon: folds 
Seavus10: folds 
shootingGRID: folds 
Uncalled bet ($1.20) returned to MaRKiToScoK
MaRKiToScoK collected $2.50 from pot
*** SUMMARY ***
Total pot $2.50 | Rake $0 
Seat 1: Dofredyon (button) folded before Flop (didn't bet)
Seat 2: Seavus10 (small blind) folded before Flop
Seat 3: shootingGRID (big blind) folded before Flop
Seat 4: 50CandyJoe folded before Flop (didn't bet)
Seat 5: Xenicide folded before Flop (didn't bet)
Seat 6: MaRKiToScoK collected ($2.50)



PokerStars Hand #254729457418:  Hold'em No Limit ($0.50/$1.00 USD) - 2025/02/05 3:17:31 WET [2025/02/05 22:17:31 ET]
Table 'Sabauda' 6-max Seat #2 is the button
Seat 1: Dofredyon ($81.78 in chips) 
Seat 2: Seavus10 ($167.23 in chips) 
Seat 3: shootingGRID ($100.50 in chips) 
Seat 4: 50CandyJoe ($166.48 in chips) 
Seat 5: Xenicide ($130.80 in chips) 
Seat 6: MaRKiToScoK ($112.29 in chips) 
shootingGRID: posts small blind $0.50
50CandyJoe: posts big blind $1
*** HOLE CARDS ***
Xenicide: raises $1 to $2
MaRKiToScoK: raises $5 to $7
Dofredyon: folds 
Seavus10: folds 
shootingGRID: folds 
50CandyJoe: folds 
Xenicide: raises $12 to $19
MaRKiToScoK: calls $12
*** FLOP *** [4s 5h 3c]
Xenicide: bets $111.80 and is all-in
MaRKiToScoK: folds 
Uncalled bet ($111.80) returned to Xenicide
Xenicide collected $37.52 from pot
Xenicide: shows [Jh Ah] (high card Ace)
*** SUMMARY ***
Total pot $39.50 | Rake $1.98 
Board [4s 5h 3c]
Seat 1: Dofredyon folded before Flop (didn't bet)
Seat 2: Seavus10 (button) folded before Flop (didn't bet)
Seat 3: shootingGRID (small blind) folded before Flop
Seat 4: 50CandyJoe (big blind) folded before Flop
Seat 5: Xenicide collected ($37.52)
Seat 6: MaRKiToScoK folded on the Flop



PokerStars Hand #254729462639:  Hold'em No Limit ($0.50/$1.00 USD) - 2025/02/05 3:18:12 WET [2025/02/05 22:18:12 ET]
Table 'Sabauda' 6-max Seat #3 is the button
Seat 1: Dofredyon ($81.78 in chips) 
Seat 2: Seavus10 ($167.23 in chips) 
Seat 3: shootingGRID ($100 in chips) 
Seat 4: 50CandyJoe ($165.48 in chips) 
Seat 5: Xenicide ($149.32 in chips) 
Seat 6: MaRKiToScoK ($100 in chips) 
50CandyJoe: posts small blind $0.50
Xenicide: posts big blind $1
*** HOLE CARDS ***
MaRKiToScoK: folds 
Dofredyon: folds 
Seavus10: folds 
shootingGRID: folds 
50CandyJoe: raises $2 to $3
Xenicide: folds 
Uncalled bet ($2) returned to 50CandyJoe
50CandyJoe collected $2 from pot
50CandyJoe: doesn't show hand 
*** SUMMARY ***
Total pot $2 | Rake $0 
Seat 1: Dofredyon folded before Flop (didn't bet)
Seat 2: Seavus10 folded before Flop (didn't bet)
Seat 3: shootingGRID (button) folded before Flop (didn't bet)
Seat 4: 50CandyJoe (small blind) collected ($2)
Seat 5: Xenicide (big blind) folded before Flop
Seat 6: MaRKiToScoK folded before Flop (didn't bet)



PokerStars Hand #254729466840:  Hold'em No Limit ($0.50/$1.00 USD) - 2025/02/05 3:18:46 WET [2025/02/05 22:18:46 ET]
Table 'Sabauda' 6-max Seat #4 is the button
Seat 1: Dofredyon ($81.78 in chips) 
Seat 2: Seavus10 ($167.23 in chips) 
Seat 3: shootingGRID ($100 in chips) 
Seat 4: 50CandyJoe ($166.48 in chips) 
Seat 5: Xenicide ($148.32 in chips) 
Seat 6: MaRKiToScoK ($100 in chips) 
Xenicide: posts small blind $0.50
MaRKiToScoK: posts big blind $1
*** HOLE CARDS ***
Dofredyon: folds 
Seavus10: folds 
shootingGRID: folds 
50CandyJoe: folds 
Xenicide: raises $2.50 to $3.50
MaRKiToScoK: folds 
Uncalled bet ($2.50) returned to Xenicide
Xenicide collected $2 from pot
*** SUMMARY ***
Total pot $2 | Rake $0 
Seat 1: Dofredyon folded before Flop (didn't bet)
Seat 2: Seavus10 folded before Flop (didn't bet)
Seat 3: shootingGRID folded before Flop (didn't bet)
Seat 4: 50CandyJoe (button) folded before Flop (didn't bet)
Seat 5: Xenicide (small blind) collected ($2)
Seat 6: MaRKiToScoK (big blind) folded before Flop



PokerStars Hand #254729469795:  Hold'em No Limit ($0.50/$1.00 USD) - 2025/02/05 3:19:08 WET [2025/02/05 22:19:08 ET]
Table 'Sabauda' 6-max Seat #5 is the button
Seat 1: Dofredyon ($81.78 in chips) 
Seat 2: Seavus10 ($167.23 in chips) 
Seat 3: shootingGRID ($100 in chips) 
Seat 4: 50CandyJoe ($166.48 in chips) 
Seat 5: Xenicide ($149.32 in chips) 
Seat 6: MaRKiToScoK ($100 in chips) 
MaRKiToScoK: posts small blind $0.50
Dofredyon: posts big blind $1
*** HOLE CARDS ***
Seavus10: folds 
shootingGRID: folds 
50CandyJoe: folds 
Xenicide: folds 
MaRKiToScoK: raises $2 to $3
Dofredyon: calls $2
*** FLOP *** [3c 6d Kd]
MaRKiToScoK: bets $1.43
Dofredyon: calls $1.43
*** TURN *** [3c 6d Kd] [Jc]
MaRKiToScoK: checks 
Dofredyon: checks 
*** RIVER *** [3c 6d Kd Jc] [7s]
MaRKiToScoK: checks 
Dofredyon: bets $8.42
MaRKiToScoK: folds 
Uncalled bet ($8.42) returned to Dofredyon
Dofredyon collected $8.42 from pot
Dofredyon: doesn't show hand 
*** SUMMARY ***
Total pot $8.86 | Rake $0.44 
Board [3c 6d Kd Jc 7s]
Seat 1: Dofredyon (big blind) collected ($8.42)
Seat 2: Seavus10 folded before Flop (didn't bet)
Seat 3: shootingGRID folded before Flop (didn't bet)
Seat 4: 50CandyJoe folded before Flop (didn't bet)
Seat 5: Xenicide (button) folded before Flop (didn't bet)
Seat 6: MaRKiToScoK (small blind) folded on the River



PokerStars Hand #254729473598:  Hold'em No Limit ($0.50/$1.00 USD) - 2025/02/05 3:19:38 WET [2025/02/05 22:19:38 ET]
Table 'Sabauda' 6-max Seat #6 is the button
Seat 1: Dofredyon ($85.77 in chips) 
Seat 2: Seavus10 ($167.23 in chips) 
Seat 3: shootingGRID ($100 in chips) 
Seat 4: 50CandyJoe ($166.48 in chips) 
Seat 5: Xenicide ($149.32 in chips) 
Seat 6: MaRKiToScoK ($100 in chips) 
Dofredyon: posts small blind $0.50
Seavus10: posts big blind $1
*** HOLE CARDS ***
shootingGRID: folds 
50CandyJoe: folds 
Xenicide: folds 
MaRKiToScoK: raises $1.50 to $2.50
Dofredyon: folds 
Seavus10: folds 
Uncalled bet ($1.50) returned to MaRKiToScoK
MaRKiToScoK collected $2.50 from pot
*** SUMMARY ***
Total pot $2.50 | Rake $0 
Seat 1: Dofredyon (small blind) folded before Flop
Seat 2: Seavus10 (big blind) folded before Flop
Seat 3: shootingGRID folded before Flop (didn't bet)
Seat 4: 50CandyJoe folded before Flop (didn't bet)
Seat 5: Xenicide folded before Flop (didn't bet)
Seat 6: MaRKiToScoK (button) collected ($2.50)



