PokerStars Hand #254723194967:  Hold'em No Limit ($0.50/$1.00 USD) - 2025/02/05 19:45:27 WET [2025/02/05 14:45:27 ET]
Table 'Syrma II' 6-max Seat #2 is the button
Seat 1: Loco Crazy07 ($100 in chips) 
Seat 2: coeeeelho ($100 in chips) 
Seat 4: AndreaBsAs ($100.50 in chips) 
Seat 5: michasia ($101.50 in chips) 
Seat 6: AIien Hand ($104.72 in chips) 
AndreaBsAs: posts small blind $0.50
michasia: posts big blind $1
*** HOLE CARDS ***
AIien Hand: folds 
Loco Crazy07: folds 
coeeeelho: folds 
AndreaBsAs: folds 
Uncalled bet ($0.50) returned to michasia
michasia collected $1 from pot
michasia: doesn't show hand 
*** SUMMARY ***
Total pot $1 | Rake $0 
Seat 1: Loco Crazy07 folded before Flop (didn't bet)
Seat 2: coeeeelho (button) folded before Flop (didn't bet)
Seat 4: AndreaBsAs (small blind) folded before Flop
Seat 5: michasia (big blind) collected ($1)
Seat 6: AIien Hand folded before Flop (didn't bet)



PokerStars Hand #254723199164:  Hold'em No Limit ($0.50/$1.00 USD) - 2025/02/05 19:45:41 WET [2025/02/05 14:45:41 ET]
Table 'Syrma II' 6-max Seat #4 is the button
Seat 1: Loco Crazy07 ($100 in chips) 
Seat 2: coeeeelho ($100 in chips) 
Seat 4: AndreaBsAs ($100 in chips) 
Seat 5: michasia ($102 in chips) 
Seat 6: AIien Hand ($104.72 in chips) 
michasia: posts small blind $0.50
AIien Hand: posts big blind $1
*** HOLE CARDS ***
Loco Crazy07: folds 
coeeeelho: folds 
AndreaBsAs: folds 
michasia: raises $2 to $3
AIien Hand: folds 
Uncalled bet ($2) returned to michasia
michasia collected $2 from pot
michasia: doesn't show hand 
*** SUMMARY ***
Total pot $2 | Rake $0 
Seat 1: Loco Crazy07 folded before Flop (didn't bet)
Seat 2: coeeeelho folded before Flop (didn't bet)
Seat 4: AndreaBsAs (button) folded before Flop (didn't bet)
Seat 5: michasia (small blind) collected ($2)
Seat 6: AIien Hand (big blind) folded before Flop



PokerStars Hand #254723204488:  Hold'em No Limit ($0.50/$1.00 USD) - 2025/02/05 19:46:00 WET [2025/02/05 14:46:00 ET]
Table 'Syrma II' 6-max Seat #5 is the button
Seat 1: Loco Crazy07 ($100 in chips) 
Seat 2: coeeeelho ($100 in chips) 
Seat 4: AndreaBsAs ($100 in chips) 
Seat 5: michasia ($103 in chips) 
Seat 6: AIien Hand ($103.72 in chips) 
AIien Hand: posts small blind $0.50
Loco Crazy07: posts big blind $1
*** HOLE CARDS ***
coeeeelho: folds 
AndreaBsAs: folds 
AndreaBsAs leaves the table
michasia: raises $1.80 to $2.80
AIien Hand: raises $8.20 to $11
Loco Crazy07: folds 
poker_soul11 joins the table at seat #4 
michasia: folds 
Uncalled bet ($8.20) returned to AIien Hand
AIien Hand collected $6.60 from pot
AIien Hand: doesn't show hand 
Loco Crazy07 leaves the table
*** SUMMARY ***
Total pot $6.60 | Rake $0 
Seat 1: Loco Crazy07 (big blind) folded before Flop
Seat 2: coeeeelho folded before Flop (didn't bet)
Seat 4: AndreaBsAs folded before Flop (didn't bet)
Seat 5: michasia (button) folded before Flop
Seat 6: AIien Hand (small blind) collected ($6.60)



PokerStars Hand #254723211098:  Hold'em No Limit ($0.50/$1.00 USD) - 2025/02/05 19:46:22 WET [2025/02/05 14:46:22 ET]
Table 'Syrma II' 6-max Seat #6 is the button
Seat 2: coeeeelho ($100 in chips) 
Seat 4: poker_soul11 ($100 in chips) 
Seat 5: michasia ($100.20 in chips) 
Seat 6: AIien Hand ($107.52 in chips) 
coeeeelho: posts small blind $0.50
poker_soul11: posts big blind $1
*** HOLE CARDS ***
michasia: raises $1.80 to $2.80
AIien Hand: folds 
coeeeelho: folds 
poker_soul11: folds 
Uncalled bet ($1.80) returned to michasia
michasia collected $2.50 from pot
michasia: doesn't show hand 
*** SUMMARY ***
Total pot $2.50 | Rake $0 
Seat 2: coeeeelho (small blind) folded before Flop
Seat 4: poker_soul11 (big blind) folded before Flop
Seat 5: michasia collected ($2.50)
Seat 6: AIien Hand (button) folded before Flop (didn't bet)



PokerStars Hand #254723215238:  Hold'em No Limit ($0.50/$1.00 USD) - 2025/02/05 19:46:36 WET [2025/02/05 14:46:36 ET]
Table 'Syrma II' 6-max Seat #2 is the button
Seat 2: coeeeelho ($100 in chips) 
Seat 4: poker_soul11 ($100 in chips) 
Seat 5: michasia ($101.70 in chips) 
Seat 6: AIien Hand ($107.52 in chips) 
poker_soul11: posts small blind $0.50
michasia: posts big blind $1
*** HOLE CARDS ***
AIien Hand: raises $1.20 to $2.20
coeeeelho: folds 
poker_soul11: folds 
michasia: folds 
Uncalled bet ($1.20) returned to AIien Hand
AIien Hand collected $2.50 from pot
AIien Hand: doesn't show hand 
varkentje221 joins the table at seat #3 
varkentje221 is disconnected 
*** SUMMARY ***
Total pot $2.50 | Rake $0 
Seat 2: coeeeelho (button) folded before Flop (didn't bet)
Seat 4: poker_soul11 (small blind) folded before Flop
Seat 5: michasia (big blind) folded before Flop
Seat 6: AIien Hand collected ($2.50)



PokerStars Hand #254723221325:  Hold'em No Limit ($0.50/$1.00 USD) - 2025/02/05 19:46:57 WET [2025/02/05 14:46:57 ET]
Table 'Syrma II' 6-max Seat #4 is the button
Seat 3: varkentje221 ($48.79 in chips) is sitting out
Seat 2: coeeeelho ($100 in chips) 
Seat 4: poker_soul11 ($100 in chips) 
Seat 5: michasia ($100.70 in chips) 
Seat 6: AIien Hand ($109.02 in chips) 
michasia: posts small blind $0.50
AIien Hand: posts big blind $1
varkentje221: sits out 
*** HOLE CARDS ***
coeeeelho: raises $1.20 to $2.20
poker_soul11: folds 
michasia: raises $8.80 to $11
AIien Hand: folds 
coeeeelho: folds 
Uncalled bet ($8.80) returned to michasia
michasia collected $5.40 from pot
michasia: doesn't show hand 
*** SUMMARY ***
Total pot $5.40 | Rake $0 
Seat 3: varkentje221
Seat 2: coeeeelho folded before Flop
Seat 4: poker_soul11 (button) folded before Flop (didn't bet)
Seat 5: michasia (small blind) collected ($5.40)
Seat 6: AIien Hand (big blind) folded before Flop



PokerStars Hand #254723225971:  Hold'em No Limit ($0.50/$1.00 USD) - 2025/02/05 19:47:13 WET [2025/02/05 14:47:13 ET]
Table 'Syrma II' 6-max Seat #5 is the button
Seat 3: varkentje221 ($48.79 in chips) is sitting out
Seat 2: coeeeelho ($100 in chips) 
Seat 4: poker_soul11 ($100 in chips) 
Seat 5: michasia ($103.90 in chips) 
Seat 6: AIien Hand ($108.02 in chips) 
AIien Hand: posts small blind $0.50
coeeeelho: posts big blind $1
varkentje221: sits out 
*** HOLE CARDS ***
poker_soul11: folds 
michasia: raises $1.80 to $2.80
AIien Hand: raises $8.20 to $11
coeeeelho: folds 
michasia: folds 
Uncalled bet ($8.20) returned to AIien Hand
AIien Hand collected $6.60 from pot
AIien Hand: doesn't show hand 
*** SUMMARY ***
Total pot $6.60 | Rake $0 
Seat 3: varkentje221
Seat 2: coeeeelho (big blind) folded before Flop
Seat 4: poker_soul11 folded before Flop (didn't bet)
Seat 5: michasia (button) folded before Flop
Seat 6: AIien Hand (small blind) collected ($6.60)



PokerStars Hand #254723230528:  Hold'em No Limit ($0.50/$1.00 USD) - 2025/02/05 19:47:29 WET [2025/02/05 14:47:29 ET]
Table 'Syrma II' 6-max Seat #6 is the button
Seat 2: coeeeelho ($100 in chips) 
Seat 3: varkentje221 ($48.79 in chips) 
Seat 4: poker_soul11 ($100 in chips) 
Seat 5: michasia ($101.10 in chips) 
Seat 6: AIien Hand ($111.82 in chips) 
coeeeelho: posts small blind $0.50
varkentje221: posts big blind $1
*** HOLE CARDS ***
poker_soul11: raises $1.20 to $2.20
michasia: folds 
AIien Hand: folds 
coeeeelho: folds 
varkentje221: folds 
Uncalled bet ($1.20) returned to poker_soul11
poker_soul11 collected $2.50 from pot
poker_soul11: doesn't show hand 
*** SUMMARY ***
Total pot $2.50 | Rake $0 
Seat 2: coeeeelho (small blind) folded before Flop
Seat 3: varkentje221 (big blind) folded before Flop
Seat 4: poker_soul11 collected ($2.50)
Seat 5: michasia folded before Flop (didn't bet)
Seat 6: AIien Hand (button) folded before Flop (didn't bet)



PokerStars Hand #254723234741:  Hold'em No Limit ($0.50/$1.00 USD) - 2025/02/05 19:47:43 WET [2025/02/05 14:47:43 ET]
Table 'Syrma II' 6-max Seat #2 is the button
Seat 2: coeeeelho ($100 in chips) 
Seat 3: varkentje221 ($47.79 in chips) 
Seat 4: poker_soul11 ($101.50 in chips) 
Seat 5: michasia ($101.10 in chips) 
Seat 6: AIien Hand ($111.82 in chips) 
varkentje221: posts small blind $0.50
poker_soul11: posts big blind $1
*** HOLE CARDS ***
Rdalonso joins the table at seat #1 
michasia: folds 
AIien Hand: folds 
michasia leaves the table
coeeeelho: raises $1.50 to $2.50
varkentje221: folds 
poker_soul11: folds 
Uncalled bet ($1.50) returned to coeeeelho
coeeeelho collected $2.50 from pot
tintin641 joins the table at seat #5 
*** SUMMARY ***
Total pot $2.50 | Rake $0 
Seat 2: coeeeelho (button) collected ($2.50)
Seat 3: varkentje221 (small blind) folded before Flop
Seat 4: poker_soul11 (big blind) folded before Flop
Seat 5: michasia folded before Flop (didn't bet)
Seat 6: AIien Hand folded before Flop (didn't bet)



PokerStars Hand #254723238537:  Hold'em No Limit ($0.50/$1.00 USD) - 2025/02/05 19:47:56 WET [2025/02/05 14:47:56 ET]
Table 'Syrma II' 6-max Seat #3 is the button
Seat 1: Rdalonso ($100 in chips) is sitting out
Seat 2: coeeeelho ($101.50 in chips) 
Seat 3: varkentje221 ($47.29 in chips) 
Seat 4: poker_soul11 ($100.50 in chips) 
Seat 5: tintin641 ($100 in chips) 
Seat 6: AIien Hand ($111.82 in chips) 
poker_soul11: posts small blind $0.50
tintin641 is connected 
tintin641: posts big blind $1
Rdalonso: sits out 
*** HOLE CARDS ***
AIien Hand: folds 
coeeeelho: raises $1.20 to $2.20
varkentje221: folds 
poker_soul11: folds 
tintin641: folds 
Uncalled bet ($1.20) returned to coeeeelho
coeeeelho collected $2.50 from pot
*** SUMMARY ***
Total pot $2.50 | Rake $0 
Seat 1: Rdalonso
Seat 2: coeeeelho collected ($2.50)
Seat 3: varkentje221 (button) folded before Flop (didn't bet)
Seat 4: poker_soul11 (small blind) folded before Flop
Seat 5: tintin641 (big blind) folded before Flop
Seat 6: AIien Hand folded before Flop (didn't bet)



PokerStars Hand #254723246615:  Hold'em No Limit ($0.50/$1.00 USD) - 2025/02/05 19:48:23 WET [2025/02/05 14:48:23 ET]
Table 'Syrma II' 6-max Seat #4 is the button
Seat 6: AIien Hand ($111.82 in chips) is sitting out
Seat 1: Rdalonso ($100 in chips) 
Seat 2: coeeeelho ($103 in chips) 
Seat 3: varkentje221 ($47.29 in chips) 
Seat 4: poker_soul11 ($100 in chips) 
Seat 5: tintin641 ($100 in chips) 
tintin641: posts small blind $0.50
AIien Hand: is sitting out 
Rdalonso: posts big blind $1
*** HOLE CARDS ***
AIien Hand leaves the table
coeeeelho: folds 
varkentje221: calls $1
poker_soul11: folds 
tintin641: calls $0.50
Rdalonso: checks 
*** FLOP *** [Js 4s 3h]
tintin641: checks 
Rdalonso: checks 
varkentje221: bets $2
BGS013 joins the table at seat #6 
tintin641: folds 
Rdalonso: folds 
Uncalled bet ($2) returned to varkentje221
varkentje221 collected $2.85 from pot
varkentje221: doesn't show hand 
*** SUMMARY ***
Total pot $3 | Rake $0.15 
Board [Js 4s 3h]
Seat 6: AIien Hand
Seat 1: Rdalonso (big blind) folded on the Flop
Seat 2: coeeeelho folded before Flop (didn't bet)
Seat 3: varkentje221 collected ($2.85)
Seat 4: poker_soul11 (button) folded before Flop (didn't bet)
Seat 5: tintin641 (small blind) folded on the Flop



PokerStars Hand #254723267657:  Hold'em No Limit ($0.50/$1.00 USD) - 2025/02/05 19:49:35 WET [2025/02/05 14:49:35 ET]
Table 'Syrma II' 6-max Seat #5 is the button
Seat 6: BGS013 ($100 in chips) is sitting out
Seat 1: Rdalonso ($100 in chips) 
Seat 2: coeeeelho ($103 in chips) 
Seat 3: varkentje221 ($49.14 in chips) 
Seat 4: poker_soul11 ($100 in chips) 
Seat 5: tintin641 ($100 in chips) 
Rdalonso: posts small blind $0.50
coeeeelho: posts big blind $1
*** HOLE CARDS ***
varkentje221: calls $1
poker_soul11: folds 
tintin641: folds 
Rdalonso: raises $4 to $5
coeeeelho: folds 
varkentje221: calls $4
*** FLOP *** [8c Ac 4c]
Rdalonso: bets $1.05
varkentje221: raises $6.28 to $7.33
Rdalonso: calls $6.28
*** TURN *** [8c Ac 4c] [7c]
Rdalonso: checks 
varkentje221: bets $36.81 and is all-in
Rdalonso: calls $36.81
*** RIVER *** [8c Ac 4c 7c] [8d]
*** SHOW DOWN ***
Rdalonso: shows [Qd Qh] (two pair, Queens and Eights)
varkentje221: shows [Ah 5c] (a flush, Ace high)
varkentje221 collected $96.78 from pot
*** SUMMARY ***
Total pot $99.28 | Rake $2.50 
Board [8c Ac 4c 7c 8d]
Seat 6: BGS013
Seat 1: Rdalonso (small blind) showed [Qd Qh] and lost with two pair, Queens and Eights
Seat 2: coeeeelho (big blind) folded before Flop
Seat 3: varkentje221 showed [Ah 5c] and won ($96.78) with a flush, Ace high
Seat 4: poker_soul11 folded before Flop (didn't bet)
Seat 5: tintin641 (button) folded before Flop (didn't bet)



PokerStars Hand #254723290416:  Hold'em No Limit ($0.50/$1.00 USD) - 2025/02/05 19:50:53 WET [2025/02/05 14:50:53 ET]
Table 'Syrma II' 6-max Seat #1 is the button
Seat 6: BGS013 ($100 in chips) is sitting out
Seat 1: Rdalonso ($100 in chips) 
Seat 2: coeeeelho ($102 in chips) 
Seat 3: varkentje221 ($96.78 in chips) 
Seat 4: poker_soul11 ($100 in chips) 
Seat 5: tintin641 ($100 in chips) 
coeeeelho: posts small blind $0.50
varkentje221: posts big blind $1
BGS013 has timed out
BGS013: is sitting out 
*** HOLE CARDS ***
poker_soul11: folds 
tintin641: folds 
Rdalonso: raises $1.50 to $2.50
coeeeelho: folds 
varkentje221: calls $1.50
*** FLOP *** [Qh 2h 8h]
BGS013 is disconnected 
varkentje221: checks 
Rdalonso: bets $1.72
varkentje221: calls $1.72
*** TURN *** [Qh 2h 8h] [Th]
varkentje221: bets $4.25
Rdalonso: calls $4.25
*** RIVER *** [Qh 2h 8h Th] [5s]
varkentje221: checks 
Rdalonso: bets $21.08
varkentje221: calls $21.08
*** SHOW DOWN ***
Rdalonso: shows [Tc Kh] (a flush, King high)
varkentje221: mucks hand 
Rdalonso collected $57.10 from pot
*** SUMMARY ***
Total pot $59.60 | Rake $2.50 
Board [Qh 2h 8h Th 5s]
Seat 6: BGS013
Seat 1: Rdalonso (button) showed [Tc Kh] and won ($57.10) with a flush, King high
Seat 2: coeeeelho (small blind) folded before Flop
Seat 3: varkentje221 (big blind) mucked
Seat 4: poker_soul11 folded before Flop (didn't bet)
Seat 5: tintin641 folded before Flop (didn't bet)



PokerStars Hand #254723312332:  Hold'em No Limit ($0.50/$1.00 USD) - 2025/02/05 19:52:09 WET [2025/02/05 14:52:09 ET]
Table 'Syrma II' 6-max Seat #2 is the button
Seat 6: BGS013 ($100 in chips) is sitting out
Seat 1: Rdalonso ($127.55 in chips) 
Seat 2: coeeeelho ($101.50 in chips) 
Seat 3: varkentje221 ($67.23 in chips) 
Seat 4: poker_soul11 ($100 in chips) 
Seat 5: tintin641 ($100 in chips) 
varkentje221: posts small blind $0.50
poker_soul11: posts big blind $1
BGS013: sits out 
*** HOLE CARDS ***
tintin641: folds 
Rdalonso: raises $1.50 to $2.50
coeeeelho: folds 
varkentje221: folds 
poker_soul11: folds 
Uncalled bet ($1.50) returned to Rdalonso
Rdalonso collected $2.50 from pot
Rdalonso: doesn't show hand 
*** SUMMARY ***
Total pot $2.50 | Rake $0 
Seat 6: BGS013
Seat 1: Rdalonso collected ($2.50)
Seat 2: coeeeelho (button) folded before Flop (didn't bet)
Seat 3: varkentje221 (small blind) folded before Flop
Seat 4: poker_soul11 (big blind) folded before Flop
Seat 5: tintin641 folded before Flop (didn't bet)



PokerStars Hand #254723318405:  Hold'em No Limit ($0.50/$1.00 USD) - 2025/02/05 19:52:30 WET [2025/02/05 14:52:30 ET]
Table 'Syrma II' 6-max Seat #3 is the button
Seat 6: BGS013 ($100 in chips) is sitting out
Seat 1: Rdalonso ($129.05 in chips) 
Seat 2: coeeeelho ($101.50 in chips) 
Seat 3: varkentje221 ($66.73 in chips) 
Seat 4: poker_soul11 ($100 in chips) 
Seat 5: tintin641 ($100 in chips) 
poker_soul11: posts small blind $0.50
tintin641: posts big blind $1
BGS013: sits out 
*** HOLE CARDS ***
Rdalonso: folds 
coeeeelho: folds 
varkentje221: folds 
poker_soul11: folds 
Uncalled bet ($0.50) returned to tintin641
tintin641 collected $1 from pot
tintin641: doesn't show hand 
*** SUMMARY ***
Total pot $1 | Rake $0 
Seat 6: BGS013
Seat 1: Rdalonso folded before Flop (didn't bet)
Seat 2: coeeeelho folded before Flop (didn't bet)
Seat 3: varkentje221 (button) folded before Flop (didn't bet)
Seat 4: poker_soul11 (small blind) folded before Flop
Seat 5: tintin641 (big blind) collected ($1)



PokerStars Hand #254723322970:  Hold'em No Limit ($0.50/$1.00 USD) - 2025/02/05 19:52:45 WET [2025/02/05 14:52:45 ET]
Table 'Syrma II' 6-max Seat #4 is the button
Seat 1: Rdalonso ($129.05 in chips) 
Seat 2: coeeeelho ($101.50 in chips) 
Seat 3: varkentje221 ($66.73 in chips) 
Seat 4: poker_soul11 ($100 in chips) 
Seat 5: tintin641 ($100.50 in chips) 
Seat 6: BGS013 ($100 in chips) 
tintin641: posts small blind $0.50
BGS013: posts big blind $1
*** HOLE CARDS ***
Rdalonso: folds 
coeeeelho: raises $1.20 to $2.20
varkentje221: folds 
poker_soul11: folds 
tintin641: folds 
BGS013: folds 
Uncalled bet ($1.20) returned to coeeeelho
coeeeelho collected $2.50 from pot
*** SUMMARY ***
Total pot $2.50 | Rake $0 
Seat 1: Rdalonso folded before Flop (didn't bet)
Seat 2: coeeeelho collected ($2.50)
Seat 3: varkentje221 folded before Flop (didn't bet)
Seat 4: poker_soul11 (button) folded before Flop (didn't bet)
Seat 5: tintin641 (small blind) folded before Flop
Seat 6: BGS013 (big blind) folded before Flop



PokerStars Hand #254723431368:  Hold'em No Limit ($0.50/$1.00 USD) - 2025/02/05 20:00:31 WET [2025/02/05 15:00:31 ET]
Table 'Syrma II' 6-max Seat #5 is the button
Seat 3: varkentje221 ($0 in chips) is sitting out
Seat 1: Rdalonso ($100 in chips) 
Seat 2: coeeeelho ($128.50 in chips) 
Seat 4: BadenBadenPH ($145.69 in chips) 
Seat 5: tintin641 ($120.34 in chips) 
Seat 6: BGS013 ($101.75 in chips) 
BGS013: posts small blind $0.50
Rdalonso: posts big blind $1
*** HOLE CARDS ***
coeeeelho: folds 
BadenBadenPH: folds 
varkentje221 leaves the table
tintin641: folds 
BGS013: raises $2 to $3
Rdalonso: raises $7 to $10
BGS013: folds 
Uncalled bet ($7) returned to Rdalonso
Rdalonso collected $6 from pot
Rdalonso: doesn't show hand 
*** SUMMARY ***
Total pot $6 | Rake $0 
Seat 3: varkentje221
Seat 1: Rdalonso (big blind) collected ($6)
Seat 2: coeeeelho folded before Flop (didn't bet)
Seat 4: BadenBadenPH folded before Flop (didn't bet)
Seat 5: tintin641 (button) folded before Flop (didn't bet)
Seat 6: BGS013 (small blind) folded before Flop



PokerStars Hand #254723436465:  Hold'em No Limit ($0.50/$1.00 USD) - 2025/02/05 20:00:54 WET [2025/02/05 15:00:54 ET]
Table 'Syrma II' 6-max Seat #6 is the button
Seat 2: coeeeelho ($128.50 in chips) is sitting out
Seat 1: Rdalonso ($103 in chips) 
Seat 4: BadenBadenPH ($145.69 in chips) 
Seat 5: tintin641 ($120.34 in chips) 
Seat 6: BGS013 ($100 in chips) 
Rdalonso: posts small blind $0.50
coeeeelho: is sitting out 
BadenBadenPH: posts big blind $1
*** HOLE CARDS ***
tintin641: raises $1.50 to $2.50
coeeeelho leaves the table
BGS013: folds 
Rdalonso: folds 
BadenBadenPH: folds 
Uncalled bet ($1.50) returned to tintin641
tintin641 collected $2.50 from pot
tintin641: doesn't show hand 
*** SUMMARY ***
Total pot $2.50 | Rake $0 
Seat 2: coeeeelho
Seat 1: Rdalonso (small blind) folded before Flop
Seat 4: BadenBadenPH (big blind) folded before Flop
Seat 5: tintin641 collected ($2.50)
Seat 6: BGS013 (button) folded before Flop (didn't bet)



PokerStars Hand #254723440984:  Hold'em No Limit ($0.50/$1.00 USD) - 2025/02/05 20:01:12 WET [2025/02/05 15:01:12 ET]
Table 'Syrma II' 6-max Seat #1 is the button
Seat 5: tintin641 ($121.84 in chips) is sitting out
Seat 1: Rdalonso ($102.50 in chips) 
Seat 4: BadenBadenPH ($144.69 in chips) 
Seat 6: BGS013 ($100 in chips) 
BadenBadenPH: posts small blind $0.50
tintin641: is sitting out 
BGS013: posts big blind $1
*** HOLE CARDS ***
Rdalonso: raises $1.50 to $2.50
tintin641 leaves the table
BadenBadenPH: folds 
BGS013: folds 
Uncalled bet ($1.50) returned to Rdalonso
Rdalonso collected $2.50 from pot
Rdalonso: doesn't show hand 
*** SUMMARY ***
Total pot $2.50 | Rake $0 
Seat 5: tintin641
Seat 1: Rdalonso (button) collected ($2.50)
Seat 4: BadenBadenPH (small blind) folded before Flop
Seat 6: BGS013 (big blind) folded before Flop



PokerStars Hand #254723443799:  Hold'em No Limit ($0.50/$1.00 USD) - 2025/02/05 20:01:24 WET [2025/02/05 15:01:24 ET]
Table 'Syrma II' 6-max Seat #6 is the button
Seat 1: Rdalonso ($104 in chips) is sitting out
Seat 4: BadenBadenPH ($144.19 in chips) 
Seat 6: BGS013 ($100 in chips) 
BGS013: posts small blind $0.50
Rdalonso: is sitting out 
BadenBadenPH: posts big blind $1
*** HOLE CARDS ***
BGS013: raises $1.50 to $2.50
BadenBadenPH: calls $1.50
*** FLOP *** [Ac 2s 7h]
BadenBadenPH: checks 
BGS013: checks 
*** TURN *** [Ac 2s 7h] [5c]
Rdalonso leaves the table
BadenBadenPH: checks 
BGS013: checks 
*** RIVER *** [Ac 2s 7h 5c] [Qc]
BadenBadenPH: checks 
BGS013: bets $2.61
BadenBadenPH: calls $2.61
*** SHOW DOWN ***
BGS013: shows [7d Qh] (two pair, Queens and Sevens)
BadenBadenPH: mucks hand 
BGS013 collected $9.71 from pot
*** SUMMARY ***
Total pot $10.22 | Rake $0.51 
Board [Ac 2s 7h 5c Qc]
Seat 1: Rdalonso
Seat 4: BadenBadenPH (big blind) mucked
Seat 6: BGS013 (button) (small blind) showed [7d Qh] and won ($9.71) with two pair, Queens and Sevens



