PokerStars Hand #254722828627:  Hold'em No Limit ($0.50/$1.00 USD) - 2025/02/05 19:24:32 WET [2025/02/05 14:24:32 ET]
Table 'Kurhah II' 6-max Seat #1 is the button
Seat 1: laloo246 ($100 in chips) 
Seat 3: J0SHB0SH ($100 in chips) 
Seat 4: joaquin612 ($100 in chips) 
J0SHB0SH: posts small blind $0.50
joaquin612: posts big blind $1
*** HOLE CARDS ***
laloo246: raises $1.50 to $2.50
J0SHB0SH: folds 
joaquin612: folds 
Uncalled bet ($1.50) returned to laloo246
laloo246 collected $2.50 from pot
laloo246: doesn't show hand 
*** SUMMARY ***
Total pot $2.50 | Rake $0 
Seat 1: laloo246 (button) collected ($2.50)
Seat 3: J0SHB0SH (small blind) folded before Flop
Seat 4: joaquin612 (big blind) folded before Flop



PokerStars Hand #254722832293:  Hold'em No Limit ($0.50/$1.00 USD) - 2025/02/05 19:24:44 WET [2025/02/05 14:24:44 ET]
Table 'Kurhah II' 6-max Seat #4 is the button
Seat 1: laloo246 ($101.50 in chips) is sitting out
Seat 3: J0SHB0SH ($100 in chips) 
Seat 4: joaquin612 ($100 in chips) 
joaquin612: posts small blind $0.50
laloo246: is sitting out 
J0SHB0SH: posts big blind $1
*** HOLE CARDS ***
joaquin612: folds 
Uncalled bet ($0.50) returned to J0SHB0SH
J0SHB0SH collected $1 from pot
J0SHB0SH: doesn't show hand 
*** SUMMARY ***
Total pot $1 | Rake $0 
Seat 1: laloo246
Seat 3: J0SHB0SH (big blind) collected ($1)
Seat 4: joaquin612 (button) (small blind) folded before Flop



PokerStars Hand #254722834293:  Hold'em No Limit ($0.50/$1.00 USD) - 2025/02/05 19:24:51 WET [2025/02/05 14:24:51 ET]
Table 'Kurhah II' 6-max Seat #3 is the button
Seat 1: laloo246 ($101.50 in chips) is sitting out
Seat 3: J0SHB0SH ($100.50 in chips) 
Seat 4: joaquin612 ($100 in chips) 
J0SHB0SH: posts small blind $0.50
joaquin612: posts big blind $1
*** HOLE CARDS ***
laloo246 leaves the table
J0SHB0SH: folds 
Uncalled bet ($0.50) returned to joaquin612
joaquin612 collected $1 from pot
joaquin612: doesn't show hand 
*** SUMMARY ***
Total pot $1 | Rake $0 
Seat 1: laloo246
Seat 3: J0SHB0SH (button) (small blind) folded before Flop
Seat 4: joaquin612 (big blind) collected ($1)



