PokerStars Hand #254719979617:  Hold'em No Limit ($0.50/$1.00 USD) - 2025/02/05 16:15:43 WET [2025/02/05 11:15:43 ET]
Table 'Petrina II' 6-max Seat #6 is the button
Seat 2: blistein ($101.04 in chips) is sitting out
Seat 1: catwoman1708 ($5.80 in chips) 
Seat 3: tintin641 ($100 in chips) 
Seat 4: b2k-Snick ($100 in chips) 
Seat 5: Pon4uk.ua ($198 in chips) 
Seat 6: treidei3 ($100 in chips) 
catwoman1708: posts small blind $0.50
blistein: is sitting out 
tintin641: posts big blind $1
*** HOLE CARDS ***
blistein leaves the table
b2k-Snick: folds 
Pon4uk.ua: raises $1.50 to $2.50
treidei3: folds 
catwoman1708: folds 
tintin641: calls $1.50
*** FLOP *** [Jd Td Kh]
tintin641: checks 
Pon4uk.ua: bets $1.72
tintin641: calls $1.72
*** TURN *** [Jd Td Kh] [As]
tintin641: checks 
Pon4uk.ua: checks 
*** RIVER *** [Jd Td Kh As] [8c]
tintin641: bets $6.37
Pon4uk.ua: calls $6.37
Jonyempire joins the table at seat #2 
*** SHOW DOWN ***
tintin641: shows [4h 4c] (a pair of Fours)
Pon4uk.ua: shows [Ac 8h] (two pair, Aces and Eights)
Jonyempire is disconnected 
Pon4uk.ua collected $20.60 from pot
*** SUMMARY ***
Total pot $21.68 | Rake $1.08 
Board [Jd Td Kh As 8c]
Seat 2: blistein
Seat 1: catwoman1708 (small blind) folded before Flop
Seat 3: tintin641 (big blind) showed [4h 4c] and lost with a pair of Fours
Seat 4: b2k-Snick folded before Flop (didn't bet)
Seat 5: Pon4uk.ua showed [Ac 8h] and won ($20.60) with two pair, Aces and Eights
Seat 6: treidei3 (button) folded before Flop (didn't bet)



PokerStars Hand #254719993552:  Hold'em No Limit ($0.50/$1.00 USD) - 2025/02/05 16:16:46 WET [2025/02/05 11:16:46 ET]
Table 'Petrina II' 6-max Seat #1 is the button
Seat 2: Jonyempire ($100 in chips) is sitting out
Seat 1: catwoman1708 ($5.30 in chips) 
Seat 3: tintin641 ($100 in chips) 
Seat 4: b2k-Snick ($100 in chips) 
Seat 5: Pon4uk.ua ($208.01 in chips) 
Seat 6: treidei3 ($100 in chips) 
tintin641: posts small blind $0.50
b2k-Snick: posts big blind $1
*** HOLE CARDS ***
Pon4uk.ua: folds 
treidei3: folds 
catwoman1708: raises $4.30 to $5.30 and is all-in
tintin641: folds 
b2k-Snick: folds 
Uncalled bet ($4.30) returned to catwoman1708
catwoman1708 collected $2.50 from pot
catwoman1708: doesn't show hand 
*** SUMMARY ***
Total pot $2.50 | Rake $0 
Seat 2: Jonyempire
Seat 1: catwoman1708 (button) collected ($2.50)
Seat 3: tintin641 (small blind) folded before Flop
Seat 4: b2k-Snick (big blind) folded before Flop
Seat 5: Pon4uk.ua folded before Flop (didn't bet)
Seat 6: treidei3 folded before Flop (didn't bet)



PokerStars Hand #254719999782:  Hold'em No Limit ($0.50/$1.00 USD) - 2025/02/05 16:17:14 WET [2025/02/05 11:17:14 ET]
Table 'Petrina II' 6-max Seat #3 is the button
Seat 1: catwoman1708 ($6.80 in chips) 
Seat 2: Jonyempire ($100 in chips) 
Seat 3: tintin641 ($100 in chips) 
Seat 4: b2k-Snick ($100 in chips) 
Seat 5: Pon4uk.ua ($208.01 in chips) 
Seat 6: treidei3 ($100 in chips) 
b2k-Snick: posts small blind $0.50
Pon4uk.ua: posts big blind $1
Jonyempire: posts big blind $1
*** HOLE CARDS ***
treidei3: folds 
catwoman1708: folds 
Jonyempire: checks 
tintin641: raises $3 to $4
b2k-Snick: folds 
Pon4uk.ua: folds 
Jonyempire: folds 
Uncalled bet ($3) returned to tintin641
Jonyempire leaves the table
tintin641 collected $3.50 from pot
tintin641: doesn't show hand 
*** SUMMARY ***
Total pot $3.50 | Rake $0 
Seat 1: catwoman1708 folded before Flop (didn't bet)
Seat 2: Jonyempire folded before Flop (didn't bet)
Seat 3: tintin641 (button) collected ($3.50)
Seat 4: b2k-Snick (small blind) folded before Flop
Seat 5: Pon4uk.ua (big blind) folded before Flop
Seat 6: treidei3 folded before Flop (didn't bet)



PokerStars Hand #254720005699:  Hold'em No Limit ($0.50/$1.00 USD) - 2025/02/05 16:17:41 WET [2025/02/05 11:17:41 ET]
Table 'Petrina II' 6-max Seat #4 is the button
Seat 6: treidei3 ($100 in chips) is sitting out
Seat 1: catwoman1708 ($100 in chips) 
Seat 3: tintin641 ($102.50 in chips) 
Seat 4: b2k-Snick ($100 in chips) 
Seat 5: Pon4uk.ua ($207.01 in chips) 
Pon4uk.ua: posts small blind $0.50
treidei3: is sitting out 
catwoman1708: posts big blind $1
*** HOLE CARDS ***
tintin641: folds 
b2k-Snick: folds 
Pon4uk.ua: raises $2 to $3
catwoman1708: calls $2
*** FLOP *** [Ah 3d 4h]
Isles446 joins the table at seat #2 
Isles446 is disconnected 
Pon4uk.ua: bets $1.88
catwoman1708: raises $5.12 to $7
Pon4uk.ua: calls $5.12
*** TURN *** [Ah 3d 4h] [9h]
Pon4uk.ua: checks 
catwoman1708: bets $10
Pon4uk.ua: folds 
Uncalled bet ($10) returned to catwoman1708
catwoman1708 collected $19 from pot
catwoman1708: doesn't show hand 
*** SUMMARY ***
Total pot $20 | Rake $1 
Board [Ah 3d 4h 9h]
Seat 6: treidei3
Seat 1: catwoman1708 (big blind) collected ($19)
Seat 3: tintin641 folded before Flop (didn't bet)
Seat 4: b2k-Snick (button) folded before Flop (didn't bet)
Seat 5: Pon4uk.ua (small blind) folded on the Turn



PokerStars Hand #254720018880:  Hold'em No Limit ($0.50/$1.00 USD) - 2025/02/05 16:18:41 WET [2025/02/05 11:18:41 ET]
Table 'Petrina II' 6-max Seat #5 is the button
Seat 6: treidei3 ($100 in chips) is sitting out
Seat 1: catwoman1708 ($109 in chips) 
Seat 2: Isles446 ($100 in chips) 
Seat 3: tintin641 ($102.50 in chips) 
Seat 4: b2k-Snick ($100 in chips) 
Seat 5: Pon4uk.ua ($197.01 in chips) 
catwoman1708: posts small blind $0.50
Isles446: posts big blind $1
*** HOLE CARDS ***
tintin641: raises $1.50 to $2.50
b2k-Snick: folds 
Pon4uk.ua: folds 
catwoman1708: folds 
Isles446: calls $1.50
*** FLOP *** [6s 4c 3s]
Isles446: checks 
tintin641: checks 
*** TURN *** [6s 4c 3s] [3d]
Isles446: bets $2.61
tintin641: folds 
Uncalled bet ($2.61) returned to Isles446
Isles446 collected $5.22 from pot
*** SUMMARY ***
Total pot $5.50 | Rake $0.28 
Board [6s 4c 3s 3d]
Seat 6: treidei3
Seat 1: catwoman1708 (small blind) folded before Flop
Seat 2: Isles446 (big blind) collected ($5.22)
Seat 3: tintin641 folded on the Turn
Seat 4: b2k-Snick folded before Flop (didn't bet)
Seat 5: Pon4uk.ua (button) folded before Flop (didn't bet)



PokerStars Hand #254720027013:  Hold'em No Limit ($0.50/$1.00 USD) - 2025/02/05 16:19:18 WET [2025/02/05 11:19:18 ET]
Table 'Petrina II' 6-max Seat #1 is the button
Seat 6: treidei3 ($100 in chips) is sitting out
Seat 1: catwoman1708 ($108.50 in chips) 
Seat 2: Isles446 ($102.72 in chips) 
Seat 3: tintin641 ($100 in chips) 
Seat 4: b2k-Snick ($100 in chips) 
Seat 5: Pon4uk.ua ($197.01 in chips) 
Isles446: posts small blind $0.50
tintin641: posts big blind $1
treidei3: sits out 
*** HOLE CARDS ***
b2k-Snick: folds 
Pon4uk.ua: folds 
catwoman1708: folds 
Isles446: raises $2 to $3
tintin641: calls $2
*** FLOP *** [Kd Kc 8c]
Isles446: checks 
tintin641: bets $1.88
Isles446: calls $1.88
*** TURN *** [Kd Kc 8c] [8h]
Isles446: bets $4.64
tintin641: folds 
Uncalled bet ($4.64) returned to Isles446
Isles446 collected $9.27 from pot
*** SUMMARY ***
Total pot $9.76 | Rake $0.49 
Board [Kd Kc 8c 8h]
Seat 6: treidei3
Seat 1: catwoman1708 (button) folded before Flop (didn't bet)
Seat 2: Isles446 (small blind) collected ($9.27)
Seat 3: tintin641 (big blind) folded on the Turn
Seat 4: b2k-Snick folded before Flop (didn't bet)
Seat 5: Pon4uk.ua folded before Flop (didn't bet)



PokerStars Hand #254720035988:  Hold'em No Limit ($0.50/$1.00 USD) - 2025/02/05 16:19:59 WET [2025/02/05 11:19:59 ET]
Table 'Petrina II' 6-max Seat #2 is the button
Seat 6: treidei3 ($100 in chips) is sitting out
Seat 1: catwoman1708 ($108.50 in chips) 
Seat 2: Isles446 ($107.11 in chips) 
Seat 3: tintin641 ($100 in chips) 
Seat 4: b2k-Snick ($100 in chips) 
Seat 5: Pon4uk.ua ($197.01 in chips) 
tintin641: posts small blind $0.50
b2k-Snick: posts big blind $1
treidei3: sits out 
*** HOLE CARDS ***
Pon4uk.ua: raises $1 to $2
catwoman1708: folds 
Isles446: folds 
tintin641: folds 
b2k-Snick: folds 
Uncalled bet ($1) returned to Pon4uk.ua
Pon4uk.ua collected $2.50 from pot
Pon4uk.ua: doesn't show hand 
*** SUMMARY ***
Total pot $2.50 | Rake $0 
Seat 6: treidei3
Seat 1: catwoman1708 folded before Flop (didn't bet)
Seat 2: Isles446 (button) folded before Flop (didn't bet)
Seat 3: tintin641 (small blind) folded before Flop
Seat 4: b2k-Snick (big blind) folded before Flop
Seat 5: Pon4uk.ua collected ($2.50)



PokerStars Hand #254720039845:  Hold'em No Limit ($0.50/$1.00 USD) - 2025/02/05 16:20:16 WET [2025/02/05 11:20:16 ET]
Table 'Petrina II' 6-max Seat #3 is the button
Seat 6: treidei3 ($100 in chips) is sitting out
Seat 1: catwoman1708 ($108.50 in chips) 
Seat 2: Isles446 ($107.11 in chips) 
Seat 3: tintin641 ($100 in chips) 
Seat 4: b2k-Snick ($100 in chips) 
Seat 5: Pon4uk.ua ($198.51 in chips) 
b2k-Snick: posts small blind $0.50
Pon4uk.ua: posts big blind $1
treidei3: sits out 
*** HOLE CARDS ***
catwoman1708: raises $1 to $2
Isles446: folds 
tintin641: folds 
b2k-Snick: folds 
Pon4uk.ua: calls $1
*** FLOP *** [5c 7c 4h]
Pon4uk.ua: checks 
catwoman1708: bets $3
Pon4uk.ua: calls $3
*** TURN *** [5c 7c 4h] [2s]
Pon4uk.ua: checks 
catwoman1708: bets $9
Pon4uk.ua: calls $9
*** RIVER *** [5c 7c 4h 2s] [3d]
Pon4uk.ua: checks 
catwoman1708: bets $13
Pon4uk.ua: calls $13
*** SHOW DOWN ***
catwoman1708: shows [Kd Jd] (high card King)
Pon4uk.ua: shows [9d 9c] (a pair of Nines)
Pon4uk.ua collected $52 from pot
*** SUMMARY ***
Total pot $54.50 | Rake $2.50 
Board [5c 7c 4h 2s 3d]
Seat 6: treidei3
Seat 1: catwoman1708 showed [Kd Jd] and lost with high card King
Seat 2: Isles446 folded before Flop (didn't bet)
Seat 3: tintin641 (button) folded before Flop (didn't bet)
Seat 4: b2k-Snick (small blind) folded before Flop
Seat 5: Pon4uk.ua (big blind) showed [9d 9c] and won ($52) with a pair of Nines



PokerStars Hand #254720051492:  Hold'em No Limit ($0.50/$1.00 USD) - 2025/02/05 16:21:09 WET [2025/02/05 11:21:09 ET]
Table 'Petrina II' 6-max Seat #4 is the button
Seat 1: catwoman1708 ($81.50 in chips) 
Seat 2: Isles446 ($107.11 in chips) 
Seat 3: tintin641 ($100 in chips) 
Seat 4: b2k-Snick ($100 in chips) 
Seat 5: Pon4uk.ua ($223.51 in chips) 
Seat 6: treidei3 ($100 in chips) 
Pon4uk.ua: posts small blind $0.50
treidei3: posts big blind $1
*** HOLE CARDS ***
catwoman1708: folds 
Isles446: raises $1 to $2
tintin641: folds 
b2k-Snick: folds 
Pon4uk.ua: raises $8 to $10
treidei3: folds 
Isles446 is disconnected 
Isles446 is connected 
Isles446: folds 
Uncalled bet ($8) returned to Pon4uk.ua
Pon4uk.ua collected $5 from pot
Pon4uk.ua: doesn't show hand 
*** SUMMARY ***
Total pot $5 | Rake $0 
Seat 1: catwoman1708 folded before Flop (didn't bet)
Seat 2: Isles446 folded before Flop
Seat 3: tintin641 folded before Flop (didn't bet)
Seat 4: b2k-Snick (button) folded before Flop (didn't bet)
Seat 5: Pon4uk.ua (small blind) collected ($5)
Seat 6: treidei3 (big blind) folded before Flop



PokerStars Hand #254720069438:  Hold'em No Limit ($0.50/$1.00 USD) - 2025/02/05 16:22:30 WET [2025/02/05 11:22:30 ET]
Table 'Petrina II' 6-max Seat #5 is the button
Seat 1: catwoman1708 ($96.70 in chips) 
Seat 2: Isles446 ($105.11 in chips) 
Seat 3: tintin641 ($100 in chips) 
Seat 4: b2k-Snick ($100 in chips) 
Seat 5: Pon4uk.ua ($226.51 in chips) 
Seat 6: treidei3 ($100 in chips) 
treidei3: posts small blind $0.50
catwoman1708: posts big blind $1
*** HOLE CARDS ***
Isles446: raises $1 to $2
tintin641: folds 
b2k-Snick: raises $5 to $7
Pon4uk.ua: folds 
treidei3: folds 
catwoman1708: folds 
Isles446: calls $5
*** FLOP *** [9c Ts 8s]
Isles446: bets $7.36
b2k-Snick: calls $7.36
*** TURN *** [9c Ts 8s] [Jh]
Isles446: bets $14.36
b2k-Snick: calls $14.36
*** RIVER *** [9c Ts 8s Jh] [7c]
Isles446: bets $28.22
b2k-Snick: raises $43.06 to $71.28 and is all-in
Isles446: calls $43.06
*** SHOW DOWN ***
b2k-Snick: shows [Qh Ks] (a straight, Nine to King)
Isles446: shows [4d 4c] (a straight, Seven to Jack)
b2k-Snick collected $199 from pot
*** SUMMARY ***
Total pot $201.50 | Rake $2.50 
Board [9c Ts 8s Jh 7c]
Seat 1: catwoman1708 (big blind) folded before Flop
Seat 2: Isles446 showed [4d 4c] and lost with a straight, Seven to Jack
Seat 3: tintin641 folded before Flop (didn't bet)
Seat 4: b2k-Snick showed [Qh Ks] and won ($199) with a straight, Nine to King
Seat 5: Pon4uk.ua (button) folded before Flop (didn't bet)
Seat 6: treidei3 (small blind) folded before Flop



PokerStars Hand #254720087074:  Hold'em No Limit ($0.50/$1.00 USD) - 2025/02/05 16:23:49 WET [2025/02/05 11:23:49 ET]
Table 'Petrina II' 6-max Seat #6 is the button
Seat 1: catwoman1708 ($95.70 in chips) 
Seat 2: Isles446 ($5.11 in chips) 
Seat 3: tintin641 ($100 in chips) 
Seat 4: b2k-Snick ($199 in chips) 
Seat 5: Pon4uk.ua ($226.51 in chips) 
Seat 6: treidei3 ($100 in chips) 
catwoman1708: posts small blind $0.50
Isles446: posts big blind $1
*** HOLE CARDS ***
tintin641: folds 
b2k-Snick: folds 
Pon4uk.ua: folds 
treidei3: folds 
catwoman1708: folds 
Uncalled bet ($0.50) returned to Isles446
Isles446 collected $1 from pot
*** SUMMARY ***
Total pot $1 | Rake $0 
Seat 1: catwoman1708 (small blind) folded before Flop
Seat 2: Isles446 (big blind) collected ($1)
Seat 3: tintin641 folded before Flop (didn't bet)
Seat 4: b2k-Snick folded before Flop (didn't bet)
Seat 5: Pon4uk.ua folded before Flop (didn't bet)
Seat 6: treidei3 (button) folded before Flop (didn't bet)



PokerStars Hand #254720091921:  Hold'em No Limit ($0.50/$1.00 USD) - 2025/02/05 16:24:11 WET [2025/02/05 11:24:11 ET]
Table 'Petrina II' 6-max Seat #1 is the button
Seat 1: catwoman1708 ($95.20 in chips) 
Seat 2: Isles446 ($5.61 in chips) 
Seat 3: tintin641 ($100 in chips) 
Seat 4: b2k-Snick ($199 in chips) 
Seat 5: Pon4uk.ua ($226.51 in chips) 
Seat 6: treidei3 ($100 in chips) 
Isles446: posts small blind $0.50
tintin641: posts big blind $1
*** HOLE CARDS ***
b2k-Snick: folds 
Pon4uk.ua: folds 
treidei3: folds 
catwoman1708: raises $1 to $2
Isles446 has timed out
Isles446: folds 
tintin641: calls $1
*** FLOP *** [8c 6c Th]
tintin641: checks 
catwoman1708: bets $3
tintin641: folds 
Uncalled bet ($3) returned to catwoman1708
catwoman1708 collected $4.28 from pot
catwoman1708: doesn't show hand 
*** SUMMARY ***
Total pot $4.50 | Rake $0.22 
Board [8c 6c Th]
Seat 1: catwoman1708 (button) collected ($4.28)
Seat 2: Isles446 (small blind) folded before Flop
Seat 3: tintin641 (big blind) folded on the Flop
Seat 4: b2k-Snick folded before Flop (didn't bet)
Seat 5: Pon4uk.ua folded before Flop (didn't bet)
Seat 6: treidei3 folded before Flop (didn't bet)



PokerStars Hand #254720104926:  Hold'em No Limit ($0.50/$1.00 USD) - 2025/02/05 16:25:09 WET [2025/02/05 11:25:09 ET]
Table 'Petrina II' 6-max Seat #2 is the button
Seat 1: catwoman1708 ($97.48 in chips) 
Seat 2: Isles446 ($5.11 in chips) 
Seat 3: tintin641 ($100 in chips) 
Seat 4: b2k-Snick ($199 in chips) 
Seat 5: Pon4uk.ua ($226.51 in chips) 
Seat 6: treidei3 ($100 in chips) 
tintin641: posts small blind $0.50
b2k-Snick: posts big blind $1
*** HOLE CARDS ***
Pon4uk.ua: folds 
treidei3: raises $1.20 to $2.20
catwoman1708: folds 
Isles446: raises $2.91 to $5.11 and is all-in
tintin641: folds 
b2k-Snick: folds 
treidei3: calls $2.91
*** FLOP *** [4h 5c 2c]
*** TURN *** [4h 5c 2c] [8s]
*** RIVER *** [4h 5c 2c 8s] [9d]
*** SHOW DOWN ***
treidei3: shows [8c 8h] (three of a kind, Eights)
Isles446: shows [Th As] (high card Ace)
treidei3 collected $11.13 from pot
*** SUMMARY ***
Total pot $11.72 | Rake $0.59 
Board [4h 5c 2c 8s 9d]
Seat 1: catwoman1708 folded before Flop (didn't bet)
Seat 2: Isles446 (button) showed [Th As] and lost with high card Ace
Seat 3: tintin641 (small blind) folded before Flop
Seat 4: b2k-Snick (big blind) folded before Flop
Seat 5: Pon4uk.ua folded before Flop (didn't bet)
Seat 6: treidei3 showed [8c 8h] and won ($11.13) with three of a kind, Eights



PokerStars Hand #254720112978:  Hold'em No Limit ($0.50/$1.00 USD) - 2025/02/05 16:25:45 WET [2025/02/05 11:25:45 ET]
Table 'Petrina II' 6-max Seat #3 is the button
Seat 2: Isles446 ($0 in chips) is sitting out
Seat 1: catwoman1708 ($97.48 in chips) 
Seat 3: tintin641 ($100 in chips) 
Seat 4: b2k-Snick ($198 in chips) 
Seat 5: Pon4uk.ua ($226.51 in chips) 
Seat 6: treidei3 ($106.02 in chips) 
b2k-Snick: posts small blind $0.50
Pon4uk.ua: posts big blind $1
*** HOLE CARDS ***
treidei3: raises $1.20 to $2.20
Isles446 leaves the table
catwoman1708: raises $3.80 to $6
tintin641: folds 
b2k-Snick: raises $12 to $18
Pon4uk.ua: folds 
treidei3: folds 
catwoman1708: calls $12
*** FLOP *** [Qd 8c 5s]
Unipoker11 joins the table at seat #2 
b2k-Snick: bets $12.29
catwoman1708: calls $12.29
*** TURN *** [Qd 8c 5s] [5c]
b2k-Snick: checks 
catwoman1708: bets $38
b2k-Snick: raises $75.50 to $113.50
catwoman1708: calls $29.19 and is all-in
Uncalled bet ($46.31) returned to b2k-Snick
*** RIVER *** [Qd 8c 5s 5c] [Qh]
*** SHOW DOWN ***
b2k-Snick: shows [Jc Jd] (two pair, Queens and Jacks)
catwoman1708: shows [Ad Th] (two pair, Queens and Fives)
b2k-Snick collected $195.66 from pot
*** SUMMARY ***
Total pot $198.16 | Rake $2.50 
Board [Qd 8c 5s 5c Qh]
Seat 2: Isles446
Seat 1: catwoman1708 showed [Ad Th] and lost with two pair, Queens and Fives
Seat 3: tintin641 (button) folded before Flop (didn't bet)
Seat 4: b2k-Snick (small blind) showed [Jc Jd] and won ($195.66) with two pair, Queens and Jacks
Seat 5: Pon4uk.ua (big blind) folded before Flop
Seat 6: treidei3 folded before Flop



PokerStars Hand #254720142043:  Hold'em No Limit ($0.50/$1.00 USD) - 2025/02/05 16:27:55 WET [2025/02/05 11:27:55 ET]
Table 'Petrina II' 6-max Seat #4 is the button
Seat 1: catwoman1708 ($0 in chips) is sitting out
Seat 2: Unipoker11 ($100 in chips) is sitting out
Seat 3: tintin641 ($100 in chips) 
Seat 4: b2k-Snick ($296.18 in chips) 
Seat 5: Pon4uk.ua ($225.51 in chips) 
Seat 6: treidei3 ($103.82 in chips) 
Pon4uk.ua: posts small blind $0.50
treidei3: posts big blind $1
Unipoker11: sits out 
*** HOLE CARDS ***
tintin641: raises $1.50 to $2.50
b2k-Snick: folds 
Pon4uk.ua: folds 
treidei3: folds 
Uncalled bet ($1.50) returned to tintin641
catwoman1708 leaves the table
tintin641 collected $2.50 from pot
tintin641: doesn't show hand 
*** SUMMARY ***
Total pot $2.50 | Rake $0 
Seat 1: catwoman1708
Seat 2: Unipoker11
Seat 3: tintin641 collected ($2.50)
Seat 4: b2k-Snick (button) folded before Flop (didn't bet)
Seat 5: Pon4uk.ua (small blind) folded before Flop
Seat 6: treidei3 (big blind) folded before Flop



PokerStars Hand #254720144794:  Hold'em No Limit ($0.50/$1.00 USD) - 2025/02/05 16:28:07 WET [2025/02/05 11:28:07 ET]
Table 'Petrina II' 6-max Seat #5 is the button
Seat 2: Unipoker11 ($100 in chips) 
Seat 3: tintin641 ($101.50 in chips) 
Seat 4: b2k-Snick ($296.18 in chips) 
Seat 5: Pon4uk.ua ($225.01 in chips) 
Seat 6: treidei3 ($102.82 in chips) 
treidei3: posts small blind $0.50
Unipoker11: posts big blind $1
*** HOLE CARDS ***
tintin641: folds 
b2k-Snick: raises $1.50 to $2.50
Pon4uk.ua: folds 
treidei3: folds 
Unipoker11: folds 
Uncalled bet ($1.50) returned to b2k-Snick
b2k-Snick collected $2.50 from pot
b2k-Snick: doesn't show hand 
*** SUMMARY ***
Total pot $2.50 | Rake $0 
Seat 2: Unipoker11 (big blind) folded before Flop
Seat 3: tintin641 folded before Flop (didn't bet)
Seat 4: b2k-Snick collected ($2.50)
Seat 5: Pon4uk.ua (button) folded before Flop (didn't bet)
Seat 6: treidei3 (small blind) folded before Flop



PokerStars Hand #254720149191:  Hold'em No Limit ($0.50/$1.00 USD) - 2025/02/05 16:28:27 WET [2025/02/05 11:28:27 ET]
Table 'Petrina II' 6-max Seat #6 is the button
Seat 3: tintin641 ($101.50 in chips) is sitting out
Seat 4: b2k-Snick ($297.68 in chips) is sitting out
Seat 2: Unipoker11 ($100 in chips) 
Seat 5: Pon4uk.ua ($225.01 in chips) 
Seat 6: treidei3 ($102.32 in chips) 
Unipoker11: posts small blind $0.50
tintin641: is sitting out 
b2k-Snick: is sitting out 
Pon4uk.ua: posts big blind $1
*** HOLE CARDS ***
tintin641 leaves the table
treidei3: folds 
b2k-Snick leaves the table
Unipoker11: raises $2 to $3
Pon4uk.ua: folds 
Uncalled bet ($2) returned to Unipoker11
Unipoker11 collected $2 from pot
Unipoker11: doesn't show hand 
*** SUMMARY ***
Total pot $2 | Rake $0 
Seat 3: tintin641
Seat 4: b2k-Snick
Seat 2: Unipoker11 (small blind) collected ($2)
Seat 5: Pon4uk.ua (big blind) folded before Flop
Seat 6: treidei3 (button) folded before Flop (didn't bet)



PokerStars Hand #254720153881:  Hold'em No Limit ($0.50/$1.00 USD) - 2025/02/05 16:28:48 WET [2025/02/05 11:28:48 ET]
Table 'Petrina II' 6-max Seat #5 is the button
Seat 6: treidei3 ($102.32 in chips) is sitting out
Seat 2: Unipoker11 ($101 in chips) 
Seat 5: Pon4uk.ua ($224.01 in chips) 
Pon4uk.ua: posts small blind $0.50
treidei3: is sitting out 
Unipoker11: posts big blind $1
*** HOLE CARDS ***
Pon4uk.ua: raises $1.50 to $2.50
Unipoker11: raises $7.50 to $10
Pon4uk.ua: folds 
Uncalled bet ($7.50) returned to Unipoker11
Unipoker11 collected $5 from pot
Unipoker11: doesn't show hand 
*** SUMMARY ***
Total pot $5 | Rake $0 
Seat 6: treidei3
Seat 2: Unipoker11 (big blind) collected ($5)
Seat 5: Pon4uk.ua (button) (small blind) folded before Flop



PokerStars Hand #254720159539:  Hold'em No Limit ($0.50/$1.00 USD) - 2025/02/05 16:29:14 WET [2025/02/05 11:29:14 ET]
Table 'Petrina II' 6-max Seat #2 is the button
Seat 6: treidei3 ($102.32 in chips) is sitting out
Seat 2: Unipoker11 ($103.50 in chips) 
Seat 5: Pon4uk.ua ($221.51 in chips) 
Unipoker11: posts small blind $0.50
Pon4uk.ua: posts big blind $1
*** HOLE CARDS ***
treidei3 leaves the table
Unipoker11: raises $1.50 to $2.50
Pon4uk.ua: folds 
Uncalled bet ($1.50) returned to Unipoker11
Unipoker11 collected $2 from pot
Unipoker11: doesn't show hand 
*** SUMMARY ***
Total pot $2 | Rake $0 
Seat 6: treidei3
Seat 2: Unipoker11 (button) (small blind) collected ($2)
Seat 5: Pon4uk.ua (big blind) folded before Flop



