PokerStars Hand #254719321046:  Hold'em No Limit ($0.50/$1.00 USD) - 2025/02/05 15:23:04 WET [2025/02/05 10:23:04 ET]
Table 'Centesima II' 6-max Seat #3 is the button
Seat 1: Quahrino ($100 in chips) 
Seat 3: poker_soul11 ($100 in chips) 
Seat 4: tintin641 ($100 in chips) 
tintin641: posts small blind $0.50
Quahrino: posts big blind $1
*** HOLE CARDS ***
poker_soul11: raises $1.20 to $2.20
tintin641: folds 
Quahrino: folds 
Uncalled bet ($1.20) returned to poker_soul11
poker_soul11 collected $2.50 from pot
poker_soul11: doesn't show hand 
*** SUMMARY ***
Total pot $2.50 | Rake $0 
Seat 1: Quahrino (big blind) folded before Flop
Seat 3: poker_soul11 (button) collected ($2.50)
Seat 4: tintin641 (small blind) folded before Flop



PokerStars Hand #254719364904:  Hold'em No Limit ($0.50/$1.00 USD) - 2025/02/05 15:26:34 WET [2025/02/05 10:26:34 ET]
Table 'Centesima II' 6-max Seat #1 is the button
Seat 1: Quahrino ($100 in chips) 
Seat 3: poker_soul11 ($108.55 in chips) 
Quahrino: posts small blind $0.50
poker_soul11: posts big blind $1
*** HOLE CARDS ***
Quahrino: raises $1.50 to $2.50
poker_soul11: folds 
Uncalled bet ($1.50) returned to Quahrino
Quahrino collected $2 from pot
Quahrino: doesn't show hand 
*** SUMMARY ***
Total pot $2 | Rake $0 
Seat 1: Quahrino (button) (small blind) collected ($2)
Seat 3: poker_soul11 (big blind) folded before Flop



