PokerStars Hand #254724270181:  Hold'em No Limit ($0.50/$1.00 USD) - 2025/02/05 20:46:01 WET [2025/02/05 15:46:01 ET]
Table 'Donar' 6-max Seat #6 is the button
Seat 1: vadjkeee ($100 in chips) 
Seat 2: 12anglish ($40.35 in chips) 
Seat 3: tintin641 ($105.18 in chips) 
Seat 4: Alinyr ($100 in chips) 
Seat 5: blackclan7 ($100.14 in chips) 
Seat 6: G.Andrei95 ($100 in chips) 
vadjkeee: posts small blind $0.50
12anglish: posts big blind $1
*** HOLE CARDS ***
tintin641: folds 
Alinyr: folds 
blackclan7: folds 
G.Andrei95: folds 
vadjkeee: folds 
Uncalled bet ($0.50) returned to 12anglish
12anglish collected $1 from pot
*** SUMMARY ***
Total pot $1 | Rake $0 
Seat 1: vadjkeee (small blind) folded before Flop
Seat 2: 12anglish (big blind) collected ($1)
Seat 3: tintin641 folded before Flop (didn't bet)
Seat 4: Alinyr folded before Flop (didn't bet)
Seat 5: blackclan7 folded before Flop (didn't bet)
Seat 6: G.Andrei95 (button) folded before Flop (didn't bet)



PokerStars Hand #254724278209:  Hold'em No Limit ($0.50/$1.00 USD) - 2025/02/05 20:46:27 WET [2025/02/05 15:46:27 ET]
Table 'Donar' 6-max Seat #1 is the button
Seat 1: vadjkeee ($100 in chips) 
Seat 2: 12anglish ($40.85 in chips) 
Seat 3: tintin641 ($105.18 in chips) 
Seat 4: Alinyr ($100 in chips) 
Seat 5: blackclan7 ($100.14 in chips) 
Seat 6: G.Andrei95 ($100 in chips) 
12anglish: posts small blind $0.50
tintin641: posts big blind $1
*** HOLE CARDS ***
Alinyr: folds 
blackclan7: raises $1 to $2
G.Andrei95: folds 
vadjkeee: folds 
12anglish: folds 
tintin641: calls $1
*** FLOP *** [6d 3c Td]
tintin641: checks 
blackclan7: bets $2.18
tintin641: calls $2.18
*** TURN *** [6d 3c Td] [2h]
tintin641: checks 
blackclan7: bets $10.53
tintin641: folds 
Uncalled bet ($10.53) returned to blackclan7
blackclan7 collected $8.42 from pot
blackclan7: doesn't show hand 
*** SUMMARY ***
Total pot $8.86 | Rake $0.44 
Board [6d 3c Td 2h]
Seat 1: vadjkeee (button) folded before Flop (didn't bet)
Seat 2: 12anglish (small blind) folded before Flop
Seat 3: tintin641 (big blind) folded on the Turn
Seat 4: Alinyr folded before Flop (didn't bet)
Seat 5: blackclan7 collected ($8.42)
Seat 6: G.Andrei95 folded before Flop (didn't bet)



PokerStars Hand #254724300602:  Hold'em No Limit ($0.50/$1.00 USD) - 2025/02/05 20:47:40 WET [2025/02/05 15:47:40 ET]
Table 'Donar' 6-max Seat #2 is the button
Seat 1: vadjkeee ($100 in chips) 
Seat 2: 12anglish ($40.35 in chips) 
Seat 3: tintin641 ($101 in chips) 
Seat 4: Alinyr ($100 in chips) 
Seat 5: blackclan7 ($104.38 in chips) 
Seat 6: G.Andrei95 ($100 in chips) 
tintin641: posts small blind $0.50
Alinyr: posts big blind $1
*** HOLE CARDS ***
blackclan7: folds 
G.Andrei95: folds 
vadjkeee: raises $1.50 to $2.50
12anglish: calls $2.50
tintin641: raises $11 to $13.50
Alinyr: folds 
vadjkeee: folds 
12anglish: folds 
Uncalled bet ($11) returned to tintin641
tintin641 collected $8.50 from pot
tintin641: doesn't show hand 
*** SUMMARY ***
Total pot $8.50 | Rake $0 
Seat 1: vadjkeee folded before Flop
Seat 2: 12anglish (button) folded before Flop
Seat 3: tintin641 (small blind) collected ($8.50)
Seat 4: Alinyr (big blind) folded before Flop
Seat 5: blackclan7 folded before Flop (didn't bet)
Seat 6: G.Andrei95 folded before Flop (didn't bet)



PokerStars Hand #254724311680:  Hold'em No Limit ($0.50/$1.00 USD) - 2025/02/05 20:48:16 WET [2025/02/05 15:48:16 ET]
Table 'Donar' 6-max Seat #3 is the button
Seat 1: vadjkeee ($100 in chips) is sitting out
Seat 5: blackclan7 ($104.38 in chips) is sitting out
Seat 6: G.Andrei95 ($100 in chips) is sitting out
Seat 2: 12anglish ($37.85 in chips) 
Seat 3: tintin641 ($107 in chips) 
Seat 4: Alinyr ($100 in chips) 
Alinyr: posts small blind $0.50
blackclan7: is sitting out 
G.Andrei95: is sitting out 
vadjkeee: is sitting out 
12anglish: posts big blind $1
*** HOLE CARDS ***
tintin641: raises $1.50 to $2.50
G.Andrei95 leaves the table
Alinyr: folds 
blackclan7 leaves the table
12anglish: calls $1.50
*** FLOP *** [Qc 8c 9c]
12anglish: checks 
YeeesMan joins the table at seat #6 
tintin641: bets $1.72
12anglish: raises $1.72 to $3.44
tintin641: folds 
Uncalled bet ($1.72) returned to 12anglish
12anglish collected $8.49 from pot
*** SUMMARY ***
Total pot $8.94 | Rake $0.45 
Board [Qc 8c 9c]
Seat 1: vadjkeee
Seat 5: blackclan7
Seat 6: G.Andrei95
Seat 2: 12anglish (big blind) collected ($8.49)
Seat 3: tintin641 (button) folded on the Flop
Seat 4: Alinyr (small blind) folded before Flop



PokerStars Hand #254724323528:  Hold'em No Limit ($0.50/$1.00 USD) - 2025/02/05 20:48:55 WET [2025/02/05 15:48:55 ET]
Table 'Donar' 6-max Seat #4 is the button
Seat 1: vadjkeee ($100 in chips) is sitting out
Seat 6: YeeesMan ($100 in chips) is sitting out
Seat 2: 12anglish ($42.12 in chips) 
Seat 3: tintin641 ($102.78 in chips) 
Seat 4: Alinyr ($100 in chips) 
12anglish: posts small blind $0.50
tintin641: posts big blind $1
*** HOLE CARDS ***
Alinyr: raises $1.50 to $2.50
12anglish: folds 
tintin641: raises $10 to $12.50
Alinyr: folds 
Uncalled bet ($10) returned to tintin641
tintin641 collected $5.50 from pot
tintin641: doesn't show hand 
*** SUMMARY ***
Total pot $5.50 | Rake $0 
Seat 1: vadjkeee
Seat 6: YeeesMan
Seat 2: 12anglish (small blind) folded before Flop
Seat 3: tintin641 (big blind) collected ($5.50)
Seat 4: Alinyr (button) folded before Flop



PokerStars Hand #254724329348:  Hold'em No Limit ($0.50/$1.00 USD) - 2025/02/05 20:49:14 WET [2025/02/05 15:49:14 ET]
Table 'Donar' 6-max Seat #2 is the button
Seat 1: vadjkeee ($100 in chips) is sitting out
Seat 4: Alinyr ($100 in chips) is sitting out
Seat 2: 12anglish ($41.62 in chips) 
Seat 3: tintin641 ($105.78 in chips) 
Seat 6: YeeesMan ($100 in chips) 
tintin641: posts small blind $0.50
Alinyr: is sitting out 
YeeesMan: posts big blind $1
vadjkeee: sits out 
*** HOLE CARDS ***
Alinyr leaves the table
12anglish: folds 
tintin641: raises $2 to $3
YeeesMan: calls $2
*** FLOP *** [2s Ad 5d]
tintin641: checks 
YeeesMan: checks 
*** TURN *** [2s Ad 5d] [5h]
tintin641: bets $4.28
vadjkeee leaves the table
YeeesMan: folds 
Uncalled bet ($4.28) returned to tintin641
tintin641 collected $5.70 from pot
tintin641: doesn't show hand 
*** SUMMARY ***
Total pot $6 | Rake $0.30 
Board [2s Ad 5d 5h]
Seat 1: vadjkeee
Seat 4: Alinyr
Seat 2: 12anglish (button) folded before Flop (didn't bet)
Seat 3: tintin641 (small blind) collected ($5.70)
Seat 6: YeeesMan (big blind) folded on the Turn



PokerStars Hand #254724351994:  Hold'em No Limit ($0.50/$1.00 USD) - 2025/02/05 20:50:26 WET [2025/02/05 15:50:26 ET]
Table 'Donar' 6-max Seat #3 is the button
Seat 2: 12anglish ($41.62 in chips) 
Seat 3: tintin641 ($108.48 in chips) 
Seat 6: YeeesMan ($100 in chips) 
YeeesMan: posts small blind $0.50
12anglish: posts big blind $1
*** HOLE CARDS ***
tintin641: raises $1.50 to $2.50
YeeesMan: folds 
12anglish: folds 
Uncalled bet ($1.50) returned to tintin641
tintin641 collected $2.50 from pot
tintin641: doesn't show hand 
*** SUMMARY ***
Total pot $2.50 | Rake $0 
Seat 2: 12anglish (big blind) folded before Flop
Seat 3: tintin641 (button) collected ($2.50)
Seat 6: YeeesMan (small blind) folded before Flop



PokerStars Hand #254724356338:  Hold'em No Limit ($0.50/$1.00 USD) - 2025/02/05 20:50:41 WET [2025/02/05 15:50:41 ET]
Table 'Donar' 6-max Seat #6 is the button
Seat 2: 12anglish ($40.62 in chips) 
Seat 3: tintin641 ($109.98 in chips) 
Seat 6: YeeesMan ($100 in chips) 
12anglish: posts small blind $0.50
tintin641: posts big blind $1
*** HOLE CARDS ***
YeeesMan: raises $1.50 to $2.50
12anglish: calls $2
tintin641: folds 
*** FLOP *** [7d 2s Ad]
12anglish: checks 
YeeesMan: bets $4.28
12anglish: folds 
Uncalled bet ($4.28) returned to YeeesMan
YeeesMan collected $5.70 from pot
YeeesMan: doesn't show hand 
*** SUMMARY ***
Total pot $6 | Rake $0.30 
Board [7d 2s Ad]
Seat 2: 12anglish (small blind) folded on the Flop
Seat 3: tintin641 (big blind) folded before Flop
Seat 6: YeeesMan (button) collected ($5.70)



PokerStars Hand #254724368028:  Hold'em No Limit ($0.50/$1.00 USD) - 2025/02/05 20:51:17 WET [2025/02/05 15:51:17 ET]
Table 'Donar' 6-max Seat #3 is the button
Seat 6: YeeesMan ($103.20 in chips) is sitting out
Seat 2: 12anglish ($38.12 in chips) 
Seat 3: tintin641 ($108.98 in chips) 
tintin641: posts small blind $0.50
YeeesMan: is sitting out 
12anglish: posts big blind $1
*** HOLE CARDS ***
tintin641: raises $1.50 to $2.50
12anglish: folds 
Uncalled bet ($1.50) returned to tintin641
tintin641 collected $2 from pot
tintin641: doesn't show hand 
*** SUMMARY ***
Total pot $2 | Rake $0 
Seat 6: YeeesMan
Seat 2: 12anglish (big blind) folded before Flop
Seat 3: tintin641 (button) (small blind) collected ($2)



PokerStars Hand #254724370846:  Hold'em No Limit ($0.50/$1.00 USD) - 2025/02/05 20:51:27 WET [2025/02/05 15:51:27 ET]
Table 'Donar' 6-max Seat #2 is the button
Seat 6: YeeesMan ($103.20 in chips) is sitting out
Seat 2: 12anglish ($37.12 in chips) 
Seat 3: tintin641 ($109.98 in chips) 
12anglish: posts small blind $0.50
tintin641: posts big blind $1
*** HOLE CARDS ***
12anglish: raises $2 to $3
tintin641: calls $2
*** FLOP *** [9c 5s 9h]
tintin641: checks 
12anglish: bets $34.12 and is all-in
YeeesMan leaves the table
tintin641: folds 
Uncalled bet ($34.12) returned to 12anglish
12anglish collected $5.70 from pot
*** SUMMARY ***
Total pot $6 | Rake $0.30 
Board [9c 5s 9h]
Seat 6: YeeesMan
Seat 2: 12anglish (button) (small blind) collected ($5.70)
Seat 3: tintin641 (big blind) folded on the Flop



PokerStars Hand #254724393497:  Hold'em No Limit ($0.50/$1.00 USD) - 2025/02/05 20:52:39 WET [2025/02/05 15:52:39 ET]
Table 'Donar' 6-max Seat #3 is the button
Seat 1: mr.Jckpot ($100 in chips) 
Seat 2: G.Andrei95 ($100 in chips) 
Seat 3: EasyGamerrr ($100 in chips) 
Seat 5: Benzmenz861 ($10 in chips) 
Seat 6: blackclan7 ($104.38 in chips) 
Benzmenz861: posts small blind $0.50
blackclan7: posts big blind $1
*** HOLE CARDS ***
mr.Jckpot: folds 
G.Andrei95: folds 
EasyGamerrr: folds 
Benzmenz861: calls $0.50
aoish30 joins the table at seat #4 
blackclan7: checks 
*** FLOP *** [8s Qh 5c]
Benzmenz861: checks 
blackclan7: checks 
*** TURN *** [8s Qh 5c] [Ks]
Benzmenz861: bets $2
blackclan7: folds 
Uncalled bet ($2) returned to Benzmenz861
Benzmenz861 collected $1.90 from pot
*** SUMMARY ***
Total pot $2 | Rake $0.10 
Board [8s Qh 5c Ks]
Seat 1: mr.Jckpot folded before Flop (didn't bet)
Seat 2: G.Andrei95 folded before Flop (didn't bet)
Seat 3: EasyGamerrr (button) folded before Flop (didn't bet)
Seat 5: Benzmenz861 (small blind) collected ($1.90)
Seat 6: blackclan7 (big blind) folded on the Turn



PokerStars Hand #254724404153:  Hold'em No Limit ($0.50/$1.00 USD) - 2025/02/05 20:53:13 WET [2025/02/05 15:53:13 ET]
Table 'Donar' 6-max Seat #5 is the button
Seat 4: aoish30 ($100 in chips) is sitting out
Seat 1: mr.Jckpot ($100 in chips) 
Seat 2: G.Andrei95 ($100 in chips) 
Seat 3: EasyGamerrr ($100 in chips) 
Seat 5: Benzmenz861 ($10.90 in chips) 
Seat 6: blackclan7 ($103.38 in chips) 
blackclan7: posts small blind $0.50
mr.Jckpot: posts big blind $1
aoish30: sits out 
*** HOLE CARDS ***
G.Andrei95: folds 
EasyGamerrr: raises $1.50 to $2.50
Benzmenz861: folds 
blackclan7: folds 
mr.Jckpot: calls $1.50
*** FLOP *** [3h 3d 4h]
mr.Jckpot: checks 
EasyGamerrr: bets $1.72
mr.Jckpot: calls $1.72
*** TURN *** [3h 3d 4h] [Jd]
mr.Jckpot: checks 
EasyGamerrr: bets $8.49
mr.Jckpot: folds 
Uncalled bet ($8.49) returned to EasyGamerrr
EasyGamerrr collected $8.49 from pot
EasyGamerrr: doesn't show hand 
*** SUMMARY ***
Total pot $8.94 | Rake $0.45 
Board [3h 3d 4h Jd]
Seat 4: aoish30
Seat 1: mr.Jckpot (big blind) folded on the Turn
Seat 2: G.Andrei95 folded before Flop (didn't bet)
Seat 3: EasyGamerrr collected ($8.49)
Seat 5: Benzmenz861 (button) folded before Flop (didn't bet)
Seat 6: blackclan7 (small blind) folded before Flop



PokerStars Hand #254724418448:  Hold'em No Limit ($0.50/$1.00 USD) - 2025/02/05 20:53:58 WET [2025/02/05 15:53:58 ET]
Table 'Donar' 6-max Seat #6 is the button
Seat 4: aoish30 ($100 in chips) is sitting out
Seat 1: mr.Jckpot ($100 in chips) 
Seat 2: G.Andrei95 ($100 in chips) 
Seat 3: EasyGamerrr ($104.27 in chips) 
Seat 5: Benzmenz861 ($10.90 in chips) 
Seat 6: blackclan7 ($102.88 in chips) 
mr.Jckpot: posts small blind $0.50
G.Andrei95: posts big blind $1
aoish30: sits out 
*** HOLE CARDS ***
EasyGamerrr: folds 
Benzmenz861: raises $1 to $2
blackclan7: folds 
mr.Jckpot: folds 
G.Andrei95: folds 
Uncalled bet ($1) returned to Benzmenz861
Benzmenz861 collected $2.50 from pot
*** SUMMARY ***
Total pot $2.50 | Rake $0 
Seat 4: aoish30
Seat 1: mr.Jckpot (small blind) folded before Flop
Seat 2: G.Andrei95 (big blind) folded before Flop
Seat 3: EasyGamerrr folded before Flop (didn't bet)
Seat 5: Benzmenz861 collected ($2.50)
Seat 6: blackclan7 (button) folded before Flop (didn't bet)



PokerStars Hand #254724421742:  Hold'em No Limit ($0.50/$1.00 USD) - 2025/02/05 20:54:09 WET [2025/02/05 15:54:09 ET]
Table 'Donar' 6-max Seat #1 is the button
Seat 4: aoish30 ($100 in chips) is sitting out
Seat 1: mr.Jckpot ($100 in chips) 
Seat 2: G.Andrei95 ($100 in chips) 
Seat 3: EasyGamerrr ($104.27 in chips) 
Seat 5: Benzmenz861 ($12.40 in chips) 
Seat 6: blackclan7 ($102.88 in chips) 
G.Andrei95: posts small blind $0.50
EasyGamerrr: posts big blind $1
aoish30: sits out 
*** HOLE CARDS ***
Benzmenz861: folds 
blackclan7: folds 
mr.Jckpot: raises $1.50 to $2.50
G.Andrei95: folds 
EasyGamerrr: folds 
Uncalled bet ($1.50) returned to mr.Jckpot
mr.Jckpot collected $2.50 from pot
mr.Jckpot: doesn't show hand 
*** SUMMARY ***
Total pot $2.50 | Rake $0 
Seat 4: aoish30
Seat 1: mr.Jckpot (button) collected ($2.50)
Seat 2: G.Andrei95 (small blind) folded before Flop
Seat 3: EasyGamerrr (big blind) folded before Flop
Seat 5: Benzmenz861 folded before Flop (didn't bet)
Seat 6: blackclan7 folded before Flop (didn't bet)



PokerStars Hand #254724429191:  Hold'em No Limit ($0.50/$1.00 USD) - 2025/02/05 20:54:32 WET [2025/02/05 15:54:32 ET]
Table 'Donar' 6-max Seat #2 is the button
Seat 1: mr.Jckpot ($101.50 in chips) 
Seat 2: G.Andrei95 ($100 in chips) 
Seat 3: EasyGamerrr ($103.27 in chips) 
Seat 4: aoish30 ($100 in chips) 
Seat 5: Benzmenz861 ($12.40 in chips) 
Seat 6: blackclan7 ($102.88 in chips) 
EasyGamerrr: posts small blind $0.50
aoish30: posts big blind $1
*** HOLE CARDS ***
Benzmenz861: raises $11 to $12
blackclan7: folds 
mr.Jckpot: folds 
G.Andrei95: calls $12
EasyGamerrr: folds 
aoish30: folds 
*** FLOP *** [5s Ac 2s]
Benzmenz861: bets $0.40 and is all-in
G.Andrei95: calls $0.40
*** TURN *** [5s Ac 2s] [Jd]
*** RIVER *** [5s Ac 2s Jd] [6h]
*** SHOW DOWN ***
Benzmenz861: shows [Kc As] (a pair of Aces)
G.Andrei95: shows [Kh Ah] (a pair of Aces)
Benzmenz861 collected $12.49 from pot
G.Andrei95 collected $12.49 from pot
*** SUMMARY ***
Total pot $26.30 | Rake $1.32 
Board [5s Ac 2s Jd 6h]
Seat 1: mr.Jckpot folded before Flop (didn't bet)
Seat 2: G.Andrei95 (button) showed [Kh Ah] and won ($12.49) with a pair of Aces
Seat 3: EasyGamerrr (small blind) folded before Flop
Seat 4: aoish30 (big blind) folded before Flop
Seat 5: Benzmenz861 showed [Kc As] and won ($12.49) with a pair of Aces
Seat 6: blackclan7 folded before Flop (didn't bet)



PokerStars Hand #254724439933:  Hold'em No Limit ($0.50/$1.00 USD) - 2025/02/05 20:55:07 WET [2025/02/05 15:55:07 ET]
Table 'Donar' 6-max Seat #3 is the button
Seat 1: mr.Jckpot ($101.50 in chips) 
Seat 2: G.Andrei95 ($100.09 in chips) 
Seat 3: EasyGamerrr ($102.77 in chips) 
Seat 4: aoish30 ($100 in chips) 
Seat 5: Benzmenz861 ($12.49 in chips) 
Seat 6: blackclan7 ($102.88 in chips) 
aoish30: posts small blind $0.50
Benzmenz861: posts big blind $1
*** HOLE CARDS ***
blackclan7: folds 
mr.Jckpot: folds 
G.Andrei95: raises $2.50 to $3.50
EasyGamerrr: folds 
aoish30: folds 
Benzmenz861: folds 
Uncalled bet ($2.50) returned to G.Andrei95
G.Andrei95 collected $2.50 from pot
G.Andrei95: doesn't show hand 
*** SUMMARY ***
Total pot $2.50 | Rake $0 
Seat 1: mr.Jckpot folded before Flop (didn't bet)
Seat 2: G.Andrei95 collected ($2.50)
Seat 3: EasyGamerrr (button) folded before Flop (didn't bet)
Seat 4: aoish30 (small blind) folded before Flop
Seat 5: Benzmenz861 (big blind) folded before Flop
Seat 6: blackclan7 folded before Flop (didn't bet)



PokerStars Hand #254724443662:  Hold'em No Limit ($0.50/$1.00 USD) - 2025/02/05 20:55:24 WET [2025/02/05 15:55:24 ET]
Table 'Donar' 6-max Seat #4 is the button
Seat 1: mr.Jckpot ($101.50 in chips) 
Seat 2: G.Andrei95 ($101.59 in chips) 
Seat 3: EasyGamerrr ($102.77 in chips) 
Seat 4: aoish30 ($100 in chips) 
Seat 5: Benzmenz861 ($11.49 in chips) 
Seat 6: blackclan7 ($102.88 in chips) 
Benzmenz861: posts small blind $0.50
blackclan7: posts big blind $1
*** HOLE CARDS ***
mr.Jckpot: folds 
G.Andrei95: raises $1.50 to $2.50
EasyGamerrr: folds 
aoish30: folds 
Benzmenz861: raises $8.99 to $11.49 and is all-in
blackclan7: folds 
G.Andrei95: calls $8.99
*** FLOP *** [Tc Qc Jd]
*** TURN *** [Tc Qc Jd] [4s]
*** RIVER *** [Tc Qc Jd 4s] [9h]
*** SHOW DOWN ***
Benzmenz861: shows [As 8c] (a straight, Eight to Queen)
G.Andrei95: shows [Kc Qh] (a straight, Nine to King)
G.Andrei95 collected $22.78 from pot
*** SUMMARY ***
Total pot $23.98 | Rake $1.20 
Board [Tc Qc Jd 4s 9h]
Seat 1: mr.Jckpot folded before Flop (didn't bet)
Seat 2: G.Andrei95 showed [Kc Qh] and won ($22.78) with a straight, Nine to King
Seat 3: EasyGamerrr folded before Flop (didn't bet)
Seat 4: aoish30 (button) folded before Flop (didn't bet)
Seat 5: Benzmenz861 (small blind) showed [As 8c] and lost with a straight, Eight to Queen
Seat 6: blackclan7 (big blind) folded before Flop



PokerStars Hand #254724451276:  Hold'em No Limit ($0.50/$1.00 USD) - 2025/02/05 20:55:58 WET [2025/02/05 15:55:58 ET]
Table 'Donar' 6-max Seat #6 is the button
Seat 5: Benzmenz861 ($0 in chips) is sitting out
Seat 1: mr.Jckpot ($101.50 in chips) 
Seat 2: G.Andrei95 ($112.88 in chips) 
Seat 3: EasyGamerrr ($102.77 in chips) 
Seat 4: aoish30 ($100 in chips) 
Seat 6: blackclan7 ($101.88 in chips) 
mr.Jckpot: posts small blind $0.50
G.Andrei95: posts big blind $1
*** HOLE CARDS ***
EasyGamerrr: folds 
aoish30: folds 
blackclan7: folds 
mr.Jckpot: folds 
Uncalled bet ($0.50) returned to G.Andrei95
G.Andrei95 collected $1 from pot
G.Andrei95: doesn't show hand 
*** SUMMARY ***
Total pot $1 | Rake $0 
Seat 5: Benzmenz861
Seat 1: mr.Jckpot (small blind) folded before Flop
Seat 2: G.Andrei95 (big blind) collected ($1)
Seat 3: EasyGamerrr folded before Flop (didn't bet)
Seat 4: aoish30 folded before Flop (didn't bet)
Seat 6: blackclan7 (button) folded before Flop (didn't bet)



PokerStars Hand #254724453267:  Hold'em No Limit ($0.50/$1.00 USD) - 2025/02/05 20:56:08 WET [2025/02/05 15:56:08 ET]
Table 'Donar' 6-max Seat #1 is the button
Seat 3: EasyGamerrr ($102.77 in chips) is sitting out
Seat 1: mr.Jckpot ($101 in chips) 
Seat 2: G.Andrei95 ($113.38 in chips) 
Seat 4: aoish30 ($100 in chips) 
Seat 5: Benzmenz861 ($25.61 in chips) 
Seat 6: blackclan7 ($101.88 in chips) 
G.Andrei95: posts small blind $0.50
EasyGamerrr: is sitting out 
aoish30: posts big blind $1
*** HOLE CARDS ***
EasyGamerrr leaves the table
Benzmenz861: folds 
blackclan7: raises $1.30 to $2.30
mr.Jckpot: folds 
nastja336 joins the table at seat #3 
G.Andrei95: folds 
aoish30: folds 
Uncalled bet ($1.30) returned to blackclan7
blackclan7 collected $2.50 from pot
blackclan7: doesn't show hand 
*** SUMMARY ***
Total pot $2.50 | Rake $0 
Seat 3: EasyGamerrr
Seat 1: mr.Jckpot (button) folded before Flop (didn't bet)
Seat 2: G.Andrei95 (small blind) folded before Flop
Seat 4: aoish30 (big blind) folded before Flop
Seat 5: Benzmenz861 folded before Flop (didn't bet)
Seat 6: blackclan7 collected ($2.50)



PokerStars Hand #254724458625:  Hold'em No Limit ($0.50/$1.00 USD) - 2025/02/05 20:56:32 WET [2025/02/05 15:56:32 ET]
Table 'Donar' 6-max Seat #2 is the button
Seat 3: nastja336 ($100 in chips) is sitting out
Seat 1: mr.Jckpot ($101 in chips) 
Seat 2: G.Andrei95 ($112.88 in chips) 
Seat 4: aoish30 ($100 in chips) 
Seat 5: Benzmenz861 ($25.61 in chips) 
Seat 6: blackclan7 ($103.38 in chips) 
aoish30: posts small blind $0.50
Benzmenz861: posts big blind $1
*** HOLE CARDS ***
blackclan7: raises $1 to $2
mr.Jckpot: folds 
G.Andrei95: folds 
aoish30: folds 
Benzmenz861: calls $1
*** FLOP *** [2d 7d 9d]
Benzmenz861: checks 
blackclan7: bets $1.41
Benzmenz861: folds 
Uncalled bet ($1.41) returned to blackclan7
blackclan7 collected $4.28 from pot
blackclan7: doesn't show hand 
*** SUMMARY ***
Total pot $4.50 | Rake $0.22 
Board [2d 7d 9d]
Seat 3: nastja336
Seat 1: mr.Jckpot folded before Flop (didn't bet)
Seat 2: G.Andrei95 (button) folded before Flop (didn't bet)
Seat 4: aoish30 (small blind) folded before Flop
Seat 5: Benzmenz861 (big blind) folded on the Flop
Seat 6: blackclan7 collected ($4.28)



PokerStars Hand #254724464979:  Hold'em No Limit ($0.50/$1.00 USD) - 2025/02/05 20:57:01 WET [2025/02/05 15:57:01 ET]
Table 'Donar' 6-max Seat #4 is the button
Seat 3: nastja336 ($100 in chips) is sitting out
Seat 1: mr.Jckpot ($101 in chips) 
Seat 2: G.Andrei95 ($112.88 in chips) 
Seat 4: aoish30 ($100 in chips) 
Seat 5: Benzmenz861 ($23.61 in chips) 
Seat 6: blackclan7 ($105.66 in chips) 
Benzmenz861: posts small blind $0.50
blackclan7: posts big blind $1
nastja336: sits out 
*** HOLE CARDS ***
mr.Jckpot: folds 
G.Andrei95: folds 
aoish30: folds 
Benzmenz861: raises $1 to $2
blackclan7: folds 
Uncalled bet ($1) returned to Benzmenz861
Benzmenz861 collected $2 from pot
*** SUMMARY ***
Total pot $2 | Rake $0 
Seat 3: nastja336
Seat 1: mr.Jckpot folded before Flop (didn't bet)
Seat 2: G.Andrei95 folded before Flop (didn't bet)
Seat 4: aoish30 (button) folded before Flop (didn't bet)
Seat 5: Benzmenz861 (small blind) collected ($2)
Seat 6: blackclan7 (big blind) folded before Flop



PokerStars Hand #254724467896:  Hold'em No Limit ($0.50/$1.00 USD) - 2025/02/05 20:57:14 WET [2025/02/05 15:57:14 ET]
Table 'Donar' 6-max Seat #5 is the button
Seat 3: nastja336 ($100 in chips) is sitting out
Seat 1: mr.Jckpot ($101 in chips) 
Seat 2: G.Andrei95 ($112.88 in chips) 
Seat 4: aoish30 ($100 in chips) 
Seat 5: Benzmenz861 ($24.61 in chips) 
Seat 6: blackclan7 ($104.66 in chips) 
blackclan7: posts small blind $0.50
mr.Jckpot: posts big blind $1
nastja336: sits out 
*** HOLE CARDS ***
G.Andrei95: folds 
aoish30: raises $1.50 to $2.50
Benzmenz861: calls $2.50
blackclan7: folds 
mr.Jckpot: folds 
*** FLOP *** [2s 4s 2h]
aoish30: checks 
Benzmenz861: checks 
*** TURN *** [2s 4s 2h] [3d]
aoish30: checks 
Benzmenz861: bets $2
aoish30: calls $2
*** RIVER *** [2s 4s 2h 3d] [5s]
aoish30: checks 
Benzmenz861: checks 
*** SHOW DOWN ***
aoish30: shows [As Qd] (a straight, Ace to Five)
Benzmenz861: mucks hand 
aoish30 collected $9.98 from pot
*** SUMMARY ***
Total pot $10.50 | Rake $0.52 
Board [2s 4s 2h 3d 5s]
Seat 3: nastja336
Seat 1: mr.Jckpot (big blind) folded before Flop
Seat 2: G.Andrei95 folded before Flop (didn't bet)
Seat 4: aoish30 showed [As Qd] and won ($9.98) with a straight, Ace to Five
Seat 5: Benzmenz861 (button) mucked
Seat 6: blackclan7 (small blind) folded before Flop



PokerStars Hand #254724479220:  Hold'em No Limit ($0.50/$1.00 USD) - 2025/02/05 20:58:04 WET [2025/02/05 15:58:04 ET]
Table 'Donar' 6-max Seat #6 is the button
Seat 3: nastja336 ($100 in chips) is sitting out
Seat 1: mr.Jckpot ($100 in chips) 
Seat 2: G.Andrei95 ($112.88 in chips) 
Seat 4: aoish30 ($105.48 in chips) 
Seat 5: Benzmenz861 ($20.11 in chips) 
Seat 6: blackclan7 ($104.16 in chips) 
mr.Jckpot: posts small blind $0.50
G.Andrei95: posts big blind $1
nastja336: sits out 
*** HOLE CARDS ***
aoish30: folds 
Benzmenz861: raises $1 to $2
blackclan7: folds 
mr.Jckpot: folds 
G.Andrei95: folds 
Uncalled bet ($1) returned to Benzmenz861
Benzmenz861 collected $2.50 from pot
*** SUMMARY ***
Total pot $2.50 | Rake $0 
Seat 3: nastja336
Seat 1: mr.Jckpot (small blind) folded before Flop
Seat 2: G.Andrei95 (big blind) folded before Flop
Seat 4: aoish30 folded before Flop (didn't bet)
Seat 5: Benzmenz861 collected ($2.50)
Seat 6: blackclan7 (button) folded before Flop (didn't bet)



PokerStars Hand #254724481888:  Hold'em No Limit ($0.50/$1.00 USD) - 2025/02/05 20:58:16 WET [2025/02/05 15:58:16 ET]
Table 'Donar' 6-max Seat #1 is the button
Seat 1: mr.Jckpot ($100 in chips) 
Seat 2: G.Andrei95 ($111.88 in chips) 
Seat 3: nastja336 ($100 in chips) 
Seat 4: aoish30 ($105.48 in chips) 
Seat 5: Benzmenz861 ($21.61 in chips) 
Seat 6: blackclan7 ($104.16 in chips) 
G.Andrei95: posts small blind $0.50
nastja336: posts big blind $1
*** HOLE CARDS ***
aoish30: raises $1.10 to $2.10
Benzmenz861: raises $19.51 to $21.61 and is all-in
blackclan7: folds 
mr.Jckpot: folds 
G.Andrei95: folds 
nastja336: folds 
aoish30: folds 
Uncalled bet ($19.51) returned to Benzmenz861
Benzmenz861 collected $5.70 from pot
*** SUMMARY ***
Total pot $5.70 | Rake $0 
Seat 1: mr.Jckpot (button) folded before Flop (didn't bet)
Seat 2: G.Andrei95 (small blind) folded before Flop
Seat 3: nastja336 (big blind) folded before Flop
Seat 4: aoish30 folded before Flop
Seat 5: Benzmenz861 collected ($5.70)
Seat 6: blackclan7 folded before Flop (didn't bet)



PokerStars Hand #254724485393:  Hold'em No Limit ($0.50/$1.00 USD) - 2025/02/05 20:58:32 WET [2025/02/05 15:58:32 ET]
Table 'Donar' 6-max Seat #2 is the button
Seat 1: mr.Jckpot ($100 in chips) 
Seat 2: G.Andrei95 ($111.38 in chips) 
Seat 3: nastja336 ($100 in chips) 
Seat 4: aoish30 ($103.38 in chips) 
Seat 5: Benzmenz861 ($25.21 in chips) 
Seat 6: blackclan7 ($104.16 in chips) 
nastja336: posts small blind $0.50
aoish30: posts big blind $1
*** HOLE CARDS ***
Benzmenz861: folds 
blackclan7: folds 
mr.Jckpot: folds 
G.Andrei95: folds 
nastja336: raises $2 to $3
aoish30: calls $2
*** FLOP *** [4c Qs As]
nastja336: bets $1.88
aoish30: calls $1.88
*** TURN *** [4c Qs As] [Qd]
nastja336: checks 
aoish30: checks 
*** RIVER *** [4c Qs As Qd] [7d]
nastja336: checks 
aoish30: checks 
*** SHOW DOWN ***
nastja336: shows [Jc Js] (two pair, Queens and Jacks)
aoish30: shows [Ad 5c] (two pair, Aces and Queens)
aoish30 collected $9.27 from pot
*** SUMMARY ***
Total pot $9.76 | Rake $0.49 
Board [4c Qs As Qd 7d]
Seat 1: mr.Jckpot folded before Flop (didn't bet)
Seat 2: G.Andrei95 (button) folded before Flop (didn't bet)
Seat 3: nastja336 (small blind) showed [Jc Js] and lost with two pair, Queens and Jacks
Seat 4: aoish30 (big blind) showed [Ad 5c] and won ($9.27) with two pair, Aces and Queens
Seat 5: Benzmenz861 folded before Flop (didn't bet)
Seat 6: blackclan7 folded before Flop (didn't bet)



PokerStars Hand #254724501246:  Hold'em No Limit ($0.50/$1.00 USD) - 2025/02/05 20:59:44 WET [2025/02/05 15:59:44 ET]
Table 'Donar' 6-max Seat #3 is the button
Seat 1: mr.Jckpot ($100 in chips) 
Seat 2: G.Andrei95 ($111.38 in chips) 
Seat 3: nastja336 ($100 in chips) 
Seat 4: aoish30 ($107.77 in chips) 
Seat 5: Benzmenz861 ($25.21 in chips) 
Seat 6: blackclan7 ($104.16 in chips) 
aoish30: posts small blind $0.50
Benzmenz861: posts big blind $1
*** HOLE CARDS ***
blackclan7: folds 
mr.Jckpot: folds 
G.Andrei95: folds 
nastja336: folds 
aoish30: folds 
Uncalled bet ($0.50) returned to Benzmenz861
Benzmenz861 collected $1 from pot
*** SUMMARY ***
Total pot $1 | Rake $0 
Seat 1: mr.Jckpot folded before Flop (didn't bet)
Seat 2: G.Andrei95 folded before Flop (didn't bet)
Seat 3: nastja336 (button) folded before Flop (didn't bet)
Seat 4: aoish30 (small blind) folded before Flop
Seat 5: Benzmenz861 (big blind) collected ($1)
Seat 6: blackclan7 folded before Flop (didn't bet)



PokerStars Hand #254724506582:  Hold'em No Limit ($0.50/$1.00 USD) - 2025/02/05 21:00:07 WET [2025/02/05 16:00:07 ET]
Table 'Donar' 6-max Seat #4 is the button
Seat 6: blackclan7 ($104.16 in chips) is sitting out
Seat 1: mr.Jckpot ($100 in chips) 
Seat 2: G.Andrei95 ($111.38 in chips) 
Seat 3: nastja336 ($100 in chips) 
Seat 4: aoish30 ($107.27 in chips) 
Seat 5: Benzmenz861 ($25.71 in chips) 
Benzmenz861: posts small blind $0.50
blackclan7: is sitting out 
mr.Jckpot: posts big blind $1
*** HOLE CARDS ***
G.Andrei95: folds 
nastja336: folds 
blackclan7 leaves the table
aoish30: folds 
Benzmenz861: folds 
Uncalled bet ($0.50) returned to mr.Jckpot
mr.Jckpot collected $1 from pot
mr.Jckpot: doesn't show hand 
*** SUMMARY ***
Total pot $1 | Rake $0 
Seat 6: blackclan7
Seat 1: mr.Jckpot (big blind) collected ($1)
Seat 2: G.Andrei95 folded before Flop (didn't bet)
Seat 3: nastja336 folded before Flop (didn't bet)
Seat 4: aoish30 (button) folded before Flop (didn't bet)
Seat 5: Benzmenz861 (small blind) folded before Flop



PokerStars Hand #254724509806:  Hold'em No Limit ($0.50/$1.00 USD) - 2025/02/05 21:00:21 WET [2025/02/05 16:00:21 ET]
Table 'Donar' 6-max Seat #5 is the button
Seat 1: mr.Jckpot ($100.50 in chips) 
Seat 2: G.Andrei95 ($111.38 in chips) 
Seat 3: nastja336 ($100 in chips) 
Seat 4: aoish30 ($107.27 in chips) 
Seat 5: Benzmenz861 ($25.21 in chips) 
mr.Jckpot: posts small blind $0.50
G.Andrei95: posts big blind $1
*** HOLE CARDS ***
nastja336: folds 
aoish30: raises $1.50 to $2.50
Benzmenz861: folds 
mr.Jckpot: folds 
G.Andrei95: folds 
Uncalled bet ($1.50) returned to aoish30
aoish30 collected $2.50 from pot
aoish30: doesn't show hand 
BumHuntKing joins the table at seat #6 
*** SUMMARY ***
Total pot $2.50 | Rake $0 
Seat 1: mr.Jckpot (small blind) folded before Flop
Seat 2: G.Andrei95 (big blind) folded before Flop
Seat 3: nastja336 folded before Flop (didn't bet)
Seat 4: aoish30 collected ($2.50)
Seat 5: Benzmenz861 (button) folded before Flop (didn't bet)



PokerStars Hand #254724516193:  Hold'em No Limit ($0.50/$1.00 USD) - 2025/02/05 21:00:48 WET [2025/02/05 16:00:48 ET]
Table 'Donar' 6-max Seat #1 is the button
Seat 1: mr.Jckpot ($100 in chips) 
Seat 2: G.Andrei95 ($110.38 in chips) 
Seat 3: nastja336 ($100 in chips) 
Seat 4: aoish30 ($108.77 in chips) 
Seat 5: Benzmenz861 ($25.21 in chips) 
Seat 6: BumHuntKing ($100 in chips) 
G.Andrei95: posts small blind $0.50
nastja336: posts big blind $1
BumHuntKing is connected 
BumHuntKing: posts big blind $1
*** HOLE CARDS ***
aoish30: folds 
Benzmenz861: folds 
BumHuntKing: raises $2.50 to $3.50
mr.Jckpot: folds 
G.Andrei95: folds 
nastja336: folds 
Uncalled bet ($2.50) returned to BumHuntKing
BumHuntKing collected $2.50 from pot
BumHuntKing: doesn't show hand 
*** SUMMARY ***
Total pot $2.50 | Rake $0 
Seat 1: mr.Jckpot (button) folded before Flop (didn't bet)
Seat 2: G.Andrei95 (small blind) folded before Flop
Seat 3: nastja336 (big blind) folded before Flop
Seat 4: aoish30 folded before Flop (didn't bet)
Seat 5: Benzmenz861 folded before Flop (didn't bet)
Seat 6: BumHuntKing collected ($2.50)



PokerStars Hand #254724522453:  Hold'em No Limit ($0.50/$1.00 USD) - 2025/02/05 21:01:12 WET [2025/02/05 16:01:12 ET]
Table 'Donar' 6-max Seat #2 is the button
Seat 1: mr.Jckpot ($100 in chips) 
Seat 2: G.Andrei95 ($109.88 in chips) 
Seat 3: nastja336 ($100 in chips) 
Seat 4: aoish30 ($108.77 in chips) 
Seat 5: Benzmenz861 ($25.21 in chips) 
Seat 6: BumHuntKing ($101.50 in chips) 
nastja336: posts small blind $0.50
aoish30: posts big blind $1
*** HOLE CARDS ***
Benzmenz861: folds 
BumHuntKing: folds 
mr.Jckpot: raises $1.50 to $2.50
G.Andrei95: folds 
nastja336: folds 
aoish30: folds 
Uncalled bet ($1.50) returned to mr.Jckpot
mr.Jckpot collected $2.50 from pot
mr.Jckpot: doesn't show hand 
*** SUMMARY ***
Total pot $2.50 | Rake $0 
Seat 1: mr.Jckpot collected ($2.50)
Seat 2: G.Andrei95 (button) folded before Flop (didn't bet)
Seat 3: nastja336 (small blind) folded before Flop
Seat 4: aoish30 (big blind) folded before Flop
Seat 5: Benzmenz861 folded before Flop (didn't bet)
Seat 6: BumHuntKing folded before Flop (didn't bet)



PokerStars Hand #254724526627:  Hold'em No Limit ($0.50/$1.00 USD) - 2025/02/05 21:01:27 WET [2025/02/05 16:01:27 ET]
Table 'Donar' 6-max Seat #3 is the button
Seat 1: mr.Jckpot ($101.50 in chips) 
Seat 2: G.Andrei95 ($109.88 in chips) 
Seat 3: nastja336 ($100 in chips) 
Seat 4: aoish30 ($107.77 in chips) 
Seat 5: Benzmenz861 ($25.21 in chips) 
Seat 6: BumHuntKing ($101.50 in chips) 
aoish30: posts small blind $0.50
Benzmenz861: posts big blind $1
*** HOLE CARDS ***
BumHuntKing: raises $1.20 to $2.20
mr.Jckpot: folds 
G.Andrei95: folds 
nastja336: folds 
aoish30: folds 
Benzmenz861: calls $1.20
*** FLOP *** [2s 5d Qh]
Benzmenz861: checks 
BumHuntKing: bets $1.54
Benzmenz861: folds 
Uncalled bet ($1.54) returned to BumHuntKing
BumHuntKing collected $4.66 from pot
BumHuntKing: doesn't show hand 
*** SUMMARY ***
Total pot $4.90 | Rake $0.24 
Board [2s 5d Qh]
Seat 1: mr.Jckpot folded before Flop (didn't bet)
Seat 2: G.Andrei95 folded before Flop (didn't bet)
Seat 3: nastja336 (button) folded before Flop (didn't bet)
Seat 4: aoish30 (small blind) folded before Flop
Seat 5: Benzmenz861 (big blind) folded on the Flop
Seat 6: BumHuntKing collected ($4.66)



PokerStars Hand #254724536152:  Hold'em No Limit ($0.50/$1.00 USD) - 2025/02/05 21:01:59 WET [2025/02/05 16:01:59 ET]
Table 'Donar' 6-max Seat #4 is the button
Seat 1: mr.Jckpot ($101.50 in chips) 
Seat 2: G.Andrei95 ($109.88 in chips) 
Seat 3: nastja336 ($100 in chips) 
Seat 4: aoish30 ($107.27 in chips) 
Seat 5: Benzmenz861 ($23.01 in chips) 
Seat 6: BumHuntKing ($103.96 in chips) 
Benzmenz861: posts small blind $0.50
BumHuntKing: posts big blind $1
*** HOLE CARDS ***
mr.Jckpot: folds 
G.Andrei95: folds 
nastja336: raises $1.50 to $2.50
aoish30: folds 
Benzmenz861: calls $2
BumHuntKing: folds 
*** FLOP *** [Qs 8d 3h]
Benzmenz861: checks 
nastja336: checks 
*** TURN *** [Qs 8d 3h] [2d]
Benzmenz861: bets $2
nastja336: calls $2
*** RIVER *** [Qs 8d 3h 2d] [4h]
Benzmenz861: bets $5
nastja336: calls $5
*** SHOW DOWN ***
Benzmenz861: shows [2c 3c] (two pair, Threes and Deuces)
nastja336: mucks hand 
Benzmenz861 collected $19 from pot
*** SUMMARY ***
Total pot $20 | Rake $1 
Board [Qs 8d 3h 2d 4h]
Seat 1: mr.Jckpot folded before Flop (didn't bet)
Seat 2: G.Andrei95 folded before Flop (didn't bet)
Seat 3: nastja336 mucked
Seat 4: aoish30 (button) folded before Flop (didn't bet)
Seat 5: Benzmenz861 (small blind) showed [2c 3c] and won ($19) with two pair, Threes and Deuces
Seat 6: BumHuntKing (big blind) folded before Flop



PokerStars Hand #254724548368:  Hold'em No Limit ($0.50/$1.00 USD) - 2025/02/05 21:02:41 WET [2025/02/05 16:02:41 ET]
Table 'Donar' 6-max Seat #5 is the button
Seat 1: mr.Jckpot ($101.50 in chips) 
Seat 2: G.Andrei95 ($109.88 in chips) 
Seat 3: nastja336 ($100 in chips) 
Seat 4: aoish30 ($107.27 in chips) 
Seat 5: Benzmenz861 ($32.51 in chips) 
Seat 6: BumHuntKing ($102.96 in chips) 
BumHuntKing: posts small blind $0.50
mr.Jckpot: posts big blind $1
*** HOLE CARDS ***
G.Andrei95: folds 
nastja336: raises $1.50 to $2.50
aoish30: folds 
Benzmenz861: calls $2.50
BumHuntKing: calls $2
mr.Jckpot: folds 
*** FLOP *** [5d 9h 5c]
BumHuntKing: checks 
nastja336: checks 
Benzmenz861: checks 
*** TURN *** [5d 9h 5c] [6s]
BumHuntKing: checks 
nastja336: checks 
Benzmenz861: checks 
*** RIVER *** [5d 9h 5c 6s] [6h]
BumHuntKing: checks 
nastja336: checks 
Benzmenz861: checks 
*** SHOW DOWN ***
BumHuntKing: shows [3s 3h] (two pair, Sixes and Fives)
nastja336: shows [As Th] (two pair, Sixes and Fives - Ace kicker)
Benzmenz861: mucks hand 
nastja336 collected $8.08 from pot
*** SUMMARY ***
Total pot $8.50 | Rake $0.42 
Board [5d 9h 5c 6s 6h]
Seat 1: mr.Jckpot (big blind) folded before Flop
Seat 2: G.Andrei95 folded before Flop (didn't bet)
Seat 3: nastja336 showed [As Th] and won ($8.08) with two pair, Sixes and Fives
Seat 4: aoish30 folded before Flop (didn't bet)
Seat 5: Benzmenz861 (button) mucked
Seat 6: BumHuntKing (small blind) showed [3s 3h] and lost with two pair, Sixes and Fives



PokerStars Hand #254724572592:  Hold'em No Limit ($0.50/$1.00 USD) - 2025/02/05 21:03:58 WET [2025/02/05 16:03:58 ET]
Table 'Donar' 6-max Seat #6 is the button
Seat 1: mr.Jckpot ($100.50 in chips) 
Seat 2: G.Andrei95 ($109.88 in chips) 
Seat 3: nastja336 ($105.58 in chips) 
Seat 4: aoish30 ($107.27 in chips) 
Seat 5: Benzmenz861 ($30.01 in chips) 
Seat 6: BumHuntKing ($100.46 in chips) 
mr.Jckpot: posts small blind $0.50
G.Andrei95: posts big blind $1
*** HOLE CARDS ***
nastja336: folds 
aoish30: folds 
Benzmenz861: folds 
BumHuntKing: folds 
mr.Jckpot: folds 
Uncalled bet ($0.50) returned to G.Andrei95
G.Andrei95 collected $1 from pot
G.Andrei95: doesn't show hand 
*** SUMMARY ***
Total pot $1 | Rake $0 
Seat 1: mr.Jckpot (small blind) folded before Flop
Seat 2: G.Andrei95 (big blind) collected ($1)
Seat 3: nastja336 folded before Flop (didn't bet)
Seat 4: aoish30 folded before Flop (didn't bet)
Seat 5: Benzmenz861 folded before Flop (didn't bet)
Seat 6: BumHuntKing (button) folded before Flop (didn't bet)



PokerStars Hand #254724577578:  Hold'em No Limit ($0.50/$1.00 USD) - 2025/02/05 21:04:15 WET [2025/02/05 16:04:15 ET]
Table 'Donar' 6-max Seat #1 is the button
Seat 1: mr.Jckpot ($100 in chips) 
Seat 2: G.Andrei95 ($110.38 in chips) 
Seat 3: nastja336 ($105.58 in chips) 
Seat 4: aoish30 ($107.27 in chips) 
Seat 5: Benzmenz861 ($30.01 in chips) 
Seat 6: BumHuntKing ($100.46 in chips) 
G.Andrei95: posts small blind $0.50
nastja336: posts big blind $1
*** HOLE CARDS ***
aoish30: folds 
Benzmenz861: folds 
BumHuntKing: raises $1.20 to $2.20
mr.Jckpot: folds 
G.Andrei95: folds 
nastja336: folds 
Uncalled bet ($1.20) returned to BumHuntKing
BumHuntKing collected $2.50 from pot
BumHuntKing: doesn't show hand 
*** SUMMARY ***
Total pot $2.50 | Rake $0 
Seat 1: mr.Jckpot (button) folded before Flop (didn't bet)
Seat 2: G.Andrei95 (small blind) folded before Flop
Seat 3: nastja336 (big blind) folded before Flop
Seat 4: aoish30 folded before Flop (didn't bet)
Seat 5: Benzmenz861 folded before Flop (didn't bet)
Seat 6: BumHuntKing collected ($2.50)



PokerStars Hand #254724581660:  Hold'em No Limit ($0.50/$1.00 USD) - 2025/02/05 21:04:27 WET [2025/02/05 16:04:27 ET]
Table 'Donar' 6-max Seat #2 is the button
Seat 1: mr.Jckpot ($100 in chips) 
Seat 2: G.Andrei95 ($109.88 in chips) 
Seat 3: nastja336 ($104.58 in chips) 
Seat 4: aoish30 ($107.27 in chips) 
Seat 5: Benzmenz861 ($30.01 in chips) 
Seat 6: BumHuntKing ($101.96 in chips) 
nastja336: posts small blind $0.50
aoish30: posts big blind $1
*** HOLE CARDS ***
Benzmenz861: folds 
BumHuntKing: raises $1.20 to $2.20
mr.Jckpot: folds 
G.Andrei95: raises $4.80 to $7
nastja336: folds 
aoish30: folds 
BumHuntKing: calls $4.80
*** FLOP *** [2d Td 5s]
BumHuntKing: checks 
G.Andrei95: checks 
*** TURN *** [2d Td 5s] [Th]
BumHuntKing: checks 
G.Andrei95: checks 
*** RIVER *** [2d Td 5s Th] [Kc]
BumHuntKing: checks 
G.Andrei95: checks 
*** SHOW DOWN ***
BumHuntKing: shows [Qs Ac] (a pair of Tens)
G.Andrei95: mucks hand 
BumHuntKing collected $14.72 from pot
*** SUMMARY ***
Total pot $15.50 | Rake $0.78 
Board [2d Td 5s Th Kc]
Seat 1: mr.Jckpot folded before Flop (didn't bet)
Seat 2: G.Andrei95 (button) mucked
Seat 3: nastja336 (small blind) folded before Flop
Seat 4: aoish30 (big blind) folded before Flop
Seat 5: Benzmenz861 folded before Flop (didn't bet)
Seat 6: BumHuntKing showed [Qs Ac] and won ($14.72) with a pair of Tens



PokerStars Hand #254724607320:  Hold'em No Limit ($0.50/$1.00 USD) - 2025/02/05 21:05:48 WET [2025/02/05 16:05:48 ET]
Table 'Donar' 6-max Seat #3 is the button
Seat 1: mr.Jckpot ($100 in chips) 
Seat 2: G.Andrei95 ($102.88 in chips) 
Seat 3: nastja336 ($104.08 in chips) 
Seat 4: aoish30 ($106.27 in chips) 
Seat 5: Benzmenz861 ($30.01 in chips) 
Seat 6: BumHuntKing ($109.68 in chips) 
aoish30: posts small blind $0.50
Benzmenz861: posts big blind $1
*** HOLE CARDS ***
BumHuntKing: folds 
mr.Jckpot: folds 
G.Andrei95: folds 
nastja336: folds 
aoish30: raises $2 to $3
Benzmenz861: calls $2
*** FLOP *** [Ts 6d Tc]
aoish30: bets $1.88
Benzmenz861: folds 
Uncalled bet ($1.88) returned to aoish30
aoish30 collected $5.70 from pot
aoish30: doesn't show hand 
*** SUMMARY ***
Total pot $6 | Rake $0.30 
Board [Ts 6d Tc]
Seat 1: mr.Jckpot folded before Flop (didn't bet)
Seat 2: G.Andrei95 folded before Flop (didn't bet)
Seat 3: nastja336 (button) folded before Flop (didn't bet)
Seat 4: aoish30 (small blind) collected ($5.70)
Seat 5: Benzmenz861 (big blind) folded on the Flop
Seat 6: BumHuntKing folded before Flop (didn't bet)



PokerStars Hand #254724614618:  Hold'em No Limit ($0.50/$1.00 USD) - 2025/02/05 21:06:10 WET [2025/02/05 16:06:10 ET]
Table 'Donar' 6-max Seat #4 is the button
Seat 1: mr.Jckpot ($100 in chips) 
Seat 2: G.Andrei95 ($102.88 in chips) 
Seat 3: nastja336 ($104.08 in chips) 
Seat 4: aoish30 ($108.97 in chips) 
Seat 5: Benzmenz861 ($27.01 in chips) 
Seat 6: BumHuntKing ($109.68 in chips) 
Benzmenz861: posts small blind $0.50
BumHuntKing: posts big blind $1
*** HOLE CARDS ***
mr.Jckpot: folds 
G.Andrei95: folds 
nastja336: folds 
aoish30: folds 
Benzmenz861: raises $3 to $4
BumHuntKing: calls $3
*** FLOP *** [8d Td 8h]
Benzmenz861: checks 
BumHuntKing: checks 
*** TURN *** [8d Td 8h] [5d]
Benzmenz861: bets $23.01 and is all-in
BumHuntKing: folds 
Uncalled bet ($23.01) returned to Benzmenz861
Benzmenz861 collected $7.60 from pot
Benzmenz861: doesn't show hand 
*** SUMMARY ***
Total pot $8 | Rake $0.40 
Board [8d Td 8h 5d]
Seat 1: mr.Jckpot folded before Flop (didn't bet)
Seat 2: G.Andrei95 folded before Flop (didn't bet)
Seat 3: nastja336 folded before Flop (didn't bet)
Seat 4: aoish30 (button) folded before Flop (didn't bet)
Seat 5: Benzmenz861 (small blind) collected ($7.60)
Seat 6: BumHuntKing (big blind) folded on the Turn



PokerStars Hand #254724626044:  Hold'em No Limit ($0.50/$1.00 USD) - 2025/02/05 21:06:47 WET [2025/02/05 16:06:47 ET]
Table 'Donar' 6-max Seat #5 is the button
Seat 1: mr.Jckpot ($100 in chips) 
Seat 2: G.Andrei95 ($102.88 in chips) 
Seat 3: nastja336 ($104.08 in chips) 
Seat 4: aoish30 ($108.97 in chips) 
Seat 5: Benzmenz861 ($30.61 in chips) 
Seat 6: BumHuntKing ($105.68 in chips) 
BumHuntKing: posts small blind $0.50
mr.Jckpot: posts big blind $1
*** HOLE CARDS ***
G.Andrei95: folds 
nastja336: raises $1.50 to $2.50
aoish30: folds 
Benzmenz861: raises $28.11 to $30.61 and is all-in
BumHuntKing: folds 
mr.Jckpot: folds 
nastja336: folds 
Uncalled bet ($28.11) returned to Benzmenz861
Benzmenz861 collected $6.50 from pot
Benzmenz861: doesn't show hand 
*** SUMMARY ***
Total pot $6.50 | Rake $0 
Seat 1: mr.Jckpot (big blind) folded before Flop
Seat 2: G.Andrei95 folded before Flop (didn't bet)
Seat 3: nastja336 folded before Flop
Seat 4: aoish30 folded before Flop (didn't bet)
Seat 5: Benzmenz861 (button) collected ($6.50)
Seat 6: BumHuntKing (small blind) folded before Flop



PokerStars Hand #254724635978:  Hold'em No Limit ($0.50/$1.00 USD) - 2025/02/05 21:07:18 WET [2025/02/05 16:07:18 ET]
Table 'Donar' 6-max Seat #6 is the button
Seat 1: mr.Jckpot ($100 in chips) 
Seat 2: G.Andrei95 ($102.88 in chips) 
Seat 3: nastja336 ($101.58 in chips) 
Seat 4: aoish30 ($108.97 in chips) 
Seat 5: Benzmenz861 ($34.61 in chips) 
Seat 6: BumHuntKing ($105.18 in chips) 
mr.Jckpot: posts small blind $0.50
G.Andrei95: posts big blind $1
*** HOLE CARDS ***
nastja336: folds 
aoish30: folds 
Benzmenz861: folds 
BumHuntKing: raises $1.50 to $2.50
mr.Jckpot: folds 
G.Andrei95: folds 
Uncalled bet ($1.50) returned to BumHuntKing
BumHuntKing collected $2.50 from pot
BumHuntKing: doesn't show hand 
*** SUMMARY ***
Total pot $2.50 | Rake $0 
Seat 1: mr.Jckpot (small blind) folded before Flop
Seat 2: G.Andrei95 (big blind) folded before Flop
Seat 3: nastja336 folded before Flop (didn't bet)
Seat 4: aoish30 folded before Flop (didn't bet)
Seat 5: Benzmenz861 folded before Flop (didn't bet)
Seat 6: BumHuntKing (button) collected ($2.50)



PokerStars Hand #254724638902:  Hold'em No Limit ($0.50/$1.00 USD) - 2025/02/05 21:07:27 WET [2025/02/05 16:07:27 ET]
Table 'Donar' 6-max Seat #1 is the button
Seat 1: mr.Jckpot ($100 in chips) 
Seat 2: G.Andrei95 ($101.88 in chips) 
Seat 3: nastja336 ($101.58 in chips) 
Seat 4: aoish30 ($108.97 in chips) 
Seat 5: Benzmenz861 ($34.61 in chips) 
Seat 6: BumHuntKing ($106.68 in chips) 
G.Andrei95: posts small blind $0.50
nastja336: posts big blind $1
*** HOLE CARDS ***
aoish30: folds 
Benzmenz861: folds 
BumHuntKing: folds 
mr.Jckpot: folds 
G.Andrei95: folds 
Uncalled bet ($0.50) returned to nastja336
nastja336 collected $1 from pot
nastja336: doesn't show hand 
*** SUMMARY ***
Total pot $1 | Rake $0 
Seat 1: mr.Jckpot (button) folded before Flop (didn't bet)
Seat 2: G.Andrei95 (small blind) folded before Flop
Seat 3: nastja336 (big blind) collected ($1)
Seat 4: aoish30 folded before Flop (didn't bet)
Seat 5: Benzmenz861 folded before Flop (didn't bet)
Seat 6: BumHuntKing folded before Flop (didn't bet)



PokerStars Hand #254724645828:  Hold'em No Limit ($0.50/$1.00 USD) - 2025/02/05 21:07:49 WET [2025/02/05 16:07:49 ET]
Table 'Donar' 6-max Seat #2 is the button
Seat 1: mr.Jckpot ($100 in chips) 
Seat 2: G.Andrei95 ($101.38 in chips) 
Seat 3: nastja336 ($102.08 in chips) 
Seat 4: aoish30 ($108.97 in chips) 
Seat 5: Benzmenz861 ($34.61 in chips) 
Seat 6: BumHuntKing ($106.68 in chips) 
nastja336: posts small blind $0.50
aoish30: posts big blind $1
*** HOLE CARDS ***
Benzmenz861: folds 
BumHuntKing: raises $1.20 to $2.20
mr.Jckpot: raises $4.80 to $7
G.Andrei95: folds 
nastja336: folds 
aoish30: folds 
BumHuntKing: folds 
Uncalled bet ($4.80) returned to mr.Jckpot
mr.Jckpot collected $5.90 from pot
mr.Jckpot: doesn't show hand 
*** SUMMARY ***
Total pot $5.90 | Rake $0 
Seat 1: mr.Jckpot collected ($5.90)
Seat 2: G.Andrei95 (button) folded before Flop (didn't bet)
Seat 3: nastja336 (small blind) folded before Flop
Seat 4: aoish30 (big blind) folded before Flop
Seat 5: Benzmenz861 folded before Flop (didn't bet)
Seat 6: BumHuntKing folded before Flop



PokerStars Hand #254724652074:  Hold'em No Limit ($0.50/$1.00 USD) - 2025/02/05 21:08:09 WET [2025/02/05 16:08:09 ET]
Table 'Donar' 6-max Seat #3 is the button
Seat 1: mr.Jckpot ($103.70 in chips) 
Seat 2: G.Andrei95 ($101.38 in chips) 
Seat 3: nastja336 ($101.58 in chips) 
Seat 4: aoish30 ($107.97 in chips) 
Seat 5: Benzmenz861 ($34.61 in chips) 
Seat 6: BumHuntKing ($104.48 in chips) 
aoish30: posts small blind $0.50
Benzmenz861: posts big blind $1
*** HOLE CARDS ***
BumHuntKing: folds 
mr.Jckpot: folds 
G.Andrei95: folds 
nastja336: raises $1.50 to $2.50
aoish30: folds 
Benzmenz861: calls $1.50
*** FLOP *** [4h 9d 4c]
Benzmenz861: checks 
nastja336: bets $1.72
Benzmenz861: calls $1.72
*** TURN *** [4h 9d 4c] [Kd]
Benzmenz861: checks 
nastja336: checks 
*** RIVER *** [4h 9d 4c Kd] [7d]
Benzmenz861: bets $3
nastja336: calls $3
*** SHOW DOWN ***
Benzmenz861: shows [9s Js] (two pair, Nines and Fours)
nastja336: shows [Kc Tc] (two pair, Kings and Fours)
nastja336 collected $14.19 from pot
*** SUMMARY ***
Total pot $14.94 | Rake $0.75 
Board [4h 9d 4c Kd 7d]
Seat 1: mr.Jckpot folded before Flop (didn't bet)
Seat 2: G.Andrei95 folded before Flop (didn't bet)
Seat 3: nastja336 (button) showed [Kc Tc] and won ($14.19) with two pair, Kings and Fours
Seat 4: aoish30 (small blind) folded before Flop
Seat 5: Benzmenz861 (big blind) showed [9s Js] and lost with two pair, Nines and Fours
Seat 6: BumHuntKing folded before Flop (didn't bet)



PokerStars Hand #254724665530:  Hold'em No Limit ($0.50/$1.00 USD) - 2025/02/05 21:08:51 WET [2025/02/05 16:08:51 ET]
Table 'Donar' 6-max Seat #4 is the button
Seat 1: mr.Jckpot ($103.70 in chips) 
Seat 2: G.Andrei95 ($101.38 in chips) 
Seat 3: nastja336 ($108.55 in chips) 
Seat 4: aoish30 ($107.47 in chips) 
Seat 5: Benzmenz861 ($27.39 in chips) 
Seat 6: BumHuntKing ($104.48 in chips) 
Benzmenz861: posts small blind $0.50
BumHuntKing: posts big blind $1
*** HOLE CARDS ***
mr.Jckpot: folds 
G.Andrei95: raises $1.50 to $2.50
nastja336: folds 
aoish30: folds 
Benzmenz861: calls $2
BumHuntKing: raises $11.50 to $14
G.Andrei95: folds 
Benzmenz861: raises $13.39 to $27.39 and is all-in
BumHuntKing: calls $13.39
*** FLOP *** [8h 2h 2s]
*** TURN *** [8h 2h 2s] [2c]
*** RIVER *** [8h 2h 2s 2c] [Jc]
*** SHOW DOWN ***
Benzmenz861: shows [6c 5c] (three of a kind, Deuces)
BumHuntKing: shows [Qc As] (three of a kind, Deuces - Ace kicker)
BumHuntKing collected $54.78 from pot
*** SUMMARY ***
Total pot $57.28 | Rake $2.50 
Board [8h 2h 2s 2c Jc]
Seat 1: mr.Jckpot folded before Flop (didn't bet)
Seat 2: G.Andrei95 folded before Flop
Seat 3: nastja336 folded before Flop (didn't bet)
Seat 4: aoish30 (button) folded before Flop (didn't bet)
Seat 5: Benzmenz861 (small blind) showed [6c 5c] and lost with three of a kind, Deuces
Seat 6: BumHuntKing (big blind) showed [Qc As] and won ($54.78) with three of a kind, Deuces



PokerStars Hand #254724681207:  Hold'em No Limit ($0.50/$1.00 USD) - 2025/02/05 21:09:41 WET [2025/02/05 16:09:41 ET]
Table 'Donar' 6-max Seat #6 is the button
Seat 5: Benzmenz861 ($0 in chips) is sitting out
Seat 1: mr.Jckpot ($103.70 in chips) 
Seat 2: G.Andrei95 ($100 in chips) 
Seat 3: nastja336 ($108.55 in chips) 
Seat 4: aoish30 ($107.47 in chips) 
Seat 6: BumHuntKing ($131.87 in chips) 
mr.Jckpot: posts small blind $0.50
G.Andrei95: posts big blind $1
*** HOLE CARDS ***
nastja336: folds 
aoish30: folds 
Benzmenz861 leaves the table
BumHuntKing: folds 
mr.Jckpot: folds 
Uncalled bet ($0.50) returned to G.Andrei95
G.Andrei95 collected $1 from pot
G.Andrei95: doesn't show hand 
*** SUMMARY ***
Total pot $1 | Rake $0 
Seat 5: Benzmenz861
Seat 1: mr.Jckpot (small blind) folded before Flop
Seat 2: G.Andrei95 (big blind) collected ($1)
Seat 3: nastja336 folded before Flop (didn't bet)
Seat 4: aoish30 folded before Flop (didn't bet)
Seat 6: BumHuntKing (button) folded before Flop (didn't bet)



PokerStars Hand #254724686609:  Hold'em No Limit ($0.50/$1.00 USD) - 2025/02/05 21:09:58 WET [2025/02/05 16:09:58 ET]
Table 'Donar' 6-max Seat #1 is the button
Seat 1: mr.Jckpot ($103.20 in chips) 
Seat 2: G.Andrei95 ($100.50 in chips) 
Seat 3: nastja336 ($108.55 in chips) 
Seat 4: aoish30 ($107.47 in chips) 
Seat 6: BumHuntKing ($131.87 in chips) 
G.Andrei95: posts small blind $0.50
nastja336: posts big blind $1
*** HOLE CARDS ***
aoish30: raises $1.10 to $2.10
BumHuntKing: folds 
mr.Jckpot: folds 
G.Andrei95: folds 
nastja336: folds 
Uncalled bet ($1.10) returned to aoish30
aoish30 collected $2.50 from pot
aoish30: doesn't show hand 
*** SUMMARY ***
Total pot $2.50 | Rake $0 
Seat 1: mr.Jckpot (button) folded before Flop (didn't bet)
Seat 2: G.Andrei95 (small blind) folded before Flop
Seat 3: nastja336 (big blind) folded before Flop
Seat 4: aoish30 collected ($2.50)
Seat 6: BumHuntKing folded before Flop (didn't bet)



PokerStars Hand #254724691200:  Hold'em No Limit ($0.50/$1.00 USD) - 2025/02/05 21:10:12 WET [2025/02/05 16:10:12 ET]
Table 'Donar' 6-max Seat #2 is the button
Seat 3: nastja336 ($107.55 in chips) is sitting out
Seat 1: mr.Jckpot ($103.20 in chips) 
Seat 2: G.Andrei95 ($100 in chips) 
Seat 4: aoish30 ($108.97 in chips) 
Seat 6: BumHuntKing ($131.87 in chips) 
aoish30: posts small blind $0.50
BumHuntKing: posts big blind $1
*** HOLE CARDS ***
nastja336 leaves the table
mr.Jckpot: raises $1.50 to $2.50
G.Andrei95: folds 
aoish30: folds 
BumHuntKing: folds 
Uncalled bet ($1.50) returned to mr.Jckpot
mr.Jckpot collected $2.50 from pot
mr.Jckpot: doesn't show hand 
*** SUMMARY ***
Total pot $2.50 | Rake $0 
Seat 3: nastja336
Seat 1: mr.Jckpot collected ($2.50)
Seat 2: G.Andrei95 (button) folded before Flop (didn't bet)
Seat 4: aoish30 (small blind) folded before Flop
Seat 6: BumHuntKing (big blind) folded before Flop



PokerStars Hand #254724697224:  Hold'em No Limit ($0.50/$1.00 USD) - 2025/02/05 21:10:31 WET [2025/02/05 16:10:31 ET]
Table 'Donar' 6-max Seat #4 is the button
Seat 1: mr.Jckpot ($104.70 in chips) is sitting out
Seat 2: G.Andrei95 ($100 in chips) 
Seat 4: aoish30 ($108.47 in chips) 
Seat 6: BumHuntKing ($130.87 in chips) 
BumHuntKing: posts small blind $0.50
mr.Jckpot: is sitting out 
G.Andrei95: posts big blind $1
*** HOLE CARDS ***
aoish30: raises $1.50 to $2.50
mr.Jckpot leaves the table
BumHuntKing: folds 
G.Andrei95: folds 
Uncalled bet ($1.50) returned to aoish30
aoish30 collected $2.50 from pot
aoish30: doesn't show hand 
*** SUMMARY ***
Total pot $2.50 | Rake $0 
Seat 1: mr.Jckpot
Seat 2: G.Andrei95 (big blind) folded before Flop
Seat 4: aoish30 (button) collected ($2.50)
Seat 6: BumHuntKing (small blind) folded before Flop



